{"host":"2brg86hfzr3u5cix","time":1609600386,"event":{"mods":["AchievementEnabler","Ascension Unlocker","BaseMod","CapriCore","DeckTracker","Highlight Path","Keyboard Shortcuts","Minty Spire (QoL Compilation)","Permanent Neow","Relic Stats","StSLib","The Cursed","Twitch Utils","Uncapped","UnlockEverythingMod"],"gold_per_floor":[118,118,32,32,49,49,61,61,61,78,78,78,114,130,130,223,223,242,242,262,262,30,30,71,71,71,87,107,107,136,151,151,151,151],"floor_reached":33,"playtime":1478,"items_purged":["Strike_P"],"score":620,"play_id":"ade699f8-c5fc-47c2-bfe4-a9fb397c8253","local_time":"20210103001306","is_ascension_mode":true,"campfire_choices":[{"data":"ForeignInfluence","floor":6.0,"key":"SMITH"},{"data":"Eruption","floor":8.0,"key":"SMITH"},{"data":"Adaptation","floor":15.0,"key":"SMITH"},{"data":"Scrawl","floor":23.0,"key":"SMITH"},{"data":"Ragnarok","floor":25,"key":"SMITH"},{"floor":32,"key":"REST"}],"circlet_count":0,"master_deck":["AscendersBane","Strike_P","Strike_P","Strike_P","Defend_P+1","Defend_P","Defend_P","Eruption+1","Vigilance+1","EmptyBody","ForeignInfluence+1","ClearTheMind","Ragnarok+1","FlyingSleeves","Prostrate","Adaptation+1","Scrawl+1","Perseverance","JustLucky","Bandage Up","EmptyFist","Omniscience","Collect+1","BowlingBash+1"],"relics":["HolyWater","Sundial","Bloody Idol","Thread and Needle","Nilry\u0027s Codex","Oddly Smooth Stone","Damaru"],"acts_visited":["Exordium","TheCity"],"potions_floor_usage":[24,31,33],"damage_taken":[{"damage":5.0,"enemies":"Small Slimes","floor":1.0,"turns":3.0},{"damage":12.0,"enemies":"Jaw Worm","floor":5.0,"turns":4.0},{"damage":0.0,"enemies":"2 Louse","floor":7.0,"turns":3.0},{"damage":11.0,"enemies":"Exordium Wildlife","floor":10.0,"turns":5.0},{"damage":1.0,"enemies":"Gremlin Nob","floor":13.0,"turns":3.0},{"damage":0.0,"enemies":"2 Fungi Beasts","floor":14.0,"turns":3.0},{"damage":16.0,"enemies":"The Guardian","floor":16.0,"turns":13.0},{"damage":11.0,"enemies":"Chosen","floor":18.0,"turns":5.0},{"damage":5.0,"enemies":"Shell Parasite","floor":20.0,"turns":2.0},{"damage":0,"enemies":"Book of Stabbing","floor":24,"turns":3},{"damage":0,"enemies":"Snake Plant","floor":27,"turns":3},{"damage":8,"enemies":"Snecko","floor":28,"turns":5},{"damage":20,"enemies":"Slavers","floor":30,"turns":8},{"damage":0,"enemies":"Centurion and Healer","floor":31,"turns":3},{"damage":58,"enemies":"Collector","floor":33,"turns":6}],"seed_played":"-3578604312387131029","potions_obtained":[{"floor":5.0,"key":"Dexterity Potion"},{"floor":7.0,"key":"CultistPotion"},{"floor":16.0,"key":"SteroidPotion"},{"floor":18.0,"key":"Swift Potion"},{"floor":27,"key":"LiquidBronze"},{"floor":31,"key":"EssenceOfSteel"}],"is_trial":false,"path_per_floor":["M","?","$","?","M","R","M","R","T","M","?","?","E","M","R","B",null,"M","?","M","?","$","R","E","R","T","M","M","?","E","M","R","B"],"character_chosen":"WATCHER","items_purchased":["ForeignInfluence","Bandage Up","EmptyFist"],"campfire_rested":1,"item_purchase_floors":[3,22,22],"current_hp_per_floor":[62,55,55,33,21,21,21,21,21,10,34,34,33,33,33,17,55,44,57,52,31,31,31,35,35,35,39,31,31,20,29,49,0,0],"gold":151,"neow_bonus":"TEN_PERCENT_HP_BONUS","is_daily":false,"chose_seed":false,"campfire_upgraded":5,"win_rate":0.0,"timestamp":1609600386,"path_taken":["M","?","$","?","M","R","M","R","T","M","?","?","E","M","R","BOSS","M","?","M","?","$","R","E","R","T","M","M","?","E","?","R","BOSS"],"items_purchased_type":["Card","Card","Card"],"build_version":"2020-12-22","purchased_purges":1,"victory":false,"max_hp_per_floor":[74,74,74,74,74,74,74,74,74,74,74,67,67,67,67,67,67,67,67,67,67,67,67,67,67,67,67,67,67,67,67,67,67,67],"relic_stats":{"counters":[15,69],"Sundial":[8],"Bloody Idol":10,"obtain_stats":[{"Sundial":9,"Golden Idol":12,"Nilry\u0027s Codex":21,"Bloody Idol":29,"HolyWater":17,"Oddly Smooth Stone":24,"Damaru":30,"Thread and Needle":13,"PureWater":0},{"Sundial":3,"Golden Idol":4,"Nilry\u0027s Codex":9,"Bloody Idol":12,"HolyWater":7,"Oddly Smooth Stone":10,"Damaru":13,"Thread and Needle":5,"PureWater":0},{"Sundial":10,"Golden Idol":15,"Nilry\u0027s Codex":41,"Bloody Idol":52,"HolyWater":34,"Oddly Smooth Stone":44,"Damaru":60,"Thread and Needle":18,"PureWater":0}]},"card_choices":[{"not_picked":["FollowUp","Halt"],"picked":"EmptyBody","floor":1.0},{"not_picked":["FollowUp","Indignation"],"picked":"ClearTheMind","floor":5.0},{"not_picked":["SandsOfTime","PathToVictory"],"picked":"Ragnarok","floor":7.0},{"not_picked":["Wireheading","CrushJoints"],"picked":"FlyingSleeves","floor":10.0},{"not_picked":["BowlingBash","EmptyBody"],"picked":"Prostrate","floor":13.0},{"not_picked":["ReachHeaven","CrushJoints"],"picked":"Adaptation","floor":14.0},{"not_picked":["Ragnarok","Establishment"],"picked":"Scrawl","floor":16.0},{"not_picked":["ThirdEye","ClearTheMind"],"picked":"Perseverance","floor":18.0},{"not_picked":["ThirdEye","PathToVictory"],"picked":"JustLucky","floor":20.0},{"not_picked":["Swivel","CrushJoints"],"picked":"Omniscience","floor":24},{"not_picked":["ThirdEye","SignatureMove","BattleHymn"],"picked":"SKIP","floor":27},{"not_picked":["CrushJoints","Prostrate","EmptyBody"],"picked":"SKIP","floor":28},{"not_picked":["Study","Wireheading"],"picked":"Collect+1","floor":30},{"not_picked":["Judgement","WheelKick"],"picked":"BowlingBash+1","floor":31}],"player_experience":329892,"relics_obtained":[{"floor":9.0,"key":"Sundial"},{"floor":13.0,"key":"Thread and Needle"},{"floor":21.0,"key":"Nilry\u0027s Codex"},{"floor":24,"key":"Oddly Smooth Stone"},{"floor":30,"key":"Damaru"}],"event_choices":[{"cards_removed":["Defend_P"],"damage_healed":0.0,"max_hp_gain":0.0,"max_hp_loss":0.0,"gold_gain":0.0,"event_name":"Golden Wing","player_choice":"Card Removal","floor":2.0,"gold_loss":0.0,"damage_taken":7.0},{"damage_healed":0.0,"max_hp_gain":0.0,"max_hp_loss":0.0,"gold_gain":0.0,"event_name":"Shining Light","player_choice":"Entered Light","floor":4.0,"gold_loss":0.0,"damage_taken":22.0,"cards_upgraded":["Defend_P","Vigilance"]},{"damage_healed":24.0,"max_hp_gain":0.0,"max_hp_loss":0.0,"gold_gain":0.0,"event_name":"Big Fish","player_choice":"Banana","floor":11.0,"gold_loss":0.0,"damage_taken":0.0},{"damage_healed":0.0,"max_hp_gain":0.0,"max_hp_loss":7.0,"gold_gain":0.0,"event_name":"Golden Idol","player_choice":"Lose Max HP","floor":12.0,"gold_loss":0.0,"damage_taken":0.0,"relics_obtained":["Golden Idol"]},{"damage_healed":13.0,"max_hp_gain":0.0,"max_hp_loss":0.0,"gold_gain":0.0,"event_name":"The Library","player_choice":"Heal","floor":19.0,"gold_loss":0.0,"damage_taken":0.0},{"damage_healed":0.0,"max_hp_gain":0.0,"max_hp_loss":0.0,"gold_gain":0.0,"event_name":"Cursed Tome","player_choice":"Obtained Book","floor":21.0,"gold_loss":0.0,"damage_taken":21.0},{"damage_healed":0,"gold_gain":0,"player_choice":"Gave Idol","damage_taken":0,"relics_obtained":["Bloody Idol"],"max_hp_gain":0,"max_hp_loss":0,"event_name":"Forgotten Altar","floor":29,"relics_lost":["Golden Idol"],"gold_loss":0}],"is_beta":false,"boss_relics":[{"not_picked":["Ectoplasm","Coffee Dripper"],"picked":"HolyWater"}],"items_purged_floors":[22],"is_endless":false,"potions_floor_spawned":[5,7,16,18,27,31],"killed_by":"Collector","ascension_level":20}}