{"host":"3l94tha3a4jgu0q4","time":1609592844,"event":{"mods":["2.2 Compatiblity","AchievementEnabler","BaseMod","Colored Map","Colored Powertips","Highlight Path","Minty Spire (QoL Compilation)","Permanent Neow","StSLib","SuperFastMode"],"gold_per_floor":[114,134,153,153,253,253,21,51,51,81,94,94,94,108,108,211,211,230,243,168,168,168,168,199,109,135,165,165,165],"floor_reached":28,"playtime":5063,"items_purged":["Strike_P"],"score":422,"play_id":"8ce04d3e-7c3d-425a-a412-6c43a67b105d","local_time":"20210102050724","is_ascension_mode":true,"campfire_choices":[{"floor":6.0,"key":"REST"},{"floor":13.0,"key":"REST"},{"floor":15.0,"key":"REST"},{"floor":23.0,"key":"REST"}],"circlet_count":0,"master_deck":["AscendersBane","Strike_P+1","Strike_P+1","Defend_P","Defend_P+1","Eruption+1","Vigilance","FollowUp","FollowUp","FearNoEvil","Judgement","Evaluate","LikeWater","LessonLearned","EmptyBody+1","Worship+1","WheelKick","TalkToTheHand"],"relics":["Fusion Hammer","Bag of Marbles","Pear","Omamori","Damaru","Black Star","MutagenicStrength","HornCleat","Tiny Chest","Frozen Egg 2","Akabeko","MealTicket","White Beast Statue"],"acts_visited":["Exordium","TheCity"],"potions_floor_usage":[24,27],"damage_taken":[{"damage":2.0,"enemies":"Jaw Worm","floor":1.0,"turns":4.0},{"damage":4.0,"enemies":"Small Slimes","floor":2.0,"turns":2.0},{"damage":0.0,"enemies":"Cultist","floor":3.0,"turns":2.0},{"damage":48.0,"enemies":"Gremlin Nob","floor":8.0,"turns":4.0},{"damage":4.0,"enemies":"Lagavulin","floor":10.0,"turns":4.0},{"damage":8.0,"enemies":"Blue Slaver","floor":11.0,"turns":2.0},{"damage":5.0,"enemies":"Large Slime","floor":14.0,"turns":2.0},{"damage":37.0,"enemies":"The Guardian","floor":16.0,"turns":10.0},{"damage":0.0,"enemies":"Spheric Guardian","floor":18.0,"turns":2.0},{"damage":14.0,"enemies":"3 Byrds","floor":19.0,"turns":6.0},{"damage":47,"enemies":"Slavers","floor":24,"turns":10},{"damage":22,"enemies":"Book of Stabbing","floor":27,"turns":7},{"damage":13,"enemies":"Snecko","floor":28,"turns":3}],"seed_played":"-2710940763183799050","potions_obtained":[{"floor":2.0,"key":"Energy Potion"},{"floor":3.0,"key":"LiquidBronze"},{"floor":24,"key":"Block Potion"}],"is_trial":false,"path_per_floor":["M","M","M","?","?","R","$","E","T","E","M","?","R","M","R","B",null,"M","M","?","?","?","R","E","?","T","E","M"],"character_chosen":"WATCHER","items_purchased":["Bag of Marbles"],"campfire_rested":4,"item_purchase_floors":[7],"current_hp_per_floor":[63,59,59,45,45,66,66,28,28,24,16,16,40,35,59,22,67,67,53,53,53,53,77,30,30,30,8,0,0],"gold":165,"neow_bonus":"BOSS_RELIC","is_daily":false,"chose_seed":false,"campfire_upgraded":0,"win_rate":0.0,"timestamp":1609592844,"path_taken":["M","M","M","?","?","R","$","E","T","E","?","?","R","M","R","BOSS","M","M","?","?","?","R","E","?","T","E","?"],"items_purchased_type":["Relic"],"build_version":"2020-12-22","purchased_purges":1,"victory":false,"max_hp_per_floor":[72,72,72,72,72,72,72,82,82,82,82,82,82,82,82,82,82,82,82,82,82,82,82,82,82,82,82,82,82],"card_choices":[{"not_picked":["FlyingSleeves","ThirdEye","WindmillStrike"],"picked":"SKIP","floor":1.0},{"not_picked":["Halt","Adaptation"],"picked":"FollowUp","floor":2.0},{"not_picked":["Conclude","ForeignInfluence"],"picked":"FollowUp","floor":3.0},{"not_picked":["SashWhip","BowlingBash"],"picked":"FearNoEvil","floor":8.0},{"not_picked":["Evaluate","FollowUp"],"picked":"Judgement","floor":10.0},{"not_picked":["ClearTheMind","Collect"],"picked":"Evaluate","floor":11.0},{"not_picked":["ClearTheMind","Perseverance"],"picked":"LikeWater","floor":14.0},{"not_picked":["Establishment","MasterReality"],"picked":"LessonLearned","floor":16.0},{"not_picked":["Study","BattleHymn"],"picked":"EmptyBody+1","floor":18.0},{"not_picked":["CutThroughFate+1","ThirdEye"],"picked":"Worship+1","floor":19.0},{"not_picked":["PathToVictory","JustLucky"],"picked":"WheelKick","floor":24},{"not_picked":["SashWhip","DevaForm+1"],"picked":"TalkToTheHand","floor":27}],"player_experience":1872093,"relics_obtained":[{"floor":8.0,"key":"Pear"},{"floor":9.0,"key":"Omamori"},{"floor":10.0,"key":"Damaru"},{"floor":24,"key":"Tiny Chest"},{"floor":24,"key":"Frozen Egg 2"},{"floor":26,"key":"Akabeko"},{"floor":27,"key":"MealTicket"},{"floor":27,"key":"White Beast Statue"}],"event_choices":[{"damage_healed":0.0,"max_hp_gain":0.0,"max_hp_loss":0.0,"gold_gain":0.0,"event_name":"Shining Light","player_choice":"Entered Light","floor":4.0,"gold_loss":0.0,"damage_taken":14.0,"cards_upgraded":["Strike_P","Defend_P"]},{"damage_healed":0.0,"max_hp_gain":0.0,"max_hp_loss":0.0,"gold_gain":100.0,"event_name":"Wheel of Change","player_choice":"Gold","floor":5.0,"gold_loss":0.0,"damage_taken":0.0},{"cards_removed":["Defend_P"],"damage_healed":0.0,"max_hp_gain":0.0,"max_hp_loss":0.0,"gold_gain":0.0,"event_name":"Living Wall","player_choice":"Forget","floor":12.0,"gold_loss":0.0,"damage_taken":0.0},{"cards_removed":["Strike_P"],"damage_healed":0.0,"max_hp_gain":0.0,"max_hp_loss":0.0,"gold_gain":0.0,"event_name":"Beggar","player_choice":"Gave Gold","floor":20.0,"gold_loss":75.0,"damage_taken":0.0},{"damage_healed":0.0,"max_hp_gain":0.0,"max_hp_loss":0.0,"gold_gain":0.0,"event_name":"Drug Dealer","player_choice":"Inject Mutagens","floor":21.0,"gold_loss":0.0,"damage_taken":0.0,"relics_obtained":["MutagenicStrength"]},{"damage_healed":0.0,"max_hp_gain":0.0,"max_hp_loss":0.0,"gold_gain":0.0,"event_name":"The Mausoleum","player_choice":"Opened","floor":22.0,"gold_loss":0.0,"damage_taken":0.0,"relics_obtained":["HornCleat"],"cards_obtained":["Writhe"]},{"cards_removed":["Defend_P"],"damage_healed":0,"gold_gain":0,"player_choice":"Upgrade and Remove","damage_taken":0,"max_hp_gain":0,"max_hp_loss":0,"event_name":"Designer","floor":25,"gold_loss":90,"cards_upgraded":["Strike_P"]}],"is_beta":false,"boss_relics":[{"not_picked":["Tiny House","Velvet Choker"],"picked":"Black Star"}],"items_purged_floors":[7],"is_endless":false,"potions_floor_spawned":[2,3,8,24],"killed_by":"Snecko","ascension_level":12}}