{"host":"1zjc08c6hob33401","time":1609623117,"event":{"mods":["AchievementEnabler","Act Like it!","Aspiration","BaseMod","Downfall","Energized Spire","Evolution","GifTheSpireLib","Hubris","Infinite Spire","Jedi Mod","Minty Spire (QoL Compilation)","Pale of the Ancients","Quick Restart","Replay The Spire","Retaliation","Shop Mod","StSLib","Stuff the Spire","The Blue Laboratory","Wandering Minibosses","vexMod"],"gold_per_floor":[111,111,36,36,48,48,58,58,139,155,155,184,184,202,202,301,301,319,319,117,136,136,136,166,184,184,199,199,199,199,210,210,210,210],"floor_reached":33,"playtime":1840,"items_purged":["Defend_B","Defend_B"],"score":345,"play_id":"f8527d7f-6084-4b85-87c9-9ec050bf6878","local_time":"20210102233157","is_ascension_mode":true,"campfire_choices":[{"data":"Replay:Fractal Strike","floor":6.0,"key":"SMITH"},{"data":"Reinforced Body","floor":8.0,"key":"SMITH"},{"data":"Doom and Gloom","floor":11.0,"key":"SMITH"},{"data":"BasicCrystalCard","floor":23.0,"key":"SMITH"},{"floor":28.0,"key":"REST"},{"floor":30.0,"key":"REST"}],"circlet_count":0,"master_deck":["Ball Lightning+1","Strike_B","Strike_B","Strike_B","Zap+1","Dualcast+1","Coolheaded+1","Replay:Fractal Strike+1","Reinforced Body+1","Leap+1","Doom and Gloom+1","StuffTheSpire:ForEach+1","Rip and Tear+1","jedi:gatheringstorm+1","Genetic Algorithm+1","BasicCrystalCard+1","Compile Driver+1","Auto Shields+1","Cold Snap","jedi:readyaimfire+1"],"relics":["Cracked Core","EVO:Axolotl","Shovel","infinitespire:EmpoweringShard","Smiling Mask","Guide Book","infinitespire:FocusingShard","infinitespire:SolderingIron","Nloth\u0027s Gift"],"acts_visited":["Exordium","TheCity"],"potions_floor_usage":[33],"damage_taken":[{"damage":1.0,"enemies":"Cultist","floor":1.0,"turns":3.0},{"damage":1.0,"enemies":"2 Louse","floor":5.0,"turns":2.0},{"damage":5.0,"enemies":"Jaw Worm","floor":7.0,"turns":2.0},{"damage":1.0,"enemies":"Lots of Slimes","floor":10.0,"turns":3.0},{"damage":15.0,"enemies":"3 Sentries","floor":12.0,"turns":8.0},{"damage":0.0,"enemies":"Large Slime","floor":14.0,"turns":3.0},{"damage":17.0,"enemies":"Slime Boss","floor":16.0,"turns":9.0},{"damage":0.0,"enemies":"Spheric Guardian","floor":18.0,"turns":2.0},{"damage":14.0,"enemies":"Shell Parasite","floor":21.0,"turns":2.0},{"damage":18.0,"enemies":"Book of Stabbing","floor":24.0,"turns":4.0},{"damage":28.0,"enemies":"Centurion and Healer","floor":25.0,"turns":3.0},{"damage":2.0,"enemies":"Cultist and Chosen","floor":27.0,"turns":5.0},{"damage":11.0,"enemies":"Snecko","floor":31.0,"turns":4.0},{"damage":56,"enemies":"hubris:MusketHawk","floor":33,"turns":6}],"seed_played":"-5063517238339730063","potions_obtained":[{"floor":10.0,"key":"Block Potion"},{"floor":12.0,"key":"blueLaboratory:CoolantVial"},{"floor":14.0,"key":"GamblersBrew"},{"floor":16.0,"key":"DistilledChaos"},{"floor":25.0,"key":"Milkshake"},{"floor":27.0,"key":"EntropicBrew"},{"floor":31.0,"key":"champ:CounterPotion"}],"is_trial":false,"path_per_floor":["M","T","$","?","M","R","M","R","T","M","R","E","?","M","R","B",null,"M","?","$","M","?","R","E","M","T","M","R","?","R","M","R","B"],"character_chosen":"DEFECT","items_purchased":["Guide Book"],"campfire_rested":2,"item_purchase_floors":[20],"current_hp_per_floor":[67,67,67,50,49,49,44,44,44,43,43,28,21,21,43,26,63,63,63,63,49,49,49,31,3,3,1,23,23,45,34,56,0,0],"gold":210,"neow_bonus":"RANDOM_EVENT","is_daily":false,"chose_seed":false,"campfire_upgraded":4,"win_rate":0.0,"timestamp":1609623117,"path_taken":["M","?","$","?","M","R","?","R","T","?","R","E","?","M","R","BOSS","M","?","$","?","?","R","E","M","T","M","R","?","R","M","R","BOSS"],"items_purchased_type":["Relic"],"build_version":"2020-12-22","purchased_purges":2,"victory":false,"max_hp_per_floor":[75,75,75,75,75,75,75,75,75,75,75,75,75,75,75,75,75,75,75,75,75,75,75,75,75,75,75,75,75,75,75,75,75,75],"card_choices":[{"not_picked":["Gash","Leap"],"picked":"Coolheaded","floor":1.0},{"not_picked":["infinitespire:Gouge","ReplayTheSpireMod:Black Plague"],"picked":"Replay:Fractal Strike","floor":4.0},{"not_picked":["jedi:blockon","Stack"],"picked":"Reinforced Body","floor":5.0},{"not_picked":["Recycle","Redo"],"picked":"Leap","floor":7.0},{"not_picked":["Coolheaded","Glacier"],"picked":"Doom and Gloom","floor":10.0},{"not_picked":["ReplaySolidLightProjector","BasicCrystalCard"],"picked":"StuffTheSpire:ForEach","floor":12.0},{"not_picked":["Turbo","Cold Snap"],"picked":"Rip and Tear","floor":14.0},{"not_picked":["Buffer","Seek"],"picked":"jedi:gatheringstorm","floor":16.0},{"not_picked":["jedi:spotbugs","Conserve Battery+1"],"picked":"Genetic Algorithm","floor":18.0},{"not_picked":["Turbo","Panic Button"],"picked":"BasicCrystalCard","floor":21.0},{"not_picked":["Panic Button+1","Steam Power+1"],"picked":"Compile Driver+1","floor":24.0},{"not_picked":["jedi:BurstLightning+1","Lockon"],"picked":"Auto Shields+1","floor":25.0},{"not_picked":["Streamline","Coolheaded"],"picked":"Cold Snap","floor":27.0},{"not_picked":["StuffTheSpire:SnapShoot+1","Stack+1"],"picked":"jedi:readyaimfire","floor":31.0}],"player_experience":445336,"relics_obtained":[{"floor":2.0,"key":"Shovel"},{"floor":9.0,"key":"infinitespire:EmpoweringShard"},{"floor":12.0,"key":"Smiling Mask"},{"floor":24.0,"key":"infinitespire:FocusingShard"},{"floor":26.0,"key":"infinitespire:SolderingIron"}],"event_choices":[{"damage_healed":0.0,"max_hp_gain":0.0,"max_hp_loss":0.0,"gold_gain":0.0,"event_name":"Living Wall","player_choice":"Grow","floor":0.0,"gold_loss":0.0,"damage_taken":0.0,"cards_upgraded":["Ball Lightning"]},{"cards_removed":["Defend_B"],"damage_healed":0.0,"max_hp_gain":0.0,"max_hp_loss":0.0,"gold_gain":0.0,"event_name":"Golden Wing","player_choice":"Card Removal","floor":13.0,"gold_loss":0.0,"damage_taken":7.0},{"cards_removed":["Defend_B"],"damage_healed":0.0,"max_hp_gain":0.0,"max_hp_loss":0.0,"gold_gain":0.0,"event_name":"Purifier","player_choice":"Purged","floor":19.0,"gold_loss":0.0,"damage_taken":0.0},{"damage_healed":0.0,"max_hp_gain":0.0,"max_hp_loss":0.0,"gold_gain":0.0,"event_name":"N\u0027loth","player_choice":"Traded Relic","floor":29.0,"relics_lost":["vexMod:ImprovementManual"],"gold_loss":0.0,"damage_taken":0.0,"relics_obtained":["Nloth\u0027s Gift"]}],"is_beta":false,"boss_relics":[{"not_picked":["aspiration:IroncladSkillbook","Ectoplasm"],"picked":"vexMod:ImprovementManual"}],"items_purged_floors":[3,20],"is_endless":false,"potions_floor_spawned":[10,12,14,16,25,27,31],"killed_by":"hubris:MusketHawk","ascension_level":6}}