{"host":"8rwnpls8n88jrgbg","time":1609604610,"event":{"mods":["AchievementEnabler","BaseMod","Colored Map","Colored Powertips","DeckTracker","Keyboard Shortcuts","Minty Spire (QoL Compilation)","Relic Stats","StSLib","SuperFastMode"],"gold_per_floor":[119,134,134,209,221,221,250,250,250,300,300,319,329,344,354,354,432,432,450,450,462,219,237,237,255,255,255,310,343,72,72,72,72,148,148,167,127,2,20,32,32,32],"floor_reached":41,"playtime":2627,"items_purged":["Strike_G","Shame","Pain"],"score":826,"play_id":"fca59f59-d950-451e-8791-265b4c70a342","local_time":"20210103012330","is_ascension_mode":true,"campfire_choices":[{"data":"Blind","floor":6.0,"key":"SMITH"},{"data":"Eviscerate","floor":9.0,"key":"SMITH"},{"floor":11.0,"key":"REST"},{"data":"Masterful Stab","floor":16,"key":"SMITH"},{"floor":24,"key":"REST"},{"data":"Phantasmal Killer","floor":26,"key":"SMITH"},{"floor":33,"key":"REST"}],"circlet_count":0,"master_deck":["AscendersBane","Strike_G","Strike_G","Strike_G","Defend_G","Defend_G","Defend_G","Defend_G","Defend_G","Survivor","Neutralize","Blind+1","Masterful Stab+1","Eviscerate+1","Blade Dance","Escape Plan","Dagger Throw","Acrobatics","Phantasmal Killer+1","Distraction+1","Dagger Throw","Well Laid Plans+1","Footwork+1","Shame","Unload","Backflip+1","PiercingWail+1"],"relics":["Ring of the Snake","Regal Pillow","Lantern","Cursed Key","OrangePellets","Meat on the Bone","Frozen Egg 2","Red Mask","Medical Kit","Ornamental Fan","Tingsha","WristBlade"],"acts_visited":["Exordium","TheCity","TheBeyond"],"potions_floor_usage":[15,17,23,25,28,34,41],"damage_taken":[{"damage":12.0,"enemies":"Jaw Worm","floor":1.0,"turns":6.0},{"damage":0.0,"enemies":"Small Slimes","floor":2.0,"turns":2.0},{"damage":0.0,"enemies":"2 Louse","floor":5.0,"turns":3.0},{"damage":22.0,"enemies":"Gremlin Nob","floor":7.0,"turns":4.0},{"damage":0.0,"enemies":"2 Fungi Beasts","floor":12.0,"turns":2.0},{"damage":0.0,"enemies":"Large Slime","floor":13.0,"turns":4.0},{"damage":3.0,"enemies":"Looter","floor":14.0,"turns":3.0},{"damage":3,"enemies":"Gremlin Gang","floor":15,"turns":6},{"damage":19,"enemies":"Slime Boss","floor":17,"turns":8},{"damage":11,"enemies":"Shell Parasite","floor":19,"turns":3},{"damage":10,"enemies":"3 Byrds","floor":21,"turns":6},{"damage":30,"enemies":"Snecko","floor":23,"turns":6},{"damage":0,"enemies":"Cultist and Chosen","floor":25,"turns":3},{"damage":43,"enemies":"Book of Stabbing","floor":28,"turns":5},{"damage":11,"enemies":"Masked Bandits","floor":29,"turns":4},{"damage":51,"enemies":"Collector","floor":34,"turns":13},{"damage":10,"enemies":"Orb Walker","floor":36,"turns":3},{"damage":1,"enemies":"3 Darklings","floor":39,"turns":7},{"damage":0,"enemies":"4 Shapes","floor":40,"turns":5},{"damage":55,"enemies":"Reptomancer","floor":41,"turns":7}],"seed_played":"-1900736696951341675","potions_obtained":[{"floor":2.0,"key":"Dexterity Potion"},{"floor":7.0,"key":"Regen Potion"},{"floor":15,"key":"Energy Potion"},{"floor":21,"key":"SteroidPotion"},{"floor":23,"key":"Regen Potion"},{"floor":25,"key":"ColorlessPotion"},{"floor":37,"key":"PowerPotion"},{"floor":37,"key":"Ancient Potion"}],"is_trial":false,"path_per_floor":["M","M","?","?","M","R","E","E","R","T","R","M","M","M","M","R","B",null,"M","?","M","$","M","R","M","R","T","E","?","$","?","T","R","B",null,"M","?","$","M","M","E"],"character_chosen":"THE_SILENT","items_purchased":["OrangePellets","Medical Kit"],"campfire_rested":3,"item_purchase_floors":[22,30],"current_hp_per_floor":[47,47,40,29,29,29,7,7,7,7,41,41,41,38,50,50,31,57,46,46,36,36,6,40,49,49,49,18,19,19,19,19,53,14,53,43,43,43,42,42,0,0],"gold":32,"neow_bonus":"RANDOM_COLORLESS","is_daily":false,"chose_seed":false,"campfire_upgraded":4,"win_rate":0.0,"timestamp":1609604610,"path_taken":["M","M","?","?","M","R","E","E","R","T","R","M","M","M","M","R","BOSS","M","?","M","$","M","R","M","R","T","E","?","$","?","?","R","BOSS","M","?","$","M","M","E"],"items_purchased_type":["Relic","Relic"],"build_version":"2020-12-22","purchased_purges":3,"victory":false,"max_hp_per_floor":[66,66,66,66,66,66,66,66,66,66,66,66,66,66,66,66,66,66,66,66,66,66,66,66,66,66,66,66,66,66,66,66,66,66,66,66,66,66,66,66,66,66],"relic_stats":{"OrangePellets":[1],"Regal Pillow":45,"counters":[20,100],"Ornamental Fan":[88],"Tingsha":[118],"Cursed Key":2,"Medical Kit":[0],"obtain_stats":[{"OrangePellets":22,"Regal Pillow":7,"Lantern":10,"WristBlade":35,"Ornamental Fan":31,"Tingsha":32,"Red Mask":29,"Frozen Egg 2":28,"Cursed Key":18,"Medical Kit":30,"Ring of the Snake":0,"Meat on the Bone":27},{"OrangePellets":11,"Regal Pillow":4,"Lantern":4,"WristBlade":16,"Ornamental Fan":15,"Tingsha":15,"Red Mask":15,"Frozen Egg 2":14,"Cursed Key":9,"Medical Kit":15,"Ring of the Snake":0,"Meat on the Bone":13},{"OrangePellets":47,"Regal Pillow":15,"Lantern":15,"WristBlade":78,"Ornamental Fan":65,"Tingsha":65,"Red Mask":65,"Frozen Egg 2":61,"Cursed Key":38,"Medical Kit":65,"Ring of the Snake":0,"Meat on the Bone":56}],"Ring of the Snake":[40],"Meat on the Bone":36},"card_choices":[{"not_picked":["Jack Of All Trades","Dark Shackles"],"picked":"Blind","floor":0.0},{"not_picked":["Well Laid Plans","PiercingWail"],"picked":"Masterful Stab","floor":1.0},{"not_picked":["Infinite Blades","Bane"],"picked":"Eviscerate","floor":2.0},{"not_picked":["Bouncing Flask","Quick Slash"],"picked":"Blade Dance","floor":5.0},{"not_picked":["Slice","Leg Sweep"],"picked":"Escape Plan","floor":12.0},{"not_picked":["Finisher","Quick Slash","Bane"],"picked":"SKIP","floor":13.0},{"not_picked":["Night Terror","Dodge and Roll"],"picked":"Dagger Throw","floor":14.0},{"not_picked":["Deadly Poison","Dagger Spray"],"picked":"Acrobatics","floor":15},{"not_picked":["Tools of the Trade","Unload"],"picked":"Phantasmal Killer","floor":17},{"not_picked":["Predator","Cloak And Dagger"],"picked":"Distraction+1","floor":19},{"not_picked":["Escape Plan","Sucker Punch","Backflip"],"picked":"SKIP","floor":21},{"not_picked":["Expertise","Storm of Steel"],"picked":"Dagger Throw","floor":23},{"not_picked":["Distraction","Underhanded Strike"],"picked":"Well Laid Plans+1","floor":25},{"not_picked":["Predator","Noxious Fumes+1"],"picked":"Footwork+1","floor":28},{"not_picked":["Storm of Steel","Night Terror"],"picked":"Unload","floor":34},{"not_picked":["Sucker Punch+1","Blur"],"picked":"Backflip+1","floor":36},{"not_picked":["Cloak And Dagger","Masterful Stab","Bane"],"picked":"SKIP","floor":39},{"not_picked":["Terror","Underhanded Strike"],"picked":"PiercingWail+1","floor":40}],"player_experience":1480250,"relics_obtained":[{"floor":7.0,"key":"Regal Pillow"},{"floor":10.0,"key":"Lantern"},{"floor":27,"key":"Meat on the Bone"},{"floor":28,"key":"Frozen Egg 2"},{"floor":29,"key":"Red Mask"},{"floor":32,"key":"Tingsha"}],"event_choices":[{"cards_removed":["Strike_G"],"damage_healed":0.0,"max_hp_gain":0.0,"max_hp_loss":0.0,"gold_gain":0.0,"event_name":"Golden Wing","player_choice":"Card Removal","floor":3.0,"gold_loss":0.0,"damage_taken":7.0},{"damage_healed":0.0,"max_hp_gain":0.0,"max_hp_loss":0.0,"gold_gain":75.0,"event_name":"World of Goop","player_choice":"Gather Gold","floor":4.0,"gold_loss":0.0,"damage_taken":11.0},{"damage_healed":0,"gold_gain":0,"player_choice":"Ignored","damage_taken":0,"max_hp_gain":0,"max_hp_loss":0,"event_name":"Ghosts","floor":20,"gold_loss":0},{"damage_healed":0,"gold_gain":0,"player_choice":"Fought Bandits","damage_taken":0,"max_hp_gain":0,"max_hp_loss":0,"event_name":"Masked Bandits","floor":29,"gold_loss":0},{"damage_healed":0,"gold_gain":0,"player_choice":"Stole Relic","damage_taken":0,"relics_obtained":["Ornamental Fan"],"max_hp_gain":0,"max_hp_loss":0,"event_name":"Addict","floor":31,"gold_loss":0,"cards_obtained":["Shame"]},{"damage_healed":0,"gold_gain":0,"player_choice":"Bought 3 Potions","damage_taken":0,"max_hp_gain":0,"max_hp_loss":0,"event_name":"The Woman in Blue","floor":37,"gold_loss":0}],"is_beta":false,"boss_relics":[{"not_picked":["Coffee Dripper","Tiny House"],"picked":"Cursed Key"},{"not_picked":["Black Star","SacredBark"],"picked":"WristBlade"}],"items_purged_floors":[22,30,38],"is_endless":false,"potions_floor_spawned":[2,7,14,15,21,23,25],"killed_by":"Reptomancer","ascension_level":20}}