{"host":"e1d4pmcf31bpmsqo","time":1609560787,"event":{"mods":["BaseMod","Better Note","Better Third Choice","Colored Powertips","Disable Question Mark Monsters","Minty Spire (QoL Compilation)","Relic Stats","StSLib"],"gold_per_floor":[111,130,146,111,21,46,63,63,63,81,81,81,113,131,131,234,234,284,298,50,50,0,0,31,76,103,137,168,168,216,259,259,332,332,346,358,407,387,434,434,434,498,549,604,664,664,74,91,91,91,91,91],"floor_reached":51,"playtime":2424,"items_purged":["Strike_P","Strike_P"],"score":1714,"play_id":"d7347eda-7139-4c37-9bf7-8ed51e431ab3","local_time":"20210102151307","is_ascension_mode":true,"campfire_choices":[{"floor":12.0,"key":"REST"},{"data":"Wish","floor":15.0,"key":"SMITH"},{"floor":23.0,"key":"REST"},{"floor":32.0,"key":"REST"},{"floor":40.0,"key":"REST"},{"floor":49,"key":"RECALL"}],"circlet_count":0,"master_deck":["AscendersBane","Defend_P+1","Defend_P","Eruption+1","Vigilance+1","FlurryOfBlows","CutThroughFate","Wireheading","Conclude","Halt","Adaptation+1","Consecrate","Wish+1","Consecrate","Scrawl+1","Tantrum","FearNoEvil+1","FearNoEvil","Wallop+1","Halt+1","ThirdEye","EmptyFist","EmptyBody+1","LessonLearned","FlurryOfBlows","CrushJoints+1"],"relics":["Pantograph","Kunai","StrikeDummy","VioletLotus","Blood Vial","Blue Candle","Ancient Tea Set","Red Mask","Mummified Hand","Runic Pyramid","Fusion Hammer","Mercury Hourglass","Strawberry","Peace Pipe","MealTicket","Happy Flower","FossilizedHelix"],"acts_visited":["Exordium","TheCity","TheBeyond"],"potions_floor_usage":[48,51],"damage_taken":[{"damage":12.0,"enemies":"Cultist","floor":1.0,"turns":3.0},{"damage":8.0,"enemies":"Small Slimes","floor":2.0,"turns":4.0},{"damage":9.0,"enemies":"Jaw Worm","floor":3.0,"turns":4.0},{"damage":16.0,"enemies":"Gremlin Nob","floor":6.0,"turns":3.0},{"damage":25.0,"enemies":"Exordium Thugs","floor":7.0,"turns":3.0},{"damage":0.0,"enemies":"2 Fungi Beasts","floor":10.0,"turns":2.0},{"damage":0.0,"enemies":"Lagavulin","floor":13.0,"turns":4.0},{"damage":0.0,"enemies":"Gremlin Gang","floor":14.0,"turns":2.0},{"damage":0.0,"enemies":"Slime Boss","floor":16.0,"turns":7.0},{"damage":66.0,"enemies":"Shell Parasite","floor":18.0,"turns":5.0},{"damage":9.0,"enemies":"Spheric Guardian","floor":19.0,"turns":4.0},{"damage":36.0,"enemies":"Slavers","floor":24.0,"turns":4.0},{"damage":2.0,"enemies":"Cultist and Chosen","floor":25.0,"turns":4.0},{"damage":22.0,"enemies":"Masked Bandits","floor":27.0,"turns":3.0},{"damage":0.0,"enemies":"Gremlin Leader","floor":28.0,"turns":2.0},{"damage":10.0,"enemies":"Chosen and Byrds","floor":30.0,"turns":3.0},{"damage":0.0,"enemies":"Centurion and Healer","floor":31.0,"turns":3.0},{"damage":24.0,"enemies":"Automaton","floor":33.0,"turns":5.0},{"damage":0.0,"enemies":"3 Shapes","floor":35.0,"turns":4.0},{"damage":12.0,"enemies":"Orb Walker","floor":36.0,"turns":3.0},{"damage":16.0,"enemies":"3 Darklings","floor":37.0,"turns":4.0},{"damage":0.0,"enemies":"Maw","floor":39.0,"turns":6.0},{"damage":0.0,"enemies":"Giant Head","floor":42.0,"turns":6.0},{"damage":0.0,"enemies":"Mind Bloom Boss Battle","floor":44.0,"turns":4.0},{"damage":48,"enemies":"Nemesis","floor":45,"turns":5},{"damage":0,"enemies":"Jaw Worm Horde","floor":48,"turns":3},{"damage":55,"enemies":"Donu and Deca","floor":50,"turns":6},{"damage":60,"enemies":"Time Eater","floor":51,"turns":3}],"seed_played":"-3173972247088670496","potions_obtained":[{"floor":1.0,"key":"GamblersBrew"},{"floor":10.0,"key":"SneckoOil"},{"floor":13.0,"key":"DistilledChaos"},{"floor":19.0,"key":"Fire Potion"},{"floor":24.0,"key":"SpeedPotion"},{"floor":27.0,"key":"SmokeBomb"},{"floor":38.0,"key":"Ambrosia"},{"floor":42.0,"key":"StancePotion"}],"is_trial":false,"path_per_floor":["M","M","M","?","$","E","M","?","T","M","?","R","E","M","R","B",null,"M","M","$","?","?","R","E","M","T","?","E","?","M","M","R","B",null,"M","M","M","?","M","R","?","E","T","?","E","?","$","M","R","B","B"],"character_chosen":"WATCHER","items_purchased":["Conclude","FearNoEvil","Wallop","Happy Flower","FossilizedHelix"],"campfire_rested":4,"item_purchase_floors":[5,20,20,47,47],"current_hp_per_floor":[49,41,32,49,49,33,8,1,1,1,1,21,21,21,21,46,63,25,16,16,16,16,36,2,2,2,4,6,6,2,4,24,27,58,60,50,36,36,38,58,58,60,67,72,24,24,39,41,41,13,0,0],"gold":91,"neow_bonus":"BOSS_RELIC","is_daily":false,"chose_seed":false,"campfire_upgraded":1,"win_rate":0.0,"timestamp":1609560787,"path_taken":["M","M","?","?","$","E","M","?","T","M","?","R","E","?","R","BOSS","M","M","$","?","?","R","E","?","T","?","E","?","M","?","R","BOSS","M","?","M","?","?","R","?","E","T","?","E","?","?","M","R","BOSS","BOSS"],"items_purchased_type":["Card","Card","Card","Relic","Relic"],"build_version":"2020-12-22","purchased_purges":2,"victory":false,"max_hp_per_floor":[68,68,68,68,68,68,68,68,68,68,68,68,68,68,68,68,68,68,68,68,68,68,68,68,68,68,68,68,68,68,68,68,68,68,68,68,68,68,68,68,65,65,72,72,72,72,72,72,72,72,72,72],"relic_stats":{"Blood Vial":32,"Peace Pipe":0,"Happy Flower":[4],"counters":[28,108],"Mummified Hand":[21],"Pantograph":103,"Blue Candle":[0],"MealTicket":15,"VioletLotus":[37],"Kunai":[98],"obtain_stats":[{"Happy Flower":47,"Blue Candle":24,"Empty Cage":0,"Ancient Tea Set":26,"Mercury Hourglass":42,"Blood Vial":22,"Peace Pipe":44,"Mummified Hand":28,"Pantograph":6,"Strawberry":43,"MealTicket":45,"VioletLotus":17,"Fusion Hammer":35,"Red Mask":27,"Kunai":9,"PureWater":0,"StrikeDummy":13,"FossilizedHelix":47,"Runic Pyramid":34},{"Happy Flower":25,"Blue Candle":12,"Empty Cage":0,"Ancient Tea Set":13,"Mercury Hourglass":23,"Blood Vial":11,"Peace Pipe":24,"Mummified Hand":15,"Pantograph":4,"Strawberry":23,"MealTicket":25,"VioletLotus":9,"Fusion Hammer":19,"Red Mask":14,"Kunai":5,"PureWater":0,"StrikeDummy":7,"FossilizedHelix":25,"Runic Pyramid":18},{"Happy Flower":96,"Blue Candle":45,"Empty Cage":0,"Ancient Tea Set":49,"Mercury Hourglass":88,"Blood Vial":41,"Peace Pipe":91,"Mummified Hand":54,"Pantograph":14,"Strawberry":88,"MealTicket":96,"VioletLotus":32,"Fusion Hammer":69,"Red Mask":52,"Kunai":17,"PureWater":0,"StrikeDummy":23,"FossilizedHelix":96,"Runic Pyramid":65}],"Mercury Hourglass":[50]},"card_choices":[{"not_picked":["Adaptation","WreathOfFlame"],"picked":"FlurryOfBlows","floor":1.0},{"not_picked":["ThirdEye","PathToVictory"],"picked":"CutThroughFate","floor":2.0},{"not_picked":["SashWhip","JustLucky"],"picked":"Wireheading","floor":3.0},{"not_picked":["ClearTheMind","Ragnarok"],"picked":"Halt","floor":6.0},{"not_picked":["Prostrate","FlurryOfBlows"],"picked":"Adaptation","floor":7.0},{"not_picked":["CutThroughFate","TalkToTheHand"],"picked":"Consecrate","floor":10.0},{"not_picked":["Crescendo","CutThroughFate"],"picked":"Wish","floor":13.0},{"not_picked":["Evaluate","ClearTheMind"],"picked":"Consecrate","floor":14.0},{"not_picked":["ConjureBlade","Brilliance"],"picked":"Scrawl","floor":16.0},{"not_picked":["Vengeance","Protect"],"picked":"Tantrum","floor":18.0},{"not_picked":["FollowUp","JustLucky+1"],"picked":"FearNoEvil","floor":19.0},{"not_picked":["Consecrate","InnerPeace","Halt"],"picked":"SKIP","floor":24.0},{"not_picked":["JustLucky","BowlingBash"],"picked":"ThirdEye","floor":25.0},{"not_picked":["TalkToTheHand","WreathOfFlame"],"picked":"EmptyFist","floor":27.0},{"not_picked":["CrushJoints","Consecrate+1","Perseverance"],"picked":"SKIP","floor":28.0},{"not_picked":["JustLucky","FlurryOfBlows"],"picked":"EmptyBody+1","floor":30.0},{"not_picked":["Collect","SandsOfTime","ForeignInfluence"],"picked":"SKIP","floor":31.0},{"not_picked":["Devotion","DevaForm"],"picked":"LessonLearned","floor":33.0},{"not_picked":["Crescendo+1","EmptyMind","SashWhip"],"picked":"SKIP","floor":35.0},{"not_picked":["ForeignInfluence","SashWhip","ClearTheMind"],"picked":"SKIP","floor":36.0},{"not_picked":["Prostrate","FollowUp+1"],"picked":"FlurryOfBlows","floor":37.0},{"not_picked":["Halt","FollowUp","Perseverance"],"picked":"SKIP","floor":39.0},{"not_picked":["Swivel","Protect","Worship"],"picked":"SKIP","floor":42.0},{"not_picked":["EmptyBody","Swivel"],"picked":"CrushJoints+1","floor":44},{"not_picked":["Consecrate","FlurryOfBlows","Alpha"],"picked":"SKIP","floor":45},{"not_picked":["FollowUp","SandsOfTime","PathToVictory+1"],"picked":"SKIP","floor":48}],"player_experience":1003291,"relics_obtained":[{"floor":6.0,"key":"Pantograph"},{"floor":9.0,"key":"Kunai"},{"floor":13.0,"key":"StrikeDummy"},{"floor":24.0,"key":"Blue Candle"},{"floor":26.0,"key":"Ancient Tea Set"},{"floor":27.0,"key":"Red Mask"},{"floor":28.0,"key":"Mummified Hand"},{"floor":42.0,"key":"Mercury Hourglass"},{"floor":43.0,"key":"Strawberry"},{"floor":44,"key":"Peace Pipe"},{"floor":45,"key":"MealTicket"}],"event_choices":[{"damage_healed":17.0,"max_hp_gain":0.0,"max_hp_loss":0.0,"gold_gain":0.0,"event_name":"The Cleric","player_choice":"Healed","floor":4.0,"gold_loss":35.0,"damage_taken":0.0},{"cards_removed":["Defend_P"],"damage_healed":0.0,"max_hp_gain":0.0,"max_hp_loss":0.0,"gold_gain":0.0,"event_name":"Golden Wing","player_choice":"Card Removal","floor":8.0,"gold_loss":0.0,"damage_taken":7.0},{"damage_healed":0.0,"max_hp_gain":0.0,"max_hp_loss":0.0,"gold_gain":0.0,"event_name":"Dead Adventurer","player_choice":"Searched \u00271\u0027 times","floor":11.0,"gold_loss":0.0,"damage_taken":0.0},{"damage_healed":0.0,"max_hp_gain":0.0,"max_hp_loss":0.0,"gold_gain":0.0,"event_name":"The Library","player_choice":"Read","floor":21.0,"gold_loss":0.0,"damage_taken":0.0,"cards_obtained":["Halt"]},{"damage_healed":0.0,"max_hp_gain":0.0,"max_hp_loss":0.0,"gold_gain":0.0,"event_name":"WeMeetAgain","player_choice":"Paid Gold","floor":22.0,"gold_loss":50.0,"damage_taken":0.0,"relics_obtained":["Blood Vial"]},{"damage_healed":0.0,"max_hp_gain":0.0,"max_hp_loss":0.0,"gold_gain":0.0,"event_name":"Masked Bandits","player_choice":"Fought Bandits","floor":27.0,"gold_loss":0.0,"damage_taken":0.0},{"damage_healed":0.0,"max_hp_gain":0.0,"max_hp_loss":0.0,"gold_gain":0.0,"event_name":"Upgrade Shrine","player_choice":"Upgraded","floor":29.0,"gold_loss":0.0,"damage_taken":0.0,"cards_upgraded":["Scrawl"]},{"damage_healed":0.0,"max_hp_gain":0.0,"max_hp_loss":0.0,"gold_gain":0.0,"event_name":"The Woman in Blue","player_choice":"Bought 1 Potion","floor":38.0,"gold_loss":0.0,"damage_taken":0.0},{"damage_healed":0.0,"max_hp_gain":0.0,"max_hp_loss":3.0,"gold_gain":0.0,"event_name":"Winding Halls","player_choice":"Max HP","floor":41.0,"gold_loss":0.0,"damage_taken":0.0},{"damage_healed":0.0,"max_hp_gain":0.0,"max_hp_loss":0.0,"gold_gain":0.0,"event_name":"MindBloom","player_choice":"Fight","floor":44.0,"gold_loss":0.0,"damage_taken":0.0},{"damage_healed":0,"gold_gain":0,"player_choice":"Memory 1","damage_taken":0,"max_hp_gain":0,"max_hp_loss":0,"event_name":"SensoryStone","floor":46,"gold_loss":0}],"is_beta":false,"boss_relics":[{"not_picked":["Black Star","Philosopher\u0027s Stone"],"picked":"VioletLotus"},{"not_picked":["Busted Crown","Snecko Eye"],"picked":"Runic Pyramid"}],"items_purged_floors":[20,47],"is_endless":false,"potions_floor_spawned":[1,10,13,19,24,27,30,33,42,44],"killed_by":"Time Eater","ascension_level":20}}