{"host":"Bilverbakes","time":1609561544,"event":{"mods":["2.2 Compatiblity","AchievementEnabler","BaseMod","Bestiary","Colored Map","Minty Spire (QoL Compilation)","Relic Stats","StSLib","ojb\u0027s Info Mod"],"gold_per_floor":[110,121,71,20,36,36,36,36,36,60,60,96,121,135,135,258,558,582,360,360,360,384,417,440,440,440,440],"floor_reached":26,"playtime":2270,"items_purged":[],"score":353,"play_id":"82b98bd7-ae3d-4346-9392-694d37b08d04","local_time":"20210101222544","is_ascension_mode":true,"campfire_choices":[{"data":"Zap","floor":6,"key":"SMITH"},{"data":"Dualcast","floor":8,"key":"SMITH"},{"data":"Hologram","floor":11,"key":"SMITH"},{"floor":15,"key":"REST"},{"floor":25,"key":"REST"}],"circlet_count":0,"master_deck":["AscendersBane","Strike_B","Strike_B","Strike_B","Strike_B","Defend_B","Defend_B","Defend_B","Zap+1","Dualcast+1","Melter","Cold Snap","Hologram+1","Go for the Eyes","Core Surge","CurseOfTheBell","Doom and Gloom","Ball Lightning","Coolheaded","Echo Form","Stack+1"],"relics":["Busted Crown","Golden Idol","Incense Burner","Akabeko","Calling Bell","Bag of Preparation","Darkstone Periapt","Old Coin","Orrery","Smiling Mask","Regal Pillow"],"acts_visited":["Exordium","TheCity"],"potions_floor_usage":[12,23,24],"damage_taken":[{"damage":0,"enemies":"2 Louse","floor":1,"turns":3},{"damage":7,"enemies":"Jaw Worm","floor":2,"turns":4},{"damage":8,"enemies":"Cultist","floor":5,"turns":4},{"damage":6,"enemies":"Looter","floor":10,"turns":3},{"damage":8,"enemies":"Gremlin Nob","floor":12,"turns":3},{"damage":0,"enemies":"Gremlin Gang","floor":13,"turns":4},{"damage":12,"enemies":"Exordium Wildlife","floor":14,"turns":5},{"damage":19,"enemies":"The Guardian","floor":16,"turns":13},{"damage":5,"enemies":"Shell Parasite","floor":18,"turns":6},{"damage":27,"enemies":"2 Thieves","floor":22,"turns":4},{"damage":11,"enemies":"Book of Stabbing","floor":23,"turns":7},{"damage":12,"enemies":"3 Cultists","floor":24,"turns":5}],"seed_played":"-5124455981302881118","potions_obtained":[{"floor":1,"key":"Swift Potion"},{"floor":10,"key":"AttackPotion"},{"floor":13,"key":"SmokeBomb"},{"floor":16,"key":"DistilledChaos"},{"floor":24,"key":"EssenceOfDarkness"}],"is_trial":false,"path_per_floor":["M","M","?","$","M","R","?","R","T","M","R","E","M","M","R","B",null,"M","$","?","?","M","E","M","R","T"],"character_chosen":"DEFECT","items_purchased":["Cold Snap","Doom and Gloom","Orrery"],"campfire_rested":2,"item_purchase_floors":[4,19,19],"current_hp_per_floor":[68,61,61,61,53,53,53,53,53,47,47,39,39,27,47,28,59,54,54,54,54,27,16,4,24,24,24],"gold":440,"neow_bonus":"BOSS_RELIC","is_daily":false,"chose_seed":false,"campfire_upgraded":3,"win_rate":0.0,"timestamp":1609561544,"path_taken":["M","M","?","$","M","R","?","R","T","M","R","E","M","M","R","BOSS","M","$","?","?","M","E","?","R","T"],"items_purchased_type":["Card","Card","Relic"],"build_version":"2020-12-18","purchased_purges":0,"victory":false,"max_hp_per_floor":[75,75,75,75,75,75,69,69,69,69,69,69,69,69,69,69,69,69,69,69,69,69,69,69,69,69,69],"relic_stats":{"Darkstone Periapt":0,"Regal Pillow":0,"Busted Crown":36,"counters":[12,61],"Golden Idol":67,"Bag of Preparation":[8],"Smiling Mask":0,"obtain_stats":[{"Calling Bell":17,"Darkstone Periapt":17,"Regal Pillow":26,"Busted Crown":0,"Golden Idol":7,"Orrery":19,"Incense Burner":9,"Bag of Preparation":17,"Cracked Core":0,"Smiling Mask":23,"Akabeko":12,"Old Coin":17},{"Calling Bell":8,"Darkstone Periapt":8,"Regal Pillow":12,"Busted Crown":0,"Golden Idol":3,"Orrery":9,"Incense Burner":3,"Bag of Preparation":8,"Cracked Core":0,"Smiling Mask":11,"Akabeko":5,"Old Coin":8},{"Calling Bell":39,"Darkstone Periapt":39,"Regal Pillow":61,"Busted Crown":0,"Golden Idol":11,"Orrery":45,"Incense Burner":11,"Bag of Preparation":39,"Cracked Core":0,"Smiling Mask":56,"Akabeko":17,"Old Coin":39}]},"card_choices":[{"not_picked":[],"picked":"Melter","floor":1},{"not_picked":["Redo"],"picked":"SKIP","floor":2},{"not_picked":[],"picked":"Hologram","floor":5},{"not_picked":["Cold Snap"],"picked":"SKIP","floor":10},{"not_picked":["Coolheaded"],"picked":"SKIP","floor":12},{"not_picked":["Turbo"],"picked":"SKIP","floor":13},{"not_picked":[],"picked":"Go for the Eyes","floor":14},{"not_picked":[],"picked":"Core Surge","floor":16},{"not_picked":["Loop"],"picked":"SKIP","floor":18},{"not_picked":[],"picked":"Ball Lightning","floor":19},{"not_picked":[],"picked":"Coolheaded","floor":19},{"not_picked":["Stack+1"],"picked":"SKIP","floor":22},{"not_picked":[],"picked":"Stack+1","floor":22},{"not_picked":["White Noise"],"picked":"SKIP","floor":23},{"not_picked":["Stack+1"],"picked":"SKIP","floor":24}],"player_experience":525767,"relics_obtained":[{"floor":9,"key":"Incense Burner"},{"floor":12,"key":"Akabeko"},{"floor":17,"key":"Bag of Preparation"},{"floor":17,"key":"Darkstone Periapt"},{"floor":17,"key":"Old Coin"},{"floor":23,"key":"Smiling Mask"},{"floor":26,"key":"Regal Pillow"}],"event_choices":[{"cards_removed":["Defend_B"],"damage_healed":0,"gold_gain":0,"player_choice":"Card Removal","damage_taken":0,"max_hp_gain":0,"max_hp_loss":0,"event_name":"The Cleric","floor":3,"gold_loss":50},{"damage_healed":0,"gold_gain":0,"player_choice":"Lose Max HP","damage_taken":0,"relics_obtained":["Golden Idol"],"max_hp_gain":0,"max_hp_loss":6,"event_name":"Golden Idol","floor":7,"gold_loss":0},{"damage_healed":0,"gold_gain":0,"player_choice":"Read","damage_taken":0,"max_hp_gain":0,"max_hp_loss":0,"event_name":"The Library","floor":20,"gold_loss":0,"cards_obtained":["Echo Form"]},{"damage_healed":0,"gold_gain":0,"player_choice":"Ignored","damage_taken":0,"max_hp_gain":0,"max_hp_loss":0,"event_name":"The Mausoleum","floor":21,"gold_loss":0}],"is_beta":true,"boss_relics":[{"not_picked":["Velvet Choker","Snecko Eye"],"picked":"Calling Bell"}],"items_purged_floors":[],"is_endless":false,"potions_floor_spawned":[1,10,13,16,18,22,24],"ascension_level":11}}