{"host":"6dypmz777xraikqf","time":1609567406,"event":{"mods":["AchievementEnabler","BaseMod","BetterRewards","Colored Map","Colored Powertips","Downfall","Highlight Path","Hubris","Infinite Spire","Minty Spire (QoL Compilation)","Replay The Spire","StSLib"],"gold_per_floor":[113,133,133,133,6,33,33,45,98,125,125,125,136,156,156,255,255,268,268,286,286,352,352,372,372,372],"floor_reached":25,"playtime":1397,"items_purged":[],"score":301,"play_id":"42cd7860-b310-4c45-8601-dc91966c69f2","local_time":"20210102060326","is_ascension_mode":false,"campfire_choices":[{"floor":7,"key":"REST"},{"floor":11,"key":"REST"},{"floor":15,"key":"REST"},{"data":"Alpha","floor":23,"key":"SMITH"}],"circlet_count":0,"master_deck":["Strike_P","Strike_P","Strike_P","Defend_P","Defend_P","Defend_P","Defend_P","Eruption+1","Vigilance","DeusExMachina","Slimebound:Icky","Writhe","MentalFortress","FearNoEvil","MentalFortress","Crescendo","ThirdEye","Evaluate","EmptyFist","EmptyFist","Alpha+1","hubris:Compulsion","sneckomod:TailWhip","DeusExMachina","hubris:Insight","infinitespire:NeuralNetwork","Decay","ThirdEye","Halt","Wallop","FollowUp"],"relics":["Du-Vu Doll","Thread and Needle","hubris:TinFlute","hubris:TenFootPole","Simple Rune","ReplayTheSpireMod:SealedPack","hubris:BottledHeart","Bag of Marbles"],"acts_visited":["Exordium","TheCity"],"potions_floor_usage":[6,16,25,25,25],"damage_taken":[{"damage":4,"enemies":"Small Slimes","floor":1,"turns":4},{"damage":11,"enemies":"Jaw Worm","floor":2,"turns":5},{"damage":45,"enemies":"3 Sentries","floor":6,"turns":15},{"damage":14,"enemies":"infinitespire:Voidling","floor":8,"turns":4},{"damage":3,"enemies":"Lots of Slimes","floor":13,"turns":8},{"damage":1,"enemies":"Looter","floor":14,"turns":3},{"damage":8,"enemies":"The Guardian","floor":16,"turns":12},{"damage":29,"enemies":"3 Byrds","floor":18,"turns":4},{"damage":7,"enemies":"Chosen","floor":20,"turns":5},{"damage":0,"enemies":"Snecko","floor":24,"turns":5},{"damage":15,"enemies":"Gremlin Leader","floor":25,"turns":4}],"seed_played":"-3533995604648236841","potions_obtained":[{"floor":1,"key":"SkillPotion"},{"floor":8,"key":"Milkshake"},{"floor":13,"key":"Dexterity Potion"},{"floor":16,"key":"Guardian:BlockOnCardUsePotion"},{"floor":18,"key":"BottledMiracle"},{"floor":22,"key":"LifebloodPotion"},{"floor":24,"key":"BottledMiracle"}],"is_trial":false,"path_per_floor":["M","M","?","?","$","E","R","M","T","T","R","?","M","M","R","B",null,"M","?","M","?","?","R","M","E"],"character_chosen":"WATCHER","items_purchased":["MentalFortress","Crescendo"],"campfire_rested":3,"item_purchase_floors":[5,5],"current_hp_per_floor":[33,22,46,46,46,1,22,8,8,8,29,29,26,25,46,38,72,43,43,36,1,1,1,1,0,0],"gold":372,"neow_bonus":"","is_daily":false,"chose_seed":false,"campfire_upgraded":1,"win_rate":0.0,"timestamp":1609567406,"path_taken":["M","M","?","?","$","E","R","M","T","?","R","?","M","M","R","BOSS","M","?","M","?","?","R","M","E"],"items_purchased_type":["Card","Card"],"build_version":"2020-12-22","purchased_purges":0,"victory":false,"max_hp_per_floor":[72,72,72,72,72,72,72,72,72,72,72,72,72,72,72,72,72,72,72,72,1,1,1,1,1,1],"card_choices":[{"not_picked":["Meditate","Prostrate"],"picked":"MentalFortress","floor":1},{"not_picked":["BattleHymn","CrushJoints"],"picked":"FearNoEvil","floor":2},{"not_picked":["Collect","MasterReality"],"picked":"ThirdEye","floor":6},{"not_picked":["Conclude","TalkToTheHand"],"picked":"Evaluate","floor":8},{"not_picked":["CrushJoints","Prostrate"],"picked":"EmptyFist","floor":13},{"not_picked":["SandsOfTime","CutThroughFate"],"picked":"EmptyFist","floor":14},{"not_picked":["Brilliance","Scrawl"],"picked":"Alpha","floor":16},{"not_picked":["Slimebound:CorrosiveSpit","Zap"],"picked":"sneckomod:TailWhip","floor":17},{"not_picked":["Alpha","Scrawl"],"picked":"DeusExMachina","floor":17},{"not_picked":["expansioncontent:GoopSpray","Purity"],"picked":"hubris:Insight","floor":17},{"not_picked":["infinitespire:Gouge","infinitespire:SevenWalls"],"picked":"infinitespire:NeuralNetwork","floor":17},{"not_picked":["JustLucky","Conclude+1","CarveReality"],"picked":"SKIP","floor":18},{"not_picked":["Vengeance","CrushJoints"],"picked":"ThirdEye","floor":20},{"not_picked":["FollowUp+1","Replay:ManipulateFuture+1"],"picked":"Halt","floor":22},{"not_picked":["CrushJoints+1","Collect"],"picked":"Wallop","floor":22},{"not_picked":["FlyingSleeves","EmptyFist+1"],"picked":"FollowUp","floor":24}],"player_experience":59917,"relics_obtained":[{"floor":4,"key":"Thread and Needle"},{"floor":6,"key":"hubris:TinFlute"},{"floor":9,"key":"hubris:TenFootPole"},{"floor":10,"key":"Simple Rune"},{"floor":22,"key":"Bag of Marbles"}],"event_choices":[{"damage_healed":24,"gold_gain":0,"player_choice":"Banana","damage_taken":0,"max_hp_gain":0,"max_hp_loss":0,"event_name":"Big Fish","floor":3,"gold_loss":0},{"damage_healed":0,"gold_gain":0,"player_choice":"Smashed Altar","damage_taken":0,"max_hp_gain":0,"max_hp_loss":0,"event_name":"Forgotten Altar","floor":19,"gold_loss":0,"cards_obtained":["Decay"]}],"is_beta":false,"boss_relics":[{"not_picked":["hubris:TerracottaHorce","Abe\u0027s Treasure"],"picked":"ReplayTheSpireMod:SealedPack"}],"items_purged_floors":[],"is_endless":false,"potions_floor_spawned":[1,8,13,16,18,24],"killed_by":"Gremlin Leader","ascension_level":0}}