{"host":"w36evy4uyf1bcavi","time":1609581865,"event":{"mods":["Act Like it!","Aspiration","BaseMod","Conspire","Hallownest","Jedi Mod","Minty Spire (QoL Compilation)","Replay The Spire","Spicy Shops","StSLib","The Hayseed","The Hierophant"],"gold_per_floor":[114,141,141,153,153,153,188,188,211,223,266,278,323,346,358,467,479,505,517,548,560,590,602,629,641,653,678,690,737,749,773,785,898,910,932,962,296,309,323,323,355,355,379,379,399,413,413,413,413,50,50,50,50,50,12,47,47,47],"floor_reached":57,"playtime":3871,"items_purged":["Pain"],"score":807,"play_id":"ab9240ca-ef8d-4741-a76d-b0ab8145bd70","local_time":"20210102180425","is_ascension_mode":true,"campfire_choices":[{"data":"TheSimpletonMod:Asparagus","floor":6,"key":"SMITH"},{"floor":8,"key":"RECALL"},{"data":"TheSimpletonMod:Innovate","floor":10,"key":"SMITH"},{"floor":15,"key":"REST"},{"floor":23,"key":"REST"},{"floor":25,"key":"REST"},{"floor":30,"key":"REST"},{"floor":32,"key":"DIG"},{"floor":40,"key":"REST"},{"floor":42,"key":"REST"}],"circlet_count":0,"master_deck":["TheSimpletonMod:Strike_TheSimpleton","TheSimpletonMod:Strike_TheSimpleton","TheSimpletonMod:Strike_TheSimpleton","TheSimpletonMod:Defend_TheSimpleton","TheSimpletonMod:Defend_TheSimpleton","TheSimpletonMod:Defend_TheSimpleton","TheSimpletonMod:Haymaker","TheSimpletonMod:ReapAndSow","TheSimpletonMod:RootDown","TheSimpletonMod:Innovate+1","TheSimpletonMod:ToughenUp+1","TheSimpletonMod:Potatoes+1","TheSimpletonMod:Asparagus+1","TheSimpletonMod:PestManagement","TheSimpletonMod:Asparagus","TheSimpletonMod:OnionBloom","TheSimpletonMod:Potatoes+1","TheSimpletonMod:CrackOfDawn","TheSimpletonMod:RootDown","TheSimpletonMod:Pruning","TheSimpletonMod:CropRotation+1","TheSimpletonMod:Asparagus+1","TheSimpletonMod:CropRotation","TheSimpletonMod:Coffee","TheSimpletonMod:BuzzBomb","TheSimpletonMod:SaladShooter","TheSimpletonMod:ToughenUp+1","TheSimpletonMod:Pruning+1","TheSimpletonMod:Swelter+1","TheSimpletonMod:Rake+1","Doubt","TheSimpletonMod:DesperatePlunge","TheSimpletonMod:Potatoes","TheSimpletonMod:Rototilling+1"],"relics":["TheSimpletonMod:SpudOfTheInnocent","TheSimpletonMod:NightSoil","TheSimpletonMod:TheHarvester","NeowsBlessing","Replay:WaspNest","Lizard Tail","MawBank","Replay:Wax Seal","WarpedTongs","Bag of Preparation","Fusion Hammer","Bronze Scales","conspire:DeflatedDodgeball","Pet Ghost","Anchor","conspire:RoyalGoblet","OrangePellets","PreservedInsect","Replay:Multitool","Gambling Chip","Strange Spoon","jedi:firstaidkit","Ring of Searing","Blue Doll"],"acts_visited":["Exordium","TheCity","TheBeyond","TheEnding"],"potions_floor_usage":[7,13,16,27,33,33,33,36,41,52],"damage_taken":[{"damage":0.0,"enemies":"Jaw Worm","floor":1.0,"turns":1.0},{"damage":0.0,"enemies":"conspire:MimicChest","floor":2.0,"turns":1.0},{"damage":0,"enemies":"Small Slimes","floor":4,"turns":1},{"damage":8,"enemies":"Lagavulin","floor":7,"turns":9},{"damage":28,"enemies":"Gremlin Nob","floor":11,"turns":5},{"damage":37,"enemies":"3 Sentries","floor":13,"turns":5},{"damage":4,"enemies":"2 Louse","floor":14,"turns":3},{"damage":10,"enemies":"The Guardian","floor":16,"turns":8},{"damage":13,"enemies":"Chosen","floor":18,"turns":4},{"damage":15,"enemies":"Spheric Guardian","floor":20,"turns":3},{"damage":21,"enemies":"3 Cultists","floor":22,"turns":4},{"damage":22,"enemies":"Centurion and Healer","floor":24,"turns":3},{"damage":6,"enemies":"Cultist and Chosen","floor":27,"turns":4},{"damage":31,"enemies":"Slavers","floor":29,"turns":4},{"damage":9,"enemies":"Snecko","floor":31,"turns":3},{"damage":37,"enemies":"Champ","floor":33,"turns":8},{"damage":7,"enemies":"Orb Walker","floor":35,"turns":3},{"damage":20,"enemies":"3 Darklings","floor":36,"turns":4},{"damage":39,"enemies":"Sphere and 2 Shapes","floor":38,"turns":7},{"damage":8,"enemies":"Spire Growth","floor":39,"turns":5},{"damage":20,"enemies":"R_Hoarder","floor":41,"turns":6},{"damage":27,"enemies":"Jaw Worm Horde","floor":45,"turns":4},{"damage":45,"enemies":"Sphere and 2 Shapes","floor":46,"turns":5},{"damage":103,"enemies":"Awakened One","floor":52,"turns":16},{"damage":67,"enemies":"Shield and Spear","floor":56,"turns":6},{"damage":36,"enemies":"The Heart","floor":57,"turns":2}],"seed_played":"-8333736437514948756","potions_obtained":[{"floor":1.0,"key":"LiquidBronze"},{"floor":7,"key":"Ancient Potion"},{"floor":11,"key":"Strength Potion"},{"floor":13,"key":"Dexterity Potion"},{"floor":18,"key":"FearPotion"},{"floor":24,"key":"Elixir"},{"floor":29,"key":"TheSimpletonMod:AbundancePotion"},{"floor":31,"key":"Reflective Coating"},{"floor":35,"key":"Fire Potion"},{"floor":39,"key":"DuplicationPotion"},{"floor":41,"key":"Dexterity Potion"}],"is_trial":false,"path_per_floor":["M","?","?","M","?","R","E","R","T","R","E","?","E","M","R","B",null,"M","?","M","?","M","R","M","R","T","M","?","E","R","M","R","B",null,"M","M","$","M","M","R","E","R","T","R","M","M","?","PTL","PTL","$","R","B",null,"R","$","E","B"],"character_chosen":"THE_SIMPLETON","items_purchased":["OrangePellets","PreservedInsect","Replay:Multitool","Strange Spoon","jedi:firstaidkit","TheSimpletonMod:DesperatePlunge","TheSimpletonMod:Potatoes"],"campfire_rested":6,"item_purchase_floors":[37,37,37,50,50,55,55],"current_hp_per_floor":[75,75,75,75,75,75,71,71,71,71,47,47,14,16,38,34,75,62,62,51,51,34,56,38,60,60,54,54,23,45,40,40,7,75,68,52,52,17,13,35,19,41,41,63,40,37,37,37,37,37,59,73,75,75,75,29,0,0],"gold":47,"neow_bonus":"THREE_ENEMY_KILL","is_daily":false,"chose_seed":false,"campfire_upgraded":2,"win_rate":0.0,"timestamp":1609581865,"path_taken":["M","?","?","M","?","R","E","R","T","R","E","?","E","?","R","BOSS","M","?","M","?","M","R","M","R","T","M","?","E","R","M","R","BOSS","M","M","$","?","M","R","E","R","T","R","M","M","?","PTL","PTL","$","R","BOSS","R","$","E","BOSS"],"items_purchased_type":["Relic","Relic","Relic","Relic","Relic","Card","Card"],"build_version":"2020-12-22","purchased_purges":1,"victory":false,"max_hp_per_floor":[75,75,75,75,75,75,75,75,75,75,75,75,75,75,75,75,75,75,75,75,75,75,75,75,75,75,75,75,75,75,75,75,75,75,75,75,75,75,75,75,75,75,75,75,75,75,75,75,75,75,75,75,75,75,75,75,75,75],"card_choices":[{"not_picked":["TheSimpletonMod:Thresh","TheSimpletonMod:ToughenUp"],"picked":"TheSimpletonMod:RootDown","floor":1.0},{"not_picked":["TheSimpletonMod:SpiceUp","TheSimpletonMod:Mulch"],"picked":"TheSimpletonMod:Innovate","floor":2.0},{"not_picked":["TheSimpletonMod:DigIn","TheSimpletonMod:Rake"],"picked":"TheSimpletonMod:Potatoes","floor":4},{"not_picked":["TheSimpletonMod:SaladShooter","TheSimpletonMod:SaltTheEarth"],"picked":"TheSimpletonMod:PestManagement","floor":7},{"not_picked":["TheSimpletonMod:Rake","TheSimpletonMod:Potatoes"],"picked":"TheSimpletonMod:Asparagus","floor":11},{"not_picked":["TheSimpletonMod:Rototilling","TheSimpletonMod:SlashAndBurn"],"picked":"TheSimpletonMod:OnionBloom","floor":13},{"not_picked":["TheSimpletonMod:ControlledBurn","TheSimpletonMod:DoubleBarrel"],"picked":"TheSimpletonMod:Potatoes","floor":14},{"not_picked":["TheSimpletonMod:ResearchGrant","TheSimpletonMod:BuzzBomb"],"picked":"TheSimpletonMod:CrackOfDawn","floor":16},{"not_picked":["TheSimpletonMod:Innovate","TheSimpletonMod:PestManagement+1"],"picked":"TheSimpletonMod:RootDown","floor":18},{"not_picked":["TheSimpletonMod:Sunseed","TheSimpletonMod:Sunchoke","TheSimpletonMod:PestManagement"],"picked":"SKIP","floor":20},{"not_picked":["TheSimpletonMod:Ferment","TheSimpletonMod:OnionBloom"],"picked":"TheSimpletonMod:Pruning","floor":22},{"not_picked":["TheSimpletonMod:BumperCrop+1","TheSimpletonMod:Swelter+1"],"picked":"TheSimpletonMod:CropRotation+1","floor":24},{"not_picked":["TheSimpletonMod:KeenEdge","TheSimpletonMod:VineRipen","TheSimpletonMod:SlashAndBurn"],"picked":"SKIP","floor":27},{"not_picked":["TheSimpletonMod:Rototilling","TheSimpletonMod:HitTheSack"],"picked":"TheSimpletonMod:CropRotation","floor":29},{"not_picked":["TheSimpletonMod:SaladShooter","TheSimpletonMod:PestManagement"],"picked":"TheSimpletonMod:Coffee","floor":31},{"not_picked":["TheSimpletonMod:DesperatePlunge","TheSimpletonMod:HitTheSack"],"picked":"TheSimpletonMod:BuzzBomb","floor":33},{"not_picked":["TheSimpletonMod:SlashAndBurn+1","TheSimpletonMod:OnionBloom+1"],"picked":"TheSimpletonMod:SaladShooter","floor":35},{"not_picked":["TheSimpletonMod:CullingStrike+1","TheSimpletonMod:DoubleBarrel+1"],"picked":"TheSimpletonMod:ToughenUp+1","floor":36},{"not_picked":["TheSimpletonMod:Swelter+1","TheSimpletonMod:VineRipen+1"],"picked":"TheSimpletonMod:Pruning+1","floor":38},{"not_picked":["TheSimpletonMod:Aerate","TheSimpletonMod:SoilSample+1"],"picked":"TheSimpletonMod:Swelter+1","floor":39},{"not_picked":["TheSimpletonMod:SeedCoat","TheSimpletonMod:SlashAndBurn","TheSimpletonMod:ControlledBurn"],"picked":"SKIP","floor":41},{"not_picked":["TheSimpletonMod:ErosionControl","TheSimpletonMod:SeedCoat+1"],"picked":"TheSimpletonMod:Rake+1","floor":45},{"not_picked":["TheSimpletonMod:GoToMarket","TheSimpletonMod:DoubleBarrel+1","TheSimpletonMod:CullingStrike+1"],"picked":"SKIP","floor":46},{"not_picked":["TheSimpletonMod:SpiceUp","TheSimpletonMod:CloseScrape+1"],"picked":"TheSimpletonMod:Rototilling+1","floor":56}],"player_experience":410742,"relics_obtained":[{"floor":2.0,"key":"Replay:WaspNest"},{"floor":7,"key":"Lizard Tail"},{"floor":9,"key":"MawBank"},{"floor":11,"key":"Replay:Wax Seal"},{"floor":13,"key":"Bag of Preparation"},{"floor":21,"key":"Bronze Scales"},{"floor":26,"key":"conspire:DeflatedDodgeball"},{"floor":29,"key":"Pet Ghost"},{"floor":32,"key":"Anchor"},{"floor":41,"key":"Gambling Chip"},{"floor":54,"key":"Ring of Searing"},{"floor":56,"key":"Blue Doll"}],"event_choices":[{"damage_healed":0,"gold_gain":0,"cards_transformed":["TheSimpletonMod:Strike_TheSimpleton"],"player_choice":"Change","damage_taken":0,"max_hp_gain":0,"max_hp_loss":0,"event_name":"Living Wall","floor":5,"gold_loss":0,"cards_obtained":["TheSimpletonMod:Asparagus"]},{"damage_healed":0,"gold_gain":0,"player_choice":"Rummage","damage_taken":0,"relics_obtained":["WarpedTongs"],"max_hp_gain":0,"max_hp_loss":0,"event_name":"Accursed Blacksmith","floor":12,"gold_loss":0,"cards_obtained":["Pain"]},{"damage_healed":0,"gold_gain":0,"player_choice":"Ignored","damage_taken":0,"max_hp_gain":0,"max_hp_loss":0,"event_name":"Vampires","floor":19,"gold_loss":0},{"damage_healed":0,"gold_gain":0,"player_choice":"Copied","damage_taken":0,"max_hp_gain":0,"max_hp_loss":0,"event_name":"Duplicator","floor":28,"gold_loss":0,"cards_obtained":["TheSimpletonMod:Asparagus"]},{"damage_healed":0,"gold_gain":0,"player_choice":"Ignored","damage_taken":0,"max_hp_gain":0,"max_hp_loss":0,"event_name":"Tomb of Lord Red Mask","floor":47,"gold_loss":0}],"is_beta":false,"boss_relics":[{"not_picked":["Cursed Key","Ring of Chaos"],"picked":"Fusion Hammer"},{"not_picked":["Empty Cage","aspiration:SecretTechniqueScroll"],"picked":"conspire:RoyalGoblet"}],"items_purged_floors":[37],"is_endless":false,"potions_floor_spawned":[1,7,11,13,18,24,29,31,35,39,41],"killed_by":"The Heart","ascension_level":1}}