{"host":"ynimr9ugvc6f046i","time":1609596445,"event":{"mods":["2.2 Compatiblity","BaseMod","Colored Map","DeckTracker","Highlight Path","Keyboard Shortcuts","Minty Spire (QoL Compilation)","Permanent Neow","Quick Restart","StSLib","SuperFastMode"],"gold_per_floor":[114,114,131,144,144,144,169,169,169,169,194,212,212,224,224,224,224],"floor_reached":16,"playtime":372,"items_purged":[],"score":220,"play_id":"3abbb3b5-45b1-4e46-afff-c8934948c084","local_time":"20210102230725","is_ascension_mode":true,"campfire_choices":[{"data":"Apotheosis","floor":6,"key":"SMITH"},{"floor":8,"key":"RECALL"},{"floor":10,"key":"REST"},{"data":"Anger","floor":13,"key":"SMITH"},{"data":"Inflame","floor":15,"key":"SMITH"}],"circlet_count":0,"master_deck":["AscendersBane","Strike_R","Strike_R","Strike_R","Strike_R","Defend_R","Defend_R","Defend_R","Defend_R","Bash","Apotheosis+1","Ghostly Armor","Warcry","Sword Boomerang","Anger+1","Inflame+1"],"relics":["Burning Blood","Torii","Art of War"],"acts_visited":["Exordium"],"potions_floor_usage":[11,12],"damage_taken":[{"damage":6,"enemies":"Small Slimes","floor":1,"turns":4},{"damage":5,"enemies":"Jaw Worm","floor":3,"turns":4},{"damage":14,"enemies":"2 Louse","floor":4,"turns":4},{"damage":35,"enemies":"3 Sentries","floor":7,"turns":16},{"damage":64,"enemies":"Gremlin Nob","floor":11,"turns":6},{"damage":1,"enemies":"Blue Slaver","floor":12,"turns":4},{"damage":10,"enemies":"Exordium Wildlife","floor":14,"turns":5},{"damage":0,"enemies":"Slime Boss","floor":16,"turns":5}],"seed_played":"7179245204909696209","potions_obtained":[{"floor":3,"key":"BloodPotion"},{"floor":11,"key":"SkillPotion"}],"is_trial":false,"path_per_floor":["M","?","M","M","?","R","E","R","T","R","E","M","R","M","R","B"],"character_chosen":"IRONCLAD","items_purchased":[],"campfire_rested":1,"item_purchase_floors":[],"current_hp_per_floor":[68,61,62,54,59,59,30,30,30,51,7,12,12,8,8,8,8],"gold":224,"neow_bonus":"RANDOM_COLORLESS_2","is_daily":false,"chose_seed":false,"campfire_upgraded":3,"win_rate":0.0,"timestamp":1609596445,"path_taken":["M","?","M","M","?","R","E","R","T","R","E","M","R","M","R","BOSS"],"items_purchased_type":[],"build_version":"2020-12-22","purchased_purges":0,"victory":false,"max_hp_per_floor":[68,68,68,68,73,73,73,73,73,73,73,73,73,73,73,73,73],"card_choices":[{"not_picked":["Metamorphosis","Master of Strategy"],"picked":"Apotheosis","floor":0},{"not_picked":["Headbutt","Heavy Blade","Perfected Strike"],"picked":"SKIP","floor":1},{"not_picked":["Thunderclap","Dark Embrace","Disarm"],"picked":"SKIP","floor":3},{"not_picked":["Heavy Blade","Flex"],"picked":"Ghostly Armor","floor":4},{"not_picked":["Perfected Strike","True Grit"],"picked":"Warcry","floor":7},{"not_picked":["Metallicize","Perfected Strike"],"picked":"Sword Boomerang","floor":11},{"not_picked":["Ghostly Armor","Flex"],"picked":"Anger","floor":12},{"not_picked":["Cleave","Perfected Strike"],"picked":"Inflame","floor":14}],"player_experience":532798,"relics_obtained":[{"floor":7,"key":"Torii"},{"floor":11,"key":"Art of War"}],"event_choices":[{"cards_removed":["Strike_R"],"damage_healed":0,"gold_gain":0,"player_choice":"Card Removal","damage_taken":7,"max_hp_gain":0,"max_hp_loss":0,"event_name":"Golden Wing","floor":2,"gold_loss":0},{"damage_healed":0,"gold_gain":0,"player_choice":"Donut","damage_taken":0,"max_hp_gain":5,"max_hp_loss":0,"event_name":"Big Fish","floor":5,"gold_loss":0}],"is_beta":false,"boss_relics":[],"items_purged_floors":[],"is_endless":false,"potions_floor_spawned":[3,11],"killed_by":"Slime Boss","ascension_level":20}}