{"host":"dcj2yvrgcvh5dl2s","time":1609575816,"event":{"mods":["BaseMod","Better Note","Block Reminder","Colored Powertips","DeckTracker","Minty Spire (QoL Compilation)","Quick Restart","Rare Cards Sparkle","Relic Stats","StSLib"],"gold_per_floor":[110,34,48,8,8,8,8,24,48,48,61,61,61,79,79,155,155,168,168,43,56,56,56],"floor_reached":22,"playtime":510,"items_purged":["Injury"],"score":350,"play_id":"6392a4c8-c6c9-4e4f-8f87-7f18f85e0f43","local_time":"20210102182336","is_ascension_mode":true,"campfire_choices":[{"floor":6,"key":"REST"},{"floor":10,"key":"REST"},{"floor":15,"key":"REST"}],"circlet_count":0,"master_deck":["AscendersBane","Strike_R","Strike_R","Strike_R","Strike_R","Strike_R","Defend_R","Defend_R","Defend_R","Defend_R","Bash","Sadistic Nature+1","Fire Breathing","Battle Trance","Metallicize","Heavy Blade","Pummel","Whirlwind","Juggernaut","Forethought","Flex","Armaments"],"relics":["Burning Blood","Pen Nib","MealTicket","Fusion Hammer"],"acts_visited":["Exordium","TheCity"],"potions_floor_usage":[7,16,16],"damage_taken":[{"damage":20,"enemies":"Small Slimes","floor":1,"turns":4},{"damage":17,"enemies":"2 Louse","floor":3,"turns":4},{"damage":26,"enemies":"Gremlin Nob","floor":7,"turns":4},{"damage":0,"enemies":"Cultist","floor":8,"turns":4},{"damage":32,"enemies":"Lots of Slimes","floor":11,"turns":6},{"damage":18,"enemies":"Exordium Thugs","floor":14,"turns":5},{"damage":28,"enemies":"Hexaghost","floor":16,"turns":9},{"damage":4,"enemies":"3 Byrds","floor":18,"turns":4},{"damage":30,"enemies":"Spheric Guardian","floor":21,"turns":4},{"damage":51,"enemies":"Snecko","floor":22,"turns":5}],"seed_played":"-8046861742363907485","potions_obtained":[{"floor":1,"key":"SmokeBomb"},{"floor":11,"key":"BlessingOfTheForge"},{"floor":14,"key":"DistilledChaos"}],"is_trial":false,"path_per_floor":["M","$","M","$","?","R","E","M","T","R","M","?","?","M","R","B",null,"M","?","$","M","M"],"character_chosen":"IRONCLAD","items_purchased":["Fire Breathing","Metallicize","Flex"],"campfire_rested":3,"item_purchase_floors":[2,4,20],"current_hp_per_floor":[54,54,43,43,17,39,19,25,25,47,21,21,21,9,31,9,59,61,49,64,40,0,0],"gold":56,"neow_bonus":"RANDOM_COLORLESS_2","is_daily":false,"chose_seed":false,"campfire_upgraded":0,"win_rate":0.0,"timestamp":1609575816,"path_taken":["M","$","M","$","?","R","E","M","T","R","M","?","?","M","R","BOSS","M","?","$","M","?"],"items_purchased_type":["Card","Card","Card"],"build_version":"2020-12-22","purchased_purges":1,"victory":false,"max_hp_per_floor":[75,75,75,75,75,75,75,75,75,75,75,75,75,75,75,75,75,75,75,75,75,75,75],"relic_stats":{"counters":[10,49],"MealTicket":15,"Pen Nib":[6],"obtain_stats":[{"MealTicket":9,"Pen Nib":5,"Fusion Hammer":17,"Burning Blood":0},{"MealTicket":4,"Pen Nib":2,"Fusion Hammer":7,"Burning Blood":0},{"MealTicket":16,"Pen Nib":8,"Fusion Hammer":36,"Burning Blood":0}],"Burning Blood":54},"card_choices":[{"not_picked":["Violence","Metamorphosis"],"picked":"Sadistic Nature","floor":0},{"not_picked":["Evolve","Headbutt","Warcry"],"picked":"SKIP","floor":1},{"not_picked":["Wild Strike","Sentinel"],"picked":"Battle Trance","floor":3},{"not_picked":["True Grit","Cleave"],"picked":"Heavy Blade","floor":8},{"not_picked":["Metallicize","Uppercut"],"picked":"Pummel","floor":11},{"not_picked":["Armaments","Seeing Red"],"picked":"Whirlwind","floor":14},{"not_picked":["Demon Form","Berserk"],"picked":"Juggernaut","floor":16},{"not_picked":["Cleave","Perfected Strike","Iron Wave"],"picked":"SKIP","floor":18},{"not_picked":["Inflame","Cleave"],"picked":"Armaments","floor":21}],"player_experience":2145642,"relics_obtained":[{"floor":9,"key":"MealTicket"}],"event_choices":[{"damage_healed":0,"gold_gain":0,"player_choice":"Success","damage_taken":26,"relics_obtained":["Pen Nib"],"max_hp_gain":0,"max_hp_loss":0,"event_name":"Scrap Ooze","floor":5,"gold_loss":0},{"damage_healed":0,"gold_gain":0,"player_choice":"Ignored","damage_taken":0,"max_hp_gain":0,"max_hp_loss":0,"event_name":"Liars Game","floor":12,"gold_loss":0},{"damage_healed":0,"gold_gain":0,"player_choice":"Grow","damage_taken":0,"max_hp_gain":0,"max_hp_loss":0,"event_name":"Living Wall","floor":13,"gold_loss":0,"cards_upgraded":["Sadistic Nature"]},{"damage_healed":0,"gold_gain":0,"player_choice":"CARD ","damage_taken":12,"max_hp_gain":0,"max_hp_loss":0,"event_name":"Knowing Skull","floor":19,"potions_obtained":[],"gold_loss":0,"cards_obtained":["Forethought"]}],"is_beta":false,"boss_relics":[{"not_picked":["Snecko Eye","Tiny House"],"picked":"Fusion Hammer"}],"items_purged_floors":[20],"is_endless":false,"potions_floor_spawned":[1,11,14],"killed_by":"Snecko","ascension_level":18}}