{"host":"hfcva6mq15ctj0gu","time":1609618797,"event":{"mods":["Abigail Mod","AchievementEnabler","Act Like it!","Alarm Clock","BaseMod","Better Altar","Better Match","Better Note","Better Skull","Better Third Choice","BetterRewards","CapriCore","Card Forge","Colored Map","Curses Come First","Disable Question Mark Monsters","Displayed Cursed Tome","Emptier Cage","FoggyMod","Friendly Minions","Gold Saver","Grow up Mod","Highlight Path","Kiyohime????","Kratos Character Expansion","Marisa????????","Minty Spire (QoL Compilation)","Permanent Neow","Reimu??????","Remilia??????","Shade Mod","Shop Mod","StSLib","The Immortal","The Servant 0.9.4","The Vixen","Transform Curses","Virulent Crown","Yakumo Yukari mod","????"],"gold_per_floor":[1730,1781,1746,1746,1746,1780,1780,1808,1808,1835,1847,1859,2053,2240,2252,2369,2381,2405,2452,2379,2391,2423,2435,2474,2486,2570,2682,2769,2795,2347,2382,1867,1971,1971,1985,1985,1985,1985,2035,2064,1440,1494,1518,1537,1537,1868,1357,1373,624,624,624,108,30,64,64],"floor_reached":56,"playtime":2337,"items_purged":[],"score":1966,"play_id":"688c00b1-653e-4bfb-b720-dce75d76834a","local_time":"20210102211957","is_ascension_mode":false,"campfire_choices":[{"floor":12,"key":"RECALL"}],"circlet_count":0,"master_deck":["Zap+1","Dualcast+1","Storm+1","Doom and Gloom+1","KratosMod:FullCounter+1","Storm+1","Go for the Eyes+1","Redo+1","Rainbow+1","Jack Of All Trades+1","Static Discharge+1","Doom and Gloom+1","Machine Learning+1","Go for the Eyes+1","Rainbow+1","Barrage+1","Heatsinks+1","Heatsinks+1","Skim+1","KratosMod:FullCounter+1","Doom and Gloom+1","Defragment+1","Beam Cell+1","Capacitor+1","Ball Lightning+1","Turbo+1","Beam Cell+1","Thunder Strike+1","Doom and Gloom+1","Darkness+1","Madness+1","Capacitor+1","Multi-Cast+1","Defragment+1","Doom and Gloom+1","Static Discharge+1","Conserve Battery+1","Auto Shields+1","Tempest+1","White Noise+1","Storm+1","Mayhem+1","Machine Learning+1","Turbo+1","Storm+1","Secret Weapon+1","Turbo+1","Static Discharge+1","Glacier+1","Mayhem+1","Defragment+1"],"relics":["Cracked Core","Hammer of Thor","Seething Fire","Anvil of the Gods","MerchantsRug","StoneCalendar","Chemical X","Bag of Preparation","Mummified Hand","KratosMod:chalice","SlaversCollar","Red Mask","Turnip","Lantern","Nunchaku","Bottled Tornado","Pocketwatch","Shuriken","Happy Flower","FossilizedHelix","Anchor","Inserter","KratosMod:amulet","Ginger","Darkstone Periapt","CatCart","Boot","Old Coin","Sling","Oddly Smooth Stone","Pen Nib","Frozen Eye","Art of War","Vajra","Medical Kit","Blood Vial"],"acts_visited":["Exordium","TheCity","TheBeyond","TheEnding"],"potions_floor_usage":[29,40],"damage_taken":[{"damage":0,"enemies":"Jaw Worm","floor":1,"turns":1},{"damage":11,"enemies":"3 Sentries","floor":6,"turns":2},{"damage":0,"enemies":"Lagavulin","floor":8,"turns":3},{"damage":0,"enemies":"Small Slimes","floor":10,"turns":1},{"damage":29,"enemies":"The Guardian","floor":16,"turns":5},{"damage":10,"enemies":"2 Thieves","floor":18,"turns":2},{"damage":18,"enemies":"Masked Bandits","floor":19,"turns":3},{"damage":1,"enemies":"Spheric Guardian","floor":22,"turns":1},{"damage":11,"enemies":"Book of Stabbing","floor":24,"turns":3},{"damage":2,"enemies":"Colosseum Slavers","floor":27,"turns":2},{"damage":2,"enemies":"Colosseum Nobs","floor":27,"turns":2},{"damage":8,"enemies":"Cultist and Chosen","floor":29,"turns":2},{"damage":27,"enemies":"Slavers","floor":31,"turns":3},{"damage":1,"enemies":"Champ","floor":33,"turns":3},{"damage":0,"enemies":"Orb Walker","floor":35,"turns":1},{"damage":38,"enemies":"Orb Walker","floor":38,"turns":8},{"damage":0,"enemies":"Mind Bloom Boss Battle","floor":39,"turns":1},{"damage":1,"enemies":"Giant Head","floor":40,"turns":3},{"damage":2,"enemies":"Orin","floor":42,"turns":3},{"damage":0,"enemies":"3 Darklings","floor":44,"turns":1},{"damage":0,"enemies":"Reptomancer","floor":46,"turns":2},{"damage":1,"enemies":"Spire Growth","floor":48,"turns":2},{"damage":0,"enemies":"Awakened One","floor":50,"turns":2},{"damage":0,"enemies":"Shield and Spear","floor":54,"turns":1},{"damage":19,"enemies":"The Heart","floor":55,"turns":2}],"seed_played":"8527769116056674252","potions_obtained":[{"floor":6,"key":"Explosive Potion"},{"floor":16,"key":"PowerPotion"},{"floor":19,"key":"ZuzhouPotion:ReiMu"},{"floor":29,"key":"Explosive Potion"},{"floor":31,"key":"ColorlessPotion"},{"floor":33,"key":"Explosive Potion"},{"floor":35,"key":"ZuzhouPotion:ReiMu"},{"floor":42,"key":"FearPotion"},{"floor":54,"key":"SkillPotion"}],"is_trial":false,"path_per_floor":["M","?","?","?","?","E","?","E","T","M","?","R","$","?","R","B",null,"M","?","?","$","M","R","E","R","T","?","?","M","$","E","R","B",null,"M","?","?","?","?","E","R","?","T","M","?","E","$","M","R","B",null,"R","$","E","B",null],"character_chosen":"DEFECT","items_purchased":["MerchantsRug","Storm","StoneCalendar","Chemical X","Bag of Preparation","Doom and Gloom","KratosMod:FullCounter","Mummified Hand","Storm","Go for the Eyes","Happy Flower","KratosMod:FullCounter","Doom and Gloom","Defragment","Beam Cell","Orrery","Darkness","Madness","Capacitor","Master of Strategy","Anchor","Du-Vu Doll","Darkstone Periapt","Auto Shields","Sling","Oddly Smooth Stone","Storm","Mayhem","Pen Nib","Turbo","Storm","Frozen Eye","Secret Weapon","War Paint","Art of War","Turbo","Static Discharge","Glacier","Mayhem","Vajra","Medical Kit"],"campfire_rested":0,"item_purchase_floors":[0,0,0,0,0,0,0,0,0,0,30,30,30,30,30,30,32,32,32,32,32,41,41,41,47,47,47,47,49,49,49,49,49,49,52,52,52,52,52,53,53],"current_hp_per_floor":[52,62,98,108,118,123,133,147,157,173,183,193,203,213,223,212,255,256,256,266,276,291,301,308,318,328,355,330,342,352,345,355,378,425,435,445,455,465,475,485,495,504,514,525,535,545,555,565,575,585,595,605,615,625,626],"gold":64,"neow_bonus":"","is_daily":false,"chose_seed":false,"campfire_upgraded":0,"win_rate":0.0,"timestamp":1609618797,"path_taken":["M","?","?","?","?","E","?","E","T","?","?","R","$","?","R","BOSS","M","?","?","?","?","R","E","R","T","?","?","?","?","E","R","BOSS","M","?","?","?","?","E","R","?","T","?","?","E","$","?","R","BOSS","R","$","E","BOSS"],"items_purchased_type":["Relic","Card","Relic","Relic","Relic","Card","Card","Relic","Card","Card","Relic","Card","Card","Card","Card","Relic","Card","Card","Card","Card","Relic","Relic","Relic","Card","Relic","Relic","Card","Card","Relic","Card","Card","Relic","Card","Relic","Relic","Card","Card","Card","Card","Relic","Relic"],"build_version":"2020-12-22","purchased_purges":0,"victory":true,"max_hp_per_floor":[95,105,115,125,135,145,155,165,175,185,195,205,215,225,235,245,255,265,275,285,295,305,315,325,335,345,355,365,375,385,395,405,415,425,435,445,455,465,475,485,495,505,515,525,535,545,555,565,575,585,595,605,615,625,645],"card_choices":[{"not_picked":["Cold Snap","Coolheaded"],"picked":"Redo","floor":1},{"not_picked":["Purity","Mind Blast+1"],"picked":"Jack Of All Trades","floor":5},{"not_picked":["Reinforced Body","Blizzard"],"picked":"Static Discharge","floor":5},{"not_picked":["Rip and Tear","Stack"],"picked":"Doom and Gloom","floor":6},{"not_picked":["Leap","Buffer"],"picked":"Machine Learning","floor":8},{"not_picked":["Stack","Leap"],"picked":"Go for the Eyes","floor":10},{"not_picked":["Hyperbeam","Meteor Strike"],"picked":"Rainbow","floor":16},{"not_picked":["Sweeping Beam+1","Rebound","Ball Lightning"],"picked":"SKIP","floor":18},{"not_picked":["Compile Driver","Chaos"],"picked":"Barrage","floor":19},{"not_picked":["Ball Lightning","Hello World"],"picked":"Heatsinks","floor":22},{"not_picked":["Hyperbeam","Hologram"],"picked":"Heatsinks","floor":24},{"not_picked":["Conserve Battery+1","Hologram"],"picked":"Skim+1","floor":27},{"not_picked":["Ball Lightning","Rebound","Streamline"],"picked":"SKIP","floor":29},{"not_picked":["Blizzard+1","Core Surge"],"picked":"Capacitor+1","floor":30},{"not_picked":["Streamline","Blizzard"],"picked":"Ball Lightning","floor":30},{"not_picked":["All For One","Gash"],"picked":"Turbo+1","floor":30},{"not_picked":["Reinforced Body+1","Self Repair"],"picked":"Beam Cell+1","floor":30},{"not_picked":["Leap","Streamline"],"picked":"Thunder Strike","floor":30},{"not_picked":["Ball Lightning","Gash+1"],"picked":"Doom and Gloom","floor":31},{"not_picked":["Biased Cognition","Core Surge"],"picked":"Multi-Cast","floor":33},{"not_picked":["Coolheaded","Streamline"],"picked":"Defragment+1","floor":35},{"not_picked":["Reinforced Body+1","Rebound"],"picked":"Doom and Gloom+1","floor":38},{"not_picked":["Ball Lightning","Auto Shields+1"],"picked":"Static Discharge","floor":39},{"not_picked":["Blizzard","FTL"],"picked":"Conserve Battery+1","floor":40},{"not_picked":["FTL","Redo+1"],"picked":"Tempest+1","floor":44},{"not_picked":["Coolheaded+1","Ball Lightning"],"picked":"White Noise","floor":46},{"not_picked":["Chaos+1","Streamline+1"],"picked":"Machine Learning","floor":48},{"not_picked":["Heatsinks","Beam Cell"],"picked":"Defragment","floor":54}],"player_experience":91716,"relics_obtained":[{"floor":6,"key":"StrikeDummy"},{"floor":8,"key":"Matryoshka"},{"floor":9,"key":"MawBank"},{"floor":19,"key":"Red Mask"},{"floor":24,"key":"Lantern"},{"floor":26,"key":"Nunchaku"},{"floor":26,"key":"Bottled Tornado"},{"floor":27,"key":"Pocketwatch"},{"floor":27,"key":"Shuriken"},{"floor":31,"key":"FossilizedHelix"},{"floor":39,"key":"KratosMod:amulet"},{"floor":40,"key":"Ginger"},{"floor":42,"key":"CatCart"},{"floor":43,"key":"Boot"},{"floor":46,"key":"Old Coin"},{"floor":54,"key":"Blood Vial"}],"event_choices":[{"damage_healed":0,"gold_gain":51,"player_choice":"Gained Gold","damage_taken":0,"max_hp_gain":0,"max_hp_loss":0,"event_name":"Golden Wing","floor":2,"gold_loss":0},{"damage_healed":26,"gold_gain":0,"player_choice":"Healed","damage_taken":0,"max_hp_gain":0,"max_hp_loss":0,"event_name":"The Cleric","floor":3,"gold_loss":35},{"damage_healed":0,"gold_gain":0,"cards_transformed":["Defend_B"],"player_choice":"Change","damage_taken":0,"max_hp_gain":0,"max_hp_loss":0,"event_name":"Living Wall","floor":4,"gold_loss":0,"cards_obtained":["Rainbow"]},{"damage_healed":0,"gold_gain":0,"player_choice":"1","damage_taken":0,"max_hp_gain":0,"max_hp_loss":0,"event_name":"betterMatch:BetterMatch","floor":5,"gold_loss":0,"cards_obtained":["betterMatch:ColorlessUncommonCard","betterMatch:UncommonCard"]},{"damage_healed":0,"gold_gain":0,"player_choice":"Ignored","damage_taken":0,"max_hp_gain":0,"max_hp_loss":0,"event_name":"betterNote:BetterNote","floor":7,"gold_loss":0,"cards_obtained":["Regret"]},{"damage_healed":0,"gold_gain":175,"player_choice":"AGREE","damage_taken":2065,"max_hp_gain":0,"max_hp_loss":0,"event_name":"betterThird:BetterSerpent","floor":14,"gold_loss":0},{"damage_healed":0,"gold_gain":0,"player_choice":"Fought Bandits","damage_taken":0,"max_hp_gain":0,"max_hp_loss":0,"event_name":"Masked Bandits","floor":19,"gold_loss":0},{"damage_healed":0,"gold_gain":0,"player_choice":"Obtained Relic","damage_taken":0,"relics_obtained":["Turnip"],"max_hp_gain":0,"max_hp_loss":0,"event_name":"Addict","floor":20,"gold_loss":85},{"damage_healed":0,"gold_gain":0,"player_choice":"Fight","damage_taken":0,"max_hp_gain":0,"max_hp_loss":0,"event_name":"Colosseum","floor":27,"gold_loss":0},{"damage_healed":0,"gold_gain":0,"player_choice":"Fought Nobs","damage_taken":0,"max_hp_gain":0,"max_hp_loss":0,"event_name":"Colosseum","floor":27,"gold_loss":0},{"damage_healed":0,"gold_gain":75,"player_choice":"Touch","damage_taken":35,"max_hp_gain":0,"max_hp_loss":0,"event_name":"FaceTrader","floor":28,"gold_loss":0},{"cards_removed":["Master of Strategy"],"damage_healed":0,"gold_gain":0,"player_choice":"Removed Skill","damage_taken":0,"max_hp_gain":0,"max_hp_loss":0,"event_name":"Falling","floor":36,"gold_loss":0},{"damage_healed":0,"gold_gain":0,"player_choice":"Ignored","damage_taken":0,"max_hp_gain":0,"max_hp_loss":0,"event_name":"Tomb of Lord Red Mask","floor":37,"gold_loss":0},{"damage_healed":0,"gold_gain":0,"player_choice":"Fight","damage_taken":0,"max_hp_gain":0,"max_hp_loss":0,"event_name":"MindBloom","floor":39,"gold_loss":0},{"damage_healed":0,"gold_gain":0,"player_choice":"Fight","damage_taken":0,"max_hp_gain":0,"max_hp_loss":0,"event_name":"OrinTheCat","floor":42,"gold_loss":0},{"damage_healed":0,"gold_gain":0,"player_choice":"Ignored","damage_taken":0,"max_hp_gain":0,"max_hp_loss":0,"event_name":"Upgrade Shrine","floor":45,"gold_loss":0}],"is_beta":false,"boss_relics":[{"not_picked":["Cursed Key","SacredBark"],"picked":"SlaversCollar"},{"not_picked":["Busted Crown","Coffee Dripper"],"picked":"Inserter"}],"items_purged_floors":[],"is_endless":false,"potions_floor_spawned":[6,16,19,29,31,33,35,39,42,46,48,54],"ascension_level":0}}