{"host":"b7j598ve05halrwk","time":1609627513,"event":{"mods":["2.2 Compatiblity","BaseMod","Block Reminder","DeckTracker","Minty Spire (QoL Compilation)","Relic Stats","Slay the Relics Exporter","StSLib","ojb\u0027s Info Mod"],"gold_per_floor":[112,130,130,145,163,163,195,195,246,273,288,305,322,339,339,339,339],"floor_reached":16,"playtime":854,"items_purged":[],"score":232,"play_id":"73dd3969-67ef-4ab2-a450-4ab739a6694b","local_time":"20210102174513","is_ascension_mode":true,"campfire_choices":[{"data":"Sweeping Beam","floor":6,"key":"SMITH"},{"data":"Barrage","floor":8,"key":"SMITH"},{"data":"Conserve Battery","floor":15,"key":"SMITH"}],"circlet_count":0,"master_deck":["AscendersBane","Strike_B","Strike_B","Strike_B","Strike_B","Defend_B","Defend_B","Defend_B","Defend_B","Zap","Dualcast","Barrage+1","Streamline+1","Reinforced Body","Sweeping Beam+1","Seek","Reinforced Body","Doom and Gloom","Self Repair","Conserve Battery+1","Aggregate"],"relics":["Cracked Core","Kunai","Bronze Scales","PreservedInsect"],"acts_visited":["Exordium"],"potions_floor_usage":[7,10,12,16],"damage_taken":[{"damage":9,"enemies":"2 Louse","floor":1,"turns":2},{"damage":11,"enemies":"Cultist","floor":2,"turns":4},{"damage":4,"enemies":"Jaw Worm","floor":4,"turns":3},{"damage":9,"enemies":"Red Slaver","floor":5,"turns":3},{"damage":18,"enemies":"Lagavulin","floor":7,"turns":6},{"damage":13,"enemies":"3 Sentries","floor":10,"turns":6},{"damage":1,"enemies":"Looter","floor":11,"turns":3},{"damage":0,"enemies":"3 Louse","floor":12,"turns":2},{"damage":2,"enemies":"Large Slime","floor":13,"turns":6},{"damage":0,"enemies":"2 Fungi Beasts","floor":14,"turns":3},{"damage":20,"enemies":"The Guardian","floor":16,"turns":8}],"seed_played":"-6739153822218253507","potions_obtained":[{"floor":5,"key":"Block Potion"},{"floor":7,"key":"Fire Potion"},{"floor":10,"key":"SneckoOil"},{"floor":12,"key":"DistilledChaos"}],"is_trial":false,"path_per_floor":["M","M","?","M","M","R","E","R","T","E","M","M","M","M","R","B"],"character_chosen":"DEFECT","items_purchased":[],"campfire_rested":0,"item_purchase_floors":[],"current_hp_per_floor":[62,51,51,47,38,38,20,20,20,7,6,6,11,18,18,0,0],"gold":339,"neow_bonus":"TEN_PERCENT_HP_BONUS","is_daily":false,"chose_seed":false,"campfire_upgraded":3,"win_rate":0.0,"timestamp":1609627513,"path_taken":["M","M","?","M","M","R","E","R","T","E","M","?","?","M","R","BOSS"],"items_purchased_type":[],"build_version":"2020-12-22","purchased_purges":0,"victory":false,"max_hp_per_floor":[78,78,78,78,78,78,78,78,78,78,78,78,78,78,78,78,78],"relic_stats":{"counters":[11,46],"Bronze Scales":[66],"PreservedInsect":0,"Kunai":[3],"obtain_stats":[{"Bronze Scales":9,"PreservedInsect":10,"Kunai":7,"Cracked Core":0},{"Bronze Scales":5,"PreservedInsect":6,"Kunai":5,"Cracked Core":0},{"Bronze Scales":18,"PreservedInsect":24,"Kunai":18,"Cracked Core":0}]},"card_choices":[{"not_picked":["Gash","Conserve Battery"],"picked":"Barrage","floor":1},{"not_picked":["Compile Driver","Barrage"],"picked":"Streamline","floor":2},{"not_picked":["Capacitor","Steam Power"],"picked":"Reinforced Body","floor":4},{"not_picked":["Stack","Hologram"],"picked":"Sweeping Beam","floor":5},{"not_picked":["Compile Driver","Chill"],"picked":"Seek","floor":7},{"not_picked":["Leap","Hyperbeam"],"picked":"Reinforced Body","floor":10},{"not_picked":["Steam Power","Turbo"],"picked":"Doom and Gloom","floor":11},{"not_picked":["Doom and Gloom","Darkness"],"picked":"Self Repair","floor":12},{"not_picked":["Sweeping Beam","Streamline"],"picked":"Conserve Battery","floor":13},{"not_picked":["Loop","Recycle"],"picked":"Aggregate","floor":14}],"player_experience":772820,"relics_obtained":[{"floor":7,"key":"Kunai"},{"floor":9,"key":"Bronze Scales"},{"floor":10,"key":"PreservedInsect"}],"event_choices":[{"damage_healed":0,"gold_gain":0,"player_choice":"Upgraded","damage_taken":0,"max_hp_gain":0,"max_hp_loss":0,"event_name":"Upgrade Shrine","floor":3,"gold_loss":0,"cards_upgraded":["Streamline"]}],"is_beta":false,"boss_relics":[],"items_purged_floors":[],"is_endless":false,"potions_floor_spawned":[5,7,10,12],"killed_by":"The Guardian","ascension_level":20}}