{"host":"wzyx1a6f41w36f2j","time":1609603461,"event":{"mods":["BaseMod","Googly Eyes","Highlight Path","Minty Spire (QoL Compilation)","Quick Restart","StSLib","The IronCluck"],"gold_per_floor":[112,112,112,37,57,93,109,109,133,133,148,179,197,236,236,360,360,375,398,412,327,327,327,26,26,26,65,90,90,90,131,131,252,252,270,117,480,504,525,564,564,564,644,680,700,700,715,738,738,738,738],"floor_reached":50,"playtime":1683,"items_purged":["Injury"],"score":724,"play_id":"3197372a-65f9-4e7f-a128-e096ef390ce8","local_time":"20210102180421","is_ascension_mode":true,"campfire_choices":[{"data":"Infernal Blade","floor":10,"key":"SMITH"},{"data":"Seeing Red","floor":15,"key":"SMITH"},{"data":"Whirlwind","floor":23,"key":"SMITH"},{"data":"Flex","floor":25,"key":"SMITH"},{"data":"Offering","floor":29,"key":"SMITH"},{"data":"Bash","floor":32,"key":"SMITH"},{"data":"Demon Form","floor":42,"key":"SMITH"},{"data":"Double Tap","floor":49,"key":"SMITH"}],"circlet_count":0,"master_deck":["Strike_R","Strike_R","Strike_R","Strike_R","Strike_R","Defend_R","Defend_R","Defend_R","Bash+1","Hemokinesis","Heavy Blade","Infernal Blade+1","Armaments+1","Seeing Red+1","Thunderclap","Flex+1","Reaper","Headbutt","Whirlwind+1","Pummel","Offering+1","Demon Form+1","Clothesline","Double Tap+1","Blind","Flex+1"],"relics":["Burning Blood","NeowsBlessing","Golden Idol","Bag of Marbles","Ancient Tea Set","Magic Flower","Du-Vu Doll","Sozu","Matryoshka","PreservedInsect","Sling","Regal Pillow","Self Forming Clay","Bronze Scales","Boot","Runic Pyramid","Brimstone","Old Coin","Meat on the Bone","Nunchaku","Kunai","Gremlin Horn"],"acts_visited":["Exordium","TheCity","TheBeyond"],"potions_floor_usage":[7],"damage_taken":[{"damage":0.0,"enemies":"2 Louse","floor":1.0,"turns":1.0},{"damage":0.0,"enemies":"Jaw Worm","floor":5.0,"turns":1.0},{"damage":0.0,"enemies":"Lagavulin","floor":6.0,"turns":1.0},{"damage":0,"enemies":"Small Slimes","floor":7,"turns":2},{"damage":2,"enemies":"Exordium Thugs","floor":11,"turns":3},{"damage":8,"enemies":"Gremlin Nob","floor":12,"turns":3},{"damage":2,"enemies":"Gremlin Gang","floor":13,"turns":3},{"damage":33,"enemies":"3 Sentries","floor":14,"turns":7},{"damage":14,"enemies":"Slime Boss","floor":16,"turns":6},{"damage":26,"enemies":"Spheric Guardian","floor":18,"turns":4},{"damage":15,"enemies":"3 Byrds","floor":19,"turns":5},{"damage":23,"enemies":"Centurion and Healer","floor":20,"turns":3},{"damage":7,"enemies":"Gremlin Leader","floor":27,"turns":2},{"damage":6,"enemies":"Snecko","floor":28,"turns":2},{"damage":7,"enemies":"Book of Stabbing","floor":31,"turns":2},{"damage":89,"enemies":"Automaton","floor":33,"turns":9},{"damage":40,"enemies":"3 Darklings","floor":35,"turns":3},{"damage":6,"enemies":"Mind Bloom Boss Battle","floor":37,"turns":3},{"damage":0,"enemies":"3 Shapes","floor":38,"turns":1},{"damage":6,"enemies":"Transient","floor":39,"turns":5},{"damage":10,"enemies":"Nemesis","floor":40,"turns":3},{"damage":6,"enemies":"Reptomancer","floor":44,"turns":2},{"damage":6,"enemies":"3 Darklings","floor":45,"turns":1},{"damage":12,"enemies":"Sphere and 2 Shapes","floor":47,"turns":1},{"damage":9,"enemies":"4 Shapes","floor":48,"turns":2},{"damage":81,"enemies":"Time Eater","floor":50,"turns":3}],"seed_played":"2693921765227463482","potions_obtained":[{"floor":1.0,"key":"Swift Potion"},{"floor":6.0,"key":"Ancient Potion"},{"floor":7,"key":"Fruit Juice"},{"floor":12,"key":"LiquidMemories"},{"floor":14,"key":"SteroidPotion"}],"is_trial":false,"path_per_floor":["M","?","?","$","M","E","M","?","T","R","M","E","M","E","R","B",null,"M","M","M","?","?","R","$","R","T","E","M","R","$","E","R","B",null,"M","$","?","M","M","E","?","R","T","E","M","?","M","M","R","B"],"character_chosen":"IRONCLAD","items_purchased":["PreservedInsect","Sling","Brimstone"],"campfire_rested":0,"item_purchase_floors":[24,24,36],"current_hp_per_floor":[80,80,80,80,80,80,85,85,85,85,85,83,85,61,61,56,85,68,80,85,85,85,85,85,85,85,85,85,85,85,85,85,14,85,81,81,84,85,85,85,81,81,81,81,81,81,78,78,78,0,0],"gold":738,"neow_bonus":"THREE_ENEMY_KILL","is_daily":false,"chose_seed":false,"campfire_upgraded":8,"win_rate":0.0,"timestamp":1609603461,"path_taken":["M","?","?","$","M","E","M","?","T","R","?","E","M","E","R","BOSS","M","?","M","?","?","R","$","R","T","E","?","R","$","E","R","BOSS","M","$","?","M","M","E","?","R","T","E","M","?","M","M","R","BOSS"],"items_purchased_type":["Relic","Relic","Relic"],"build_version":"2020-12-22","purchased_purges":1,"victory":false,"max_hp_per_floor":[80,80,80,80,80,80,85,85,85,85,85,85,85,85,85,85,85,85,85,85,85,85,85,85,85,85,85,85,85,85,85,85,85,85,85,85,85,85,85,85,81,81,81,81,81,81,81,81,81,81,81],"card_choices":[{"not_picked":["Wild Strike","Body Slam"],"picked":"Hemokinesis","floor":1.0},{"not_picked":["Second Wind","Shrug It Off"],"picked":"Heavy Blade","floor":5.0},{"not_picked":["Clothesline","Dual Wield"],"picked":"Infernal Blade","floor":6.0},{"not_picked":["Rupture","Fire Breathing"],"picked":"Armaments","floor":7},{"not_picked":["Second Wind","Combust","Havoc"],"picked":"SKIP","floor":11},{"not_picked":["True Grit","Dark Embrace"],"picked":"Seeing Red","floor":12},{"not_picked":["Reckless Charge","Clash"],"picked":"Thunderclap","floor":13},{"not_picked":["Intimidate","Whirlwind"],"picked":"Flex","floor":14},{"not_picked":["Impervious","Corruption"],"picked":"Reaper","floor":16},{"not_picked":["Heavy Blade+1","Cleave"],"picked":"Headbutt","floor":18},{"not_picked":["Twin Strike","Combust"],"picked":"Whirlwind","floor":19},{"not_picked":["Heavy Blade","Pommel Strike","Havoc"],"picked":"SKIP","floor":20},{"not_picked":["Flame Barrier+1","Perfected Strike"],"picked":"Offering","floor":27},{"not_picked":["Twin Strike","Flame Barrier","Perfected Strike+1"],"picked":"SKIP","floor":28},{"not_picked":["Headbutt","Corruption","Whirlwind+1"],"picked":"SKIP","floor":31},{"not_picked":["Feed","Offering"],"picked":"Demon Form","floor":33},{"not_picked":["Power Through+1","Twin Strike","Iron Wave"],"picked":"SKIP","floor":35},{"not_picked":["Pommel Strike+1","Twin Strike+1"],"picked":"Clothesline","floor":38},{"not_picked":["Thunderclap","Iron Wave","Clothesline+1"],"picked":"SKIP","floor":39},{"not_picked":["Cleave","Uppercut","Searing Blow"],"picked":"SKIP","floor":40},{"not_picked":["Wild Strike","Rage"],"picked":"Double Tap","floor":44},{"not_picked":["Perfected Strike","Disarm+1","Twin Strike"],"picked":"SKIP","floor":45},{"not_picked":["Apotheosis","Discovery"],"picked":"Blind","floor":46},{"not_picked":["Anger+1","Burning Pact","Rage"],"picked":"SKIP","floor":47},{"not_picked":["Heavy Blade+1","Cleave+1"],"picked":"Flex+1","floor":48}],"player_experience":54454,"relics_obtained":[{"floor":6.0,"key":"Bag of Marbles"},{"floor":9,"key":"Ancient Tea Set"},{"floor":12,"key":"Magic Flower"},{"floor":14,"key":"Du-Vu Doll"},{"floor":26,"key":"Regal Pillow"},{"floor":26,"key":"Self Forming Clay"},{"floor":27,"key":"Bronze Scales"},{"floor":31,"key":"Boot"},{"floor":37,"key":"Old Coin"},{"floor":40,"key":"Meat on the Bone"},{"floor":43,"key":"Nunchaku"},{"floor":43,"key":"Kunai"},{"floor":44,"key":"Gremlin Horn"}],"event_choices":[{"damage_healed":0.0,"max_hp_gain":0.0,"max_hp_loss":0.0,"gold_gain":0.0,"event_name":"Golden Idol","player_choice":"Take Wound","floor":2.0,"gold_loss":0.0,"damage_taken":0.0,"relics_obtained":["Golden Idol"],"cards_obtained":["Injury"]},{"damage_healed":0.0,"max_hp_gain":0.0,"max_hp_loss":0.0,"gold_gain":0.0,"event_name":"Liars Game","player_choice":"Ignored","floor":3.0,"gold_loss":0.0,"damage_taken":0.0},{"damage_healed":0,"gold_gain":0,"player_choice":"Upgraded","damage_taken":0,"max_hp_gain":0,"max_hp_loss":0,"event_name":"Upgrade Shrine","floor":8,"gold_loss":0,"cards_upgraded":["Armaments"]},{"damage_healed":0,"gold_gain":0,"player_choice":"Obtained Relic","damage_taken":0,"relics_obtained":["Matryoshka"],"max_hp_gain":0,"max_hp_loss":0,"event_name":"Addict","floor":21,"gold_loss":85},{"damage_healed":0,"gold_gain":0,"cards_transformed":["Defend_R"],"player_choice":"Transformed","damage_taken":0,"max_hp_gain":0,"max_hp_loss":0,"event_name":"Transmorgrifier","floor":22,"gold_loss":0,"cards_obtained":["Pummel"]},{"damage_healed":0,"gold_gain":0,"player_choice":"Fight","damage_taken":0,"max_hp_gain":0,"max_hp_loss":0,"event_name":"MindBloom","floor":37,"gold_loss":0},{"damage_healed":0,"gold_gain":0,"player_choice":"Max HP","damage_taken":0,"max_hp_gain":0,"max_hp_loss":4,"event_name":"Winding Halls","floor":41,"gold_loss":0},{"damage_healed":0,"gold_gain":0,"player_choice":"Memory 1","damage_taken":0,"max_hp_gain":0,"max_hp_loss":0,"event_name":"SensoryStone","floor":46,"gold_loss":0}],"is_beta":false,"boss_relics":[{"not_picked":["Busted Crown","Ectoplasm"],"picked":"Sozu"},{"not_picked":["Coffee Dripper","Black Star"],"picked":"Runic Pyramid"}],"items_purged_floors":[4],"is_endless":false,"potions_floor_spawned":[1,6,7,12,14,19,28,31,33,37,38,44,47,48],"killed_by":"Time Eater","ascension_level":2}}