{"host":"56c2xpjnpymkv18q","time":1609565233,"event":{"mods":["ATMod(°¢èªMod)","BaseMod","Minty Spire (QoL Compilation)","Quick Restart","Relic Stats","Replay The Spire","Spicy Shops","StSLib","The Marked","Yakumo Yukari mod","¡¾ÒÅÎï¿¨ÅÆ¡¿REMEMod"],"gold_per_floor":[114,114,126,148,178,224,411,423,458,500,524,536,560,584,596,703,715,741,769,792,815,827,853,865,141,141,157,157,176,186,203,203,406,406,426,406,422,223,300,427,437,465,465,465,465],"floor_reached":44,"playtime":2304,"items_purged":["Delirium","ReplayTheSpireMod:Doomed","Parasite"],"score":612,"play_id":"63e77c4b-440a-4b31-b3d8-51c3a741017e","local_time":"20210102132713","is_ascension_mode":true,"campfire_choices":[{"floor":15,"key":"DIG"},{"data":"Dagger Spray","floor":24,"key":"SMITH"},{"data":"ReplayTheSpireMod:From All Sides","floor":28,"key":"SMITH"},{"data":"Bullet Time","floor":32,"key":"SMITH"}],"circlet_count":0,"master_deck":["Strike_G","Strike_G","Strike_G","Strike_G","Defend_G","Defend_G","Defend_G","Defend_G","Defend_G","AT_FamilyPortrait+1","Atom Bomb+1","Slice","AT_KneejerkReflex+1","Die Die Die+1","Dagger Spray+1","Leap","Beam Cell","AT_FocusSwordFire","Masterful Stab","Footwork","Bullet Time+1","Infinite Blades","ReplayTheSpireMod:From All Sides+1","Sucker Punch+1","Slice","Poisoned Stab+1","AT_WindFlip+1","REME_CopyPotion","Flying Knee+1","Spreading Infection","AT_FocusSwordFire+1","Tactician+1","AT_ArcaneSupremacy+1","Normality"],"relics":["REME_ComplimentaryCards","AT_ATBox","Cursed Key","MawBank","ReplayFunnel","Smiling Mask","REME_HandOfSuture","AT_ChloranthyRing","Akabeko","Replay:Ancient Bell","AT_BladeRuinedKing","ReplayTheSpireMod:Shallot","AT_TheCollector","Replay:Bottled Eggs","Guide Book","Blue Doll","Snack Pack","Toy Ornithopter","Replay:Drink Me","Replay:Wax Seal","AT_LudenTempest","Chameleon Ring","Pear","Vampiric Spirits","The Courier"],"acts_visited":["Exordium","TheCity","TheBeyond"],"potions_floor_usage":[10,16,16,21,21,21,21,27,31,40,40,44],"damage_taken":[{"damage":1,"enemies":"2 Louse","floor":1,"turns":3},{"damage":6,"enemies":"Small Slimes","floor":4,"turns":2},{"damage":0,"enemies":"Cultist","floor":5,"turns":4},{"damage":15,"enemies":"Lagavulin","floor":6,"turns":4},{"damage":17,"enemies":"3 Sentries","floor":10,"turns":5},{"damage":0,"enemies":"Large Slime","floor":11,"turns":1},{"damage":0,"enemies":"2 Fungi Beasts","floor":13,"turns":1},{"damage":0,"enemies":"Lots of Slimes","floor":14,"turns":1},{"damage":26,"enemies":"Fading Forest","floor":16,"turns":11},{"damage":5,"enemies":"Shell Parasite","floor":18,"turns":2},{"damage":0,"enemies":"Spheric Guardian","floor":19,"turns":2},{"damage":7,"enemies":"Snake Plant","floor":20,"turns":3},{"damage":7,"enemies":"Shelled Parasite and Fungi","floor":21,"turns":4},{"damage":0,"enemies":"3 Cultists","floor":23,"turns":2},{"damage":3,"enemies":"Cultist and Chosen","floor":27,"turns":3},{"damage":4,"enemies":"Chosen and Byrds","floor":29,"turns":2},{"damage":0,"enemies":"Snake Plant","floor":30,"turns":1},{"damage":3,"enemies":"Centurion and Healer","floor":31,"turns":3},{"damage":32,"enemies":"Automaton","floor":33,"turns":7},{"damage":4,"enemies":"3 Darklings","floor":35,"turns":2},{"damage":11,"enemies":"3 Shapes","floor":37,"turns":3},{"damage":11,"enemies":"Giant Head","floor":40,"turns":3},{"damage":0,"enemies":"Maw","floor":41,"turns":3},{"damage":34,"enemies":"Reptomancer","floor":42,"turns":3},{"damage":44,"enemies":"Reptomancer","floor":44,"turns":5}],"seed_played":"-8716422793754239850","potions_obtained":[{"floor":4,"key":"BlessingOfTheForge"},{"floor":5,"key":"Dexterity Potion"},{"floor":10,"key":"AttackPotion"},{"floor":11,"key":"Adrenaline Potion"},{"floor":16,"key":"EssenceOfSteel"},{"floor":19,"key":"Reflective Coating"},{"floor":20,"key":"SpeedPotion"},{"floor":33,"key":"DistilledChaos"},{"floor":36,"key":"Venom Potion"},{"floor":42,"key":"Toxic Potion"}],"is_trial":false,"path_per_floor":["M","?","?","M","M","E","?","?","T","E","M","?","M","M","R","B",null,"M","M","M","M","?","M","R","$","T","M","R","M","M","M","R","B",null,"M","?","M","$","T","E","M","E","T","?"],"character_chosen":"THE_SILENT","items_purchased":["Replay:Bottled Eggs","Guide Book","Blue Doll","Snack Pack","Replay:Wax Seal","AT_LudenTempest"],"campfire_rested":0,"item_purchase_floors":[25,25,25,25,38,38],"current_hp_per_floor":[69,57,57,51,51,36,36,36,36,19,19,19,19,19,19,7,70,65,65,58,51,51,51,51,51,51,57,57,55,55,59,59,37,53,53,53,44,44,44,56,60,26,26,0,0],"gold":465,"neow_bonus":"BOSS_RELIC","is_daily":false,"chose_seed":false,"campfire_upgraded":3,"win_rate":0.0,"timestamp":1609565233,"path_taken":["M","?","?","?","M","E","?","?","T","E","M","?","?","M","R","BOSS","M","M","M","M","?","?","R","$","T","?","R","M","M","M","R","BOSS","M","?","?","$","?","E","M","E","T","?"],"items_purchased_type":["Relic","Relic","Relic","Relic","Relic","Relic"],"build_version":"2020-12-22","purchased_purges":3,"victory":false,"max_hp_per_floor":[70,70,70,70,70,70,70,70,70,70,70,70,70,70,70,70,70,70,70,70,70,70,70,70,70,70,70,70,70,70,70,70,70,53,53,53,53,50,50,60,60,60,60,60,60],"relic_stats":{"counters":[25,80],"Cursed Key":4,"MawBank":276,"Smiling Mask":150,"obtain_stats":[{"ReplayFunnel":6,"AT_ATBox":0,"Vampiric Spirits":42,"Blue Doll":25,"Cursed Key":0,"Smiling Mask":9,"Chameleon Ring":39,"Replay:Bottled Eggs":25,"Replay:Wax Seal":38,"Replay:Drink Me":34,"Ring of the Snake":0,"AT_ChloranthyRing":12,"Pear":40,"Guide Book":25,"AT_BladeRuinedKing":17,"The Courier":43,"Replay:Ancient Bell":17,"MawBank":2,"Akabeko":15,"AT_LudenTempest":38,"ReplayTheSpireMod:Shallot":17,"AT_TheCollector":17,"REME_HandOfSuture":10,"Snack Pack":25,"Toy Ornithopter":26,"REME_ComplimentaryCards":0},{"ReplayFunnel":4,"AT_ATBox":0,"Vampiric Spirits":24,"Blue Doll":14,"Cursed Key":0,"Smiling Mask":4,"Chameleon Ring":21,"Replay:Bottled Eggs":14,"Replay:Wax Seal":21,"Replay:Drink Me":19,"Ring of the Snake":0,"AT_ChloranthyRing":6,"Pear":22,"Guide Book":14,"AT_BladeRuinedKing":9,"The Courier":24,"Replay:Ancient Bell":9,"MawBank":1,"Akabeko":8,"AT_LudenTempest":21,"ReplayTheSpireMod:Shallot":9,"AT_TheCollector":9,"REME_HandOfSuture":5,"Snack Pack":14,"Toy Ornithopter":14,"REME_ComplimentaryCards":0},{"ReplayFunnel":13,"AT_ATBox":0,"Vampiric Spirits":75,"Blue Doll":45,"Cursed Key":0,"Smiling Mask":13,"Chameleon Ring":66,"Replay:Bottled Eggs":45,"Replay:Wax Seal":66,"Replay:Drink Me":61,"Ring of the Snake":0,"AT_ChloranthyRing":19,"Pear":69,"Guide Book":45,"AT_BladeRuinedKing":32,"The Courier":75,"Replay:Ancient Bell":32,"MawBank":3,"Akabeko":21,"AT_LudenTempest":66,"ReplayTheSpireMod:Shallot":32,"AT_TheCollector":32,"REME_HandOfSuture":18,"Snack Pack":45,"Toy Ornithopter":45,"REME_ComplimentaryCards":0}],"Toy Ornithopter":25},"card_choices":[{"not_picked":["AT_FocusSwordFire","Acrobatics"],"picked":"Slice","floor":1},{"not_picked":["Dodge and Roll","Poisoned Stab"],"picked":"AT_KneejerkReflex","floor":4},{"not_picked":["Outmaneuver","Toxin Wave"],"picked":"Die Die Die","floor":5},{"not_picked":["Quick Slash","After Image"],"picked":"Dagger Spray","floor":6},{"not_picked":["Heel Hook","Acrobatics"],"picked":"AT_FocusSwordFire","floor":10},{"not_picked":["AT_TinkerSharpsword","Concentrate"],"picked":"Masterful Stab","floor":11},{"not_picked":["Dagger Spray","Prepared","All Out Attack"],"picked":"SKIP","floor":13},{"not_picked":["Underhanded Strike","Blade Dance"],"picked":"Footwork","floor":14},{"not_picked":["Replay:Bag of Tricks","Doppelganger"],"picked":"Bullet Time","floor":16},{"not_picked":["Doubt","Spreading Infection"],"picked":"Writhe","floor":17},{"not_picked":["Pain","ReplayTheSpireMod:Doomed"],"picked":"Regret","floor":17},{"not_picked":["Writhe","AbeCurse"],"picked":"Parasite","floor":17},{"not_picked":["Hidden Blade","Prepared+1","Backflip"],"picked":"SKIP","floor":18},{"not_picked":["Crippling Poison","Endless Agony"],"picked":"Infinite Blades","floor":19},{"not_picked":["Night Terror","Hidden Blade+1","Deadly Poison"],"picked":"SKIP","floor":20},{"not_picked":["Cloak And Dagger","Outmaneuver","Masterful Stab+1"],"picked":"SKIP","floor":21},{"not_picked":["Prepared","Dagger Spray"],"picked":"Sucker Punch+1","floor":23},{"not_picked":["Prepared","Replay:Poison Smokescreen","ReplayTheSpireMod:Necrosis"],"picked":"SKIP","floor":27},{"not_picked":["Prepared","Quick Slash"],"picked":"Slice","floor":29},{"not_picked":["Slice+1","Acrobatics"],"picked":"Poisoned Stab+1","floor":30},{"not_picked":["Replay:Poison Smokescreen+1","Sucker Punch"],"picked":"AT_WindFlip+1","floor":31},{"not_picked":["Wraith Form v2","AT_MyraUnstableElement"],"picked":"REME_CopyPotion","floor":33},{"not_picked":["AT_ShadowStep","Dagger Spray+1"],"picked":"Flying Knee+1","floor":35},{"not_picked":["Slice","Eviscerate+1","AT_ThistleTea"],"picked":"SKIP","floor":37},{"not_picked":["Sucker Punch","Deadly Poison"],"picked":"AT_FocusSwordFire+1","floor":40},{"not_picked":["AT_WindFlip","Concentrate"],"picked":"Tactician+1","floor":41},{"not_picked":["Dodge and Roll+1","ReplayTheSpireMod:Tripwire"],"picked":"AT_ArcaneSupremacy+1","floor":42}],"player_experience":142857,"relics_obtained":[{"floor":6,"key":"ReplayFunnel"},{"floor":9,"key":"Smiling Mask"},{"floor":10,"key":"REME_HandOfSuture"},{"floor":15,"key":"Akabeko"},{"floor":26,"key":"Toy Ornithopter"},{"floor":39,"key":"Chameleon Ring"},{"floor":40,"key":"Pear"},{"floor":42,"key":"Vampiric Spirits"},{"floor":43,"key":"The Courier"}],"event_choices":[{"damage_healed":0,"gold_gain":0,"player_choice":"Success","damage_taken":12,"relics_obtained":["MawBank"],"max_hp_gain":0,"max_hp_loss":0,"event_name":"Scrap Ooze","floor":2,"gold_loss":0},{"damage_healed":0,"gold_gain":0,"player_choice":"Upgraded","damage_taken":0,"max_hp_gain":0,"max_hp_loss":0,"event_name":"Upgrade Shrine","floor":3,"gold_loss":0,"cards_upgraded":["Atom Bomb"]},{"damage_healed":0,"gold_gain":175,"player_choice":"AGREE","damage_taken":0,"max_hp_gain":0,"max_hp_loss":0,"event_name":"Liars Game","floor":7,"gold_loss":0,"cards_obtained":["Doubt"]},{"damage_healed":0,"gold_gain":0,"player_choice":"Gave Potion","damage_taken":0,"relics_obtained":["AT_ChloranthyRing"],"max_hp_gain":0,"max_hp_loss":0,"event_name":"WeMeetAgain","floor":12,"gold_loss":0},{"damage_healed":0,"gold_gain":0,"cards_transformed":["Strike_G"],"player_choice":"Transformed","damage_taken":0,"max_hp_gain":0,"max_hp_loss":0,"event_name":"Transmorgrifier","floor":22,"gold_loss":0,"cards_obtained":["ReplayTheSpireMod:From All Sides"]},{"damage_healed":0,"gold_gain":0,"player_choice":"Bought 1 Potion","damage_taken":0,"max_hp_gain":0,"max_hp_loss":0,"event_name":"The Woman in Blue","floor":36,"gold_loss":0}],"is_beta":false,"boss_relics":[{"not_picked":["ReplayTheSpireMod:DimensionalGlitch","Velvet Choker"],"picked":"Replay:Ancient Bell"},{"not_picked":["Boot","Pet Ghost"],"picked":"AT_BladeRuinedKing"},{"not_picked":["REME_PoisonedDagger","Divine Protection"],"picked":"ReplayTheSpireMod:Shallot"},{"not_picked":["Tough Bandages","Calipers"],"picked":"AT_TheCollector"},{"not_picked":["Kintsugi","Ring of Chaos"],"picked":"Replay:Drink Me"}],"items_purged_floors":[25,38,38],"is_endless":false,"potions_floor_spawned":[4,5,10,11,16,19,20,33,42],"killed_by":"Reptomancer","ascension_level":1}}