{"host":"qrec1pgksm53712r","time":1609567244,"event":{"mods":["Act Like it!","Aspiration","BaseMod","CapriCore","Conjunction","Eldritch Tears","Energized Spire","Hubris","Minty Spire (QoL Compilation)","Prisma Mod","StSLib","Td1madao Mod","The Dragon Tamer","TheLocksmith","WarShipGirlsR/????R mod"],"gold_per_floor":[109,184,78,93,103,136,146,146,146,160,85,85,85,102,102,207,207,207],"floor_reached":17,"playtime":667,"items_purged":["PrismaMod:ChloeCommonAttack"],"score":157,"play_id":"e37bb499-f570-418b-8976-15b938a63dd6","local_time":"20210102000044","is_ascension_mode":false,"campfire_choices":[{"floor":8,"key":"REST"},{"data":"PrismaMod:ChloeBetterTracePools","floor":13,"key":"SMITH"},{"floor":15,"key":"REST"}],"circlet_count":0,"master_deck":["PrismaMod:ChloeCommonAttack","PrismaMod:ChloeCommonAttack","PrismaMod:ChloeCommonAttack","PrismaMod:ChloeCommonDefend","PrismaMod:ChloeCommonDefend","PrismaMod:ChloeCommonDefend","PrismaMod:ChloeCommonDefend","PrismaMod:ChloeCheapAttack","PrismaMod:ChloeCheapDefend","PrismaMod:ChloeCommonAOEAttack","PrismaMod:ChloeBetterTracePools+1","PrismaMod:ChloeUncommonDefend","PrismaMod:ChloeExhaustOne","rmod:fletcherpendant","rmod:fletcher","PrismaMod:ChloeCheapDefendTwo","PrismaMod:ChloeCheapAttackTwo","PrismaMod:ChloeRitsuka","PrismaMod:ChloeCarnivalDefend"],"relics":["PrismaMod:PrismaTraceOn","hubris:CuriousFeather","Centennial Puzzle","Empty Cage"],"acts_visited":["Exordium","TheCity"],"potions_floor_usage":[],"damage_taken":[{"damage":1,"enemies":"Small Slimes","floor":1,"turns":5},{"damage":0,"enemies":"Cultist","floor":4,"turns":4},{"damage":0,"enemies":"2 Louse","floor":5,"turns":4},{"damage":47,"enemies":"Gremlin Nob","floor":6,"turns":6},{"damage":13,"enemies":"Exordium Thugs","floor":7,"turns":6},{"damage":15,"enemies":"Exordium Wildlife","floor":10,"turns":6},{"damage":7,"enemies":"2 Fungi Beasts","floor":14,"turns":4},{"damage":24,"enemies":"Slime Boss","floor":16,"turns":14}],"seed_played":"4765797161753268809","potions_obtained":[{"floor":1,"key":"Dexterity Potion"},{"floor":5,"key":"FairyPotion"},{"floor":7,"key":"SteroidPotion"}],"is_trial":false,"path_per_floor":["M","?","$","M","M","E","M","R","T","M","$","?","R","M","R","B",null],"character_chosen":"CHLOE","items_purchased":["PrismaMod:ChloeBetterTracePools","PrismaMod:ChloeUncommonDefend"],"campfire_rested":2,"item_purchase_floors":[3,3],"current_hp_per_floor":[81,73,73,73,73,26,13,37,37,22,22,22,22,15,39,15,82,82],"gold":207,"neow_bonus":"TEN_PERCENT_HP_BONUS","is_daily":false,"chose_seed":false,"campfire_upgraded":1,"win_rate":0.0,"timestamp":1609567244,"path_taken":["M","?","$","?","M","E","M","R","T","M","$","?","R","M","R","BOSS"],"items_purchased_type":["Card","Card"],"build_version":"2020-12-22","purchased_purges":1,"victory":false,"max_hp_per_floor":[82,82,82,82,82,82,82,82,82,82,82,82,82,82,82,82,82,82],"card_choices":[{"not_picked":["PrismaMod:ChloeRhongomyniad","PrismaMod:ChloeCheapDefend"],"picked":"PrismaMod:ChloeCommonAOEAttack","floor":1},{"not_picked":["PrismaMod:ChloeUncommonDefend","PrismaMod:ChloeCaladbolg"],"picked":"PrismaMod:ChloeExhaustOne","floor":4},{"not_picked":["PrismaMod:ChloeCheapDefend","PrismaMod:ChloeCommonAOEAttack"],"picked":"PrismaMod:ChloeCheapDefendTwo","floor":5},{"not_picked":["PrismaMod:ChloeCommonAOEAttack","PrismaMod:ChloeReshuffleDiscard"],"picked":"PrismaMod:ChloeCheapAttackTwo","floor":6},{"not_picked":["PrismaMod:ChloeDemonicTutor","PrismaMod:ChloeCheapDefend","PrismaMod:ChloeExhaustOne"],"picked":"SKIP","floor":7},{"not_picked":["PrismaMod:ChloeCommonAOEAttack","PrismaMod:ChloeCheapDefendTwo"],"picked":"PrismaMod:ChloeRitsuka","floor":10},{"not_picked":["PrismaMod:ChloeExhaustOne","PrismaMod:ChloeCheapDefend","PrismaMod:ChloeCommonAOEAttack"],"picked":"SKIP","floor":14},{"not_picked":["PrismaMod:ChloeGreatTracePools","PrismaMod:ChloeReshuffleDiscard"],"picked":"PrismaMod:ChloeCarnivalDefend","floor":16}],"player_experience":183304,"relics_obtained":[{"floor":6,"key":"hubris:CuriousFeather"},{"floor":9,"key":"Centennial Puzzle"}],"event_choices":[{"damage_healed":0,"gold_gain":75,"player_choice":"Touch","damage_taken":8,"max_hp_gain":0,"max_hp_loss":0,"event_name":"FaceTrader","floor":2,"gold_loss":0},{"damage_healed":0,"gold_gain":0,"player_choice":"Ignored","damage_taken":0,"max_hp_gain":0,"max_hp_loss":0,"event_name":"NoteForYourself","floor":12,"gold_loss":0}],"is_beta":false,"boss_relics":[{"not_picked":["energizedSpire:NeverEndingSparkler","aspiration:FutureDiary"],"picked":"Empty Cage"}],"items_purged_floors":[11],"is_endless":false,"potions_floor_spawned":[1,5,7,14],"ascension_level":0}}