{"host":"nqsrckqog5ia9mbo","time":1609614080,"event":{"mods":["AchievementEnabler","BaseMod","Colored Map","Highlight Path","Minty Spire (QoL Compilation)"],"gold_per_floor":[118,131,206,206,223,252,252,286,311,311,73,85,110,123,123,218,218,237,248,99,116,215,249,249,261,261,261,295,310,62,79,79,174,174,190,190,190,209,4,29,43,43,43,78,78,78,78,98,98,98],"floor_reached":51,"playtime":4500,"items_purged":["Defend_B","Strike_B","Strike_B"],"score":792,"play_id":"8e819dbe-bee1-41b0-b803-7260d809caff","local_time":"20210102200120","is_ascension_mode":false,"campfire_choices":[{"floor":7,"key":"REST"},{"floor":10,"key":"REST"},{"data":"Defragment","floor":15,"key":"SMITH"},{"data":"Defragment","floor":24,"key":"SMITH"},{"data":"Defragment","floor":27,"key":"SMITH"},{"floor":32,"key":"REST"},{"data":"Loop","floor":42,"key":"SMITH"},{"data":"Defragment","floor":46,"key":"SMITH"},{"data":"Streamline","floor":49,"key":"SMITH"}],"circlet_count":0,"master_deck":["Strike_B","Defend_B+1","Zap+1","Dualcast","Sweeping Beam","Defragment+1","Defragment+1","Go for the Eyes","Defragment+1","Coolheaded","Rip and Tear","Streamline+1","Chill","Auto Shields","Turbo","Machine Learning","Turbo","Steam Power","Defragment+1","Compile Driver+1","BootSequence+1","Capacitor+1","Loop+1","Skim+1","Redo+1"],"relics":["FrozenCore","Strawberry","Orichalcum","Pen Nib","War Paint","Mango","Empty Cage","Sling","Girya","Letter Opener","Juzu Bracelet","Anchor","Unceasing Top","Blue Candle","Frozen Egg 2"],"acts_visited":["Exordium","TheCity","TheBeyond"],"potions_floor_usage":[13,33,33,47],"damage_taken":[{"damage":0,"enemies":"Small Slimes","floor":1,"turns":5},{"damage":15,"enemies":"Jaw Worm","floor":2,"turns":4},{"damage":0,"enemies":"2 Louse","floor":5,"turns":3},{"damage":36,"enemies":"Gremlin Nob","floor":6,"turns":5},{"damage":15,"enemies":"Lagavulin","floor":8,"turns":7},{"damage":0,"enemies":"Looter","floor":12,"turns":3},{"damage":5,"enemies":"3 Sentries","floor":13,"turns":5},{"damage":1,"enemies":"Large Slime","floor":14,"turns":4},{"damage":14,"enemies":"The Guardian","floor":16,"turns":15},{"damage":3,"enemies":"3 Byrds","floor":18,"turns":6},{"damage":2,"enemies":"Spheric Guardian","floor":19,"turns":4},{"damage":25,"enemies":"Snake Plant","floor":21,"turns":4},{"damage":18,"enemies":"Slavers","floor":23,"turns":6},{"damage":7,"enemies":"Chosen and Byrds","floor":25,"turns":11},{"damage":20,"enemies":"Gremlin Leader","floor":28,"turns":5},{"damage":0,"enemies":"Snecko","floor":29,"turns":5},{"damage":8,"enemies":"Shelled Parasite and Fungi","floor":31,"turns":6},{"damage":22,"enemies":"Collector","floor":33,"turns":14},{"damage":7,"enemies":"3 Darklings","floor":35,"turns":10},{"damage":1,"enemies":"Orb Walker","floor":38,"turns":8},{"damage":0,"enemies":"Giant Head","floor":40,"turns":11},{"damage":16,"enemies":"Spire Growth","floor":41,"turns":7},{"damage":10,"enemies":"Nemesis","floor":44,"turns":17},{"damage":0,"enemies":"Writhing Mass","floor":47,"turns":3},{"damage":0,"enemies":"3 Darklings","floor":48,"turns":8},{"damage":1,"enemies":"Time Eater","floor":50,"turns":25}],"seed_played":"7031267384329200665","potions_obtained":[{"floor":2,"key":"Dexterity Potion"},{"floor":6,"key":"Block Potion"},{"floor":12,"key":"ColorlessPotion"},{"floor":13,"key":"SmokeBomb"},{"floor":18,"key":"AttackPotion"},{"floor":29,"key":"FocusPotion"},{"floor":44,"key":"Energy Potion"},{"floor":48,"key":"Regen Potion"}],"is_trial":false,"path_per_floor":["M","M","?","?","M","E","R","E","T","R","$","M","E","M","R","B",null,"M","M","$","M","?","E","R","M","T","R","E","M","$","M","R","B",null,"M","?","?","M","$","E","M","R","T","E","?","R","M","M","R","B",null],"character_chosen":"DEFECT","items_purchased":["Defragment","Coolheaded","Rip and Tear","Sling","Anchor","Loop"],"campfire_rested":3,"item_purchase_floors":[11,11,11,20,30,39],"current_hp_per_floor":[82,67,56,40,40,4,28,13,13,37,37,37,46,45,45,31,96,93,91,91,66,66,48,48,41,41,41,21,21,21,13,41,19,96,89,89,89,88,88,88,72,72,72,62,62,62,62,62,62,61],"gold":98,"neow_bonus":"RANDOM_COMMON_RELIC","is_daily":false,"chose_seed":false,"campfire_upgraded":6,"win_rate":0.0,"timestamp":1609614080,"path_taken":["M","M","?","?","M","E","R","E","T","R","$","M","E","M","R","BOSS","M","M","$","M","?","E","R","M","T","R","E","M","?","M","R","BOSS","M","?","?","M","$","E","M","R","T","E","?","R","M","M","R","BOSS"],"items_purchased_type":["Card","Card","Card","Relic","Relic","Card"],"build_version":"2020-12-22","purchased_purges":3,"victory":true,"max_hp_per_floor":[82,82,82,82,82,82,82,82,82,82,82,82,96,96,96,96,96,96,96,96,96,96,96,96,96,96,96,96,96,96,96,96,96,96,96,91,91,91,91,91,91,91,91,91,91,91,91,91,91,91],"card_choices":[{"not_picked":["Rebound","Hologram"],"picked":"Sweeping Beam","floor":1},{"not_picked":["White Noise","Steam","Rebound"],"picked":"SKIP","floor":2},{"not_picked":["Conserve Battery","Force Field"],"picked":"Defragment","floor":5},{"not_picked":["Lockon","Tempest"],"picked":"Defragment","floor":6},{"not_picked":["Gash","Auto Shields"],"picked":"Go for the Eyes","floor":8},{"not_picked":["Conserve Battery","Stack"],"picked":"Streamline","floor":12},{"not_picked":["Hologram","Redo"],"picked":"Chill","floor":13},{"not_picked":["Aggregate","Doom and Gloom"],"picked":"Auto Shields","floor":14},{"not_picked":["Ball Lightning+1","Genetic Algorithm"],"picked":"Turbo","floor":18},{"not_picked":["Ball Lightning","Genetic Algorithm"],"picked":"Machine Learning","floor":19},{"not_picked":["Static Discharge","Ball Lightning"],"picked":"Turbo","floor":21},{"not_picked":["Doom and Gloom","Biased Cognition","Beam Cell"],"picked":"SKIP","floor":23},{"not_picked":["Go for the Eyes+1","Heatsinks"],"picked":"Steam Power","floor":25},{"not_picked":["Compile Driver","Multi-Cast"],"picked":"Defragment","floor":28},{"not_picked":["Steam","Beam Cell"],"picked":"Compile Driver+1","floor":29},{"not_picked":["Rip and Tear","Streamline","Multi-Cast"],"picked":"SKIP","floor":31},{"not_picked":["Consume+1","FTL"],"picked":"BootSequence+1","floor":35},{"not_picked":["Hologram+1","Steam"],"picked":"Capacitor+1","floor":38},{"not_picked":["Force Field","Lockon"],"picked":"Skim+1","floor":40},{"not_picked":["Conserve Battery+1","Reinforced Body","Turbo"],"picked":"SKIP","floor":41},{"not_picked":["Reinforced Body","Gash","Echo Form+1"],"picked":"SKIP","floor":44},{"not_picked":["Compile Driver","Beam Cell"],"picked":"Redo+1","floor":48}],"player_experience":84735,"relics_obtained":[{"floor":6,"key":"Orichalcum"},{"floor":8,"key":"Pen Nib"},{"floor":9,"key":"War Paint"},{"floor":13,"key":"Mango"},{"floor":23,"key":"Girya"},{"floor":26,"key":"Letter Opener"},{"floor":28,"key":"Juzu Bracelet"},{"floor":40,"key":"Unceasing Top"},{"floor":43,"key":"Blue Candle"},{"floor":44,"key":"Frozen Egg 2"}],"event_choices":[{"damage_healed":0,"gold_gain":75,"player_choice":"Gather Gold","damage_taken":11,"max_hp_gain":0,"max_hp_loss":0,"event_name":"World of Goop","floor":3,"gold_loss":0},{"damage_healed":0,"gold_gain":0,"player_choice":"Entered Light","damage_taken":16,"max_hp_gain":0,"max_hp_loss":0,"event_name":"Shining Light","floor":4,"gold_loss":0,"cards_upgraded":["Zap","Defend_B"]},{"damage_healed":0,"gold_gain":99,"player_choice":"Stole From Cult","damage_taken":0,"max_hp_gain":0,"max_hp_loss":0,"event_name":"Nest","floor":22,"gold_loss":0},{"damage_healed":0,"gold_gain":0,"player_choice":"Max HP","damage_taken":0,"max_hp_gain":0,"max_hp_loss":5,"event_name":"Winding Halls","floor":36,"gold_loss":0},{"damage_healed":0,"gold_gain":0,"player_choice":"Ignored","damage_taken":0,"max_hp_gain":0,"max_hp_loss":0,"event_name":"Tomb of Lord Red Mask","floor":37,"gold_loss":0},{"cards_removed":["Strike_B"],"damage_healed":0,"gold_gain":0,"player_choice":"Removed Attack","damage_taken":0,"max_hp_gain":0,"max_hp_loss":0,"event_name":"Falling","floor":45,"gold_loss":0}],"is_beta":false,"boss_relics":[{"not_picked":["Fusion Hammer","Cursed Key"],"picked":"Empty Cage"},{"not_picked":["Philosopher\u0027s Stone","Calling Bell"],"picked":"FrozenCore"}],"items_purged_floors":[11,30,39],"is_endless":false,"potions_floor_spawned":[2,6,12,13,18,29,31,44,48],"ascension_level":0}}