{"host":"7t8rqoeeopyy0nh0","time":1609620579,"event":{"mods":["AchievementEnabler","BaseMod","Better Third Choice","BetterRewards","Colored Map","Colored Powertips","Conspire","Downfall","Hubris","Infinite Spire","Minty Spire (QoL Compilation)","Permanent Neow","Quick Restart","Rare Cards Sparkle","Replay The Spire","StSLib","The Jungle","The Servant 0.9.4"],"gold_per_floor":[117,117,117,135,151,183,183,183,183],"floor_reached":8,"playtime":374,"items_purged":[],"score":56,"play_id":"3627d1e1-c7d0-4837-bf40-f9cac4482415","local_time":"20210102154939","is_ascension_mode":false,"campfire_choices":[],"circlet_count":0,"master_deck":["Strike_S","Strike_S","Strike_S","Strike_S","Defend_S","Defend_S","Defend_S","Defend_S","KidneyShot+1","Exchange+1","Contraction","Ricochet","Rearm"],"relics":["Uniform","hubris:Reverence"],"acts_visited":["Exordium"],"potions_floor_usage":[6,8],"damage_taken":[{"damage":2,"enemies":"2 Louse","floor":1,"turns":3},{"damage":0,"enemies":"conspire:RoseBush","floor":4,"turns":5},{"damage":4,"enemies":"Small Slimes","floor":5,"turns":3},{"damage":35,"enemies":"3 Sentries","floor":6,"turns":13},{"damage":29,"enemies":"Gremlin Nob","floor":8,"turns":4}],"seed_played":"-3919312160816090627","potions_obtained":[{"floor":1,"key":"Swift Potion"},{"floor":5,"key":"Milkshake"},{"floor":6,"key":"SpeedPotion"}],"is_trial":false,"path_per_floor":["M","?","?","M","M","E","?","E"],"character_chosen":"THE_SERVANT","items_purchased":[],"campfire_rested":0,"item_purchase_floors":[],"current_hp_per_floor":[63,63,63,63,59,24,24,0,0],"gold":183,"neow_bonus":"UPGRADE_CARD","is_daily":false,"chose_seed":false,"campfire_upgraded":0,"win_rate":0.0,"timestamp":1609620579,"path_taken":["M","?","?","M","M","E","?","E"],"items_purchased_type":[],"build_version":"2020-12-22","purchased_purges":0,"victory":false,"max_hp_per_floor":[65,65,65,65,65,65,65,65,65],"card_choices":[{"not_picked":["SpecialFormula","Starlight","ShatteredReality"],"picked":"SKIP","floor":1},{"not_picked":["DoubleEdge","Advance"],"picked":"Contraction","floor":4},{"not_picked":["Potential","Collapse"],"picked":"Ricochet","floor":5},{"not_picked":["BottledTime","Alleviate"],"picked":"Rearm","floor":6}],"player_experience":373737,"relics_obtained":[{"floor":6,"key":"hubris:Reverence"}],"event_choices":[{"damage_healed":0,"gold_gain":0,"player_choice":"Grow","damage_taken":0,"max_hp_gain":0,"max_hp_loss":0,"event_name":"Living Wall","floor":2,"gold_loss":0,"cards_upgraded":["Exchange"]},{"damage_healed":0,"gold_gain":0,"player_choice":"Ignored","damage_taken":0,"max_hp_gain":0,"max_hp_loss":0,"event_name":"Golden Wing","floor":3,"gold_loss":0}],"is_beta":false,"boss_relics":[],"items_purged_floors":[],"is_endless":false,"potions_floor_spawned":[1,5,6],"killed_by":"Gremlin Nob","ascension_level":0}}