{"host":"tw7a6rmo9h75ssrt","time":1609559780,"event":{"mods":["Act Like it!","BaseMod","Colored Map","Highlight Path","Minty Spire (QoL Compilation)","Permanent Neow","Quick Restart","Relic Stats","SuperFastMode"],"gold_per_floor":[118,138,138,158,258,258,290,290,315,252,263,277,277,289,289,289,289],"floor_reached":16,"playtime":776,"items_purged":["Strike_R"],"score":163,"play_id":"079467b0-cf08-42ef-9001-237e8cfd0587","local_time":"20210102115620","is_ascension_mode":true,"campfire_choices":[{"data":"Bash","floor":6.0,"key":"SMITH"},{"data":"Heavy Blade","floor":8.0,"key":"SMITH"},{"data":"Battle Trance","floor":15.0,"key":"SMITH"}],"circlet_count":0,"master_deck":["AscendersBane","Strike_R","Strike_R","Strike_R","Strike_R","Defend_R+1","Defend_R","Defend_R","Defend_R+1","Bash+1","Heavy Blade+1","Battle Trance+1","Clash","Parasite","Rupture"],"relics":["Burning Blood","NeowsBlessing","War Paint","MawBank"],"acts_visited":["Exordium"],"potions_floor_usage":[16],"damage_taken":[{"damage":0.0,"enemies":"Cultist","floor":1.0,"turns":1.0},{"damage":0.0,"enemies":"Jaw Worm","floor":2.0,"turns":1.0},{"damage":0.0,"enemies":"2 Louse","floor":4.0,"turns":1.0},{"damage":24.0,"enemies":"Gremlin Nob","floor":7.0,"turns":5.0},{"damage":42.0,"enemies":"Gremlin Gang","floor":11.0,"turns":6.0},{"damage":10.0,"enemies":"Blue Slaver","floor":12.0,"turns":3.0},{"damage":6.0,"enemies":"Large Slime","floor":14.0,"turns":8.0},{"damage":51,"enemies":"The Guardian","floor":16,"turns":12}],"seed_played":"-2952516011281493693","potions_obtained":[{"floor":2.0,"key":"SpeedPotion"},{"floor":4.0,"key":"ColorlessPotion"},{"floor":14.0,"key":"Strength Potion"}],"is_trial":false,"path_per_floor":["M","M","?","M","?","R","E","R","T","$","M","M","?","M","R","B"],"character_chosen":"IRONCLAD","items_purchased":[],"campfire_rested":0,"item_purchase_floors":[],"current_hp_per_floor":[78,80,80,80,80,80,62,62,62,62,26,22,42,42,42,0,0],"gold":289,"neow_bonus":"THREE_ENEMY_KILL","is_daily":false,"chose_seed":false,"campfire_upgraded":3,"win_rate":0.0,"timestamp":1609559780,"path_taken":["M","?","?","M","?","R","E","R","T","$","M","?","?","M","R","BOSS"],"items_purchased_type":[],"build_version":"2020-12-22","purchased_purges":1,"victory":false,"max_hp_per_floor":[80,80,80,80,80,80,80,80,80,80,80,80,80,80,80,80,80],"relic_stats":{"counters":[8,37],"War Paint":["Defend_R","Defend_R"],"MawBank":12,"obtain_stats":[{"NeowsBlessing":0,"War Paint":7,"MawBank":9,"Burning Blood":0},{"NeowsBlessing":0,"War Paint":4,"MawBank":4,"Burning Blood":0},{"NeowsBlessing":0,"War Paint":8,"MawBank":8,"Burning Blood":0}],"Burning Blood":32},"card_choices":[{"not_picked":["Armaments","Evolve","Havoc"],"picked":"SKIP","floor":1.0},{"not_picked":["Twin Strike","Havoc","Shrug It Off"],"picked":"SKIP","floor":2.0},{"not_picked":["True Grit","Metallicize"],"picked":"Heavy Blade","floor":4.0},{"not_picked":["Cleave","Power Through"],"picked":"Battle Trance","floor":7.0},{"not_picked":["Sever Soul","True Grit"],"picked":"Clash","floor":11.0},{"not_picked":["Clash","Pommel Strike","Headbutt"],"picked":"SKIP","floor":12.0},{"not_picked":["Heavy Blade","Iron Wave"],"picked":"Rupture","floor":14.0}],"player_experience":85853,"relics_obtained":[{"floor":7.0,"key":"War Paint"},{"floor":9.0,"key":"MawBank"}],"event_choices":[{"damage_healed":0.0,"max_hp_gain":0.0,"max_hp_loss":0.0,"gold_gain":0.0,"event_name":"Shining Light","player_choice":"Ignored","floor":3.0,"gold_loss":0.0,"damage_taken":0.0},{"damage_healed":0.0,"max_hp_gain":0.0,"max_hp_loss":0.0,"gold_gain":100.0,"event_name":"Wheel of Change","player_choice":"Gold","floor":5.0,"gold_loss":0.0,"damage_taken":0.0},{"damage_healed":20.0,"max_hp_gain":0.0,"max_hp_loss":0.0,"gold_gain":0.0,"event_name":"Mushrooms","player_choice":"Healed and dodged fight","floor":13.0,"gold_loss":0.0,"damage_taken":0.0,"cards_obtained":["Parasite"]}],"is_beta":false,"boss_relics":[],"items_purged_floors":[10],"is_endless":false,"potions_floor_spawned":[2,4,14],"killed_by":"The Guardian","ascension_level":12}}