{"host":"2m78pqva0leqn903","time":1609602132,"event":{"mods":["BaseMod","Minty Spire (QoL Compilation)","StSLib","TestMod"],"gold_per_floor":[119,44,44,44,61,87,87,122,122,142,161,173,204,218,218,294,294,305,325,338,246,262,262,294,6,6,24,53,53,67,101,101,180,180,198,208,220,220,220],"floor_reached":38,"playtime":3146,"items_purged":["Strike_R"],"score":970,"play_id":"7cc200e7-b2d6-422b-995b-7456b260b562","local_time":"20210102234212","is_ascension_mode":true,"campfire_choices":[{"data":"Entrench","floor":7.0,"key":"SMITH"},{"data":"Evolve","floor":15.0,"key":"SMITH"},{"data":"Juggernaut","floor":23.0,"key":"SMITH"},{"data":"Barricade","floor":32.0,"key":"SMITH"}],"circlet_count":0,"master_deck":["AscendersBane","Strike_R+1","Defend_R","Defend_R","Defend_R","Defend_R","Entrench+1","Limit Break","Evolve+1","Shrug It Off","Offering","Second Wind","Juggernaut+1","Power Through","Sentinel","Metallicize","Feel No Pain","Feel No Pain","Barricade+1","Flame Barrier+1"],"relics":["Burning Blood","testmod-TestBox","testmod-Fanaticism","NeowsBlessing","Prayer Wheel","Smiling Mask","testmod-InfectionSource","Whetstone","Philosopher\u0027s Stone","Toxic Egg 2","Turnip","Nloth\u0027s Gift","testmod-BouquetWithThorns","Empty Cage"],"acts_visited":["Exordium","TheCity","TheBeyond"],"potions_floor_usage":[37],"damage_taken":[{"damage":0.0,"enemies":"Jaw Worm","floor":1.0,"turns":1.0},{"damage":0.0,"enemies":"Small Slimes","floor":5.0,"turns":1.0},{"damage":0.0,"enemies":"Lagavulin","floor":6.0,"turns":2.0},{"damage":70.0,"enemies":"3 Sentries","floor":8.0,"turns":10.0},{"damage":2.0,"enemies":"2 Louse","floor":10.0,"turns":2.0},{"damage":86.0,"enemies":"Gremlin Gang","floor":11.0,"turns":6.0},{"damage":31.0,"enemies":"2 Fungi Beasts","floor":12.0,"turns":6.0},{"damage":19.0,"enemies":"Lagavulin","floor":13.0,"turns":5.0},{"damage":9.0,"enemies":"Looter","floor":14.0,"turns":3.0},{"damage":63.0,"enemies":"Slime Boss","floor":16.0,"turns":7.0},{"damage":55.0,"enemies":"Spheric Guardian","floor":18.0,"turns":4.0},{"damage":52.0,"enemies":"2 Thieves","floor":19.0,"turns":4.0},{"damage":48.0,"enemies":"Centurion and Healer","floor":20.0,"turns":6.0},{"damage":32.0,"enemies":"Shelled Parasite and Fungi","floor":22.0,"turns":3.0},{"damage":64.0,"enemies":"Book of Stabbing","floor":24.0,"turns":4.0},{"damage":42.0,"enemies":"Snake Plant","floor":27.0,"turns":3.0},{"damage":73.0,"enemies":"Gremlin Leader","floor":28.0,"turns":6.0},{"damage":48.0,"enemies":"Centurion and Healer","floor":30.0,"turns":6.0},{"damage":28.0,"enemies":"Book of Stabbing","floor":31.0,"turns":4.0},{"damage":58.0,"enemies":"Champ","floor":33.0,"turns":8.0},{"damage":52.0,"enemies":"3 Darklings","floor":35.0,"turns":4.0},{"damage":27.0,"enemies":"Orb Walker","floor":36.0,"turns":3.0},{"damage":6,"enemies":"Writhing Mass","floor":37,"turns":4},{"damage":120,"enemies":"Jaw Worm Horde","floor":38,"turns":3}],"seed_played":"2166769101124950821","potions_obtained":[{"floor":6.0,"key":"Swift Potion"},{"floor":8.0,"key":"Weak Potion"},{"floor":11.0,"key":"Weak Potion"},{"floor":14.0,"key":"SpeedPotion"},{"floor":19.0,"key":"ColorlessPotion"},{"floor":20.0,"key":"DuplicationPotion"},{"floor":28.0,"key":"PowerPotion"},{"floor":30.0,"key":"Swift Potion"},{"floor":37,"key":"SteroidPotion"}],"is_trial":false,"path_per_floor":["M","?","?","?","M","E","R","E","T","M","M","M","E","M","R","B",null,"M","M","M","$","M","R","E","$","T","M","E","?","M","E","R","B",null,"M","M","M","M"],"character_chosen":"IRONCLAD","items_purchased":["Feel No Pain","Toxic Egg 2"],"campfire_rested":0,"item_purchase_floors":[21,25],"current_hp_per_floor":[74,74,67,67,73,75,75,75,75,75,75,56,65,70,70,75,75,38,70,75,75,75,75,75,75,75,75,75,75,75,75,75,75,75,75,75,75,0,0],"gold":220,"neow_bonus":"THREE_ENEMY_KILL","is_daily":false,"chose_seed":false,"campfire_upgraded":4,"win_rate":0.0,"timestamp":1609602132,"path_taken":["M","?","?","?","?","E","R","E","T","M","M","M","E","M","R","BOSS","M","M","M","$","M","R","E","$","T","M","E","?","M","E","R","BOSS","M","M","?","M"],"items_purchased_type":["Card","Relic"],"build_version":"2020-12-22","purchased_purges":1,"victory":false,"max_hp_per_floor":[75,75,75,75,75,75,75,75,75,75,75,75,75,75,75,75,75,75,75,75,75,75,75,75,75,75,75,75,75,75,75,75,75,75,75,75,75,75,75],"card_choices":[{"not_picked":["Twin Strike","Bloodletting"],"picked":"Entrench","floor":1.0},{"not_picked":["Iron Wave","Whirlwind","Armaments"],"picked":"SKIP","floor":5.0},{"not_picked":["Headbutt","Ghostly Armor","Disarm"],"picked":"SKIP","floor":6.0},{"not_picked":["Havoc","True Grit"],"picked":"Limit Break","floor":8.0},{"not_picked":["Thunderclap","Sword Boomerang"],"picked":"Evolve","floor":10.0},{"not_picked":["Clash","Bloodletting","Wild Strike"],"picked":"SKIP","floor":10.0},{"not_picked":["Searing Blow","Havoc"],"picked":"Shrug It Off","floor":11.0},{"not_picked":["Perfected Strike","Clothesline","Entrench"],"picked":"SKIP","floor":11.0},{"not_picked":["Blood for Blood","Headbutt","Clash"],"picked":"SKIP","floor":12.0},{"not_picked":["Wild Strike","Battle Trance","Sever Soul"],"picked":"SKIP","floor":12.0},{"not_picked":["Sever Soul","Ghostly Armor"],"picked":"Offering","floor":13.0},{"not_picked":["Heavy Blade","True Grit"],"picked":"Second Wind","floor":14.0},{"not_picked":["Iron Wave","Heavy Blade","Hemokinesis"],"picked":"SKIP","floor":14.0},{"not_picked":["Reaper","Feed"],"picked":"Juggernaut","floor":16.0},{"not_picked":["Sever Soul+1","Wild Strike"],"picked":"Power Through","floor":18.0},{"not_picked":["Rupture","Spot Weakness","Cleave"],"picked":"SKIP","floor":18.0},{"not_picked":["Clash","Flex"],"picked":"Sentinel","floor":19.0},{"not_picked":["Whirlwind","Armaments","Disarm"],"picked":"SKIP","floor":19.0},{"not_picked":["Warcry","Whirlwind"],"picked":"Metallicize","floor":20.0},{"not_picked":["Heavy Blade","Clothesline","Reckless Charge"],"picked":"SKIP","floor":20.0},{"not_picked":["Bloodletting","Carnage"],"picked":"Feel No Pain","floor":22.0},{"not_picked":["Armaments","Limit Break","Heavy Blade"],"picked":"SKIP","floor":22.0},{"not_picked":["Wild Strike","Perfected Strike","Cleave"],"picked":"SKIP","floor":24.0},{"not_picked":["Heavy Blade","Blood for Blood"],"picked":"Barricade","floor":27.0},{"not_picked":["Iron Wave","Burning Pact+1"],"picked":"Flame Barrier+1","floor":27.0},{"not_picked":["Entrench+1","Perfected Strike","Shockwave+1"],"picked":"SKIP","floor":28.0},{"not_picked":["Whirlwind","Dual Wield+1","Havoc+1"],"picked":"SKIP","floor":30.0},{"not_picked":["Pommel Strike","Rupture","Bludgeon"],"picked":"SKIP","floor":30.0},{"not_picked":["Immolate","Havoc+1","Fiend Fire"],"picked":"SKIP","floor":31.0},{"not_picked":["Evolve","Whirlwind","Warcry+1"],"picked":"SKIP","floor":35.0},{"not_picked":["Battle Trance+1","Clash","Heavy Blade"],"picked":"SKIP","floor":35.0},{"not_picked":["Evolve","Whirlwind","Warcry+1"],"picked":"SKIP","floor":35.0},{"not_picked":["Battle Trance+1","Clash","Heavy Blade"],"picked":"SKIP","floor":35.0},{"not_picked":["Clothesline","Iron Wave","Juggernaut"],"picked":"SKIP","floor":36.0},{"not_picked":["Sentinel+1","Clothesline","Limit Break+1"],"picked":"SKIP","floor":36.0},{"not_picked":["Rage+1","Thunderclap","Headbutt"],"picked":"SKIP","floor":37},{"not_picked":["Bloodletting+1","Perfected Strike+1","Body Slam+1"],"picked":"SKIP","floor":37}],"player_experience":885056,"relics_obtained":[{"floor":6.0,"key":"Prayer Wheel"},{"floor":8.0,"key":"Smiling Mask"},{"floor":9.0,"key":"testmod-InfectionSource"},{"floor":13.0,"key":"Whetstone"},{"floor":24.0,"key":"Ornamental Fan"},{"floor":28.0,"key":"Turnip"},{"floor":31.0,"key":"testmod-BouquetWithThorns"}],"event_choices":[{"cards_removed":["Strike_R"],"damage_healed":0.0,"max_hp_gain":0.0,"max_hp_loss":0.0,"gold_gain":0.0,"event_name":"The Cleric","player_choice":"Card Removal","floor":2.0,"gold_loss":75.0,"damage_taken":0.0},{"cards_removed":["Strike_R"],"damage_healed":0.0,"max_hp_gain":0.0,"max_hp_loss":0.0,"gold_gain":0.0,"event_name":"Golden Wing","player_choice":"Card Removal","floor":3.0,"gold_loss":0.0,"damage_taken":7.0},{"damage_healed":0.0,"max_hp_gain":0.0,"max_hp_loss":0.0,"gold_gain":0.0,"event_name":"Liars Game","player_choice":"Ignored","floor":4.0,"gold_loss":0.0,"damage_taken":0.0},{"damage_healed":0.0,"max_hp_gain":0.0,"max_hp_loss":0.0,"gold_gain":0.0,"event_name":"N\u0027loth","player_choice":"Traded Relic","floor":29.0,"relics_lost":["Ornamental Fan"],"gold_loss":0.0,"damage_taken":0.0,"relics_obtained":["Nloth\u0027s Gift"]}],"is_beta":false,"boss_relics":[{"not_picked":["testmod-DreamHouse","Cursed Key"],"picked":"Philosopher\u0027s Stone"},{"not_picked":["Velvet Choker","SlaversCollar"],"picked":"Empty Cage"}],"items_purged_floors":[21],"is_endless":false,"potions_floor_spawned":[6,8,11,14,16,19,20,28,30,37],"killed_by":"Jaw Worm Horde","ascension_level":20}}