{"host":"eav5i5w47nlnv2l1","time":1609548777,"event":{"mods":["BaseMod","Minty Spire (QoL Compilation)"],"gold_per_floor":[16,33,33,33,56,72,90,90,90,105,119,119,159,159,159,278,278,302,30,49,69,31,69,69,82,163,178,178,203,203,41,41,171,171,191,215,238,251,272,272,285,299,323,347,368,144,144,165,165,165],"floor_reached":51,"playtime":3508,"items_purged":["Strike_P","Pain","Shame"],"score":656,"play_id":"4660e8c0-54d4-48d7-9e0b-417ecae1e0a2","local_time":"20210101195257","is_ascension_mode":false,"campfire_choices":[{"data":"Eruption","floor":8.0,"key":"SMITH"},{"data":"Ragnarok","floor":12.0,"key":"SMITH"},{"data":"SashWhip","floor":15.0,"key":"SMITH"},{"data":"Vault","floor":24.0,"key":"SMITH"},{"floor":30.0,"key":"REST"},{"data":"DevaForm","floor":32.0,"key":"SMITH"},{"floor":40.0,"key":"REST"},{"floor":47.0,"key":"REST"},{"floor":49.0,"key":"REST"}],"circlet_count":0,"master_deck":["Strike_P","Defend_P","Defend_P","Defend_P","Eruption+1","Vigilance","EmptyBody","EmptyFist","Evaluate+1","SashWhip+1","Ragnarok+1","Vault+1","Vault+1","Meditate+1","Brilliance+1","TalkToTheHand+1","Alpha","DevaForm+1","Ragnarok+1","Parasite","Evaluate"],"relics":["PureWater","Golden Idol","Pen Nib","Potion Belt","Cursed Key","Membership Card","Molten Egg 2","Sundial","Meat on the Bone","Busted Crown","Centennial Puzzle","Orrery"],"acts_visited":["Exordium","TheCity","TheBeyond"],"potions_floor_usage":[50,50,50,50],"damage_taken":[{"damage":0.0,"enemies":"Small Slimes","floor":1.0,"turns":4.0},{"damage":0.0,"enemies":"Jaw Worm","floor":2.0,"turns":5.0},{"damage":0.0,"enemies":"2 Louse","floor":5.0,"turns":2.0},{"damage":0.0,"enemies":"Exordium Thugs","floor":6.0,"turns":5.0},{"damage":0.0,"enemies":"Gremlin Gang","floor":7.0,"turns":5.0},{"damage":0.0,"enemies":"3 Louse","floor":10.0,"turns":1.0},{"damage":0.0,"enemies":"2 Fungi Beasts","floor":11.0,"turns":3.0},{"damage":6.0,"enemies":"Gremlin Nob","floor":13.0,"turns":3.0},{"damage":23.0,"enemies":"Hexaghost","floor":16.0,"turns":6.0},{"damage":0.0,"enemies":"3 Byrds","floor":18.0,"turns":5.0},{"damage":0.0,"enemies":"Shell Parasite","floor":20.0,"turns":4.0},{"damage":0.0,"enemies":"Snecko","floor":21.0,"turns":3.0},{"damage":1.0,"enemies":"Book of Stabbing","floor":23.0,"turns":4.0},{"damage":0.0,"enemies":"3 Cultists","floor":25.0,"turns":3.0},{"damage":22.0,"enemies":"Centurion and Healer","floor":27.0,"turns":6.0},{"damage":9.0,"enemies":"Sentry and Sphere","floor":29.0,"turns":5.0},{"damage":21.0,"enemies":"Champ","floor":33.0,"turns":8.0},{"damage":1.0,"enemies":"3 Darklings","floor":35.0,"turns":7.0},{"damage":2.0,"enemies":"Orb Walker","floor":36.0,"turns":4.0},{"damage":1.0,"enemies":"Maw","floor":37.0,"turns":6.0},{"damage":10.0,"enemies":"Writhing Mass","floor":38.0,"turns":5.0},{"damage":17.0,"enemies":"Sphere and 2 Shapes","floor":39.0,"turns":8.0},{"damage":2.0,"enemies":"3 Darklings","floor":41.0,"turns":3.0},{"damage":0.0,"enemies":"Transient","floor":42.0,"turns":7.0},{"damage":7.0,"enemies":"Spire Growth","floor":44.0,"turns":5.0},{"damage":11.0,"enemies":"4 Shapes","floor":45.0,"turns":9.0},{"damage":0.0,"enemies":"Maw","floor":48.0,"turns":6.0},{"damage":51,"enemies":"Donu and Deca","floor":50,"turns":8}],"seed_played":"6208020971959982865","potions_obtained":[{"floor":2.0,"key":"ColorlessPotion"},{"floor":11.0,"key":"BottledMiracle"},{"floor":16.0,"key":"Explosive Potion"},{"floor":23.0,"key":"LiquidBronze"},{"floor":25.0,"key":"Explosive Potion"},{"floor":29.0,"key":"PowerPotion"},{"floor":33.0,"key":"Fire Potion"},{"floor":36.0,"key":"ColorlessPotion"},{"floor":37.0,"key":"AttackPotion"},{"floor":41.0,"key":"Fruit Juice"},{"floor":45.0,"key":"Weak Potion"}],"is_trial":false,"path_per_floor":["M","M","?","?","M","M","M","R","T","M","M","R","E","?","R","B",null,"M","$","M","M","$","E","R","M","T","M","?","M","R","$","R","B",null,"M","M","M","M","M","R","M","M","T","M","M","$","R","M","R","B",null],"character_chosen":"WATCHER","items_purchased":["Membership Card","Molten Egg 2","Alpha","DevaForm","BlessingOfTheForge","PowerPotion","LiquidMemories","Orrery"],"campfire_rested":4,"item_purchase_floors":[19,19,31,31,46,46,46,46],"current_hp_per_floor":[72,72,67,60,60,60,60,60,60,60,60,60,54,54,54,31,67,67,67,67,67,67,66,66,66,66,44,44,35,55,55,55,34,67,66,64,63,53,36,56,59,59,59,52,41,41,62,62,72,33],"gold":165,"neow_bonus":"REMOVE_TWO","is_daily":false,"chose_seed":false,"campfire_upgraded":5,"win_rate":0.0,"timestamp":1609548777,"path_taken":["M","M","?","?","M","M","M","R","T","M","M","R","E","?","R","BOSS","M","$","M","M","$","E","R","M","T","M","?","M","R","$","R","BOSS","M","M","M","M","M","R","M","?","T","M","M","$","R","M","R","BOSS"],"items_purchased_type":["Relic","Relic","Card","Card","Potion","Potion","Potion","Relic"],"build_version":"2020-12-22","purchased_purges":3,"victory":true,"max_hp_per_floor":[72,72,67,67,67,67,67,67,67,67,67,67,67,67,67,67,67,67,67,67,67,67,67,67,67,67,67,67,67,67,67,67,67,67,67,67,67,67,67,67,72,72,72,72,72,72,72,72,72,72],"card_choices":[{"not_picked":["ForeignInfluence","MentalFortress"],"picked":"EmptyBody","floor":1.0},{"not_picked":["PathToVictory","FlurryOfBlows","Weave"],"picked":"SKIP","floor":2.0},{"not_picked":["PathToVictory","Swivel"],"picked":"EmptyFist","floor":5.0},{"not_picked":["WheelKick","CutThroughFate"],"picked":"Evaluate","floor":6.0},{"not_picked":["WreathOfFlame","Swivel"],"picked":"SashWhip","floor":7.0},{"not_picked":["Protect","Vengeance","PathToVictory"],"picked":"SKIP","floor":10.0},{"not_picked":["Evaluate","EmptyBody"],"picked":"Ragnarok","floor":11.0},{"not_picked":["MentalFortress","BowlingBash"],"picked":"Vault","floor":13.0},{"not_picked":["Ragnarok","Scrawl"],"picked":"Vault","floor":16.0},{"not_picked":["CarveReality","FollowUp","Protect"],"picked":"SKIP","floor":18.0},{"not_picked":["EmptyBody","EmptyFist+1"],"picked":"Meditate+1","floor":20.0},{"not_picked":["Nirvana+1","SashWhip+1"],"picked":"Brilliance+1","floor":21.0},{"not_picked":["EmptyBody","EmptyFist+1","SignatureMove+1"],"picked":"SKIP","floor":23.0},{"not_picked":["Consecrate+1","Pray"],"picked":"TalkToTheHand+1","floor":25.0},{"not_picked":["SashWhip+1","ThirdEye","CrushJoints+1"],"picked":"SKIP","floor":27.0},{"not_picked":["EmptyBody","Meditate","FlurryOfBlows+1"],"picked":"SKIP","floor":29.0},{"not_picked":["Alpha","Scrawl"],"picked":"Ragnarok+1","floor":33.0},{"not_picked":["ClearTheMind"],"picked":"SKIP","floor":35.0},{"not_picked":["BowlingBash+1"],"picked":"SKIP","floor":36.0},{"not_picked":["Consecrate+1"],"picked":"SKIP","floor":37.0},{"not_picked":["SashWhip+1"],"picked":"SKIP","floor":38.0},{"not_picked":["Crescendo+1"],"picked":"SKIP","floor":39.0},{"not_picked":["WindmillStrike+1"],"picked":"SKIP","floor":41.0},{"not_picked":[],"picked":"Evaluate","floor":42.0},{"not_picked":["PathToVictory"],"picked":"SKIP","floor":44.0},{"not_picked":["Collect+1"],"picked":"SKIP","floor":45.0},{"not_picked":["Crescendo+1"],"picked":"SKIP","floor":48.0}],"player_experience":1420315,"relics_obtained":[{"floor":9.0,"key":"Pen Nib"},{"floor":13.0,"key":"Potion Belt"},{"floor":23.0,"key":"Sundial"},{"floor":26.0,"key":"Meat on the Bone"},{"floor":43.0,"key":"Centennial Puzzle"}],"event_choices":[{"damage_healed":0.0,"max_hp_gain":0.0,"max_hp_loss":5.0,"gold_gain":0.0,"event_name":"Golden Idol","player_choice":"Lose Max HP","floor":3.0,"gold_loss":0.0,"damage_taken":0.0,"relics_obtained":["Golden Idol"]},{"cards_removed":["Defend_P"],"damage_healed":0.0,"max_hp_gain":0.0,"max_hp_loss":0.0,"gold_gain":0.0,"event_name":"Golden Wing","player_choice":"Card Removal","floor":4.0,"gold_loss":0.0,"damage_taken":7.0},{"damage_healed":0.0,"max_hp_gain":0.0,"max_hp_loss":0.0,"gold_gain":0.0,"event_name":"Upgrade Shrine","player_choice":"Upgraded","floor":14.0,"gold_loss":0.0,"damage_taken":0.0,"cards_upgraded":["Vault"]},{"damage_healed":0.0,"max_hp_gain":0.0,"max_hp_loss":0.0,"gold_gain":0.0,"event_name":"Accursed Blacksmith","player_choice":"Forge","floor":28.0,"gold_loss":0.0,"damage_taken":0.0,"cards_upgraded":["Evaluate"]}],"is_beta":false,"boss_relics":[{"not_picked":["SacredBark","Fusion Hammer"],"picked":"Cursed Key"},{"not_picked":["VioletLotus","Calling Bell"],"picked":"Busted Crown"}],"items_purged_floors":[22,31,46],"is_endless":false,"potions_floor_spawned":[2,11,16,23,25,29,33,36,37,41,45],"ascension_level":0}}