{"host":"5ue3ouo7xceh0hgf","time":1609580449,"event":{"mods":["AchievementEnabler","BaseMod","DeckTracker","Minty Spire (QoL Compilation)","StSLib"],"gold_per_floor":[113,126,126,126,145,180,198,198,198,211,226,258,277,312,324,441,453,480,492,504,338,338,374,374,374,374,387,396,427,443,458,458,560,623,641,443,459,135,135,144,162,199,269,287,287,129,151,167,167,167],"floor_reached":51,"playtime":6841,"items_purged":["Strike_B","Steam Power","Tempest"],"score":739,"play_id":"cb84c6b2-f57a-49c0-a98f-7f6042c1d9cf","local_time":"20210102104049","is_ascension_mode":false,"campfire_choices":[{"data":"Conserve Battery","floor":8.0,"key":"SMITH"},{"data":"Redo","floor":15.0,"key":"SMITH"},{"data":"White Noise","floor":24.0,"key":"SMITH"},{"floor":28.0,"key":"REST"},{"floor":32.0,"key":"REST"},{"floor":40.0,"key":"REST"},{"floor":45.0,"key":"REST"},{"data":"Zap","floor":49,"key":"SMITH"}],"circlet_count":0,"master_deck":["Zap+1","Dualcast","Core Surge","Coolheaded","Conserve Battery+1","Leap","Leap","Redo+1","Defragment","Force Field","Biased Cognition","CurseOfTheBell","White Noise+1","White Noise+1","Coolheaded","Skim","Conserve Battery","Reboot","All For One","Meteor Strike","Seek","Loop+1","Parasite"],"relics":["Cracked Core","Lantern","Bird Faced Urn","Eternal Feather","Bronze Scales","MawBank","Calling Bell","CeramicFish","The Courier","Unceasing Top","GremlinMask","Strange Spoon","Cables","Dream Catcher","Tiny Chest","Pandora\u0027s Box","Toolbox","Medical Kit","Orichalcum","Molten Egg 2","Oddly Smooth Stone"],"acts_visited":["Exordium","TheCity","TheBeyond"],"potions_floor_usage":[],"damage_taken":[{"damage":0.0,"enemies":"Small Slimes","floor":1.0,"turns":2.0},{"damage":1.0,"enemies":"Cultist","floor":2.0,"turns":3.0},{"damage":0.0,"enemies":"2 Louse","floor":5.0,"turns":2.0},{"damage":15.0,"enemies":"Lagavulin","floor":6.0,"turns":9.0},{"damage":4.0,"enemies":"Exordium Wildlife","floor":7.0,"turns":3.0},{"damage":0.0,"enemies":"3 Louse","floor":10.0,"turns":3.0},{"damage":0.0,"enemies":"2 Fungi Beasts","floor":11.0,"turns":3.0},{"damage":16.0,"enemies":"Gremlin Nob","floor":12.0,"turns":4.0},{"damage":2.0,"enemies":"Large Slime","floor":13.0,"turns":6.0},{"damage":4.0,"enemies":"3 Sentries","floor":14.0,"turns":7.0},{"damage":41.0,"enemies":"Slime Boss","floor":16.0,"turns":15.0},{"damage":4.0,"enemies":"Chosen","floor":18.0,"turns":6.0},{"damage":28.0,"enemies":"Book of Stabbing","floor":23.0,"turns":7.0},{"damage":11.0,"enemies":"2 Thieves","floor":27.0,"turns":4.0},{"damage":65.0,"enemies":"Slavers","floor":29.0,"turns":7.0},{"damage":0.0,"enemies":"Chosen and Byrds","floor":30.0,"turns":4.0},{"damage":19.0,"enemies":"3 Cultists","floor":31.0,"turns":5.0},{"damage":93.0,"enemies":"Automaton","floor":33.0,"turns":14.0},{"damage":21.0,"enemies":"3 Shapes","floor":35.0,"turns":5.0},{"damage":11.0,"enemies":"Orb Walker","floor":37.0,"turns":4.0},{"damage":26.0,"enemies":"Sphere and 2 Shapes","floor":41.0,"turns":5.0},{"damage":46.0,"enemies":"Reptomancer","floor":42.0,"turns":9.0},{"damage":14.0,"enemies":"Jaw Worm Horde","floor":44.0,"turns":5.0},{"damage":8.0,"enemies":"Writhing Mass","floor":47.0,"turns":5.0},{"damage":2,"enemies":"3 Darklings","floor":48,"turns":3},{"damage":96,"enemies":"Awakened One","floor":50,"turns":13}],"seed_played":"-7683974541278523806","potions_obtained":[{"floor":5.0,"key":"FairyPotion"},{"floor":6.0,"key":"SmokeBomb"},{"floor":10.0,"key":"BlessingOfTheForge"},{"floor":12.0,"key":"Regen Potion"},{"floor":14.0,"key":"LiquidBronze"},{"floor":16.0,"key":"Strength Potion"},{"floor":27.0,"key":"LiquidMemories"},{"floor":33.0,"key":"SteroidPotion"},{"floor":35.0,"key":"SteroidPotion"},{"floor":37.0,"key":"Explosive Potion"},{"floor":42.0,"key":"SteroidPotion"}],"is_trial":false,"path_per_floor":["M","M","?","?","M","E","M","R","T","M","M","E","M","E","R","B",null,"M","$","?","$","?","E","R","?","T","M","R","E","M","M","R","B",null,"M","$","M","$","?","R","M","E","T","M","R","$","M","M","R","B",null],"character_chosen":"DEFECT","items_purchased":["Strange Spoon","Toolbox","Meteor Strike","Medical Kit","Energy Potion","Oddly Smooth Stone"],"campfire_rested":4,"item_purchase_floors":[21,36,38,38,46,46],"current_hp_per_floor":[54,53,53,53,53,38,34,34,34,34,34,20,35,33,42,3,75,71,71,71,71,71,47,59,45,45,38,74,19,25,12,48,4,80,67,67,64,64,64,80,58,18,18,16,52,52,62,72,80,26],"gold":167,"neow_bonus":"THREE_RARE_CARDS","is_daily":false,"chose_seed":false,"campfire_upgraded":4,"win_rate":0.0,"timestamp":1609580449,"path_taken":["M","M","?","?","M","E","M","R","T","M","M","E","?","E","R","BOSS","M","$","?","?","?","E","R","?","T","M","R","E","?","M","R","BOSS","M","$","M","$","?","R","M","E","T","M","R","$","M","M","R","BOSS"],"items_purchased_type":["Relic","Relic","Card","Relic","Potion","Relic"],"build_version":"2020-12-22","purchased_purges":3,"victory":true,"max_hp_per_floor":[75,75,75,75,75,75,75,75,75,75,75,75,75,75,75,75,75,75,75,75,75,75,75,75,80,80,80,80,80,80,80,80,80,80,80,80,80,80,80,80,80,80,80,80,80,80,80,80,80,80],"card_choices":[{"not_picked":["Amplify","Buffer"],"picked":"Core Surge","floor":0.0},{"not_picked":["Steam","Turbo"],"picked":"Coolheaded","floor":1.0},{"not_picked":["Turbo","Redo"],"picked":"Conserve Battery","floor":2.0},{"not_picked":["Stack","Chill"],"picked":"Leap","floor":5.0},{"not_picked":["Beam Cell","Seek","Undo"],"picked":"SKIP","floor":6.0},{"not_picked":["Conserve Battery","Barrage"],"picked":"Leap","floor":7.0},{"not_picked":["Gash","Sweeping Beam"],"picked":"Redo","floor":10.0},{"not_picked":["Coolheaded","Streamline"],"picked":"Defragment","floor":11.0},{"not_picked":["Compile Driver","Conserve Battery"],"picked":"Force Field","floor":12.0},{"not_picked":["Ball Lightning","Aggregate","Conserve Battery"],"picked":"SKIP","floor":13.0},{"not_picked":["Ball Lightning","Rip and Tear","Turbo"],"picked":"SKIP","floor":14.0},{"not_picked":["Amplify","Fission"],"picked":"Biased Cognition","floor":16.0},{"not_picked":["Reinforced Body+1","Scrape","Hello World"],"picked":"SKIP","floor":18.0},{"not_picked":["Go for the Eyes","Rip and Tear"],"picked":"White Noise","floor":23.0},{"not_picked":["Beam Cell","Compile Driver","Rebound+1"],"picked":"SKIP","floor":27.0},{"not_picked":["Heatsinks","Hologram"],"picked":"White Noise+1","floor":28.0},{"not_picked":["Undo+1","Rebound","Cold Snap"],"picked":"SKIP","floor":29.0},{"not_picked":["Compile Driver","Turbo","Sweeping Beam+1"],"picked":"SKIP","floor":30.0},{"not_picked":["Heatsinks+1","Barrage","Coolheaded"],"picked":"SKIP","floor":31.0},{"not_picked":["Aggregate+1","Conserve Battery+1","Melter+1"],"picked":"SKIP","floor":35.0},{"not_picked":["Gash+1","Rebound","Barrage"],"picked":"SKIP","floor":37.0},{"not_picked":["Go for the Eyes","Reprogram"],"picked":"Seek","floor":40.0},{"not_picked":["Ball Lightning+1","Steam","Go for the Eyes+1"],"picked":"SKIP","floor":41.0},{"not_picked":["Beam Cell+1","Reinforced Body+1"],"picked":"Loop+1","floor":42.0},{"not_picked":["Stack+1","Skim+1","Go for the Eyes+1"],"picked":"SKIP","floor":44.0},{"not_picked":["Leap","Rebound+1","Barrage+1"],"picked":"SKIP","floor":47.0},{"not_picked":["Beam Cell+1","Electrodynamics","Stack+1"],"picked":"SKIP","floor":48}],"player_experience":1018077,"relics_obtained":[{"floor":6.0,"key":"Bird Faced Urn"},{"floor":9.0,"key":"Eternal Feather"},{"floor":12.0,"key":"Bronze Scales"},{"floor":14.0,"key":"MawBank"},{"floor":17.0,"key":"CeramicFish"},{"floor":17.0,"key":"The Courier"},{"floor":17.0,"key":"Unceasing Top"},{"floor":23.0,"key":"Cables"},{"floor":26.0,"key":"Dream Catcher"},{"floor":29.0,"key":"Tiny Chest"},{"floor":42.0,"key":"Orichalcum"},{"floor":43.0,"key":"Molten Egg 2"}],"event_choices":[{"damage_healed":0.0,"max_hp_gain":0.0,"max_hp_loss":0.0,"gold_gain":0.0,"event_name":"Big Fish","player_choice":"Box","floor":3.0,"gold_loss":0.0,"damage_taken":0.0,"relics_obtained":["Lantern"],"cards_obtained":["Regret"]},{"cards_removed":["Regret"],"damage_healed":0.0,"max_hp_gain":0.0,"max_hp_loss":0.0,"gold_gain":0.0,"event_name":"Purifier","player_choice":"Purged","floor":4.0,"gold_loss":0.0,"damage_taken":0.0},{"damage_healed":0.0,"max_hp_gain":0.0,"max_hp_loss":0.0,"gold_gain":0.0,"event_name":"FaceTrader","player_choice":"Trade","floor":20.0,"gold_loss":0.0,"damage_taken":0.0,"relics_obtained":["GremlinMask"]},{"damage_healed":0.0,"max_hp_gain":0.0,"max_hp_loss":0.0,"gold_gain":0.0,"event_name":"Ghosts","player_choice":"Ignored","floor":22.0,"gold_loss":0.0,"damage_taken":0.0},{"damage_healed":0.0,"max_hp_gain":5.0,"max_hp_loss":0.0,"gold_gain":0.0,"event_name":"Forgotten Altar","player_choice":"Shed Blood","floor":25.0,"gold_loss":0.0,"damage_taken":19.0},{"damage_healed":0.0,"max_hp_gain":0.0,"max_hp_loss":0.0,"gold_gain":0.0,"event_name":"Tomb of Lord Red Mask","player_choice":"Ignored","floor":39.0,"gold_loss":0.0,"damage_taken":0.0}],"is_beta":false,"boss_relics":[{"not_picked":["Coffee Dripper","Ectoplasm"],"picked":"Calling Bell"},{"not_picked":["Runic Pyramid","Sozu"],"picked":"Pandora\u0027s Box"}],"items_purged_floors":[21,36,38],"is_endless":false,"potions_floor_spawned":[5,6,10,12,14,16,27,33,35,37,42],"ascension_level":0}}