{"host":"37dk0reb6x0du8wx","time":1609597925,"event":{"mods":["BaseMod","Colored Map","DeckTracker","Minty Spire (QoL Compilation)","Quick Restart","StSLib","The Dragon Tamer"],"gold_per_floor":[114,114,114,35,49,49,74,94,94,125,125,140,153,164,164,164,164],"floor_reached":16,"playtime":468,"items_purged":[],"score":144,"play_id":"81220c0b-375e-476f-9a09-17457002112f","local_time":"20210102233205","is_ascension_mode":true,"campfire_choices":[{"data":"Crippling Poison","floor":6,"key":"SMITH"},{"floor":15,"key":"REST"}],"circlet_count":0,"master_deck":["Strike_G","Strike_G","Strike_G","Strike_G","Strike_G","Defend_G","Defend_G","Defend_G+1","Defend_G","Defend_G","Survivor","Neutralize+1","Crippling Poison+1","Footwork","Accuracy"],"relics":["Ring of the Snake","NeowsBlessing","WingedGreaves","Art of War","Bird Faced Urn","PreservedInsect"],"acts_visited":["Exordium"],"potions_floor_usage":[10,10,16,16],"damage_taken":[{"damage":0,"enemies":"Small Slimes","floor":1,"turns":1},{"damage":0,"enemies":"Jaw Worm","floor":5,"turns":1},{"damage":0,"enemies":"3 Sentries","floor":7,"turns":2},{"damage":0,"enemies":"Cultist","floor":8,"turns":4},{"damage":12,"enemies":"Gremlin Nob","floor":10,"turns":4},{"damage":0,"enemies":"Red Slaver","floor":12,"turns":4},{"damage":4,"enemies":"Blue Slaver","floor":13,"turns":4},{"damage":17,"enemies":"Gremlin Gang","floor":14,"turns":5},{"damage":39,"enemies":"Slime Boss","floor":16,"turns":8}],"seed_played":"6965454757955471685","potions_obtained":[{"floor":1,"key":"Poison Potion"},{"floor":7,"key":"PowerPotion"},{"floor":8,"key":"BlessingOfTheForge"},{"floor":10,"key":"LiquidMemories"}],"is_trial":false,"path_per_floor":["M","?","?","$","M","R","E","M","T","E","?","M","M","M","R","B"],"character_chosen":"THE_SILENT","items_purchased":["Footwork"],"campfire_rested":1,"item_purchase_floors":[4],"current_hp_per_floor":[70,75,63,63,63,63,63,63,63,53,38,40,38,23,45,12,12],"gold":164,"neow_bonus":"THREE_ENEMY_KILL","is_daily":false,"chose_seed":false,"campfire_upgraded":1,"win_rate":0.0,"timestamp":1609597925,"path_taken":["M","?","?","$","M","R","E","?","T","E","?","M","M","M","R","BOSS"],"items_purchased_type":["Card"],"build_version":"2020-12-22","purchased_purges":0,"victory":false,"max_hp_per_floor":[70,75,75,75,75,75,75,75,75,75,75,75,75,75,75,75,75],"card_choices":[{"not_picked":["Riddle With Holes","Underhanded Strike"],"picked":"Crippling Poison","floor":1},{"not_picked":["Escape Plan","Bane","Underhanded Strike"],"picked":"SKIP","floor":5},{"not_picked":["Quick Slash","Setup","Flechettes"],"picked":"SKIP","floor":7},{"not_picked":["Blade Dance","Reflex","Backflip"],"picked":"SKIP","floor":8},{"not_picked":["Choke","Distraction","Acrobatics"],"picked":"SKIP","floor":10},{"not_picked":["Endless Agony","Accuracy","Masterful Stab"],"picked":"SKIP","floor":12},{"not_picked":["Underhanded Strike","Skewer","Eviscerate"],"picked":"SKIP","floor":13},{"not_picked":["Sucker Punch","Blade Dance"],"picked":"Accuracy","floor":14}],"player_experience":122942,"relics_obtained":[{"floor":7,"key":"Art of War"},{"floor":9,"key":"Bird Faced Urn"},{"floor":10,"key":"PreservedInsect"}],"event_choices":[{"damage_healed":0,"gold_gain":0,"player_choice":"Donut","damage_taken":0,"max_hp_gain":5,"max_hp_loss":0,"event_name":"Big Fish","floor":2,"gold_loss":0},{"damage_healed":0,"gold_gain":0,"player_choice":"Success","damage_taken":12,"relics_obtained":["WingedGreaves"],"max_hp_gain":0,"max_hp_loss":0,"event_name":"Scrap Ooze","floor":3,"gold_loss":0},{"damage_healed":0,"gold_gain":0,"player_choice":"Entered Light","damage_taken":15,"max_hp_gain":0,"max_hp_loss":0,"event_name":"Shining Light","floor":11,"gold_loss":0,"cards_upgraded":["Neutralize","Defend_G"]}],"is_beta":false,"boss_relics":[],"items_purged_floors":[],"is_endless":false,"potions_floor_spawned":[1,7,8,10],"killed_by":"Slime Boss","ascension_level":1}}