{"host":"usrgk25etjl0nf5i","time":1609616308,"event":{"mods":["2.2 Compatiblity","BaseMod","Downfall","Hubris","Minty Spire (QoL Compilation)","StSLib","SuperFastMode"],"gold_per_floor":[110,110,110,60,60,60,79,107,177,210,81,114,46,65,65,170,170,190,190,110,110,129,162,162,192,192,210,240,259,259,80,80,185,185,205,217,33,308,320,347,347,379,403,430,440,458,458,458,458,458,458,458,25,51,51,51],"floor_reached":55,"playtime":2976,"items_purged":["Regret"],"score":1412,"play_id":"35c28090-8885-4428-8c42-7d212aa0fdf0","local_time":"20210102113828","is_ascension_mode":true,"campfire_choices":[{"data":"expansioncontent:DashGenerateEvil","floor":6,"key":"SMITH"},{"floor":15,"key":"REST"},{"data":"Wraith Form v2","floor":24,"key":"SMITH"},{"floor":30,"key":"REST"},{"data":"Venomology","floor":32,"key":"SMITH"},{"floor":41,"key":"DIG"},{"floor":49,"key":"RECALL"},{"floor":52,"key":"DIG"}],"circlet_count":0,"master_deck":["AscendersBane","Survivor","Neutralize+1","expansioncontent:DashGenerateEvil+1","Bane","Tactician","Cloak And Dagger","Terror","Envenom","Infinite Blades","Cloak And Dagger","Catalyst","Accuracy","Backflip","Wraith Form v2+1","Venomology+1","Bane+1","Blur","After Image","Riddle With Holes","Bouncing Flask","Night Terror","Concentrate","Escape Plan","PiercingWail+1","Accuracy","Catalyst","Escape Plan+1","Corpse Explosion","Blade Dance","Mayhem","Malaise","Footwork","Infinite Blades","Accuracy","Escape Plan+1","Backstab","Dagger Spray+1","Cloak And Dagger","Caltrops+1","hubris:Insight","Infinite Blades","expansioncontent:StudyTheSpire","Phantasmal Killer"],"relics":["Ring of the Snake","hubris:Towel","hubris:TinFlute","Darkstone Periapt","Mummified Hand","FossilizedHelix","Boot","Pandora\u0027s Box","Whetstone","Toy Ornithopter","hubris:PeanutButter","Anchor","SlaversCollar","TwistedFunnel","Shovel","hubris:CrystalStatue","Potion Belt","Ancient Tea Set","hubris:Icosahedron","Sundial","Vajra","Oddly Smooth Stone"],"acts_visited":["Exordium","TheCity","TheBeyond","TheEnding"],"potions_floor_usage":[8,16,22,23,23,25,27,28,29,29,33,35,36,39,40,44,44,45,46,46,46,50,50,50,55,55],"damage_taken":[{"damage":3,"enemies":"2 Louse","floor":1,"turns":2},{"damage":0,"enemies":"Small Slimes","floor":7,"turns":1},{"damage":18,"enemies":"Lagavulin","floor":8,"turns":9},{"damage":18,"enemies":"Gremlin Nob","floor":10,"turns":3},{"damage":0,"enemies":"Lagavulin","floor":12,"turns":7},{"damage":0,"enemies":"Cultist","floor":14,"turns":3},{"damage":29,"enemies":"Hexaghost","floor":16,"turns":9},{"damage":5,"enemies":"Spheric Guardian","floor":18,"turns":5},{"damage":6,"enemies":"Shell Parasite","floor":22,"turns":4},{"damage":2,"enemies":"Slavers","floor":23,"turns":6},{"damage":21,"enemies":"Book of Stabbing","floor":25,"turns":6},{"damage":12,"enemies":"Centurion and Healer","floor":27,"turns":5},{"damage":8,"enemies":"Gremlin Leader","floor":28,"turns":7},{"damage":0,"enemies":"Shelled Parasite and Fungi","floor":29,"turns":3},{"damage":2,"enemies":"Collector","floor":33,"turns":8},{"damage":0,"enemies":"3 Darklings","floor":35,"turns":3},{"damage":10,"enemies":"3 Shapes","floor":36,"turns":6},{"damage":0,"enemies":"Jaw Worm Horde","floor":39,"turns":3},{"damage":0,"enemies":"Giant Head","floor":40,"turns":6},{"damage":0,"enemies":"Nemesis","floor":42,"turns":7},{"damage":26,"enemies":"Reptomancer","floor":44,"turns":6},{"damage":39,"enemies":"Writhing Mass","floor":45,"turns":6},{"damage":0,"enemies":"3 Darklings","floor":46,"turns":3},{"damage":7,"enemies":"hubris:GrandSnecko","floor":50,"turns":12},{"damage":30,"enemies":"Shield and Spear","floor":54,"turns":5},{"damage":60,"enemies":"The Heart","floor":55,"turns":3}],"seed_played":"3981956469247402049","potions_obtained":[{"floor":7,"key":"AttackPotion"},{"floor":12,"key":"Ancient Potion"},{"floor":16,"key":"Poison Potion"},{"floor":19,"key":"Guardian:BlockOnCardUsePotion"},{"floor":23,"key":"AttackPotion"},{"floor":28,"key":"DistilledChaos"},{"floor":33,"key":"ColorlessPotion"},{"floor":35,"key":"EssenceOfSteel"},{"floor":42,"key":"Poison Potion"},{"floor":44,"key":"LiquidMemories"},{"floor":46,"key":"Swift Potion"}],"is_trial":false,"path_per_floor":["M","?","?","?","?","R","M","E","T","E","$","E","$","M","R","B",null,"M","?","$","?","M","E","R","E","T","M","E","M","R","$","R","B",null,"M","M","$","?","M","E","R","E","T","E","M","M","?","?","R","B",null,"R","$","E","B"],"character_chosen":"THE_SILENT","items_purchased":["Infinite Blades","Cloak And Dagger","Accuracy","Accuracy","Mayhem","TwistedFunnel","Accuracy","Vajra","Infinite Blades","expansioncontent:StudyTheSpire"],"campfire_rested":2,"item_purchase_floors":[11,11,13,20,31,37,37,53,53,53],"current_hp_per_floor":[60,60,60,60,57,57,57,39,39,21,21,21,21,21,42,13,56,51,51,51,51,45,43,43,22,22,15,12,22,43,43,43,46,64,69,60,60,66,71,76,76,76,76,55,21,36,36,36,36,44,68,68,68,38,0,0],"gold":51,"neow_bonus":"RANDOM_COLORLESS_2","is_daily":false,"chose_seed":false,"campfire_upgraded":3,"win_rate":0.0,"timestamp":1609616308,"path_taken":["M","?","?","?","?","R","M","E","T","E","$","E","?","M","R","BOSS","M","?","?","?","M","E","R","E","T","M","E","?","R","$","R","BOSS","M","M","$","?","?","E","R","E","T","E","M","M","?","?","R","BOSS","R","$","E","BOSS"],"items_purchased_type":["Card","Card","Card","Card","Card","Relic","Card","Relic","Card","Card"],"build_version":"2020-12-22","purchased_purges":1,"victory":false,"max_hp_per_floor":[70,70,70,70,70,70,70,70,70,70,70,70,70,70,70,70,70,70,70,70,70,70,70,70,70,70,70,70,70,70,70,70,70,70,70,70,70,76,76,76,76,76,76,76,76,76,76,76,76,76,76,76,76,76,76,76],"card_choices":[{"not_picked":["Mayhem","HandOfGreed"],"picked":"expansioncontent:DashGenerateEvil","floor":0},{"not_picked":["Flying Knee","Caltrops"],"picked":"Bane","floor":1},{"not_picked":["hubris:TrickCloak","Dagger Spray"],"picked":"Cloak And Dagger","floor":7},{"not_picked":["Tactician","Bane"],"picked":"Terror","floor":8},{"not_picked":["Accuracy","Flying Knee"],"picked":"Envenom","floor":10},{"not_picked":["Grand Finale","Poisoned Stab"],"picked":"Catalyst","floor":12},{"not_picked":["Dagger Throw","Doppelganger"],"picked":"Backflip","floor":14},{"not_picked":["Grand Finale","Storm of Steel"],"picked":"Wraith Form v2","floor":16},{"not_picked":["Flechettes+1","Prepared"],"picked":"PiercingWail+1","floor":18},{"not_picked":["Dodge and Roll","Escape Plan"],"picked":"Catalyst","floor":22},{"not_picked":["Dodge and Roll","Bane+1"],"picked":"Escape Plan+1","floor":23},{"not_picked":["Choke","Crippling Poison+1"],"picked":"Corpse Explosion","floor":25},{"not_picked":["Endless Agony","All Out Attack","Slice"],"picked":"SKIP","floor":27},{"not_picked":["Slice","Quick Slash","Deflect"],"picked":"SKIP","floor":28},{"not_picked":["Reflex+1","Quick Slash"],"picked":"Blade Dance","floor":29},{"not_picked":["Adrenaline","Burst"],"picked":"Malaise","floor":33},{"not_picked":["Acrobatics","Flying Knee+1"],"picked":"Footwork","floor":35},{"not_picked":["Slice","Terror"],"picked":"Infinite Blades","floor":36},{"not_picked":["Skewer","Predator"],"picked":"Escape Plan+1","floor":39},{"not_picked":["Reflex+1","Dash","Bane+1"],"picked":"SKIP","floor":40},{"not_picked":["Dagger Throw","Flying Knee"],"picked":"Backstab","floor":42},{"not_picked":["hubris:SlightOfHand+1","Underhanded Strike"],"picked":"Dagger Spray+1","floor":44},{"not_picked":["Expertise","Slice"],"picked":"Cloak And Dagger","floor":45},{"not_picked":["Choke","Outmaneuver+1"],"picked":"Caltrops+1","floor":46},{"not_picked":["Good Instincts","Blind"],"picked":"hubris:Insight","floor":48},{"not_picked":["PiercingWail","Deflect+1"],"picked":"Phantasmal Killer","floor":54}],"player_experience":608325,"relics_obtained":[{"floor":8,"key":"Darkstone Periapt"},{"floor":9,"key":"Mummified Hand"},{"floor":10,"key":"FossilizedHelix"},{"floor":12,"key":"Boot"},{"floor":23,"key":"Whetstone"},{"floor":25,"key":"Toy Ornithopter"},{"floor":26,"key":"hubris:PeanutButter"},{"floor":28,"key":"Anchor"},{"floor":40,"key":"Shovel"},{"floor":41,"key":"hubris:CrystalStatue"},{"floor":42,"key":"Potion Belt"},{"floor":44,"key":"Ancient Tea Set"},{"floor":52,"key":"Sundial"},{"floor":54,"key":"Oddly Smooth Stone"}],"event_choices":[{"damage_healed":0,"gold_gain":0,"cards_transformed":["Strike_G"],"player_choice":"Change","damage_taken":0,"max_hp_gain":0,"max_hp_loss":0,"event_name":"Living Wall","floor":2,"gold_loss":0,"cards_obtained":["Tactician"]},{"cards_removed":["Pain"],"damage_healed":0,"gold_gain":0,"player_choice":"Card Removal","damage_taken":0,"max_hp_gain":0,"max_hp_loss":0,"event_name":"The Cleric","floor":4,"gold_loss":50},{"damage_healed":0,"gold_gain":0,"player_choice":"Success","damage_taken":3,"relics_obtained":["hubris:TinFlute"],"max_hp_gain":0,"max_hp_loss":0,"event_name":"Scrap Ooze","floor":5,"gold_loss":0},{"damage_healed":0,"gold_gain":0,"player_choice":"Got Potions","damage_taken":0,"max_hp_gain":0,"max_hp_loss":0,"event_name":"Lab","floor":19,"gold_loss":0},{"damage_healed":0,"gold_gain":275,"player_choice":"Desecrate","damage_taken":0,"max_hp_gain":0,"max_hp_loss":0,"event_name":"Golden Shrine","floor":38,"gold_loss":0,"cards_obtained":["Regret"]},{"damage_healed":0,"gold_gain":0,"player_choice":"Memory 1","damage_taken":0,"max_hp_gain":0,"max_hp_loss":0,"event_name":"SensoryStone","floor":48,"gold_loss":0}],"is_beta":false,"boss_relics":[{"not_picked":["Tiny House","Empty Cage"],"picked":"Pandora\u0027s Box"},{"not_picked":["Runic Dome","Busted Crown"],"picked":"SlaversCollar"}],"items_purged_floors":[53],"is_endless":false,"potions_floor_spawned":[7,12,16,23,25,28,33,35,42,44,46],"killed_by":"The Heart","ascension_level":11}}