{"host":"nx6ib2o6hmd449ys","time":1609601552,"event":{"mods":["2.2 Compatiblity","Act Like it!","Arknights The Spire","Aspiration","BaseMod","Better Silent Start","Better Third Choice","BetterRewards","CCEM","Chen","Conjunction","Conspire","Downfall","Eldritch Tears","Elementarium","Energized Spire","Fireblade Mod","Friendly Minions","Gensokyo","GifTheSpireLib","GungeonMod","Halation","Hallownest","HornydragonMod","Hubris","Infinite Spire","Ironclad Rager","Jedi Mod","Marisa????????","Menagerie","Mimic Mod","Minty Spire (QoL Compilation)","MostiFishMod","Quick Restart","RRrroohrrRGHHhhh!!","Rare Cards Sparkle","RatMod","Replay The Spire","RumiaBox-????????","Shop Mod","Small Relic Pack","Somnambulant","Spicy Shops","Spikes Relics","StSLib","Stuff the Spire","TestMod","The Bladedancer","The Blue Laboratory","The Caster","The Clintock","The Dragon Tamer","The Exalted","The Factory","The Jungle","The Marked","The Runesmith","TheWitcher","Thrall Mod","Wandering Minibosses","Yakumo Yukari mod","[IsaacMod]????","noobMod","sanctuary","vexMod","??????REMEMod"],"gold_per_floor":[111,127,127,141,141,141,141,141,141,141,141,141,141,141,141,141,141,141,41,41,41],"floor_reached":20,"playtime":910,"items_purged":["Parasite","SnafuTest:CurseWeakArmy"],"score":446,"play_id":"d7517615-785a-40d2-b6fe-bae16d8f01bc","local_time":"20210102163232","is_ascension_mode":true,"campfire_choices":[{"floor":6.0,"key":"DIG"},{"floor":10.0,"key":"DIG"},{"floor":13.0,"key":"DIG"},{"floor":15.0,"key":"DIG"}],"circlet_count":0,"master_deck":["Chen:Strike","Chen:Strike","Chen:Strike","Chen:Strike","Chen:Strike","Chen:Defend","Chen:Defend","Chen:Defend","Chen:PounceTurnTail","Chen:GlitterPoke","Chen:Shapeshift","relicPack:TruthCard","relicPack:TruthCard","expansioncontent:Corrupt","Chen:UpperHand","Chen:SelfControl","Chen:SurpriseAttack","Chen:TauntHiss","Menagerie:SagesJudgement","Chen:Spray","Chen:TauntHiss","Chen:Sidestep","Chen:Knockout","Chen:PentagramFlight","Chen:RecklessLeap","Chen:WhateverWorks","Chen:Kimontonkou","Chen:Clarity","Chen:PhoenixEgg","Chen:Possession","relicPack:StarPlatinum","Chen:Lacerate","Chen:PentagramFlight","Chen:SurpriseAttack","Chen:Barrier","Chen:Sweep","conspire:SpireCoStock","conspire:SpireCoStock"],"relics":["Chen:Catnip","HushsDoor","DaveBox","testmod-TestBox","ice","REME_ComplimentaryCards","SteamSale","Sling","testmod-BouquetWithThorns","hubris:Potato","DemoMod:GnawedKey","Bird Faced Urn","Pen Nib","testmod-Laevatain","CCEMRelics:BiPhaseBiplane","vexMod:RedPlottingStone","SynthV:TestCard","jedi:ominousloannote","Shovel","halation:Convergence","Vajra","Replay:Ringing Soul","ReplayFunnel","Bromod:ArcaneTrickery","DemoMod:GlassGuonStoneRelic","ats:Originium","Bottled Flame","TheBean","testmod-OneHitWonder","testmod-InjuryResistance","vexMod:MemoryStick","Pet Ghost","REME_IWantAll","relicPack:StarArrow"],"acts_visited":["Menagerie:Menagerie","TheCity"],"potions_floor_usage":[],"damage_taken":[{"damage":1.0,"enemies":"Menagerie:2_RABBITS","floor":1.0,"turns":2.0},{"damage":0.0,"enemies":"Menagerie:MonstrousExperiment","floor":2.0,"turns":2.0},{"damage":0.0,"enemies":"Menagerie:StygianBoar","floor":4.0,"turns":1.0},{"damage":2.0,"enemies":"Menagerie:VoidReaper","floor":7.0,"turns":1.0},{"damage":0.0,"enemies":"Menagerie:EntropyWarlock","floor":8.0,"turns":1.0},{"damage":0.0,"enemies":"Menagerie:MaskedSummoner","floor":11.0,"turns":3.0},{"damage":1.0,"enemies":"Menagerie:MeltingSalamander","floor":12.0,"turns":2.0},{"damage":0.0,"enemies":"Menagerie:STYGIAN_BOAR_AND_WHISPERING_WRAITH","floor":14.0,"turns":2.0},{"damage":0.0,"enemies":"Menagerie:Chimera","floor":16.0,"turns":4.0},{"damage":0.0,"enemies":"conspire:FuzzyDice","floor":18.0,"turns":3.0},{"damage":0,"enemies":"3 Byrds","floor":20,"turns":1}],"seed_played":"-5491130839269065799","potions_obtained":[{"floor":4.0,"key":"blueLaboratory:PolymorphPotion"},{"floor":8.0,"key":"Flashbang"}],"is_trial":false,"path_per_floor":["M","M","?","M","$","R","E","M","T","R","E","M","R","MIM","R","B",null,"M","?","M"],"character_chosen":"CHEN","items_purchased":["hubris:Potato","DemoMod:GnawedKey","Bird Faced Urn","Pen Nib","CCEMRelics:BiPhaseBiplane","jedi:ominousloannote","Shovel","halation:Convergence","Vajra","Replay:Ringing Soul","ReplayFunnel"],"campfire_rested":0,"item_purchase_floors":[0,0,0,0,0,5,5,5,5,5,5],"current_hp_per_floor":[37,37,32,32,32,32,33,36,36,36,41,43,43,46,46,54,93,101,104,104,104],"gold":41,"neow_bonus":"","is_daily":false,"chose_seed":false,"campfire_upgraded":0,"win_rate":0.0,"timestamp":1609601552,"path_taken":["M","M","?","M","$","R","E","M","T","R","E","?","R","?","R","BOSS","M","?","?"],"items_purchased_type":["Relic","Relic","Relic","Relic","Relic","Relic","Relic","Relic","Relic","Relic","Relic"],"build_version":"2020-12-13","purchased_purges":2,"victory":false,"max_hp_per_floor":[67,67,67,67,67,67,70,73,73,73,76,79,79,82,82,90,93,101,104,104,104],"card_choices":[{"not_picked":[],"picked":"ChaosCard","floor":0.0},{"not_picked":["Chen:Flicker","Chen:Shapeshift"],"picked":"Chen:SurpriseAttack","floor":1.0},{"not_picked":["Chen:Instinct","Chen:ResistTemptation","Chen:Spray","Chen:SelfConfidence"],"picked":"Chen:TauntHiss","floor":2.0},{"not_picked":["Chen:Tear","Chen:SelfConfidence","Chen:RecklessLeap","Chen:Scratch"],"picked":"Chen:Spray","floor":4.0},{"not_picked":["Chen:Frivolous","Chen:CatPunch","Chen:Tear","Chen:Barrier"],"picked":"Chen:TauntHiss","floor":7.0},{"not_picked":["Chen:Recuperate","Chen:Copycat","Chen:Sweep","Chen:SelfConfidence"],"picked":"Chen:Sidestep","floor":8.0},{"not_picked":["Chen:Sidestep","Chen:Barrier","Chen:Catseye","Chen:MisdirectSwipe"],"picked":"Chen:Knockout","floor":11.0},{"not_picked":["Chen:EvasiveFireShift","Chen:RecklessLeap","Chen:Recuperate","Chen:Barrier"],"picked":"Chen:PentagramFlight","floor":12.0},{"not_picked":["Chen:Exploit","Chen:Barrier","Chen:Adaptability","Chen:Rush"],"picked":"Chen:RecklessLeap","floor":14.0},{"not_picked":["Chen:WhateverWorks","Chen:Kimontonkou","Chen:Clarity","Chen:PhoenixEgg","Chen:Possession"],"picked":"Singing Bowl","floor":16.0},{"not_picked":["Chen:Lacerate","Chen:PentagramFlight","Chen:SurpriseAttack","Chen:Barrier","Chen:Sweep"],"picked":"Singing Bowl","floor":18.0}],"player_experience":421386,"relics_obtained":[{"floor":1.0,"key":"SynthV:TestCard"},{"floor":6.0,"key":"Bromod:ArcaneTrickery"},{"floor":7.0,"key":"ats:Originium"},{"floor":7.0,"key":"Bottled Flame"},{"floor":9.0,"key":"TheBean"},{"floor":10.0,"key":"testmod-OneHitWonder"},{"floor":11.0,"key":"ats:Originium"},{"floor":11.0,"key":"testmod-InjuryResistance"},{"floor":13.0,"key":"vexMod:MemoryStick"},{"floor":14.0,"key":"Pet Ghost"},{"floor":15.0,"key":"REME_IWantAll"}],"event_choices":[{"damage_healed":0.0,"max_hp_gain":0.0,"max_hp_loss":0.0,"gold_gain":0.0,"event_name":"conspire:Investor","player_choice":"Invest 2","floor":19.0,"gold_loss":0.0,"damage_taken":0.0}],"is_beta":false,"boss_relics":[{"not_picked":["halation:CatFaceCupcake","halation:ForbiddenBikini"],"picked":"relicPack:StarArrow"},{"not_picked":[]}],"items_purged_floors":[0,5],"is_endless":false,"potions_floor_spawned":[4,8],"killed_by":"3 Byrds","ascension_level":1}}