{"host":"g01l53quoe6lrer0","time":1609599276,"event":{"mods":["2.2 Compatiblity","AchievementEnabler","BaseMod","Colored Map","Highlight Path","Keyboard Shortcuts","Minty Spire (QoL Compilation)","Permanent Neow","Quick Restart","StSLib","SuperFastMode","everything is the same but u backflip on backflip"],"gold_per_floor":[112,112,287,72,84,84,99,99,99,118,132,147,47,122,122,122,122],"floor_reached":16,"playtime":386,"items_purged":["Doubt","Strike_R"],"score":110,"play_id":"28abdf41-a1a8-40ee-b877-17d282b949ab","local_time":"20210102235436","is_ascension_mode":true,"campfire_choices":[{"data":"Bash","floor":6.0,"key":"SMITH"},{"data":"Offering","floor":8.0,"key":"SMITH"},{"floor":15,"key":"REST"}],"circlet_count":0,"master_deck":["Strike_R","Strike_R+1","Strike_R","Strike_R+1","Defend_R","Defend_R","Defend_R","Defend_R","Bash+1","Offering+1","Body Slam","Flex","Purity","Bloodletting","Headbutt","Evolve","Shrug It Off","Dropkick"],"relics":["Burning Blood","Kunai"],"acts_visited":["Exordium"],"potions_floor_usage":[12,16,16],"damage_taken":[{"damage":6.0,"enemies":"Cultist","floor":1.0,"turns":5.0},{"damage":6.0,"enemies":"2 Louse","floor":5.0,"turns":3.0},{"damage":10.0,"enemies":"Jaw Worm","floor":7.0,"turns":3.0},{"damage":0.0,"enemies":"Exordium Wildlife","floor":10.0,"turns":2.0},{"damage":16,"enemies":"Large Slime","floor":11,"turns":2},{"damage":11,"enemies":"Exordium Thugs","floor":12,"turns":6},{"damage":22,"enemies":"The Guardian","floor":16,"turns":8}],"seed_played":"5524963170727330337","potions_obtained":[{"floor":1.0,"key":"Energy Potion"},{"floor":7.0,"key":"Block Potion"},{"floor":10.0,"key":"EssenceOfSteel"},{"floor":12,"key":"DistilledChaos"}],"is_trial":false,"path_per_floor":["M","?","?","$","M","R","M","R","T","M","M","M","$","?","R","B"],"character_chosen":"IRONCLAD","items_purchased":["Flex","Purity"],"campfire_rested":1,"item_purchase_floors":[4,4],"current_hp_per_floor":[56,40,40,40,40,40,36,36,36,42,32,27,27,16,40,18,18],"gold":122,"neow_bonus":"THREE_RARE_CARDS","is_daily":false,"chose_seed":false,"campfire_upgraded":2,"win_rate":0.0,"timestamp":1609599276,"path_taken":["M","?","?","$","M","R","M","R","T","M","M","M","$","?","R","BOSS"],"items_purchased_type":["Card","Card"],"build_version":"2020-12-22","purchased_purges":2,"victory":false,"max_hp_per_floor":[80,80,80,80,80,80,80,80,80,80,80,80,80,80,80,80,80],"card_choices":[{"not_picked":["Impervious","Feed"],"picked":"Offering","floor":0.0},{"not_picked":["Pummel","Warcry"],"picked":"Body Slam","floor":1.0},{"not_picked":["Shrug It Off","Warcry"],"picked":"Bloodletting","floor":5.0},{"not_picked":["Battle Trance","Anger"],"picked":"Headbutt","floor":7.0},{"not_picked":["Wild Strike","Uppercut"],"picked":"Evolve","floor":10.0},{"not_picked":["Headbutt","Clash"],"picked":"Shrug It Off","floor":11},{"not_picked":["Double Tap","Flex"],"picked":"Dropkick","floor":12}],"player_experience":26931,"relics_obtained":[{"floor":9.0,"key":"Kunai"}],"event_choices":[{"damage_healed":0.0,"max_hp_gain":0.0,"max_hp_loss":0.0,"gold_gain":0.0,"event_name":"Shining Light","player_choice":"Entered Light","floor":2.0,"gold_loss":0.0,"damage_taken":16.0,"cards_upgraded":["Strike_R","Strike_R"]},{"damage_healed":0.0,"max_hp_gain":0.0,"max_hp_loss":0.0,"gold_gain":175.0,"event_name":"Liars Game","player_choice":"AGREE","floor":3.0,"gold_loss":0.0,"damage_taken":0.0,"cards_obtained":["Doubt"]},{"damage_healed":0,"gold_gain":75,"player_choice":"Gather Gold","damage_taken":11,"max_hp_gain":0,"max_hp_loss":0,"event_name":"World of Goop","floor":14,"gold_loss":0}],"is_beta":false,"boss_relics":[],"items_purged_floors":[4,13],"is_endless":false,"potions_floor_spawned":[1,7,10,12],"killed_by":"The Guardian","ascension_level":4}}