{"host":"amnup8uv961nil3y","time":1609623799,"event":{"mods":["Act Like it!","Aspiration","BaseMod","Bestiary","Better Altar","Better Match","Better Sensory Stone","Better Synergies","Better Third Choice","Block Reminder","Challenge The Spire","Colored Map","Colored Powertips","Colorless Booster Pack","Conspire","DeckTracker","Disable Question Mark Monsters","Elementarium","Energized Spire","Evolution","GifTheSpireLib","Halation","HexUI Lib","Highlight Path","Hubris","Infinite Spire","Lotus Mark","Menagerie","Minty Spire (QoL Compilation)","Pale of the Ancients","Potion Indicator Mod","Quarter Circle Forward PUNCH!","RatMod","Relic Stats","Replay The Spire","Reworked Bosses","Shop Mod","Small Relic Pack","Spicy Shops","Spikes Relics","StSLib","Stuff the Spire","Swap Starting Deck Mod","Trackpad","Useless Jewels Mod","Wandering Minibosses","vexMod"],"gold_per_floor":[116,341,151,165,46,46,37,66,92,104,121,121,121,126,126,213,213,227,227,227,244,249,262,262,278,278,278,294,311,323,361,423,518,530,609,374,474,482,1284,1314,1314,684,708,726,756,773,773,788,788,788,788,788,378,407,407],"floor_reached":56,"playtime":5982,"items_purged":["Shame","Strike_B","Writhe","Defend_B","Strike_B","Defend_B","Strike_B"],"score":1736,"play_id":"4f07fb96-b647-4778-9a85-793e8101fa86","local_time":"20210102214319","is_ascension_mode":true,"campfire_choices":[{"data":"Zap","floor":6.0,"key":"SMITH"},{"data":"Dualcast","floor":13.0,"key":"SMITH"},{"data":"Redo","floor":15.0,"key":"SMITH"},{"floor":27.0,"key":"RECALL"},{"data":"Redo","floor":30.0,"key":"SMITH"},{"data":"Skim","floor":41,"key":"SMITH"},{"data":"Metamorphosis","floor":47,"key":"SMITH"},{"data":"Strike_B","floor":49,"key":"PURGE"},{"data":"hubris:Fate","floor":52,"key":"SMITH"}],"circlet_count":0,"master_deck":["Defend_B","Defend_B","Zap+1","Dualcast+1","Stack","ReplayTheSpireMod:GoodbyeWorld","ReplayTheSpireMod:Repulse","Redo+1","Conserve Battery","Beam Cell","Go for the Eyes","Gash","Steam","Stack","Rebound","Skim+1","hubris:Fate+1","infinitespire:Starlight","Panic Button","Loop","RefreshScreen+1","Storm+1","Rebound+1","Redo+1","Loop","StuffTheSpire:ForEach","Recycle+1","Aggregate","Sweeping Beam","Metamorphosis+1","ReplayTheSpireMod:Repulse","hubris:PowerSurge","Loop","Loop","Impatience","Pot Of Greed","Pot Of Greed","Pot Of Greed","Pot Of Greed"],"relics":["EVO:Axolotl","StuffTheSpire:RunicHypercube","BargainBundle","DataDisk","Art of War","RollingBoulder","trackpad:BottledShadow","Replay:Ancient Bell","Omamori","qcfpunch:Green_Leotard","StuffTheSpire:NeowsTribute","Prayer Wheel","Iron Hammer","Pet Ghost","hubris:SphereOfDissonance","MawBank","aspiration:DSix","hubris:MobiusCoin","Elementarium:ElementariumTrophy","Busted Crown","hubris:EmptyBottle","wanderingMiniBosses:MasterThiefsPresence","StuffTheSpire:Expresso","Dream Catcher","Torii","LugNut","Grinning Jar","hubris:TinFlute"],"acts_visited":["Menagerie:Menagerie","Elementarium:Elementarium","TheBeyond","TheEnding"],"potions_floor_usage":[50,55,55,55],"damage_taken":[{"damage":0.0,"enemies":"Menagerie:WhisperingWraith","floor":1.0,"turns":4.0},{"damage":1.0,"enemies":"Menagerie:2_RABBITS","floor":4.0,"turns":4.0},{"damage":2.0,"enemies":"Menagerie:MonstrousExperiment","floor":7.0,"turns":5.0},{"damage":0.0,"enemies":"Menagerie:Hydra","floor":8.0,"turns":4.0},{"damage":0.0,"enemies":"Menagerie:3_RABBITS","floor":10.0,"turns":4.0},{"damage":5.0,"enemies":"Menagerie:VoidReaper","floor":11.0,"turns":4.0},{"damage":0.0,"enemies":"Menagerie:BEAST_MAGE_AND_PROWLING_AMALGAM","floor":14.0,"turns":4.0},{"damage":28.0,"enemies":"Menagerie:AVATARS","floor":16.0,"turns":7.0},{"damage":0.0,"enemies":"Elementarium:MUD_AND_TAR_GOLEMS","floor":18.0,"turns":4.0},{"damage":0.0,"enemies":"Elementarium:VoidCorruption","floor":21.0,"turns":3.0},{"damage":3.0,"enemies":"Elementarium:3_ELEMENTALS","floor":22.0,"turns":5.0},{"damage":7.0,"enemies":"Elementarium:ElementalPortal","floor":23.0,"turns":9.0},{"damage":0.0,"enemies":"Elementarium:FIRE_NOBILITY","floor":25.0,"turns":6.0},{"damage":3.0,"enemies":"Elementarium:CYCLONE_AND_ORB_OF_FIRE","floor":28.0,"turns":5.0},{"damage":0.0,"enemies":"Elementarium:ElementalPortal","floor":29.0,"turns":6.0},{"damage":0.0,"enemies":"Book of Stabbing","floor":31.0,"turns":4.0},{"damage":5.0,"enemies":"Elementarium:GoldenDragon","floor":33.0,"turns":7.0},{"damage":22.0,"enemies":"3 Darklings","floor":35.0,"turns":3.0},{"damage":0,"enemies":"3 Shapes","floor":38,"turns":2},{"damage":0,"enemies":"Transient","floor":39,"turns":5},{"damage":0,"enemies":"Reptomancer","floor":40,"turns":4},{"damage":0,"enemies":"3 Darklings","floor":44,"turns":3},{"damage":0,"enemies":"Nemesis","floor":45,"turns":3},{"damage":0,"enemies":"Maw","floor":46,"turns":4},{"damage":0,"enemies":"Spire Growth","floor":48,"turns":3},{"damage":6,"enemies":"bossMod:newShapes","floor":50,"turns":4},{"damage":0,"enemies":"Shield and Spear","floor":54,"turns":3},{"damage":27,"enemies":"The Heart","floor":55,"turns":5}],"seed_played":"-1059900063373382794","potions_obtained":[{"floor":4.0,"key":"AttackPotion"},{"floor":7.0,"key":"Weak Potion"},{"floor":8.0,"key":"Regen Potion"},{"floor":23.0,"key":"SkillPotion"},{"floor":25.0,"key":"Milkshake"},{"floor":38,"key":"Explosive Potion"},{"floor":45,"key":"FocusPotion"}],"is_trial":false,"path_per_floor":["M","?","$","M","$","R","M","E","T","M","E","T","R","M","R","B",null,"M","?","AVR","M","M","E","?","E","T","R","M","E","R","?","R_BF","B",null,"M","$","?","M","M","E","R","$","T","M","E","M","R","M","R_BF","B",null,"R","$","E","B",null],"character_chosen":"DEFECT","items_purchased":["BargainBundle","ReplayTheSpireMod:GoodbyeWorld","ReplayTheSpireMod:Repulse","Block Potion","Fire Potion","BlessingOfTheForge","Redo","Beam Cell","Go for the Eyes","hubris:EmptyBottle","Dream Catcher","Sweeping Beam","Metamorphosis","Loop","Impatience","Grinning Jar"],"campfire_rested":0,"item_purchase_floors":[3,3,3,3,3,3,3,5,5,36,42,42,42,53,53,53],"current_hp_per_floor":[75,75,75,74,74,74,72,72,72,72,67,67,67,67,67,39,75,75,62,62,72,79,80,80,80,80,80,77,77,77,77,61,66,80,68,68,68,78,80,80,80,80,80,80,80,80,80,80,80,74,80,80,80,80,53],"gold":407,"neow_bonus":"BOSS_RELIC","is_daily":false,"chose_seed":false,"campfire_upgraded":7,"win_rate":0.0,"timestamp":1609623799,"path_taken":["M","?","$","?","$","R","M","E","T","M","E","?","R","M","R","BOSS","M","?","AVR","M","M","E","?","E","T","R","M","E","R","?","R_BF","BOSS","M","$","?","M","M","E","R","?","T","?","E","M","R","M","R_BF","BOSS","R","$","E","BOSS"],"items_purchased_type":["Relic","Card","Card","Potion","Potion","Potion","Card","Card","Card","Relic","Relic","Card","Card","Card","Card","Relic"],"build_version":"2020-12-22","purchased_purges":7,"victory":true,"max_hp_per_floor":[75,75,75,75,75,75,75,75,75,75,75,75,75,75,75,75,75,75,80,80,80,80,80,80,80,80,80,80,80,80,80,80,80,80,80,80,80,80,80,80,80,80,80,80,80,80,80,80,80,80,80,80,80,80,80],"relic_stats":{"Dream Catcher":0,"Busted Crown":34,"Torii":0,"counters":[28,122],"Prayer Wheel":10,"Art of War":[2],"MawBank":84,"obtain_stats":[{"Torii":43,"EVO:Axolotl":0,"hubris:EmptyBottle":36,"Pet Ghost":23,"Dream Catcher":42,"qcfpunch:Green_Leotard":17,"RollingBoulder":11,"Prayer Wheel":18,"Iron Hammer":20,"Cracked Core":0,"aspiration:DSix":31,"StuffTheSpire:NeowsTribute":17,"LugNut":45,"hubris:TinFlute":54,"hubris:MobiusCoin":32,"BargainBundle":3,"StuffTheSpire:RunicHypercube":0,"hubris:SphereOfDissonance":25,"StuffTheSpire:Expresso":40,"wanderingMiniBosses:MasterThiefsPresence":39,"Replay:Ancient Bell":17,"Omamori":17,"MawBank":29,"DataDisk":8,"Busted Crown":34,"Elementarium:ElementariumTrophy":33,"trackpad:BottledShadow":12,"Art of War":9,"Grinning Jar":53},{"Torii":21,"EVO:Axolotl":0,"hubris:EmptyBottle":18,"Pet Ghost":12,"Dream Catcher":21,"qcfpunch:Green_Leotard":8,"RollingBoulder":6,"Prayer Wheel":9,"Iron Hammer":9,"Cracked Core":0,"aspiration:DSix":16,"StuffTheSpire:NeowsTribute":8,"LugNut":23,"hubris:TinFlute":27,"hubris:MobiusCoin":16,"BargainBundle":1,"StuffTheSpire:RunicHypercube":0,"hubris:SphereOfDissonance":13,"StuffTheSpire:Expresso":21,"wanderingMiniBosses:MasterThiefsPresence":20,"Replay:Ancient Bell":8,"Omamori":8,"MawBank":15,"DataDisk":4,"Busted Crown":17,"Elementarium:ElementariumTrophy":17,"trackpad:BottledShadow":6,"Art of War":4,"Grinning Jar":26},{"Torii":99,"EVO:Axolotl":0,"hubris:EmptyBottle":88,"Pet Ghost":57,"Dream Catcher":99,"qcfpunch:Green_Leotard":36,"RollingBoulder":25,"Prayer Wheel":38,"Iron Hammer":40,"Cracked Core":0,"aspiration:DSix":78,"StuffTheSpire:NeowsTribute":36,"LugNut":104,"hubris:TinFlute":118,"hubris:MobiusCoin":78,"BargainBundle":4,"StuffTheSpire:RunicHypercube":0,"hubris:SphereOfDissonance":63,"StuffTheSpire:Expresso":99,"wanderingMiniBosses:MasterThiefsPresence":95,"Replay:Ancient Bell":36,"Omamori":36,"MawBank":74,"DataDisk":17,"Busted Crown":85,"Elementarium:ElementariumTrophy":85,"trackpad:BottledShadow":25,"Art of War":17,"Grinning Jar":115}]},"card_choices":[{"not_picked":["Sweeping Beam","BasicCrystalCard"],"picked":"Stack","floor":1.0},{"not_picked":["Consume","conspire:Rain"],"picked":"Conserve Battery","floor":4.0},{"not_picked":["Go for the Eyes","Reinforced Body"],"picked":"Gash","floor":7.0},{"not_picked":["Blizzard","Barrage","Sweeping Beam"],"picked":"SKIP","floor":8.0},{"not_picked":["ReplayTheSpireMod:Reroute Power","Conserve Battery"],"picked":"Steam","floor":10.0},{"not_picked":["Electrodynamics","Coolheaded"],"picked":"Stack","floor":11.0},{"not_picked":["Coolheaded","hubris:Ukulele"],"picked":"Rebound","floor":14.0},{"not_picked":["StuffTheSpire:EventHorizon","Fission"],"picked":"ReplayTheSpireMod:Fabricate Wheel","floor":16.0},{"not_picked":["CurseOfTheBell","Delirium"],"picked":"hubris:Gluttony","floor":17.0},{"not_picked":["ReplayTheSpireMod:Faulty Equipment","relicPack:TruthCard"],"picked":"ReplayTheSpireMod:Doomed","floor":17.0},{"not_picked":["Regret","Looming Evil"],"picked":"Writhe","floor":17.0},{"not_picked":["Hologram","Leap+1"],"picked":"Skim","floor":18.0},{"not_picked":["FIFO Queue+1","Compile Driver","Auto Shields"],"picked":"SKIP","floor":18.0},{"not_picked":["Cold Snap","StuffTheSpire:LaunchingStrike","Sweeping Beam"],"picked":"SKIP","floor":21.0},{"not_picked":["Stack","Barrage+1","Sweeping Beam"],"picked":"SKIP","floor":21.0},{"not_picked":["Heatsinks","StuffTheSpire:LoadUp+1"],"picked":"Panic Button","floor":22.0},{"not_picked":["StuffTheSpire:LoadUp","Rainbow","StuffTheSpire:SnapShoot+1"],"picked":"SKIP","floor":22.0},{"not_picked":["Ball Lightning","StuffTheSpire:Plugnplay"],"picked":"Loop","floor":23.0},{"not_picked":["Aggregate+1","Hello World+1"],"picked":"RefreshScreen+1","floor":24.0},{"not_picked":["StuffTheSpire:Plugnplay+1","conspire:SharedLibrary+1"],"picked":"Storm+1","floor":25.0},{"not_picked":["Conserve Battery","Amplify"],"picked":"Rebound+1","floor":28.0},{"not_picked":["Panic Button","aspiration:Polymerization","ReplaySort"],"picked":"SKIP","floor":28.0},{"not_picked":["Compile Driver","Leap"],"picked":"Redo","floor":29.0},{"not_picked":["Ball Lightning","Multi-Cast"],"picked":"Loop","floor":31.0},{"not_picked":["Rainbow","StuffTheSpire:Purify"],"picked":"StuffTheSpire:ForEach","floor":33.0},{"not_picked":[],"picked":"Recycle+1","floor":35.0},{"not_picked":[],"picked":"Aggregate","floor":35.0},{"not_picked":["Leap+1"],"picked":"SKIP","floor":38},{"not_picked":["Ball Lightning+1"],"picked":"SKIP","floor":38},{"not_picked":["hubris:Ukulele"],"picked":"SKIP","floor":39},{"not_picked":["Barrage+1"],"picked":"SKIP","floor":39},{"not_picked":["StuffTheSpire:SnapShoot+1"],"picked":"SKIP","floor":40},{"not_picked":[],"picked":"ReplayTheSpireMod:Repulse","floor":44},{"not_picked":["Leap+1"],"picked":"SKIP","floor":44},{"not_picked":["Barrage"],"picked":"SKIP","floor":45},{"not_picked":["Glacier+1"],"picked":"SKIP","floor":46},{"not_picked":["Ball Lightning"],"picked":"SKIP","floor":46},{"not_picked":["Glacier+1"],"picked":"SKIP","floor":46},{"not_picked":["Ball Lightning"],"picked":"SKIP","floor":46},{"not_picked":[],"picked":"hubris:PowerSurge","floor":48},{"not_picked":["Conserve Battery"],"picked":"SKIP","floor":48},{"not_picked":["StuffTheSpire:Rend"],"picked":"SKIP","floor":54}],"player_experience":281682,"relics_obtained":[{"floor":8.0,"key":"DataDisk"},{"floor":9.0,"key":"Art of War"},{"floor":11.0,"key":"RollingBoulder"},{"floor":12.0,"key":"trackpad:BottledShadow"},{"floor":23.0,"key":"Pet Ghost"},{"floor":25.0,"key":"hubris:SphereOfDissonance"},{"floor":29.0,"key":"MawBank"},{"floor":31.0,"key":"aspiration:DSix"},{"floor":39,"key":"wanderingMiniBosses:MasterThiefsPresence"},{"floor":40,"key":"StuffTheSpire:Expresso"},{"floor":43,"key":"Torii"},{"floor":45,"key":"LugNut"},{"floor":54,"key":"hubris:TinFlute"}],"event_choices":[{"damage_healed":0.0,"max_hp_gain":0.0,"max_hp_loss":0.0,"gold_gain":225.0,"event_name":"Menagerie:SpiderNest","player_choice":"Raid","floor":2.0,"gold_loss":0.0,"damage_taken":0.0,"cards_obtained":["Shame"]},{"damage_healed":0.0,"max_hp_gain":5.0,"max_hp_loss":0.0,"gold_gain":0.0,"event_name":"Elementarium:RadiantAltar","player_choice":"Sacrifice","floor":19.0,"gold_loss":0.0,"damage_taken":18.0},{"damage_healed":0.0,"max_hp_gain":0.0,"max_hp_loss":0.0,"gold_gain":0.0,"event_name":"betterMatch:BetterMatch","player_choice":"2","floor":24.0,"gold_loss":0.0,"damage_taken":0.0,"cards_obtained":["betterMatch:UncommonCard"]},{"damage_healed":0.0,"max_hp_gain":0.0,"max_hp_loss":0.0,"gold_gain":0.0,"event_name":"Elementarium:OtherworldlyPassage","player_choice":"Enter","floor":31.0,"gold_loss":0.0,"damage_taken":0.0},{"damage_healed":0.0,"max_hp_gain":0.0,"max_hp_loss":0.0,"gold_gain":0.0,"event_name":"Elementarium:ShatteredPortal","player_choice":"Blood","floor":32.0,"gold_loss":0.0,"damage_taken":16.0,"relics_obtained":["hubris:MobiusCoin"]},{"damage_healed":0,"gold_gain":100,"player_choice":"Pray","damage_taken":0,"max_hp_gain":0,"max_hp_loss":0,"event_name":"Golden Shrine","floor":37,"gold_loss":0}],"is_beta":false,"boss_relics":[{"not_picked":["Fusion Hammer","vexMod:RockOfEvil"],"picked":"Replay:Ancient Bell"},{"not_picked":["Replay:Baseball","rat:KircheisShard"],"picked":"Omamori"},{"not_picked":["hubris:RGBLights","trackpad:WondrousWand"],"picked":"qcfpunch:Green_Leotard"},{"not_picked":["CrustySpines","vexMod:HeadHunter"],"picked":"StuffTheSpire:NeowsTribute"},{"not_picked":["halation:HeavySnake","hubris:HollowSoul"],"picked":"Busted Crown"}],"items_purged_floors":[3,20,36,36,42,42,53],"is_endless":false,"potions_floor_spawned":[4,7,8,23,25,28,38,40,44,45,48],"ascension_level":3}}