{"host":"s6t38s6k4widkzbu","time":1609587601,"event":{"mods":["ATMod(°¢èªMod)","Aspiration","BaseMod","Conspire","Downfall","Googly Eyes","Hermit","Highlight Path","Hunter ÁÔÈË","KinomotoSakuraMod(Ä¾Ö®±¾Ó£)","KomeijiMod","Marisa£¨ìFÓê¡¡Ä§ÀíÉ³£©","Minty Spire (QoL Compilation)","Permanent Neow","Prisma Mod","Quick Restart","READ ME - Guardian Mod","Reimu£¨²©ÀöÁéÃÎ£©","Remilia£¨ÀÙÃ×ÀòÑÇ£©","Replay The Spire","RumiaBox-Â¶Ã×æ«µÄÉñÃØºÐ×Ó","StSLib","The Animator","The Bladedancer","The Bug Knight","The Cursed","The Gatherer","The Jungle","The Mystic","The Runesmith","The Servant 0.9.4","Youmu£¨»êÆÇÑýÃÎ£©","Yuyuko","¡¾ÒÅÎï¿¨ÅÆ¡¿REMEMod","óô»ðÖ¸ÄÏ"],"gold_per_floor":[109,129,89,14,14,43,43,53,130,149,149,149,165,165,65,65,65,169,169,179,33,45,45,45,62,79,112,112,112,139,151,151,151,351,369,369,474,474,491,504,518,537,373,385,385,840,840,840,840,875,875,888,334,334,334,334,2,32,32,32],"floor_reached":59,"playtime":10122,"items_purged":["ClowCardTheSword","ClowCardTheShield","ClowCardTheShield","Amnesia","ClowCardTheSword"],"score":814,"play_id":"20d04b59-97ca-4582-87d3-633396dfb813","local_time":"20210102194001","is_ascension_mode":false,"campfire_choices":[{"data":"ClowCardTheFlower","floor":7.0,"key":"SMITH"},{"data":"ClowCardTheFloat","floor":14.0,"key":"SMITH"},{"data":"ClowCardTheLittle","floor":29.0,"key":"SMITH"},{"data":"ClowCardTheLight","floor":32.0,"key":"SMITH"},{"floor":36.0,"key":"RECALL"},{"floor":45.0,"key":"REST"},{"data":"ClowCardTheThunder","floor":56.0,"key":"SMITH"}],"circlet_count":0,"master_deck":["SakuraCardTheTwin+","ClowCardTheSword","ClowCardTheShield","ClowCardTheShield","SpellCardSeal","SpellCardRelease","PrismaMod:ChloeCarnivalAttack","ClowCardTheStorm","ClowCardTheFlower+1","ClowCardTheLittle+1","ClowCardTheFloat+1","ClowCardTheShadow+1","ClowCardTheLight+1","ClowCardTheRain+1","ClowCardTheFlower+1","ClowCardTheFirey+1","ClowCardTheSong+1","ClowCardTheCloud+1","ClowCardTheLock+1","ClowCardTheWood+1","ClowCardTheThunder+1","AT_EmpoweredMortalDraw","ClowCardTheSweet+1","ClowCardTheMove+1","ClowCardTheWave","ClowCardTheThrough","ClowCardTheErase+1","ClowCardTheLibra+1","ClowCardTheLock+1","ClowCardTheJump+1","ClowCardTheEarthy","ClowCardTheLittle+1"],"relics":["KSMOD_SealedBook","KSMOD_SealedWand","REME_ComplimentaryCards","aspiration:Nostalgia","MiniHakkero","PaintedHorse:ReiMu","AT_DeathDance","conspire:SlowCooker","SSSystem","Orichalcum","Bag of Marbles","AT_MortalBlade","Shuriken","Ring of Misfortune","ReplayTheSpireMod:Ring of Sloth","Mango","Strange Spoon","GodSword3","Runesmith:AutoHammer","AT_EbonyIvory"],"acts_visited":["Exordium","TheCity","TheBeyond","TheEnding"],"potions_floor_usage":[59],"damage_taken":[{"damage":1.0,"enemies":"Cultist","floor":1.0,"turns":4.0},{"damage":5.0,"enemies":"Small Slimes","floor":2.0,"turns":2.0},{"damage":3.0,"enemies":"3 Sentries","floor":6.0,"turns":5.0},{"damage":0.0,"enemies":"Jaw Worm","floor":8.0,"turns":3.0},{"damage":0.0,"enemies":"Gremlin Gang","floor":10.0,"turns":3.0},{"damage":9.0,"enemies":"Looter","floor":13.0,"turns":3.0},{"damage":0.0,"enemies":"Hexaghost","floor":18.0,"turns":9.0},{"damage":2.0,"enemies":"Chosen","floor":20.0,"turns":3.0},{"damage":0.0,"enemies":"3 Byrds","floor":22.0,"turns":5.0},{"damage":0.0,"enemies":"3 Cultists","floor":25.0,"turns":3.0},{"damage":12.0,"enemies":"Sentry and Sphere","floor":26.0,"turns":4.0},{"damage":0.0,"enemies":"conspire:SneckoGhost","floor":27.0,"turns":3.0},{"damage":0.0,"enemies":"conspire:HollyBat","floor":31.0,"turns":7.0},{"damage":0.0,"enemies":"Snecko","floor":35.0,"turns":4.0},{"damage":1.0,"enemies":"Automaton","floor":37.0,"turns":8.0},{"damage":8.0,"enemies":"3 Darklings","floor":39.0,"turns":3.0},{"damage":2.0,"enemies":"Orb Walker","floor":40.0,"turns":3.0},{"damage":60.0,"enemies":"Transient","floor":41.0,"turns":5.0},{"damage":0.0,"enemies":"3 Darklings","floor":42.0,"turns":2.0},{"damage":12.0,"enemies":"Writhing Mass","floor":44.0,"turns":4.0},{"damage":0.0,"enemies":"R_Hoarder","floor":50.0,"turns":6.0},{"damage":0.0,"enemies":"Sphere and 2 Shapes","floor":52.0,"turns":3.0},{"damage":13.0,"enemies":"conspire:OrnateMirror","floor":54.0,"turns":2.0},{"damage":11.0,"enemies":"Shield and Spear","floor":58.0,"turns":5.0},{"damage":97,"enemies":"The Heart","floor":59,"turns":5}],"seed_played":"4277025202203754819","potions_obtained":[{"floor":1.0,"key":"ExcitationPotion"},{"floor":8.0,"key":"AttackPotion"},{"floor":13.0,"key":"Fire Potion"},{"floor":18.0,"key":"Strength Potion"},{"floor":20.0,"key":"SneckoOil"},{"floor":22.0,"key":"FearPotion"},{"floor":35.0,"key":"PowerPotion"},{"floor":40.0,"key":"SteroidPotion"},{"floor":42.0,"key":"ZuzhouPotion:ReiMu"},{"floor":44.0,"key":"GrandPatriotsElixir:ReiMu"}],"is_trial":false,"path_per_floor":["M","M","?","$","?","E","R","M","T","M","PTL","PTL","M","R","$","?","R","B",null,"M","$","M","PTL","PTL","M","M","E","?","R","T","M","R","?","?","M","R","B",null,"M","M","M","M","$","M","R","?","T","?","?","E","?","M","R","B",null,"R","$","E","B"],"character_chosen":"KINOMOTOSAKURA","items_purchased":["SSSystem","ClowCardTheErase+1","Strange Spoon","GodSword3","Runesmith:AutoHammer"],"campfire_rested":1,"item_purchase_floors":[21,43,53,53,57],"current_hp_per_floor":[69,64,64,64,70,67,67,67,67,67,67,67,58,58,58,58,70,70,70,68,68,68,68,68,68,56,56,48,48,48,48,48,58,58,58,58,57,70,62,60,14,21,21,19,40,40,40,40,40,71,71,71,71,58,84,84,84,73,0,0],"gold":32,"neow_bonus":"NOSTALGIA","is_daily":false,"chose_seed":false,"campfire_upgraded":5,"win_rate":0.0,"timestamp":1609587601,"path_taken":["M","?","?","$","?","E","R","M","T","M","PTL","PTL","M","R","$","?","R","BOSS","M","$","?","PTL","PTL","M","M","E","?","R","T","M","R","?","?","?","R","BOSS","M","M","M","M","$","M","R","?","T","?","?","E","?","M","R","BOSS","R","$","E","BOSS"],"items_purchased_type":["Relic","Card","Relic","Relic","Relic"],"build_version":"2020-12-22","purchased_purges":5,"victory":false,"max_hp_per_floor":[70,70,70,70,70,70,70,70,70,70,70,70,70,70,70,70,70,70,70,70,70,70,70,70,70,70,70,70,70,70,70,70,70,70,70,70,70,70,70,70,70,70,70,70,70,70,70,70,70,84,84,84,84,84,84,84,84,84,84,84],"card_choices":[{"not_picked":["ClowCardTheIllusion","ClowCardTheBig"],"picked":"ClowCardTheStorm","floor":1.0},{"not_picked":["ClowCardTheSand","ClowCardTheMaze"],"picked":"ClowCardTheFlower","floor":2.0},{"not_picked":["ClowCardTheShot","ClowCardTheVoice"],"picked":"ClowCardTheTwin","floor":6.0},{"not_picked":["ClowCardTheLoop","ClowCardTheDream"],"picked":"ClowCardTheLittle","floor":8.0},{"not_picked":["ClowCardTheWatery","ClowCardThePower"],"picked":"ClowCardTheFloat","floor":10.0},{"not_picked":["ClowCardTheBubbles","ClowCardTheLibra"],"picked":"ClowCardTheShadow","floor":13.0},{"not_picked":["ClowCardTheDark","ClowCardTheFight"],"picked":"ClowCardTheLight","floor":18.0},{"not_picked":["ClowCardTheLock+1","ClowCardTheFly"],"picked":"ClowCardTheRain+1","floor":20.0},{"not_picked":["ClowCardTheShadow","ClowCardTheFreeze+1"],"picked":"ClowCardTheFlower+1","floor":22.0},{"not_picked":["ClowCardTheRain","ClowCardTheMaze"],"picked":"ClowCardTheFirey+1","floor":25.0},{"not_picked":["ClowCardTheGlow","ClowCardTheIllusion"],"picked":"ClowCardTheSong+1","floor":26.0},{"not_picked":["ClowCardTheMaze","ClowCardTheArrow"],"picked":"ClowCardTheCloud+1","floor":27.0},{"not_picked":["ClowCardTheSong+1","ClowCardTheFlower"],"picked":"ClowCardTheLock+1","floor":28.0},{"not_picked":["ClowCardTheLight","ClowCardTheSong"],"picked":"ClowCardTheWood+1","floor":31.0},{"not_picked":["ClowCardThePower","ClowCardTheCloud+1","ClowCardTheFirey"],"picked":"SKIP","floor":35.0},{"not_picked":["ClowCardTheDark","ClowCardTheDash"],"picked":"ClowCardTheThunder","floor":37.0},{"not_picked":["ClowCardThePower","ClowCardTheDream+1"],"picked":"ClowCardTheSweet+1","floor":39.0},{"not_picked":["ClowCardTheSleep+1","ClowCardTheFloat"],"picked":"ClowCardTheMove+1","floor":40.0},{"not_picked":["ClowCardTheWood+1","ClowCardTheShot"],"picked":"ClowCardTheWave","floor":41.0},{"not_picked":["ClowCardTheGlow+1","ClowCardTheLock+1"],"picked":"ClowCardTheThrough","floor":42.0},{"not_picked":["ClowCardTheLock","ClowCardTheIllusion+1"],"picked":"ClowCardTheLibra+1","floor":44.0},{"not_picked":["ClowCardTheLibra","ClowCardThePower"],"picked":"ClowCardTheLock+1","floor":46.0},{"not_picked":["ClowCardTheLock+1","ClowCardTheSnow+1"],"picked":"ClowCardTheJump+1","floor":50.0},{"not_picked":["ClowCardTheLibra+1","ClowCardTheCloud+1"],"picked":"ClowCardTheEarthy","floor":52.0},{"not_picked":["ClowCardTheEarthy","ClowCardTheFirey+1"],"picked":"ClowCardTheLittle+1","floor":58.0}],"player_experience":372543,"relics_obtained":[{"floor":6.0,"key":"AT_DeathDance"},{"floor":27.0,"key":"Orichalcum"},{"floor":30.0,"key":"Bag of Marbles"},{"floor":47.0,"key":"Shuriken"},{"floor":48.0,"key":"Ring of Misfortune"},{"floor":48.0,"key":"ReplayTheSpireMod:Ring of Sloth"},{"floor":50.0,"key":"Mango"},{"floor":58.0,"key":"AT_EbonyIvory"}],"event_choices":[{"damage_healed":0.0,"max_hp_gain":0.0,"max_hp_loss":0.0,"gold_gain":0.0,"event_name":"yidonshenshe","player_choice":"ÈûÇ®","floor":3.0,"gold_loss":40.0,"damage_taken":0.0,"relics_obtained":["PaintedHorse:ReiMu"]},{"cards_removed":["ClowCardTheSword"],"damage_healed":0.0,"max_hp_gain":0.0,"max_hp_loss":0.0,"gold_gain":0.0,"event_name":"Purifier","player_choice":"Purged","floor":16.0,"gold_loss":0.0,"damage_taken":0.0},{"damage_healed":0.0,"max_hp_gain":0.0,"max_hp_loss":0.0,"gold_gain":200.0,"event_name":"Wheel of Change","player_choice":"Gold","floor":34.0,"gold_loss":0.0,"damage_taken":0.0},{"damage_healed":0.0,"max_hp_gain":0.0,"max_hp_loss":0.0,"gold_gain":0.0,"event_name":"Tomb of Lord Red Mask","player_choice":"Ignored","floor":49.0,"gold_loss":0.0,"damage_taken":0.0},{"damage_healed":0.0,"max_hp_gain":0.0,"max_hp_loss":0.0,"gold_gain":0.0,"event_name":"SecretPortal","player_choice":"Ignored","floor":51.0,"gold_loss":0.0,"damage_taken":0.0}],"is_beta":false,"boss_relics":[{"not_picked":["Kintsugi","aspiration:PoetsPen_weak"],"picked":"conspire:SlowCooker"},{"not_picked":["Tiny House","Snecko Eye"],"picked":"AT_MortalBlade"}],"items_purged_floors":[4,15,43,53,57],"is_endless":false,"potions_floor_spawned":[1,8,13,18,20,22,26,35,40,42,44],"killed_by":"The Heart","ascension_level":0}}