{"host":"2pt9f5ojqg0apn28","time":1609559587,"event":{"mods":["AchievementEnabler","BaseMod","Better Altar","Better Match","Better Note","Better Sensory Stone","Better Skull","Better Third Choice","Colored Map","Colored Powertips","Hubris","Infinite Spire","Lobotomy","LobotomyExtend","Minty Spire (QoL Compilation)","Replay The Spire","StSLib"],"gold_per_floor":[112,112,112,112,131,156,176,189,268,268,298,308,363,377,377,476,476,456,470,488,501,148,148,148],"floor_reached":23,"playtime":1099,"items_purged":["Regret"],"score":230,"play_id":"c34ca632-cc39-44d4-9624-5d390a3ff717","local_time":"20210102105307","is_ascension_mode":false,"campfire_choices":[{"data":"Dualcast","floor":10,"key":"SMITH"},{"floor":15,"key":"REST"}],"circlet_count":0,"master_deck":["Strike_B","Strike_B","Strike_B","Defend_B","Defend_B","Defend_B","Defend_B","Zap","Dualcast+1","Beam Cell","Darkness","Glacier","Go for the Eyes","Cold Snap","Mirror Shield","CommonCold","Clumsy","Hallucinations","Ball Lightning+1","White Noise","Loop+1","Defragment","Conserve Battery"],"relics":["Cracked Core","NeowsBlessing","LetterFromLob","Bird Faced Urn","ReplayFunnel","infinitespire:EmpoweringShard","hubris:Reverence","PreservedInsect","Geode","Replay:Ancient Bell","Oddly Smooth Stone","Kunai","Unceasing Top","Happy Flower"],"acts_visited":["Exordium","TheCity"],"potions_floor_usage":[16,16,16,23],"damage_taken":[{"damage":0,"enemies":"Small Slimes","floor":1,"turns":1},{"damage":0,"enemies":"2 Louse","floor":5,"turns":1},{"damage":0,"enemies":"Gremlin Nob","floor":6,"turns":1},{"damage":3,"enemies":"Cultist","floor":7,"turns":3},{"damage":17,"enemies":"Exordium Wildlife","floor":8,"turns":4},{"damage":17,"enemies":"Lagavulin","floor":11,"turns":6},{"damage":14,"enemies":"Gremlin Gang","floor":12,"turns":5},{"damage":1,"enemies":"3 Louse","floor":14,"turns":2},{"damage":18,"enemies":"Hexaghost","floor":16,"turns":12},{"damage":6,"enemies":"2 Thieves","floor":18,"turns":4},{"damage":12,"enemies":"Spheric Guardian","floor":19,"turns":6},{"damage":32,"enemies":"3 Cultists","floor":20,"turns":4},{"damage":6,"enemies":"Snake Plant","floor":21,"turns":4},{"damage":31,"enemies":"Slavers","floor":23,"turns":4}],"seed_played":"-5646159265507255144","potions_obtained":[{"floor":5,"key":"FearPotion"},{"floor":7,"key":"Dexterity Potion"},{"floor":8,"key":"Explosive Potion"},{"floor":11,"key":"Regen Potion"},{"floor":18,"key":"Milkshake"},{"floor":19,"key":"SpeedPotion"}],"is_trial":false,"path_per_floor":["M","?","?","?","M","E","M","M","T","R","E","M","T","M","R","B",null,"M","M","M","M","$","E"],"character_chosen":"DEFECT","items_purchased":["Defragment","Happy Flower","Conserve Battery"],"campfire_rested":1,"item_purchase_floors":[22,22,22],"current_hp_per_floor":[75,75,63,63,63,63,60,43,43,43,26,12,12,11,33,30,75,69,57,27,23,23,0,0],"gold":148,"neow_bonus":"THREE_ENEMY_KILL","is_daily":false,"chose_seed":false,"campfire_upgraded":1,"win_rate":0.0,"timestamp":1609559587,"path_taken":["M","?","?","?","?","E","M","M","T","R","E","M","?","M","R","BOSS","M","M","?","?","$","E"],"items_purchased_type":["Card","Relic","Card"],"build_version":"2020-12-22","purchased_purges":1,"victory":false,"max_hp_per_floor":[75,75,75,75,75,75,75,75,75,75,75,75,75,75,75,75,75,75,75,75,75,75,75,75],"card_choices":[{"not_picked":["Gash","Loop"],"picked":"Beam Cell","floor":1},{"not_picked":["Steam","Time Bomb"],"picked":"Darkness","floor":5},{"not_picked":["Rebound","Barrage","hubris:SpecializedCircuitry"],"picked":"SKIP","floor":6},{"not_picked":["Ball Lightning","Crystallizer"],"picked":"Glacier","floor":7},{"not_picked":["ReplayTheSpireMod:System Scan","Undo"],"picked":"Go for the Eyes","floor":8},{"not_picked":["Leap","Coolheaded","Compile Driver"],"picked":"SKIP","floor":11},{"not_picked":["Ball Lightning","Coolheaded"],"picked":"Cold Snap","floor":12},{"not_picked":["Time Bomb","hubris:PowerSurge","BasicCrystalCard"],"picked":"SKIP","floor":14},{"not_picked":["Seek","Multi-Cast"],"picked":"Mirror Shield","floor":16},{"not_picked":["ReplayTheSpireMod:Faulty Equipment","CurseOfTheBell"],"picked":"CommonCold","floor":17},{"not_picked":["Writhe","Pain"],"picked":"Clumsy","floor":17},{"not_picked":["Looming Evil","Injury"],"picked":"Hallucinations","floor":17},{"not_picked":["Hologram","Stack"],"picked":"Ball Lightning+1","floor":18},{"not_picked":["Go for the Eyes+1","FTL"],"picked":"White Noise","floor":19},{"not_picked":["Leap","All For One","Cold Snap"],"picked":"SKIP","floor":20},{"not_picked":["Aggregate","Gash+1"],"picked":"Loop+1","floor":21}],"player_experience":33796,"relics_obtained":[{"floor":1,"key":"LetterFromLob"},{"floor":6,"key":"infinitespire:EmpoweringShard"},{"floor":9,"key":"hubris:Reverence"},{"floor":11,"key":"PreservedInsect"},{"floor":13,"key":"Geode"}],"event_choices":[{"damage_healed":0,"gold_gain":0,"player_choice":"Box","damage_taken":0,"relics_obtained":["Bird Faced Urn"],"max_hp_gain":0,"max_hp_loss":0,"event_name":"Big Fish","floor":2,"gold_loss":0,"cards_obtained":["Regret"]},{"damage_healed":0,"gold_gain":0,"player_choice":"Relic ","damage_taken":12,"max_hp_gain":0,"max_hp_loss":0,"event_name":"betterThird:BetterScrap","floor":3,"gold_loss":0,"cards_obtained":["WheelKick"]},{"cards_removed":["Strike_B"],"damage_healed":0,"gold_gain":0,"player_choice":"Offered Basic","damage_taken":0,"max_hp_gain":0,"max_hp_loss":0,"event_name":"Bonfire Elementals","floor":4,"gold_loss":0}],"is_beta":false,"boss_relics":[{"not_picked":["Replay:Drink Me","Runic Pyramid"],"picked":"Replay:Ancient Bell"},{"not_picked":["ReplayTheSpireMod:Lightbulb","Strawberry"],"picked":"Oddly Smooth Stone"},{"not_picked":["hubris:TinFlute","hubris:DisguiseKit"],"picked":"Kunai"},{"not_picked":["infinitespire:Golems Mask","Ginger"],"picked":"Unceasing Top"}],"items_purged_floors":[22],"is_endless":false,"potions_floor_spawned":[5,7,8,11,18,19],"killed_by":"Slavers","ascension_level":0}}