{"host":"mytek2nu1hrzdnew","time":1609621680,"event":{"mods":["Aspiration","BaseMod","Conspire","Evolution","GifTheSpireLib","Gold Saver","Hubris","Minty Spire (QoL Compilation)","Replay The Spire","StSLib","Stuff the Spire","Uncapped"],"gold_per_floor":[111,127,146,13,23,52,52,77,77,77,104,121,196,209,209,310,310,327,21,38,38,38],"floor_reached":21,"playtime":1133,"items_purged":["Dualcast"],"score":231,"play_id":"5b11bbd6-17f3-4ecd-b0fb-42812cb58b65","local_time":"20210102160800","is_ascension_mode":true,"campfire_choices":[{"data":"Zap","floor":7,"key":"SMITH"},{"data":"Sweeping Beam","floor":10,"key":"SMITH"},{"floor":15,"key":"REST"}],"circlet_count":0,"master_deck":["Sweeping Beam+1","Sweeping Beam","Strike_B","Strike_B","Defend_B","Defend_B","Defend_B","Defend_B","Zap+1","BootSequence","Go for the Eyes","ReplayGash","ReplayGash","Go for the Eyes","FTL","Consecrate"],"relics":["Cracked Core","EVO:Axolotl","Durian","aspiration:FetidBarrel","Replay:Rubber Ducky","aspiration:WatcherSkillbook","Unceasing Top"],"acts_visited":["Exordium","TheCity"],"potions_floor_usage":[8,14,16],"damage_taken":[{"damage":7,"enemies":"Small Slimes","floor":1,"turns":3},{"damage":0,"enemies":"Jaw Worm","floor":2,"turns":3},{"damage":1,"enemies":"Cultist","floor":3,"turns":3},{"damage":1,"enemies":"Looter","floor":5,"turns":3},{"damage":25,"enemies":"Gremlin Nob","floor":6,"turns":4},{"damage":5,"enemies":"3 Sentries","floor":8,"turns":4},{"damage":15,"enemies":"Lagavulin","floor":11,"turns":5},{"damage":0,"enemies":"Lots of Slimes","floor":12,"turns":2},{"damage":0,"enemies":"3 Louse","floor":14,"turns":2},{"damage":30,"enemies":"Fading Forest","floor":16,"turns":11},{"damage":9,"enemies":"Chosen","floor":18,"turns":5},{"damage":19,"enemies":"Shell Parasite","floor":20,"turns":5},{"damage":63,"enemies":"Snecko","floor":21,"turns":6}],"seed_played":"6608286799376631586","potions_obtained":[{"floor":1,"key":"CultistPotion"},{"floor":6,"key":"Fire Potion"},{"floor":11,"key":"Explosive Potion"},{"floor":20,"key":"Dexterity Potion"}],"is_trial":false,"path_per_floor":["M","M","M","$","M","E","R","E","T","R","E","M","?","M","R","B",null,"M","$","M","M"],"character_chosen":"DEFECT","items_purchased":["ReplayGash","Unceasing Top"],"campfire_rested":1,"item_purchase_floors":[4,19],"current_hp_per_floor":[75,75,74,74,73,53,53,48,48,48,33,33,22,22,48,26,87,78,78,59,0,0],"gold":38,"neow_bonus":"TEN_PERCENT_HP_BONUS","is_daily":false,"chose_seed":false,"campfire_upgraded":2,"win_rate":0.0,"timestamp":1609621680,"path_taken":["M","M","M","$","M","E","R","E","T","R","E","M","?","M","R","BOSS","M","$","M","M"],"items_purchased_type":["Card","Relic"],"build_version":"2020-12-22","purchased_purges":1,"victory":false,"max_hp_per_floor":[82,82,82,82,82,87,87,87,87,87,87,87,87,87,87,87,87,87,87,87,87,87],"card_choices":[{"not_picked":["Streamline","Auto Shields"],"picked":"BootSequence","floor":1},{"not_picked":["Sweeping Beam","Turbo","Hologram"],"picked":"SKIP","floor":2},{"not_picked":["Coolheaded","Panic Button"],"picked":"Go for the Eyes","floor":3},{"not_picked":["hubris:PowerSurge","Undo","conspire:SharedLibrary"],"picked":"SKIP","floor":5},{"not_picked":["Fission","Conserve Battery"],"picked":"Go for the Eyes","floor":6},{"not_picked":["Panic Button","Sweeping Beam","Conserve Battery"],"picked":"SKIP","floor":8},{"not_picked":["Auto Shields","Hello World"],"picked":"FTL","floor":11},{"not_picked":["Capacitor","Redo","Self Repair"],"picked":"SKIP","floor":12},{"not_picked":["Panic Button","BasicCrystalCard","Fusion"],"picked":"SKIP","floor":14},{"not_picked":["FollowUp+1","Replay:Battleflow+1","ReplayTheSpireMod:System Scan"],"picked":"Consecrate","floor":18},{"not_picked":["Defragment","ReachHeaven","Turbo","Leap"],"picked":"SKIP","floor":20}],"player_experience":1000688,"relics_obtained":[{"floor":6,"key":"Durian"},{"floor":8,"key":"aspiration:FetidBarrel"},{"floor":9,"key":"Replay:Rubber Ducky"}],"event_choices":[{"damage_healed":0,"gold_gain":75,"player_choice":"Gather Gold","damage_taken":11,"max_hp_gain":0,"max_hp_loss":0,"event_name":"World of Goop","floor":13,"gold_loss":0}],"is_beta":false,"boss_relics":[{"not_picked":["hubris:HollowSoul","aspiration:RunicSpoon"],"picked":"aspiration:WatcherSkillbook"}],"items_purged_floors":[4],"is_endless":false,"potions_floor_spawned":[1,3,6,11,20],"killed_by":"Snecko","ascension_level":3}}