{"host":"6dzkwbf36t1khqct","time":1609556279,"event":{"mods":["AchievementEnabler","BaseMod","Beaked The Cultist","Better Third Choice","Colored Map","Colored Powertips","Conspire","Curses Come First","Displayed Cursed Tome","Downfall","Friendly Minions","Glutton Mod","Hubris","Infinite Spire","Koishi","Lobotomy","Mad Scientist","Marisa????????","Minty Spire (QoL Compilation)","Quick Restart","Replay The Spire","Robot Space Explorer","Say the Spire","StSLib","The Blackbeard","The Construct","The Cursed","The Disciple","The Hierophant","The Mystic","The Runesmith","The Servant 0.9.4","The Witch","??????REMEMod"],"gold_per_floor":[118,138,173,173,184,184,201,216,239,13,13,13,30,43,43,143,143,160,175,275,292,308,308,308,308,308,308,325,342,353,369,369,369,369],"floor_reached":33,"playtime":2807,"items_purged":[],"score":245,"play_id":"3f86953e-7a45-41a5-a19c-3306b7790915","local_time":"20210102005759","is_ascension_mode":false,"campfire_choices":[{"data":"Genetic Algorithm","floor":6,"key":"SMITH"},{"data":"Chill","floor":15,"key":"SMITH"},{"data":"White Noise","floor":23,"key":"SMITH"},{"floor":27,"key":"REST"},{"floor":32,"key":"REST"}],"circlet_count":0,"master_deck":["Strike_B","Strike_B","Strike_B","Strike_B","Defend_B","Defend_B","Defend_B","Defend_B","Zap","Dualcast","champ:Taunt","Genetic Algorithm+1","FIFO Queue","Ball Lightning","Gash","Chill+1","Gash","Time Bomb","Conserve Battery","Electrodynamics","Rallentando","ReplayTheSpireMod:Omega Cannon","White Noise+1","Coolheaded","Gash","Tempest","BootSequence","Static Discharge","ReplayTheSpireMod:Dual Polarity+1","Go for the Eyes+1"],"relics":["Cracked Core","REME_ComplimentaryCards","Peace Pipe","infinitespire:Beetle Shell","infinitespire:Lucky Rock","REME_PuzzleBoxRelic","beaked:ShinyBauble","infinitespire:SolderingIron"],"acts_visited":["Exordium","TheCity"],"potions_floor_usage":[7,7,22],"damage_taken":[{"damage":3,"enemies":"Small Slimes","floor":1,"turns":3},{"damage":1,"enemies":"Cultist","floor":2,"turns":4},{"damage":22,"enemies":"conspire:MimicChest","floor":3,"turns":7},{"damage":3,"enemies":"Jaw Worm","floor":5,"turns":3},{"damage":7,"enemies":"Exordium Thugs","floor":7,"turns":2},{"damage":9,"enemies":"Red Slaver","floor":8,"turns":3},{"damage":0,"enemies":"Large Slime","floor":13,"turns":4},{"damage":3,"enemies":"Exordium Thugs","floor":14,"turns":6},{"damage":21,"enemies":"Slime Boss","floor":16,"turns":9},{"damage":12,"enemies":"Shell Parasite","floor":18,"turns":6},{"damage":1,"enemies":"Spheric Guardian","floor":19,"turns":3},{"damage":28,"enemies":"Snake Plant","floor":21,"turns":6},{"damage":0,"enemies":"3 Cultists","floor":22,"turns":4},{"damage":4,"enemies":"Shelled Parasite and Fungi","floor":28,"turns":5},{"damage":17,"enemies":"Cultist and Chosen","floor":29,"turns":5},{"damage":3,"enemies":"Centurion and Healer","floor":30,"turns":4},{"damage":4,"enemies":"Shelled Parasite and Fungi","floor":31,"turns":4},{"damage":45,"enemies":"Champ","floor":33,"turns":3}],"seed_played":"3708973494299574461","potions_obtained":[{"floor":1,"key":"Explosive Potion"},{"floor":5,"key":"Explosive Potion"},{"floor":8,"key":"FearPotion"},{"floor":14,"key":"FearPotion"},{"floor":18,"key":"PowerPotion"},{"floor":28,"key":"SkillPotion"}],"is_trial":false,"path_per_floor":["M","M","?","?","M","R","M","M","T","$","?","$","M","M","R","B",null,"M","M","?","M","M","R","?","?","T","R","M","M","M","M","R","B"],"character_chosen":"DEFECT","items_purchased":["Time Bomb","REME_PuzzleBoxRelic"],"campfire_rested":2,"item_purchase_floors":[10,10],"current_hp_per_floor":[72,71,49,74,71,71,64,55,55,55,55,55,55,56,56,35,75,63,62,62,34,34,34,20,20,20,44,40,23,20,16,40,0,0],"gold":369,"neow_bonus":"ONE_RARE_RELIC","is_daily":false,"chose_seed":false,"campfire_upgraded":3,"win_rate":0.0,"timestamp":1609556279,"path_taken":["M","M","?","?","M","R","M","?","T","?","?","$","M","M","R","BOSS","M","M","?","M","?","R","?","?","T","R","M","M","M","?","R","BOSS"],"items_purchased_type":["Card","Relic"],"build_version":"2020-12-22","purchased_purges":0,"victory":false,"max_hp_per_floor":[75,75,75,75,75,75,75,75,75,75,75,75,75,75,75,75,75,75,75,75,75,75,75,80,80,80,80,80,80,80,80,80,80,80],"card_choices":[{"not_picked":["Double Energy","Blizzard"],"picked":"Genetic Algorithm","floor":1},{"not_picked":["Steam","Stack"],"picked":"FIFO Queue","floor":2},{"not_picked":["Streamline","Consume"],"picked":"Ball Lightning","floor":3},{"not_picked":["Compile Driver","FTL"],"picked":"Gash","floor":5},{"not_picked":["Beam Cell","Go for the Eyes"],"picked":"Chill","floor":7},{"not_picked":["Compile Driver","Hologram"],"picked":"Gash","floor":8},{"not_picked":["Leap","Stack"],"picked":"Conserve Battery","floor":13},{"not_picked":["Reprogram","conspire:Rain"],"picked":"Electrodynamics","floor":14},{"not_picked":["All For One","Seek"],"picked":"ReplayTheSpireMod:Omega Cannon","floor":16},{"not_picked":["conspire:Rain","Hologram+1"],"picked":"White Noise","floor":18},{"not_picked":["Go for the Eyes","Conserve Battery"],"picked":"Coolheaded","floor":19},{"not_picked":["Go for the Eyes","conspire:SharedLibrary"],"picked":"Gash","floor":21},{"not_picked":["ReplayTheSpireMod:Repulse+1","Hologram"],"picked":"Tempest","floor":22},{"not_picked":["Glacier+1","Panic Button"],"picked":"BootSequence","floor":28},{"not_picked":["Steam","ReplayTheSpireMod:Fabricate Wheel"],"picked":"Static Discharge","floor":29},{"not_picked":["White Noise","Conserve Battery","Gash+1"],"picked":"ReplayTheSpireMod:Dual Polarity+1","floor":30},{"not_picked":["Redo","hubris:Ukulele"],"picked":"Go for the Eyes+1","floor":31}],"player_experience":7686,"relics_obtained":[{"floor":3,"key":"infinitespire:Beetle Shell"},{"floor":9,"key":"infinitespire:Lucky Rock"},{"floor":26,"key":"infinitespire:SolderingIron"}],"event_choices":[{"damage_healed":25,"gold_gain":0,"player_choice":"Banana","damage_taken":0,"max_hp_gain":0,"max_hp_loss":0,"event_name":"Big Fish","floor":4,"gold_loss":0},{"cards_removed":["Guardian:Strike_Guardian"],"damage_healed":0,"gold_gain":0,"player_choice":"Purged","damage_taken":0,"max_hp_gain":0,"max_hp_loss":0,"event_name":"Purifier","floor":11,"gold_loss":0},{"damage_healed":0,"gold_gain":100,"player_choice":"Pray","damage_taken":0,"max_hp_gain":0,"max_hp_loss":0,"event_name":"Golden Shrine","floor":20,"gold_loss":0},{"damage_healed":0,"gold_gain":0,"player_choice":"Shed Blood","damage_taken":19,"max_hp_gain":5,"max_hp_loss":0,"event_name":"Forgotten Altar","floor":24,"gold_loss":0},{"damage_healed":0,"gold_gain":0,"player_choice":"Gave Potion","damage_taken":0,"relics_obtained":["beaked:ShinyBauble"],"max_hp_gain":0,"max_hp_loss":0,"event_name":"WeMeetAgain","floor":25,"gold_loss":0}],"is_beta":false,"boss_relics":[{"not_picked":["hubris:TerracottaHorce","REME_DuelDisc","hubris:RunicObelisk"]}],"items_purged_floors":[],"is_endless":false,"potions_floor_spawned":[1,5,8,13,14,18,28],"killed_by":"Champ","ascension_level":0}}