{"host":"qy7jow5usmjkdnnq","time":1609630461,"event":{"mods":["BaseMod","Colored Map","Downfall","Minty Spire (QoL Compilation)","Permanent Neow","Relic Stats","StSLib"],"gold_per_floor":[99,114,114,133,133,233,311,344,144,170,181,203,203,250,269,364,364,364,379,379,479,497,507,507,123,133,33,59,73,93,106,116,221,221,221,234,247,397,407,432,480,508,113,413,491,503,548,568,588,588,588,614,48,48,48],"floor_reached":56,"playtime":4522,"items_purged":["downfall:Malfunctioning","champ:Strike","champ:Strike"],"score":1779,"play_id":"a0e6ce94-ceab-4bba-ac95-5f02f8feb250","local_time":"20210103003421","is_ascension_mode":true,"campfire_choices":[{"floor":1,"key":"RECALL"},{"data":"champ:Improvising","floor":9,"key":"SMITH"},{"data":"champ:Backstep","floor":13,"key":"SMITH"},{"floor":18,"key":"REST"},{"floor":27,"key":"REST"},{"floor":35,"key":"REST"},{"floor":44,"key":"REST"},{"data":"champ:Defend","floor":54,"key":"PURGE"}],"circlet_count":0,"master_deck":["champ:Strike+1","champ:Strike","champ:Defend+1","champ:Defend","champ:Execute","champ:Taunt","champ:Improvising+1","champ:FaceSlap+1","champ:Backstep+1","champ:Duel+1","champ:HeavySlash+1","champ:Encircle+1","champ:EnGarde","champ:FanOfKnives+1","champ:Shatter+1","champ:RageSigil","champ:Haymaker+1","champ:AdrenalArmor","champ:EnGarde+1","champ:FancyFootwork+1","champ:Lariat","champ:EnragedBash+1","champ:Improvising","champ:BerserkersShout+1","champ:FancyFootwork","champ:RageSigil+1","champ:CalledShot+1","champ:Endure+1"],"relics":["champ:ChampionCrown","Champion Belt","HornCleat","Molten Egg 2","downfall:HeartBlessingGreen","downfall:HeartBlessingRed","Odd Mushroom","Oddly Smooth Stone","Fusion Hammer","Eternal Feather","downfall:GremlinWheel","champ:BerserkersGuideToSlaughter","downfall:HeartBlessingBlue","Pantograph","sneckomod:SneckoTalon","Art of War","Anchor","Nunchaku","Bag of Preparation","FossilizedHelix","HandDrill","Sundial","Peace Pipe","Blood Vial","sneckomod:BlankCard","Turnip"],"acts_visited":["Exordium","TheCity","TheBeyond","TheEnding"],"potions_floor_usage":[16,16,25,25,27,55,55],"damage_taken":[{"damage":12,"enemies":"Small Slimes","floor":2,"turns":4},{"damage":28,"enemies":"Jaw Worm","floor":4,"turns":4},{"damage":14,"enemies":"Jaw Worm","floor":6,"turns":4},{"damage":26,"enemies":"3 Sentries","floor":8,"turns":6},{"damage":5,"enemies":"Gremlin Nob","floor":10,"turns":3},{"damage":0,"enemies":"2 Louse","floor":11,"turns":1},{"damage":5,"enemies":"The Mushroom Lair","floor":12,"turns":3},{"damage":4,"enemies":"Large Slime","floor":15,"turns":2},{"damage":25,"enemies":"downfall:Defect","floor":16,"turns":6},{"damage":17,"enemies":"Shell Parasite","floor":19,"turns":3},{"damage":2,"enemies":"Shell Parasite","floor":21,"turns":2},{"damage":26,"enemies":"Snake Plant","floor":22,"turns":3},{"damage":28,"enemies":"Centurion and Healer","floor":23,"turns":2},{"damage":28,"enemies":"downfall:FleeingMerchant","floor":25,"turns":4},{"damage":0,"enemies":"Sentry and Sphere","floor":26,"turns":2},{"damage":0,"enemies":"Gremlin Leader","floor":28,"turns":4},{"damage":9,"enemies":"Snake Plant","floor":29,"turns":2},{"damage":0,"enemies":"Cultist and Chosen","floor":30,"turns":3},{"damage":1,"enemies":"Sentry and Sphere","floor":31,"turns":3},{"damage":0,"enemies":"Snecko","floor":32,"turns":3},{"damage":20,"enemies":"downfall:Watcher","floor":33,"turns":8},{"damage":0,"enemies":"Orb Walker","floor":36,"turns":2},{"damage":10,"enemies":"3 Darklings","floor":37,"turns":4},{"damage":41,"enemies":"Jaw Worm Horde","floor":39,"turns":4},{"damage":24,"enemies":"Nemesis","floor":40,"turns":3},{"damage":22,"enemies":"Giant Head","floor":42,"turns":3},{"damage":0,"enemies":"downfall:FleeingMerchant","floor":43,"turns":3},{"damage":1,"enemies":"4 Shapes","floor":46,"turns":2},{"damage":6,"enemies":"2 Orb Walkers","floor":47,"turns":2},{"damage":13,"enemies":"Maw","floor":48,"turns":4},{"damage":1,"enemies":"Spire Growth","floor":49,"turns":2},{"damage":25,"enemies":"downfall:Silent","floor":50,"turns":4},{"damage":25,"enemies":"downfall:CharBossMerchant","floor":52,"turns":5},{"damage":133,"enemies":"downfall:NeowBoss","floor":55,"turns":15}],"seed_played":"3181465285367843628","potions_obtained":[{"floor":4,"key":"Fruit Juice"},{"floor":6,"key":"PowerPotion"},{"floor":11,"key":"SteroidPotion"},{"floor":16,"key":"FearPotion"},{"floor":23,"key":"AttackPotion"},{"floor":26,"key":"Fire Potion"},{"floor":28,"key":"LiquidBronze"},{"floor":29,"key":"Block Potion"},{"floor":30,"key":"Slimebound:ThreeZeroPotion"},{"floor":39,"key":"DuplicationPotion"},{"floor":48,"key":"PowerPotion"}],"is_trial":false,"path_per_floor":["R","M","?","M","?","?","T","E","R","E","M","?","R","T","M","B",null,"R","M","?","?","M","M","T","$","M","R","E","M","M","M","M","B",null,"R","M","M","?","M","E","T","E","$","R","T","M","?","M","M","B",null,"E","$","R","B",null],"character_chosen":"THE_CHAMP","items_purchased":["champ:AdrenalArmor","champ:BerserkersGuideToSlaughter","Fruit Juice","Bag of Preparation","FossilizedHelix","HandDrill","sneckomod:BlankCard","Turnip"],"campfire_rested":4,"item_purchase_floors":[25,25,25,43,43,43,53,53],"current_hp_per_floor":[90,83,83,65,65,56,56,38,38,38,38,38,38,38,38,31,95,95,83,83,83,66,47,47,47,50,110,110,101,107,110,110,110,110,110,110,110,110,90,85,85,95,102,110,110,110,110,110,110,110,110,106,106,110,110],"gold":48,"neow_bonus":"TRANSFORM_CARD","is_daily":false,"chose_seed":false,"campfire_upgraded":2,"win_rate":0.0,"timestamp":1609630461,"path_taken":["R","M","?","M","?","?","T","E","R","E","M","?","R","?","M","BOSS","R","M","?","?","?","M","T","$","M","R","E","M","M","M","M","BOSS","R","M","M","?","?","E","T","E","$","R","?","M","?","M","M","BOSS","E","$","R","BOSS"],"items_purchased_type":["Card","Relic","Potion","Relic","Relic","Relic","Relic","Relic"],"build_version":"2020-12-22","purchased_purges":3,"victory":true,"max_hp_per_floor":[90,90,90,90,90,90,90,90,90,90,90,90,90,90,90,95,95,95,95,95,95,95,95,95,95,95,110,110,110,110,110,110,110,110,110,110,110,110,110,110,110,110,110,110,110,110,110,110,110,110,110,110,110,110,110],"relic_stats":{"counters":[34,125],"Eternal Feather":24,"Bag of Preparation":[14],"Peace Pipe":1,"Blood Vial":0,"Nunchaku":[12],"Sundial":[4],"Pantograph":0,"Turnip":[2],"Art of War":[1],"HandDrill":[10],"Champion Belt":[48],"obtain_stats":[{"sneckomod:BlankCard":53,"champ:ChampionCrown":0,"downfall:HeartBlessingGreen":9,"Bag of Preparation":43,"Blood Vial":52,"Nunchaku":42,"HornCleat":7,"downfall:GremlinWheel":21,"downfall:HeartBlessingBlue":27,"Sundial":45,"Pantograph":28,"Fusion Hammer":17,"HandDrill":43,"champ:BerserkersGuideToSlaughter":25,"downfall:HeartBlessingRed":9,"Oddly Smooth Stone":14,"Eternal Feather":20,"Odd Mushroom":12,"sneckomod:SneckoTalon":34,"Mercury Hourglass":10,"Peace Pipe":47,"Anchor":41,"Molten Egg 2":8,"Turnip":53,"Art of War":40,"Champion Belt":6,"FossilizedHelix":43},{"sneckomod:BlankCard":33,"champ:ChampionCrown":0,"downfall:HeartBlessingGreen":4,"Bag of Preparation":27,"Blood Vial":33,"Nunchaku":26,"HornCleat":3,"downfall:GremlinWheel":11,"downfall:HeartBlessingBlue":15,"Sundial":27,"Pantograph":16,"Fusion Hammer":9,"HandDrill":27,"champ:BerserkersGuideToSlaughter":14,"downfall:HeartBlessingRed":4,"Oddly Smooth Stone":7,"Eternal Feather":10,"Odd Mushroom":7,"sneckomod:SneckoTalon":21,"Mercury Hourglass":5,"Peace Pipe":29,"Anchor":25,"Molten Egg 2":4,"Turnip":33,"Art of War":25,"Champion Belt":3,"FossilizedHelix":27},{"sneckomod:BlankCard":110,"champ:ChampionCrown":0,"downfall:HeartBlessingGreen":18,"Bag of Preparation":91,"Blood Vial":110,"Nunchaku":88,"HornCleat":12,"downfall:GremlinWheel":38,"downfall:HeartBlessingBlue":49,"Sundial":91,"Pantograph":53,"Fusion Hammer":33,"HandDrill":91,"champ:BerserkersGuideToSlaughter":47,"downfall:HeartBlessingRed":18,"Oddly Smooth Stone":25,"Eternal Feather":36,"Odd Mushroom":25,"sneckomod:SneckoTalon":72,"Mercury Hourglass":21,"Peace Pipe":95,"Anchor":85,"Molten Egg 2":18,"Turnip":110,"Art of War":85,"Champion Belt":12,"FossilizedHelix":91}]},"card_choices":[{"not_picked":["champ:FlashCut","champ:BerserkersShout"],"picked":"champ:FaceSlap","floor":2},{"not_picked":["champ:FancyFootwork","champ:PreciseThrust"],"picked":"champ:Backstep","floor":4},{"not_picked":["champ:ViciousMockery","champ:DefensiveShout"],"picked":"champ:Duel+1","floor":8},{"not_picked":["champ:EnGarde","champ:StanceDance","champ:PreemptiveStrike+1"],"picked":"SKIP","floor":10},{"not_picked":["champ:EnGarde","champ:StanceDance","champ:PreemptiveStrike+1"],"picked":"SKIP","floor":10},{"not_picked":["champ:ShieldWall","champ:FocusedBerserking"],"picked":"champ:HeavySlash+1","floor":11},{"not_picked":["champ:BerserkersShout","champ:GutPunch+1"],"picked":"champ:Encircle+1","floor":12},{"not_picked":["champ:BladeFlurry+1","champ:SetATrap"],"picked":"champ:EnGarde","floor":15},{"not_picked":["champ:BringItOn","champ:EndlessRage"],"picked":"champ:FanOfKnives+1","floor":19},{"not_picked":["champ:RecklessLeap+1","champ:EndlessRage"],"picked":"champ:Shatter+1","floor":22},{"not_picked":["champ:PreciseThrust+1","champ:Circumvent+1"],"picked":"champ:RageSigil","floor":23},{"not_picked":["champ:Duel+1","champ:CheapShot+1"],"picked":"champ:Haymaker+1","floor":25},{"not_picked":["champ:Encircle+1","champ:RecklessLeap+1"],"picked":"champ:EnGarde+1","floor":26},{"not_picked":["champ:Encircle+1","champ:Backstep"],"picked":"champ:FancyFootwork+1","floor":28},{"not_picked":["champ:RecklessLeap+1","champ:FanOfKnives+1"],"picked":"champ:Lariat","floor":29},{"not_picked":["champ:PreemptiveStrike+1","champ:Lariat","champ:BringItOn"],"picked":"SKIP","floor":30},{"not_picked":["champ:StanceDance","champ:DefensiveShout","champ:BladeFlurry+1"],"picked":"SKIP","floor":31},{"not_picked":["champ:StanceDance","champ:DefensiveShout","champ:BladeFlurry+1"],"picked":"SKIP","floor":31},{"not_picked":["champ:EnGarde+1","champ:CrookedStrike+1"],"picked":"champ:EnragedBash+1","floor":32},{"not_picked":["champ:HeavySlash+1","champ:VampiricStrike+1"],"picked":"champ:Improvising","floor":33},{"not_picked":["champ:RageSigil","champ:FalseCounter+1"],"picked":"champ:BerserkersShout+1","floor":36},{"not_picked":["champ:AdrenalArmor","champ:DefensiveShout+1","champ:Shatter+1"],"picked":"SKIP","floor":37},{"not_picked":["champ:EnGarde+1","champ:FanOfKnives+1"],"picked":"champ:FancyFootwork","floor":39},{"not_picked":["champ:DefensiveShout","champ:PerfectedStrike+1","champ:FaceSlap+1"],"picked":"SKIP","floor":40},{"not_picked":["champ:MurderStrike+1","champ:Haymaker+1","champ:BerserkersShout+1"],"picked":"SKIP","floor":42},{"not_picked":["champ:ShieldWall+1","champ:EnragedBash+1"],"picked":"champ:RageSigil+1","floor":43},{"not_picked":["champ:TornadoPunch+1","champ:FalseCounter+1"],"picked":"champ:CalledShot+1","floor":46},{"not_picked":["champ:GladiatorForm","champ:TornadoPunch+1"],"picked":"champ:Endure+1","floor":47},{"not_picked":["champ:GutPunch+1","champ:BringItOn","champ:PerfectedStrike+1"],"picked":"SKIP","floor":48},{"not_picked":["champ:DeathBlow+1","champ:Backstep+1","champ:GutPunch+1"],"picked":"SKIP","floor":49},{"not_picked":["champ:BladeFlurry+1","champ:Haymaker+1","champ:IronFortress+1"],"picked":"SKIP","floor":52}],"player_experience":582727,"relics_obtained":[{"floor":6,"key":"Champion Belt"},{"floor":7,"key":"HornCleat"},{"floor":8,"key":"Molten Egg 2"},{"floor":10,"key":"Mercury Hourglass"},{"floor":12,"key":"Odd Mushroom"},{"floor":14,"key":"Oddly Smooth Stone"},{"floor":21,"key":"downfall:GremlinWheel"},{"floor":28,"key":"Pantograph"},{"floor":40,"key":"Art of War"},{"floor":41,"key":"Anchor"},{"floor":42,"key":"Nunchaku"},{"floor":45,"key":"Sundial"},{"floor":47,"key":"Peace Pipe"},{"floor":52,"key":"Blood Vial"}],"event_choices":[{"damage_healed":0,"gold_gain":0,"player_choice":"Fought Mushrooms","damage_taken":0,"max_hp_gain":0,"max_hp_loss":0,"event_name":"Mushrooms","floor":12,"gold_loss":0},{"damage_healed":0,"gold_gain":300,"player_choice":"Gold","damage_taken":0,"max_hp_gain":0,"max_hp_loss":0,"event_name":"Wheel of Change","floor":44,"gold_loss":0},{"damage_healed":0,"gold_gain":0,"player_choice":"Fight","damage_taken":0,"max_hp_gain":0,"max_hp_loss":0,"event_name":"Mysterious Sphere","floor":47,"gold_loss":0}],"is_beta":false,"boss_relics":[{"not_picked":["champ:ChampionCrownUpgraded","Calling Bell"],"picked":"Fusion Hammer"},{"not_picked":["Philosopher\u0027s Stone","Tiny House"],"picked":"sneckomod:SneckoTalon"}],"items_purged_floors":[25,43,53],"is_endless":false,"potions_floor_spawned":[4,6,11,16,23,26,28,29,30,39,42,46,47,48],"ascension_level":4}}