{"host":"2461dio7vetlq1z3","time":1609609212,"event":{"mods":["2.2 Compatiblity","AchievementEnabler","BaseMod","Better Third Choice","Friendly Minions","Minty Spire (QoL Compilation)","Relic Stats","Replay The Spire","Spicy Shops","StSLib","Waifu the Spire"],"gold_per_floor":[110,110,127,140,140,140,140],"floor_reached":6,"playtime":221,"items_purged":[],"score":72,"play_id":"ed7a2302-a3ba-4f65-8132-7a218de61695","local_time":"20210102184012","is_ascension_mode":true,"campfire_choices":[],"circlet_count":0,"master_deck":["AscendersBane","Strike_B","Strike_B","Strike_B","Defend_B","Defend_B","Defend_B","Defend_B","Zap","Dualcast","Genetic Algorithm","Sunder+1","Tempest"],"relics":["Cracked Core","Counterbalance"],"acts_visited":["Exordium"],"potions_floor_usage":[6,6],"damage_taken":[{"damage":7,"enemies":"Small Slimes","floor":1,"turns":4},{"damage":1,"enemies":"2 Louse","floor":3,"turns":3},{"damage":2,"enemies":"Jaw Worm","floor":4,"turns":4},{"damage":40,"enemies":"Lagavulin","floor":6,"turns":6}],"seed_played":"-3326019733493709371","potions_obtained":[{"floor":3,"key":"ColorlessPotion"},{"floor":4,"key":"Doom Potion"}],"is_trial":false,"path_per_floor":["M","?","M","M","?","E"],"character_chosen":"DEFECT","items_purchased":[],"campfire_rested":0,"item_purchase_floors":[],"current_hp_per_floor":[39,32,31,29,29,0,0],"gold":140,"neow_bonus":"ONE_RARE_RELIC","is_daily":false,"chose_seed":false,"campfire_upgraded":0,"win_rate":0.0,"timestamp":1609609212,"path_taken":["M","?","M","M","?","E"],"items_purchased_type":[],"build_version":"2020-12-22","purchased_purges":0,"victory":false,"max_hp_per_floor":[71,71,71,71,71,71,71],"relic_stats":{"counters":[4,17],"obtain_stats":[{"Counterbalance":0,"Cracked Core":0},{"Counterbalance":0,"Cracked Core":0},{"Counterbalance":0,"Cracked Core":0}]},"card_choices":[{"not_picked":["Compile Driver","Coolheaded"],"picked":"Genetic Algorithm","floor":1},{"not_picked":["Beam Cell","Rebound"],"picked":"Sunder","floor":3},{"not_picked":["Hello World","Leap"],"picked":"Tempest","floor":4}],"player_experience":1020468,"relics_obtained":[],"event_choices":[{"cards_removed":["Strike_B"],"damage_healed":0,"gold_gain":0,"player_choice":"Card Removal","damage_taken":7,"max_hp_gain":0,"max_hp_loss":0,"event_name":"Golden Wing","floor":2,"gold_loss":0},{"damage_healed":0,"gold_gain":0,"player_choice":"Grow","damage_taken":0,"max_hp_gain":0,"max_hp_loss":0,"event_name":"Living Wall","floor":5,"gold_loss":0,"cards_upgraded":["Sunder"]}],"is_beta":false,"boss_relics":[],"items_purged_floors":[],"is_endless":false,"potions_floor_spawned":[3,4],"killed_by":"Lagavulin","ascension_level":20}}