{"host":"ujb8ojs2m8j2cdlp","time":1609573379,"event":{"mods":["AchievementEnabler","BaseMod","Bestiary","Colored Map","Colored Powertips","Minty Spire (QoL Compilation)","Relic Stats","ojb\u0027s Better Paths Mod","ojb\u0027s Info Mod"],"gold_per_floor":[109,109,119,119,20,20,40,40,40,70,89,101,135,135,135,207,207,225,250,39,54,54,54,91,91,91,127,151,151,164,193,193,274,274,299,521,12,68,82,119,143,143,197,234,67,67,67,86,86,86,86,86,86,16,57,57],"floor_reached":57,"playtime":12796,"items_purged":["Shame","Carnage","Rampage"],"score":2702,"play_id":"fd561848-0f9c-4d32-9215-bc8753cb9fb1","local_time":"20210101234259","is_ascension_mode":true,"campfire_choices":[{"data":"Spot Weakness","floor":6.0,"key":"SMITH"},{"data":"Bash","floor":15.0,"key":"SMITH"},{"data":"Flame Barrier","floor":23.0,"key":"SMITH"},{"data":"Battle Trance","floor":25.0,"key":"SMITH"},{"data":"Uppercut","floor":29.0,"key":"SMITH"},{"data":"Impervious","floor":32.0,"key":"SMITH"},{"data":"Spot Weakness","floor":42.0,"key":"SMITH"},{"floor":49.0,"key":"RECALL"},{"floor":53.0,"key":"REST"}],"circlet_count":0,"master_deck":["AscendersBane","Bash+1","Reaper+1","Shrug It Off","Thunderclap","Spot Weakness+1","Headbutt+1","Reaper","True Grit","Rage","Anger","Flame Barrier+1","Impervious+1","Battle Trance+1","Thunderclap","Heavy Blade+1","Feed","Entrench+1","Fiend Fire","Headbutt+1","Good Instincts","Shockwave","Spot Weakness+1","Dark Embrace+1","Shrug It Off","Good Instincts","Dual Wield","Shrug It Off","Feel No Pain+1"],"relics":["Burning Blood","Paper Frog","Kunai","Smiling Mask","Pandora\u0027s Box","Red Mask","PreservedInsect","CeramicFish","Whetstone","Tiny Chest","Runic Cube","Art of War","Medical Kit","Champion Belt","Lantern","Blood Vial","MawBank","Peace Pipe","Pen Nib"],"acts_visited":["TheCity","TheBeyond","TheEnding"],"potions_floor_usage":[56,56],"damage_taken":[{"damage":18.0,"enemies":"Cultist","floor":1.0,"turns":5.0},{"damage":7.0,"enemies":"Jaw Worm","floor":3.0,"turns":5.0},{"damage":28.0,"enemies":"Small Slimes","floor":7.0,"turns":4.0},{"damage":34.0,"enemies":"3 Sentries","floor":10.0,"turns":5.0},{"damage":17.0,"enemies":"2 Fungi Beasts","floor":11.0,"turns":5.0},{"damage":11.0,"enemies":"Gremlin Gang","floor":12.0,"turns":6.0},{"damage":25.0,"enemies":"Lagavulin","floor":13.0,"turns":7.0},{"damage":84.0,"enemies":"Hexaghost","floor":16.0,"turns":11.0},{"damage":20.0,"enemies":"Spheric Guardian","floor":18.0,"turns":7.0},{"damage":42.0,"enemies":"Masked Bandits","floor":19.0,"turns":6.0},{"damage":1.0,"enemies":"Chosen","floor":21.0,"turns":5.0},{"damage":0.0,"enemies":"Gremlin Leader","floor":24.0,"turns":7.0},{"damage":33.0,"enemies":"Book of Stabbing","floor":27.0,"turns":5.0},{"damage":24.0,"enemies":"Centurion and Healer","floor":28.0,"turns":7.0},{"damage":18.0,"enemies":"Chosen and Byrds","floor":30.0,"turns":6.0},{"damage":8.0,"enemies":"Snake Plant","floor":31.0,"turns":5.0},{"damage":63.0,"enemies":"Automaton","floor":33.0,"turns":10.0},{"damage":4.0,"enemies":"Orb Walker","floor":35.0,"turns":2.0},{"damage":37.0,"enemies":"2 Orb Walkers","floor":38.0,"turns":5.0},{"damage":54.0,"enemies":"3 Shapes","floor":39.0,"turns":9.0},{"damage":24.0,"enemies":"Nemesis","floor":40.0,"turns":7.0},{"damage":0.0,"enemies":"Mind Bloom Boss Battle","floor":44.0,"turns":7.0},{"damage":9.0,"enemies":"Transient","floor":48.0,"turns":6.0},{"damage":73.0,"enemies":"Awakened One","floor":50.0,"turns":11.0},{"damage":95.0,"enemies":"Donu and Deca","floor":51.0,"turns":13.0},{"damage":52.0,"enemies":"Shield and Spear","floor":55.0,"turns":8.0},{"damage":178,"enemies":"The Heart","floor":56,"turns":11}],"seed_played":"3150317843931998812","potions_obtained":[{"floor":1.0,"key":"Ancient Potion"},{"floor":3.0,"key":"Energy Potion"},{"floor":10.0,"key":"GamblersBrew"},{"floor":16.0,"key":"Energy Potion"},{"floor":21.0,"key":"HeartOfIron"},{"floor":24.0,"key":"Ancient Potion"},{"floor":27.0,"key":"Swift Potion"},{"floor":31.0,"key":"BlessingOfTheForge"},{"floor":39.0,"key":"Swift Potion"}],"is_trial":false,"path_per_floor":["M","?","M","T","$","R","M","?","T","E","M","M","E","?","R","B",null,"M","?","$","M","?","R","E","R","T","E","M","R","M","M","R","B",null,"M","?","$","?","M","E","T","R","T","?","$","?","$","M","R","B","B",null,"R","$","E","B",null],"character_chosen":"IRONCLAD","items_purchased":["Spot Weakness","Headbutt","PreservedInsect","Art of War","Good Instincts","Medical Kit","Shockwave","Shrug It Off","Good Instincts","PowerPotion","Shrug It Off"],"campfire_rested":1,"item_purchase_floors":[5,5,20,37,37,37,37,45,45,54,54],"current_hp_per_floor":[60,65,64,64,64,64,60,60,60,80,80,80,80,80,80,35,69,72,66,66,80,80,80,80,80,80,80,83,83,74,83,83,43,78,80,80,80,68,75,81,81,81,81,102,102,102,102,99,99,93,16,83,105,105,95,31],"gold":57,"neow_bonus":"THREE_RARE_CARDS","is_daily":false,"chose_seed":false,"campfire_upgraded":7,"win_rate":0.0,"timestamp":1609573379,"path_taken":["M","?","M","?","$","R","?","?","T","E","M","M","E","?","R","BOSS","BOSS","M","?","$","M","?","R","E","R","T","E","?","R","M","M","R","BOSS","BOSS","M","?","$","?","M","E","?","R","T","?","$","?","?","M","R","BOSS","BOSS","R","$","E","BOSS"],"items_purchased_type":["Card","Card","Relic","Relic","Card","Relic","Card","Card","Card","Potion","Card"],"build_version":"2020-12-22","purchased_purges":3,"victory":true,"max_hp_per_floor":[75,80,80,80,80,80,80,80,80,80,80,80,80,80,80,80,80,80,80,80,80,80,80,80,80,80,80,83,83,86,89,89,89,89,89,89,89,93,96,99,99,99,99,102,102,102,102,102,102,105,105,105,105,105,105,105],"relic_stats":{"counters":[27,185],"CeramicFish":135,"PreservedInsect":218,"Pen Nib":[2],"Whetstone":["Reaper","Headbutt"],"Smiling Mask":150,"Medical Kit":[23],"MawBank":24,"Burning Blood":128,"Blood Vial":8,"Peace Pipe":0,"Pandora\u0027s Box":["Inflame","Sentinel","Limit Break","Wild Strike","Rupture","Burning Pact","Body Slam","Flex"],"Tiny Chest":1,"Art of War":[12],"Kunai":[35],"Champion Belt":[51],"obtain_stats":[{"Lantern":40,"CeramicFish":24,"PreservedInsect":20,"Pen Nib":55,"Whetstone":26,"Smiling Mask":13,"Medical Kit":37,"MawBank":43,"Burning Blood":0,"Blood Vial":41,"Peace Pipe":44,"Pandora\u0027s Box":17,"Tiny Chest":27,"Red Mask":19,"Art of War":37,"Kunai":10,"Champion Belt":38,"Paper Frog":9,"Runic Cube":34},{"Lantern":21,"CeramicFish":12,"PreservedInsect":10,"Pen Nib":26,"Whetstone":12,"Smiling Mask":7,"Medical Kit":18,"MawBank":21,"Burning Blood":0,"Blood Vial":21,"Peace Pipe":22,"Pandora\u0027s Box":8,"Tiny Chest":13,"Red Mask":10,"Art of War":18,"Kunai":4,"Champion Belt":19,"Paper Frog":3,"Runic Cube":17},{"Lantern":129,"CeramicFish":73,"PreservedInsect":61,"Pen Nib":174,"Whetstone":73,"Smiling Mask":37,"Medical Kit":108,"MawBank":129,"Burning Blood":0,"Blood Vial":129,"Peace Pipe":136,"Pandora\u0027s Box":48,"Tiny Chest":78,"Red Mask":61,"Art of War":108,"Kunai":19,"Champion Belt":113,"Paper Frog":14,"Runic Cube":106}],"Runic Cube":[79]},"card_choices":[{"not_picked":["Double Tap","Immolate"],"picked":"Reaper","floor":0.0},{"not_picked":["Pommel Strike","Cleave"],"picked":"Shrug It Off","floor":1.0},{"not_picked":["Clothesline","Seeing Red"],"picked":"Thunderclap","floor":3.0},{"not_picked":["Sentinel","Thunderclap"],"picked":"Reaper","floor":7.0},{"not_picked":["Fire Breathing","Armaments"],"picked":"True Grit","floor":10.0},{"not_picked":["Wild Strike","Cleave"],"picked":"Anger","floor":11.0},{"not_picked":["Twin Strike","True Grit"],"picked":"Rage","floor":12.0},{"not_picked":["Seeing Red","Juggernaut"],"picked":"Anger","floor":13.0},{"not_picked":["Feed","Barricade"],"picked":"Impervious","floor":16.0},{"not_picked":["Anger+1","Iron Wave"],"picked":"Carnage","floor":18.0},{"not_picked":["Whirlwind","Clash"],"picked":"Battle Trance","floor":19.0},{"not_picked":["Clothesline","Clash"],"picked":"Thunderclap","floor":21.0},{"not_picked":["True Grit","Armaments+1"],"picked":"Heavy Blade+1","floor":24.0},{"not_picked":["Rage","Second Wind"],"picked":"Feed","floor":27.0},{"not_picked":["Pommel Strike","Clothesline"],"picked":"Uppercut","floor":28.0},{"not_picked":["Dark Embrace","Iron Wave","Heavy Blade"],"picked":"SKIP","floor":30.0},{"not_picked":["Warcry+1","Blood for Blood+1"],"picked":"Entrench+1","floor":31.0},{"not_picked":["Feed","Reaper"],"picked":"Fiend Fire","floor":33.0},{"not_picked":["Clothesline","Anger"],"picked":"Headbutt+1","floor":35.0},{"not_picked":["Rampage+1","Sword Boomerang"],"picked":"Spot Weakness","floor":38.0},{"not_picked":["Warcry","Heavy Blade","Rampage"],"picked":"SKIP","floor":39.0},{"not_picked":["Pommel Strike","Thunderclap"],"picked":"Dark Embrace+1","floor":40.0},{"not_picked":["Hemokinesis+1","True Grit"],"picked":"Dual Wield","floor":48.0},{"not_picked":["Anger","Rage"],"picked":"Feel No Pain+1","floor":55.0}],"player_experience":121340,"relics_obtained":[{"floor":9.0,"key":"Paper Frog"},{"floor":10.0,"key":"Kunai"},{"floor":13.0,"key":"Smiling Mask"},{"floor":19.0,"key":"Red Mask"},{"floor":24.0,"key":"CeramicFish"},{"floor":26.0,"key":"Whetstone"},{"floor":27.0,"key":"Tiny Chest"},{"floor":38.0,"key":"Champion Belt"},{"floor":40.0,"key":"Lantern"},{"floor":41.0,"key":"Blood Vial"},{"floor":43.0,"key":"MawBank"},{"floor":44.0,"key":"Peace Pipe"},{"floor":55.0,"key":"Pen Nib"}],"event_choices":[{"damage_healed":0.0,"max_hp_gain":5.0,"max_hp_loss":0.0,"gold_gain":0.0,"event_name":"Big Fish","player_choice":"Donut","floor":2.0,"gold_loss":0.0,"damage_taken":0.0},{"damage_healed":0.0,"max_hp_gain":0.0,"max_hp_loss":0.0,"gold_gain":0.0,"event_name":"Liars Game","player_choice":"Ignored","floor":8.0,"gold_loss":0.0,"damage_taken":0.0},{"damage_healed":0.0,"max_hp_gain":0.0,"max_hp_loss":0.0,"gold_gain":0.0,"cards_transformed":["Strike_R"],"event_name":"Living Wall","player_choice":"Change","floor":14.0,"gold_loss":0.0,"damage_taken":0.0,"cards_obtained":["Flame Barrier"]},{"damage_healed":0.0,"max_hp_gain":0.0,"max_hp_loss":0.0,"gold_gain":0.0,"event_name":"Masked Bandits","player_choice":"Fought Bandits","floor":19.0,"gold_loss":0.0,"damage_taken":0.0},{"damage_healed":0.0,"max_hp_gain":0.0,"max_hp_loss":0.0,"gold_gain":0.0,"cards_transformed":["Anger"],"event_name":"Transmorgrifier","player_choice":"Transformed","floor":22.0,"gold_loss":0.0,"damage_taken":0.0,"cards_obtained":["Rampage"]},{"damage_healed":0.0,"max_hp_gain":0.0,"max_hp_loss":0.0,"gold_gain":222.0,"event_name":"Tomb of Lord Red Mask","player_choice":"Wore Mask","floor":36.0,"gold_loss":0.0,"damage_taken":0.0},{"damage_healed":0.0,"max_hp_gain":0.0,"max_hp_loss":0.0,"gold_gain":0.0,"event_name":"Mysterious Sphere","player_choice":"Fight","floor":38.0,"gold_loss":0.0,"damage_taken":0.0},{"damage_healed":0.0,"max_hp_gain":0.0,"max_hp_loss":0.0,"gold_gain":0.0,"event_name":"MindBloom","player_choice":"Fight","floor":44.0,"gold_loss":0.0,"damage_taken":0.0},{"cards_removed":["Uppercut"],"damage_healed":0.0,"max_hp_gain":0.0,"max_hp_loss":0.0,"gold_gain":0.0,"event_name":"Falling","player_choice":"Removed Attack","floor":46.0,"gold_loss":0.0,"damage_taken":0.0}],"is_beta":false,"boss_relics":[{"not_picked":["Calling Bell","Runic Dome"],"picked":"Pandora\u0027s Box"},{"not_picked":["Empty Cage","Black Star"],"picked":"Runic Cube"}],"items_purged_floors":[20,37,45],"is_endless":false,"potions_floor_spawned":[1,3,10,16,21,24,27,28,31,39,44,55],"ascension_level":20}}