{"host":"bczg3e1yq3rp3pkk","time":1609577370,"event":{"mods":["BaseMod","Marisa£®ÏF”Í°°ƒß¿Ì…≥£©","Minty Spire (QoL Compilation)","Replay The Spire","StSLib","The Runesmith"],"gold_per_floor":[115,115,132,57,88,88,263,263,287,312,312,355,355,398,398,515,515,541,94,136,11,54,54,99,99,173,23,63,112,112,157,157,274,274,324,366,69,109,137,151,179,222,222,264,314,314,314,376,376,376],"floor_reached":51,"playtime":4518,"items_purged":["Strike_MRS","Doubt","Strike_MRS","Strike_MRS"],"score":561,"play_id":"dabb909f-d193-48ce-b7c8-9d53e06edaf8","local_time":"20210102164930","is_ascension_mode":false,"campfire_choices":[{"data":"DC","floor":6.0,"key":"SMITH"},{"data":"SatelliteIllusion","floor":13.0,"key":"SMITH"},{"data":"MillisecondPulsars","floor":23,"key":"SMITH"},{"data":"PropBag","floor":30,"key":"SMITH"},{"data":"BlazingStar","floor":32,"key":"SMITH"},{"data":"Languid","floor":49,"key":"PURGE"}],"circlet_count":0,"master_deck":["Strike_MRS","Defend_MRS","Defend_MRS","Defend_MRS","Defend_MRS","MasterSpark+1","DC+1","Replay:Light Bash","WitchOfGreed","ChargeUpSpray+1","SatelliteIllusion+1","PropBag+1","MillisecondPulsars+1","Secret Technique","WitchOfGreed","AsteroidBelt","AsteroidBelt","OortCloud","BlazingStar+1","SporeBomb","CollectingQuirk","ShootTheMoon","Acceleration+1","DeepEcoloBomb","SprinkleStarSeal+1","BlazeAway+1","LuminesStrike","PowerUp"],"relics":["MiniHakkero","NeowsBlessing","Lantern","Replay:Mystery Machine","Toy Ornithopter","Akabeko","Painkiller Herb","BargainBundle","Nunchaku","Runesmith:Nanobots","Oddly Smooth Stone","Runic Pyramid","SimpleLauncher","ReplayTheSpireMod:TigerMarble","Durian","Replay:PocketPolymizer","Onion Ring","Replay:Wax Seal"],"acts_visited":["Exordium","TheCity","TheBeyond"],"potions_floor_usage":[22,22,24,24,28,28,29,29,33,33,35,36,36,38,38,39,41,42,42,44,44,45,45,45,48,50],"damage_taken":[{"damage":0.0,"enemies":"Jaw Worm","floor":1.0,"turns":1.0},{"damage":0.0,"enemies":"Small Slimes","floor":3.0,"turns":1.0},{"damage":0.0,"enemies":"2 Louse","floor":5.0,"turns":2.0},{"damage":3.0,"enemies":"Large Slime","floor":10.0,"turns":5.0},{"damage":13.0,"enemies":"Replay:BlueRogue","floor":12.0,"turns":5.0},{"damage":31.0,"enemies":"3 Sentries","floor":14.0,"turns":9.0},{"damage":49.0,"enemies":"Fading Forest","floor":16.0,"turns":11.0},{"damage":14.0,"enemies":"2 Thieves","floor":18.0,"turns":3.0},{"damage":29.0,"enemies":"3 Byrds","floor":20.0,"turns":6.0},{"damage":8,"enemies":"Shelled Parasite and Fungi","floor":22,"turns":4},{"damage":0,"enemies":"Snecko","floor":24,"turns":6},{"damage":1,"enemies":"Slavers","floor":28,"turns":5},{"damage":4,"enemies":"Centurion and Healer","floor":29,"turns":4},{"damage":0,"enemies":"3 Cultists","floor":31,"turns":4},{"damage":38,"enemies":"Collector","floor":33,"turns":6},{"damage":24,"enemies":"3 Shapes","floor":35,"turns":3},{"damage":10,"enemies":"3 Darklings","floor":36,"turns":5},{"damage":1,"enemies":"Sphere and 2 Shapes","floor":38,"turns":3},{"damage":0,"enemies":"Writhing Mass","floor":39,"turns":2},{"damage":0,"enemies":"Spire Growth","floor":40,"turns":2},{"damage":0,"enemies":"Sphere and 2 Shapes","floor":41,"turns":4},{"damage":11,"enemies":"Writhing Mass","floor":42,"turns":3},{"damage":53,"enemies":"Transient","floor":44,"turns":8},{"damage":0,"enemies":"Mind Bloom Boss Battle","floor":45,"turns":1},{"damage":9,"enemies":"Reptomancer","floor":48,"turns":4},{"damage":5,"enemies":"Replay:Hell Engine","floor":50,"turns":3}],"seed_played":"8642717450746148423","potions_obtained":[{"floor":1.0,"key":"Block Potion"},{"floor":3.0,"key":"Swift Potion"},{"floor":5.0,"key":"ColorlessPotion"},{"floor":12.0,"key":"BottledSpark"},{"floor":14.0,"key":"FearPotion"},{"floor":18.0,"key":"EssenceOfSteel"},{"floor":22,"key":"PowerPotion"},{"floor":22,"key":"Weak Potion"},{"floor":24,"key":"Swift Potion"},{"floor":24,"key":"Block Potion"},{"floor":28,"key":"Block Potion"},{"floor":29,"key":"Regen Potion"},{"floor":29,"key":"Milkshake"},{"floor":31,"key":"PowerPotion"},{"floor":33,"key":"Regen Potion"},{"floor":35,"key":"DuplicationPotion"},{"floor":35,"key":"AttackPotion"},{"floor":36,"key":"SpeedPotion"},{"floor":36,"key":"SteroidPotion"},{"floor":38,"key":"BottledSpark"},{"floor":38,"key":"EssenceOfSteel"},{"floor":39,"key":"Adrenaline Potion"},{"floor":41,"key":"LiquidMemories"},{"floor":42,"key":"Toxic Potion"},{"floor":42,"key":"EssenceOfSteel"},{"floor":44,"key":"Fruit Juice"},{"floor":44,"key":"Adrenaline Potion"},{"floor":45,"key":"BottledSpark"},{"floor":48,"key":"Energy Potion"},{"floor":48,"key":"SkillPotion"}],"is_trial":false,"path_per_floor":["M","?","M","$","M","R","?","T","T","M","?","E","R","E","R","B",null,"?","T","?","T","?","T","?","?","T","T","E","?","T","?","T","B",null,"?","?","T","?","?","?","?","?","T","?","?","T","T","E","T","B",null],"character_chosen":"MARISA","items_purchased":["BargainBundle","Secret Technique","WitchOfGreed","Nunchaku","SimpleLauncher"],"campfire_rested":0,"item_purchase_floors":[19,19,19,19,37],"current_hp_per_floor":[75,75,75,75,75,75,75,75,75,72,72,59,59,33,55,36,75,61,61,44,44,46,46,56,56,56,56,65,71,71,71,71,45,75,61,61,61,70,75,75,75,69,69,26,51,51,51,47,47,47],"gold":376,"neow_bonus":"THREE_ENEMY_KILL","is_daily":false,"chose_seed":false,"campfire_upgraded":5,"win_rate":0.0,"timestamp":1609577370,"path_taken":["M","?","M","$","M","R","?","?","T","M","?","E","R","E","R","BOSS","?","T","?","T","?","T","?","?","T","T","E","?","T","?","T","BOSS","?","?","T","?","?","?","?","?","T","?","?","?","?","E","T","BOSS"],"items_purchased_type":["Relic","Card","Card","Relic","Relic"],"build_version":"2020-12-22","purchased_purges":4,"victory":true,"max_hp_per_floor":[75,75,75,75,75,75,75,75,75,75,75,75,75,75,75,75,75,75,75,75,75,75,75,75,75,75,75,75,75,75,75,75,75,75,75,75,75,75,75,75,75,75,75,75,85,85,85,85,82,82],"card_choices":[{"not_picked":["GrandCross","WitchLeyline"],"picked":"DC","floor":1.0},{"not_picked":["ShootingEcho","EarthLightRay"],"picked":"WitchOfGreed","floor":3.0},{"not_picked":["EventHorizon","UnstableBomb","WitchOfGreed"],"picked":"SKIP","floor":5.0},{"not_picked":["LuminesStrike","UnstableBomb"],"picked":"ChargeUpSpray","floor":10.0},{"not_picked":["StarlightTyphoon","Orbital"],"picked":"SatelliteIllusion","floor":12.0},{"not_picked":["ShootingEcho","DoubleSpark"],"picked":"PropBag","floor":14.0},{"not_picked":["UltimateShortwave","CasketOfStar"],"picked":"MillisecondPulsars","floor":16.0},{"not_picked":["UnstableBomb+1","IllusionStar","SuperPerseids"],"picked":"SKIP","floor":18.0},{"not_picked":["NonDirectionalLaser","ManaConvection+1"],"picked":"AsteroidBelt","floor":20.0},{"not_picked":["Occultation","GravityBeat"],"picked":"AsteroidBelt","floor":22},{"not_picked":["MilkyWay","StarlightTyphoon","AsteroidBelt"],"picked":"SKIP","floor":24},{"not_picked":["6A+1","MysteriousBeam"],"picked":"BlazingStar","floor":28},{"not_picked":["OneTimeOff","IllusionStar"],"picked":"SporeBomb","floor":29},{"not_picked":["MysteriousBeam","SuperNova","GrandCross"],"picked":"SKIP","floor":31},{"not_picked":["EscapeVelocity","FinalSpark"],"picked":"CollectingQuirk","floor":33},{"not_picked":["6A","WitchOfGreed"],"picked":"ShootTheMoon","floor":35},{"not_picked":["UnstableBomb+1","DragonMeteor+1"],"picked":"Acceleration+1","floor":36},{"not_picked":["ShootingEcho","WitchOfGreed+1"],"picked":"DeepEcoloBomb","floor":38},{"not_picked":["GrandCross","AbsoluteMagnitude"],"picked":"SprinkleStarSeal+1","floor":39},{"not_picked":["WitchOfGreed+1","DoubleSpark+1","MachineGunSpark"],"picked":"SKIP","floor":40},{"not_picked":["Acceleration","DoubleSpark","IllusionStar"],"picked":"SKIP","floor":41},{"not_picked":["DC","WitchOfGreed"],"picked":"BlazeAway+1","floor":42},{"not_picked":["GalacticHalo+1","SprinkleStarSeal","WitchOfGreed"],"picked":"SKIP","floor":44},{"not_picked":["Singularity","MeteoricShower+1"],"picked":"LuminesStrike","floor":45},{"not_picked":["WitchOfGreed","WitchLeyline+1"],"picked":"PowerUp","floor":48}],"player_experience":311806,"relics_obtained":[{"floor":8.0,"key":"Lantern"},{"floor":9.0,"key":"Replay:Mystery Machine"},{"floor":12.0,"key":"Toy Ornithopter"},{"floor":14.0,"key":"Akabeko"},{"floor":26,"key":"Runesmith:Nanobots"},{"floor":28,"key":"Oddly Smooth Stone"},{"floor":43,"key":"ReplayTheSpireMod:TigerMarble"},{"floor":45,"key":"Durian"},{"floor":46,"key":"Replay:PocketPolymizer"},{"floor":47,"key":"Onion Ring"},{"floor":48,"key":"Replay:Wax Seal"}],"event_choices":[{"damage_healed":0.0,"max_hp_gain":0.0,"max_hp_loss":0.0,"gold_gain":175.0,"event_name":"Liars Game","player_choice":"AGREE","floor":7.0,"gold_loss":0.0,"damage_taken":0.0,"cards_obtained":["Doubt"]},{"damage_healed":0.0,"max_hp_gain":0.0,"max_hp_loss":0.0,"gold_gain":0.0,"event_name":"Living Wall","player_choice":"Grow","floor":11.0,"gold_loss":0.0,"damage_taken":0.0,"cards_upgraded":["MasterSpark"]},{"damage_healed":0,"gold_gain":0,"player_choice":"Read","damage_taken":0,"max_hp_gain":0,"max_hp_loss":0,"event_name":"The Library","floor":25,"gold_loss":0,"cards_obtained":["OortCloud"]},{"damage_healed":0,"gold_gain":0,"player_choice":"Fight","damage_taken":0,"max_hp_gain":0,"max_hp_loss":0,"event_name":"MindBloom","floor":45,"gold_loss":0}],"is_beta":false,"boss_relics":[{"not_picked":["Runesmith:UraniumAnvil","ExperimentalFamiliar"],"picked":"Painkiller Herb"},{"not_picked":["Sozu","Velvet Choker"],"picked":"Runic Pyramid"}],"items_purged_floors":[4,19,21,27],"is_endless":false,"potions_floor_spawned":[1,3,5,18,22,24,35,39,40,44,45],"ascension_level":0}}