{"host":"w9yruvs4bqht6bhw","time":1609551969,"event":{"mods":["BaseMod","Colored Powertips","Minty Spire (QoL Compilation)"],"gold_per_floor":[109,109,124,137,137,164,15,34,34,68,84,111,127,140,140,238,238,256,273,273,291,305,333,333,333,360,360,386,386,259,275,275,377,377,393,393,413,413,3,13,13,40,40,55,137,37,37,37,37,37,37,37,37,62,62,62],"floor_reached":55,"playtime":1895,"items_purged":["Strike_R","Strike_R","Strike_R"],"score":1034,"play_id":"e243fca1-92dd-40f6-86b7-03bb9365c23e","local_time":"20210101204609","is_ascension_mode":true,"campfire_choices":[{"data":"Clash","floor":15,"key":"SMITH"},{"floor":25,"key":"REST"},{"floor":27,"key":"REST"},{"floor":29,"key":"REST"},{"data":"Rage","floor":32,"key":"SMITH"},{"floor":41,"key":"REST"},{"floor":49,"key":"RECALL"},{"data":"Demon Form","floor":52,"key":"SMITH"}],"circlet_count":0,"master_deck":["Strike_R","Defend_R","Defend_R","Defend_R","Defend_R","Bash","Immolate","Clash","Sword Boomerang","Madness","Sword Boomerang","Pommel Strike","Uppercut","Clash+1","Pommel Strike","Clash","Demon Form+1","Rage+1","Anger+1","Pommel Strike+1","Warcry+1","Limit Break+1","Heavy Blade+1"],"relics":["Burning Blood","Oddly Smooth Stone","Kunai","ClockworkSouvenir","White Beast Statue","FossilizedHelix","InkBottle","SacredBark","Mercury Hourglass","Magic Flower","Busted Crown","Meat on the Bone","Pantograph","Letter Opener","The Courier","Thread and Needle"],"acts_visited":["Exordium","TheCity","TheBeyond","TheEnding"],"potions_floor_usage":[8,10,12,16,19,21,21,23,23,23,31,33,33,35,40,44,50,50,55],"damage_taken":[{"damage":3,"enemies":"Small Slimes","floor":1,"turns":4},{"damage":6,"enemies":"Cultist","floor":3,"turns":3},{"damage":0,"enemies":"2 Louse","floor":4,"turns":1},{"damage":12,"enemies":"3 Sentries","floor":6,"turns":4},{"damage":0,"enemies":"Exordium Thugs","floor":8,"turns":2},{"damage":33,"enemies":"Lagavulin","floor":10,"turns":4},{"damage":0,"enemies":"2 Fungi Beasts","floor":11,"turns":2},{"damage":0,"enemies":"Gremlin Nob","floor":12,"turns":3},{"damage":0,"enemies":"Exordium Wildlife","floor":13,"turns":2},{"damage":0,"enemies":"Exordium Thugs","floor":14,"turns":2},{"damage":0,"enemies":"Slime Boss","floor":16,"turns":5},{"damage":22,"enemies":"Shell Parasite","floor":18,"turns":4},{"damage":22,"enemies":"2 Thieves","floor":19,"turns":4},{"damage":6,"enemies":"Cultist and Chosen","floor":21,"turns":5},{"damage":25,"enemies":"Snake Plant","floor":22,"turns":3},{"damage":0,"enemies":"Slavers","floor":23,"turns":5},{"damage":34,"enemies":"Book of Stabbing","floor":28,"turns":4},{"damage":0,"enemies":"Centurion and Healer","floor":31,"turns":2},{"damage":24,"enemies":"Collector","floor":33,"turns":6},{"damage":0,"enemies":"3 Darklings","floor":35,"turns":2},{"damage":0,"enemies":"Orb Walker","floor":37,"turns":2},{"damage":53,"enemies":"Transient","floor":40,"turns":5},{"damage":47,"enemies":"Nemesis","floor":42,"turns":6},{"damage":13,"enemies":"3 Darklings","floor":44,"turns":3},{"damage":28,"enemies":"Time Eater","floor":50,"turns":7},{"damage":101,"enemies":"Shield and Spear","floor":54,"turns":5},{"damage":107,"enemies":"The Heart","floor":55,"turns":3}],"seed_played":"-66624686306846502","potions_obtained":[{"floor":3,"key":"Ancient Potion"},{"floor":4,"key":"DistilledChaos"},{"floor":6,"key":"BloodPotion"},{"floor":10,"key":"DistilledChaos"},{"floor":11,"key":"ColorlessPotion"},{"floor":12,"key":"LiquidBronze"},{"floor":13,"key":"LiquidMemories"},{"floor":16,"key":"Weak Potion"},{"floor":18,"key":"Strength Potion"},{"floor":19,"key":"FairyPotion"},{"floor":21,"key":"Dexterity Potion"},{"floor":22,"key":"Block Potion"},{"floor":23,"key":"Fruit Juice"},{"floor":28,"key":"AttackPotion"},{"floor":31,"key":"Swift Potion"},{"floor":33,"key":"AttackPotion"},{"floor":35,"key":"Dexterity Potion"},{"floor":37,"key":"SneckoOil"},{"floor":40,"key":"GamblersBrew"},{"floor":42,"key":"AttackPotion"},{"floor":44,"key":"EssenceOfSteel"},{"floor":54,"key":"SteroidPotion"}],"is_trial":false,"path_per_floor":["M","?","M","M","?","E","$","M","T","E","M","E","M","M","R","B",null,"M","M","?","M","M","E","?","R","T","R","E","R","$","M","R","B",null,"M","?","M","?","$","M","R","E","T","M","T","$","?","$","R","B",null,"R","$","E","B"],"character_chosen":"IRONCLAD","items_purchased":["ClockworkSouvenir","Energy Potion","AttackPotion","Meat on the Bone"],"campfire_rested":4,"item_purchase_floors":[7,30,39,39],"current_hp_per_floor":[80,80,80,80,80,74,74,80,80,69,75,80,80,80,80,80,80,64,48,33,33,14,30,24,52,52,80,52,80,80,89,89,74,90,95,95,95,86,86,60,88,68,68,64,64,64,64,64,64,76,90,90,90,85,0,0],"gold":62,"neow_bonus":"ONE_RANDOM_RARE_CARD","is_daily":false,"chose_seed":false,"campfire_upgraded":3,"win_rate":0.0,"timestamp":1609551969,"path_taken":["M","?","?","M","?","E","$","M","T","E","M","E","M","M","R","BOSS","M","?","?","M","M","E","?","R","T","R","E","R","$","M","R","BOSS","M","?","?","?","?","?","R","E","T","M","?","$","?","$","R","BOSS","R","$","E","BOSS"],"items_purchased_type":["Relic","Potion","Potion","Relic"],"build_version":"2020-12-22","purchased_purges":3,"victory":false,"max_hp_per_floor":[80,80,80,80,80,80,80,80,80,80,80,80,80,80,80,80,80,80,80,85,85,85,95,95,95,95,95,95,95,95,95,95,95,95,95,95,95,95,95,95,95,95,95,95,95,95,95,95,95,95,95,95,95,95,95,95],"card_choices":[{"not_picked":["Anger","True Grit"],"picked":"Clash","floor":1},{"not_picked":["Carnage","Feel No Pain"],"picked":"Sword Boomerang","floor":3},{"not_picked":["Rage","Armaments"],"picked":"Pommel Strike","floor":4},{"not_picked":["Body Slam","Twin Strike"],"picked":"Uppercut","floor":6},{"not_picked":["Fire Breathing","Immolate"],"picked":"Clash","floor":8},{"not_picked":["Carnage","Wild Strike","True Grit"],"picked":"SKIP","floor":10},{"not_picked":["Armaments","Uppercut"],"picked":"Pommel Strike","floor":11},{"not_picked":["Headbutt","Twin Strike"],"picked":"Clash","floor":12},{"not_picked":["Perfected Strike","Warcry"],"picked":"Demon Form","floor":13},{"not_picked":["Sever Soul","Cleave","Rupture"],"picked":"SKIP","floor":14},{"not_picked":["Twin Strike","Headbutt"],"picked":"Rage","floor":18},{"not_picked":["Thunderclap","Rupture+1","Perfected Strike+1"],"picked":"SKIP","floor":19},{"not_picked":["Reaper","Body Slam"],"picked":"Anger+1","floor":21},{"not_picked":["True Grit","Iron Wave"],"picked":"Pommel Strike+1","floor":22},{"not_picked":["Sentinel","Sword Boomerang","Armaments+1"],"picked":"SKIP","floor":23},{"not_picked":["Pommel Strike","Burning Pact+1"],"picked":"Warcry+1","floor":28},{"not_picked":["Cleave","True Grit+1","Warcry"],"picked":"SKIP","floor":31},{"not_picked":["Bludgeon","Offering"],"picked":"Limit Break","floor":33},{"not_picked":["Shockwave+1"],"picked":"SKIP","floor":35},{"not_picked":["Reckless Charge"],"picked":"SKIP","floor":37},{"not_picked":["Sword Boomerang"],"picked":"SKIP","floor":40},{"not_picked":["Entrench+1"],"picked":"SKIP","floor":42},{"not_picked":["Perfected Strike"],"picked":"SKIP","floor":44},{"not_picked":[],"picked":"Heavy Blade+1","floor":54}],"player_experience":245248,"relics_obtained":[{"floor":6,"key":"Kunai"},{"floor":9,"key":"White Beast Statue"},{"floor":10,"key":"FossilizedHelix"},{"floor":12,"key":"InkBottle"},{"floor":23,"key":"Mercury Hourglass"},{"floor":28,"key":"Magic Flower"},{"floor":42,"key":"Pantograph"},{"floor":43,"key":"Letter Opener"},{"floor":45,"key":"The Courier"},{"floor":54,"key":"Thread and Needle"}],"event_choices":[{"damage_healed":0,"gold_gain":0,"player_choice":"2 cards matched","damage_taken":0,"max_hp_gain":0,"max_hp_loss":0,"event_name":"Match and Keep!","floor":2,"gold_loss":0,"cards_obtained":["Sword Boomerang","Madness"]},{"damage_healed":0,"gold_gain":0,"player_choice":"Gave Potion","damage_taken":0,"relics_obtained":["Oddly Smooth Stone"],"max_hp_gain":0,"max_hp_loss":0,"event_name":"WeMeetAgain","floor":5,"gold_loss":0},{"damage_healed":0,"gold_gain":0,"player_choice":"Shed Blood","damage_taken":20,"max_hp_gain":5,"max_hp_loss":0,"event_name":"Forgotten Altar","floor":20,"gold_loss":0},{"damage_healed":0,"gold_gain":0,"player_choice":"","damage_taken":6,"max_hp_gain":0,"max_hp_loss":0,"event_name":"Knowing Skull","floor":24,"potions_obtained":[],"gold_loss":0,"cards_obtained":[]},{"damage_healed":0,"gold_gain":0,"player_choice":"Upgraded","damage_taken":0,"max_hp_gain":0,"max_hp_loss":0,"event_name":"Upgrade Shrine","floor":36,"gold_loss":0,"cards_upgraded":["Limit Break"]},{"damage_healed":0,"gold_gain":0,"player_choice":"Damaged","damage_taken":9,"max_hp_gain":0,"max_hp_loss":0,"event_name":"Wheel of Change","floor":38,"gold_loss":0},{"cards_removed":["Strike_R"],"damage_healed":0,"gold_gain":0,"player_choice":"Purged","damage_taken":0,"max_hp_gain":0,"max_hp_loss":0,"event_name":"Purifier","floor":47,"gold_loss":0}],"is_beta":false,"boss_relics":[{"not_picked":["Calling Bell","Runic Dome"],"picked":"SacredBark"},{"not_picked":["Snecko Eye","Coffee Dripper"],"picked":"Busted Crown"}],"items_purged_floors":[30,39,46],"is_endless":false,"potions_floor_spawned":[3,4,6,10,11,12,13,14,16,18,19,21,22,23,28,31,33,35,37,40,42,44,54],"killed_by":"The Heart","ascension_level":5}}