{"host":"xjyie0ctswsml60g","time":1609595368,"event":{"mods":["AchievementEnabler","BaseMod","Colored Map","Minty Spire (QoL Compilation)","Quick Restart","SuperFastMode"],"gold_per_floor":[111,34,34,34,59,59,80,80,80,98,118,43,118,156,156,156,156],"floor_reached":16,"playtime":1892,"items_purged":["Defend_P"],"score":100,"play_id":"dd0e9b4c-b9e4-4208-9e12-ffc829412601","local_time":"20210102154928","is_ascension_mode":false,"campfire_choices":[{"floor":6.0,"key":"RECALL"},{"data":"WreathOfFlame","floor":8.0,"key":"SMITH"},{"floor":15.0,"key":"REST"}],"circlet_count":0,"master_deck":["Strike_P","Strike_P","Strike_P","Defend_P","Defend_P","Defend_P","Eruption+1","Vigilance","WreathOfFlame+1","Halt","EmptyBody","FearNoEvil"],"relics":["PureWater","Golden Idol","Boot"],"acts_visited":["Exordium"],"potions_floor_usage":[],"damage_taken":[{"damage":5.0,"enemies":"2 Louse","floor":1.0,"turns":2.0},{"damage":0.0,"enemies":"Small Slimes","floor":5.0,"turns":2.0},{"damage":11.0,"enemies":"Jaw Worm","floor":7.0,"turns":6.0},{"damage":0.0,"enemies":"3 Louse","floor":10.0,"turns":3.0},{"damage":0.0,"enemies":"Gremlin Gang","floor":11.0,"turns":3.0},{"damage":34.0,"enemies":"Lagavulin","floor":14.0,"turns":6.0},{"damage":29,"enemies":"Slime Boss","floor":16,"turns":7}],"seed_played":"-9084198801364293332","potions_obtained":[{"floor":7.0,"key":"Regen Potion"},{"floor":10.0,"key":"Fire Potion"},{"floor":14.0,"key":"GamblersBrew"}],"is_trial":false,"path_per_floor":["M","$","?","?","M","R","M","R","T","M","M","$","?","E","R","B"],"character_chosen":"WATCHER","items_purchased":["WreathOfFlame"],"campfire_rested":1,"item_purchase_floors":[2],"current_hp_per_floor":[67,67,67,49,49,49,38,38,38,38,38,38,27,8,29,0,0],"gold":156,"neow_bonus":"REMOVE_CARD","is_daily":false,"chose_seed":false,"campfire_upgraded":1,"win_rate":0.0,"timestamp":1609595368,"path_taken":["M","$","?","?","M","R","M","R","T","M","M","$","?","E","R","BOSS"],"items_purchased_type":["Card"],"build_version":"2020-12-22","purchased_purges":1,"victory":false,"max_hp_per_floor":[72,72,72,72,72,72,72,72,72,72,72,72,72,72,72,72,72],"card_choices":[{"not_picked":["Consecrate","ForeignInfluence","Crescendo"],"picked":"SKIP","floor":1.0},{"not_picked":["FlurryOfBlows","BowlingBash"],"picked":"Halt","floor":5.0},{"not_picked":["ReachHeaven","Evaluate","BattleHymn"],"picked":"SKIP","floor":7.0},{"not_picked":["BowlingBash","LikeWater","Evaluate"],"picked":"SKIP","floor":10.0},{"not_picked":["MentalFortress","FlurryOfBlows"],"picked":"EmptyBody","floor":11.0},{"not_picked":["PathToVictory","CrushJoints"],"picked":"FearNoEvil","floor":14.0}],"player_experience":478987,"relics_obtained":[{"floor":14.0,"key":"Boot"}],"event_choices":[{"damage_healed":0.0,"max_hp_gain":0.0,"max_hp_loss":0.0,"gold_gain":0.0,"event_name":"Living Wall","player_choice":"Grow","floor":3.0,"gold_loss":0.0,"damage_taken":0.0,"cards_upgraded":["Eruption"]},{"damage_healed":0.0,"max_hp_gain":0.0,"max_hp_loss":0.0,"gold_gain":0.0,"event_name":"Golden Idol","player_choice":"Take Damage","floor":4.0,"gold_loss":0.0,"damage_taken":18.0,"relics_obtained":["Golden Idol"]},{"damage_healed":0.0,"max_hp_gain":0.0,"max_hp_loss":0.0,"gold_gain":75.0,"event_name":"World of Goop","player_choice":"Gather Gold","floor":13.0,"gold_loss":0.0,"damage_taken":11.0}],"is_beta":false,"boss_relics":[],"items_purged_floors":[12],"is_endless":false,"potions_floor_spawned":[7,10,14],"killed_by":"Slime Boss","ascension_level":0}}