{"host":"w9yruvs4bqht6bhw","time":1609619114,"event":{"mods":["BaseMod","Colored Powertips","Minty Spire (QoL Compilation)"],"gold_per_floor":[118,130,149,197,215,249,249,249,249,249,268,281,281,291,291,291,291],"floor_reached":16,"playtime":569,"items_purged":[],"score":143,"play_id":"24401c85-efcd-4845-912d-b9a178d96eaf","local_time":"20210102152514","is_ascension_mode":true,"campfire_choices":[{"data":"Flex","floor":8,"key":"SMITH"},{"data":"Flex","floor":10,"key":"SMITH"},{"floor":13,"key":"REST"},{"floor":15,"key":"REST"}],"circlet_count":0,"master_deck":["Strike_R","Strike_R","Strike_R","Strike_R","Strike_R","Defend_R","Defend_R","Defend_R","Defend_R","Bash","Sword Boomerang","Flex+1","Flex+1","Twin Strike","Flame Barrier","Intimidate","Thunderclap","Sword Boomerang"],"relics":["Burning Blood","Dream Catcher","Thread and Needle","Pear"],"acts_visited":["Exordium"],"potions_floor_usage":[6,7,16],"damage_taken":[{"damage":1,"enemies":"Cultist","floor":1,"turns":3},{"damage":6,"enemies":"2 Louse","floor":2,"turns":3},{"damage":7,"enemies":"Small Slimes","floor":3,"turns":3},{"damage":16,"enemies":"Exordium Wildlife","floor":5,"turns":4},{"damage":38,"enemies":"Lagavulin","floor":6,"turns":7},{"damage":0,"enemies":"Lots of Slimes","floor":7,"turns":1},{"damage":1,"enemies":"3 Louse","floor":11,"turns":3},{"damage":7,"enemies":"Exordium Thugs","floor":12,"turns":5},{"damage":0,"enemies":"Blue Slaver","floor":14,"turns":3},{"damage":92,"enemies":"Slime Boss","floor":16,"turns":11}],"seed_played":"7780503550071276092","potions_obtained":[{"floor":0,"key":"SmokeBomb"},{"floor":0,"key":"HeartOfIron"},{"floor":0,"key":"Ancient Potion"}],"is_trial":false,"path_per_floor":["M","M","M","T","M","E","M","R","T","R","M","M","R","M","R","B"],"character_chosen":"IRONCLAD","items_purchased":[],"campfire_rested":2,"item_purchase_floors":[],"current_hp_per_floor":[77,77,76,76,66,34,40,40,50,50,55,54,81,87,90,0,0],"gold":291,"neow_bonus":"THREE_SMALL_POTIONS","is_daily":false,"chose_seed":false,"campfire_upgraded":2,"win_rate":0.0,"timestamp":1609619114,"path_taken":["M","M","M","?","M","E","M","R","T","R","?","M","R","?","R","BOSS"],"items_purchased_type":[],"build_version":"2020-12-22","purchased_purges":0,"victory":false,"max_hp_per_floor":[80,80,80,80,80,80,80,80,90,90,90,90,90,90,90,90,90],"card_choices":[{"not_picked":["Disarm","Hemokinesis"],"picked":"Sword Boomerang","floor":1},{"not_picked":["Second Wind","Power Through"],"picked":"Flex","floor":2},{"not_picked":["Feel No Pain","Armaments"],"picked":"Flex","floor":3},{"not_picked":["Thunderclap","Wild Strike"],"picked":"Twin Strike","floor":5},{"not_picked":["Second Wind","Bloodletting","Bludgeon"],"picked":"SKIP","floor":6},{"not_picked":["True Grit","Pommel Strike"],"picked":"Flame Barrier","floor":11},{"not_picked":["True Grit","Power Through"],"picked":"Intimidate","floor":12},{"not_picked":["Body Slam","Havoc"],"picked":"Thunderclap","floor":14},{"not_picked":["Flex","Cleave"],"picked":"Sword Boomerang","floor":15}],"player_experience":265149,"relics_obtained":[{"floor":4,"key":"Dream Catcher"},{"floor":6,"key":"Thread and Needle"},{"floor":9,"key":"Pear"}],"event_choices":[],"is_beta":false,"boss_relics":[],"items_purged_floors":[],"is_endless":false,"potions_floor_spawned":[2,5,7],"killed_by":"Slime Boss","ascension_level":7}}