{"host":"uxq2rly8rxtwffuf","time":1609571048,"event":{"mods":["BaseMod","Koishi","Minty Spire (QoL Compilation)","StSLib","The Judge","The Servant 0.9.4"],"gold_per_floor":[114,39,53,53,53,53,71,82,82,82,107,107,122,132,132,229,229,241,252,10,20,31,31,31,31,31,31,48,82,82,82],"floor_reached":30,"playtime":1101,"items_purged":["Strike_G","Strike_G"],"score":403,"play_id":"122b1ad1-e8d1-4d82-b878-05f6b2b64797","local_time":"20210102100408","is_ascension_mode":true,"campfire_choices":[{"floor":6,"key":"RECALL"},{"data":"Cloak And Dagger","floor":10,"key":"SMITH"},{"floor":12,"key":"REST"},{"floor":15,"key":"REST"},{"floor":23,"key":"REST"},{"data":"A Thousand Cuts","floor":25,"key":"SMITH"},{"data":"Envenom","floor":27,"key":"SMITH"}],"circlet_count":0,"master_deck":["AscendersBane","Strike_G","Strike_G","Strike_G","Defend_G+1","Defend_G+1","Defend_G","Survivor","Neutralize","Slice","Deflect","Blade Dance","Cloak And Dagger+1","A Thousand Cuts+1","Blade Dance","Finisher","Choke+1","After Image","Envenom+1","Infinite Blades","Finisher"],"relics":["Ring of the Serpent","Ancient Tea Set","Matryoshka","InkBottle","War Paint","Meat on the Bone","Incense Burner"],"acts_visited":["Exordium","TheCity"],"potions_floor_usage":[21],"damage_taken":[{"damage":2,"enemies":"Cultist","floor":1,"turns":5},{"damage":1,"enemies":"Small Slimes","floor":3,"turns":4},{"damage":3,"enemies":"Jaw Worm","floor":7,"turns":4},{"damage":3,"enemies":"Red Slaver","floor":8,"turns":5},{"damage":31,"enemies":"Lagavulin","floor":11,"turns":7},{"damage":8,"enemies":"3 Louse","floor":13,"turns":3},{"damage":5,"enemies":"Exordium Wildlife","floor":14,"turns":2},{"damage":46,"enemies":"Hexaghost","floor":16,"turns":11},{"damage":12,"enemies":"Chosen","floor":18,"turns":4},{"damage":0,"enemies":"3 Byrds","floor":19,"turns":5},{"damage":9,"enemies":"3 Cultists","floor":21,"turns":5},{"damage":17,"enemies":"Snecko","floor":22,"turns":5},{"damage":22,"enemies":"Snake Plant","floor":28,"turns":4},{"damage":36,"enemies":"Gremlin Leader","floor":29,"turns":6},{"damage":41,"enemies":"Colosseum Slavers","floor":30,"turns":2}],"seed_played":"-2156810997409529901","potions_obtained":[{"floor":8,"key":"FairyPotion"},{"floor":16,"key":"Swift Potion"},{"floor":19,"key":"PowerPotion"},{"floor":21,"key":"BlessingOfTheForge"}],"is_trial":false,"path_per_floor":["M","$","M","?","?","R","M","M","T","R","E","R","M","M","R","B",null,"M","M","$","M","M","R","?","R","T","R","M","E","?"],"character_chosen":"THE_SILENT","items_purchased":["After Image"],"campfire_rested":3,"item_purchase_floors":[20],"current_hp_per_floor":[61,61,60,65,65,65,62,59,59,59,28,50,42,37,59,13,60,48,48,48,39,22,44,44,44,44,44,34,34,0,0],"gold":82,"neow_bonus":"RANDOM_COMMON_RELIC","is_daily":false,"chose_seed":false,"campfire_upgraded":3,"win_rate":0.0,"timestamp":1609571048,"path_taken":["M","?","M","?","?","R","M","M","T","R","E","R","M","M","R","BOSS","M","M","$","M","M","R","?","R","T","R","?","E","?"],"items_purchased_type":["Card"],"build_version":"2020-12-22","purchased_purges":2,"victory":false,"max_hp_per_floor":[70,70,70,75,75,75,75,75,75,75,75,75,75,75,75,75,75,75,75,75,75,75,75,75,75,75,75,75,75,75,75],"card_choices":[{"not_picked":["Underhanded Strike","Backflip"],"picked":"Slice","floor":1},{"not_picked":["Riddle With Holes","Reflex"],"picked":"Deflect","floor":3},{"not_picked":["Backflip","Slice"],"picked":"Blade Dance","floor":7},{"not_picked":["Underhanded Strike","Sucker Punch"],"picked":"Cloak And Dagger","floor":8},{"not_picked":["Riddle With Holes","Wraith Form v2"],"picked":"A Thousand Cuts","floor":11},{"not_picked":["Acrobatics","PiercingWail","Poisoned Stab"],"picked":"SKIP","floor":13},{"not_picked":["Expertise","Poisoned Stab"],"picked":"Blade Dance","floor":14},{"not_picked":["Quick Slash","Backflip"],"picked":"Finisher","floor":18},{"not_picked":["Calculated Gamble+1","Poisoned Stab"],"picked":"Choke+1","floor":19},{"not_picked":["Quick Slash","Skewer","Dodge and Roll+1"],"picked":"SKIP","floor":21},{"not_picked":["Heel Hook","Outmaneuver","Riddle With Holes+1"],"picked":"SKIP","floor":22},{"not_picked":["Quick Slash","Deadly Poison"],"picked":"Infinite Blades","floor":28},{"not_picked":["Escape Plan","Slice"],"picked":"Finisher","floor":29}],"player_experience":1371480,"relics_obtained":[{"floor":9,"key":"Matryoshka"},{"floor":11,"key":"InkBottle"},{"floor":26,"key":"War Paint"},{"floor":26,"key":"Meat on the Bone"},{"floor":29,"key":"Incense Burner"}],"event_choices":[{"damage_healed":0,"gold_gain":0,"player_choice":"Donut","damage_taken":0,"max_hp_gain":5,"max_hp_loss":0,"event_name":"Big Fish","floor":4,"gold_loss":0},{"cards_removed":["Defend_G"],"damage_healed":0,"gold_gain":0,"player_choice":"Forget","damage_taken":0,"max_hp_gain":0,"max_hp_loss":0,"event_name":"Living Wall","floor":5,"gold_loss":0},{"damage_healed":0,"gold_gain":0,"cards_transformed":["Defend_G"],"player_choice":"Transformed","damage_taken":0,"max_hp_gain":0,"max_hp_loss":0,"event_name":"Transmorgrifier","floor":24,"gold_loss":0,"cards_obtained":["Envenom"]},{"damage_healed":0,"gold_gain":0,"player_choice":"Fight","damage_taken":0,"max_hp_gain":0,"max_hp_loss":0,"event_name":"Colosseum","floor":30,"gold_loss":0}],"is_beta":false,"boss_relics":[{"not_picked":["Cursed Key","Ectoplasm"],"picked":"Ring of the Serpent"}],"items_purged_floors":[2,20],"is_endless":false,"potions_floor_spawned":[8,16,18,19,21],"killed_by":"Colosseum Slavers","ascension_level":12}}