{"host":"e8rlfedn69rz2s07","time":1609627533,"event":{"mods":["Act Like it!","BaseMod","Conspire","Hubris","Infinite Spire","Minty Spire (QoL Compilation)","Permanent Neow","Relic Stats","Replay The Spire","Shop Mod","StSLib","The Jungle"],"gold_per_floor":[362,378,378,389,24,24,81,81,106,106,142,142,207,285,285,414,414,504,504,549,614,614,614],"floor_reached":22,"playtime":998,"items_purged":[],"score":372,"play_id":"dcc4fb92-61cf-410c-9b3b-984fea23dbde","local_time":"20210103004533","is_ascension_mode":true,"campfire_choices":[{"data":"HandOfGreed","floor":6.0,"key":"SMITH"},{"data":"Conserve Battery","floor":8.0,"key":"SMITH"},{"data":"Zap","floor":10.0,"key":"SMITH"},{"data":"Undo","floor":15.0,"key":"SMITH"}],"circlet_count":0,"master_deck":["AscendersBane","Strike_B","Strike_B","Strike_B","Strike_B","Defend_B","Defend_B","Defend_B","Defend_B","Zap+1","Dualcast","Conserve Battery+1","Rebound","HandOfGreed+1","Gash","Undo+1","Skim","Biased Cognition","Doom and Gloom","Leap"],"relics":["Cracked Core","PreservedInsect","conspire:Boomerang","hubris:Icosahedron","Odd Mushroom","Cursed Key","hubris:Towel"],"acts_visited":["Exordium","Exordium"],"potions_floor_usage":[22],"damage_taken":[{"damage":2.0,"enemies":"Jaw Worm","floor":1.0,"turns":3.0},{"damage":3.0,"enemies":"2 Louse","floor":2.0,"turns":4.0},{"damage":0.0,"enemies":"Small Slimes","floor":4.0,"turns":3.0},{"damage":4.0,"enemies":"Lagavulin","floor":7.0,"turns":6.0},{"damage":3.0,"enemies":"Blue Slaver","floor":11.0,"turns":2.0},{"damage":0.0,"enemies":"2 Fungi Beasts","floor":13.0,"turns":4.0},{"damage":2.0,"enemies":"The Mushroom Lair","floor":14.0,"turns":4.0},{"damage":38.0,"enemies":"Slime Boss","floor":16.0,"turns":9.0},{"damage":15.0,"enemies":"theJungle:MUSHROOMGANG","floor":18.0,"turns":5.0},{"damage":18.0,"enemies":"Shell Parasite","floor":20.0,"turns":5.0},{"damage":5,"enemies":"theJungle:Snecko_Cultist_And_Trap","floor":21,"turns":7},{"damage":14,"enemies":"theJungle:2_Flameangoes","floor":22,"turns":3}],"seed_played":"-7288303939282837274","potions_obtained":[{"floor":2.0,"key":"ColorlessPotion"},{"floor":7.0,"key":"Languid Potion"},{"floor":11.0,"key":"ColorlessPotion"},{"floor":16.0,"key":"FocusPotion"},{"floor":21,"key":"ColorlessPotion"}],"is_trial":false,"path_per_floor":["M","M","?","M","$","R","E","R","T","R","M","?","M","?","R","B",null,"M","?","M","M","M"],"character_chosen":"DEFECT","items_purchased":["PreservedInsect","HandOfGreed"],"campfire_rested":0,"item_purchase_floors":[5,5],"current_hp_per_floor":[62,59,59,59,59,59,55,55,55,55,52,52,52,50,50,12,51,36,36,18,13,0,0],"gold":614,"neow_bonus":"TWO_FIFTY_GOLD","is_daily":false,"chose_seed":false,"campfire_upgraded":4,"win_rate":0.0,"timestamp":1609627533,"path_taken":["M","M","?","M","$","R","E","R","T","R","M","?","M","?","R","BOSS","M","?","M","M","M"],"items_purchased_type":["Relic","Card"],"build_version":"2020-12-22","purchased_purges":0,"victory":false,"max_hp_per_floor":[64,64,64,64,64,64,64,64,64,64,64,64,64,64,64,64,64,64,64,64,64,64,64],"relic_stats":{"counters":[12,55],"PreservedInsect":29,"Cursed Key":0,"obtain_stats":[{"hubris:Icosahedron":12,"PreservedInsect":5,"conspire:Boomerang":7,"Odd Mushroom":14,"hubris:Towel":19,"Cracked Core":0,"Cursed Key":17},{"hubris:Icosahedron":5,"PreservedInsect":3,"conspire:Boomerang":4,"Odd Mushroom":7,"hubris:Towel":9,"Cracked Core":0,"Cursed Key":8},{"hubris:Icosahedron":18,"PreservedInsect":10,"conspire:Boomerang":16,"Odd Mushroom":26,"hubris:Towel":40,"Cracked Core":0,"Cursed Key":35}]},"card_choices":[{"not_picked":["ReplaySolidLightProjector","Barrage","BasicCrystalCard"],"picked":"SKIP","floor":1.0},{"not_picked":["Rebound","Steam"],"picked":"Conserve Battery","floor":2.0},{"not_picked":["Double Energy","BootSequence"],"picked":"Rebound","floor":4.0},{"not_picked":["Leap","Capacitor"],"picked":"Gash","floor":7.0},{"not_picked":["Scrape","BasicCrystalCard"],"picked":"Undo","floor":11.0},{"not_picked":["Turbo","Scrape"],"picked":"Skim","floor":13.0},{"not_picked":["Hyperbeam","Seek"],"picked":"Biased Cognition","floor":16.0},{"not_picked":["Leap","ReplaySolidLightProjector"],"picked":"Doom and Gloom","floor":18.0},{"not_picked":["Streamline","Turbo","Stack"],"picked":"SKIP","floor":20.0},{"not_picked":["Rebound","Compile Driver"],"picked":"Leap","floor":21}],"player_experience":939930,"relics_obtained":[{"floor":7.0,"key":"conspire:Boomerang"},{"floor":14.0,"key":"Odd Mushroom"}],"event_choices":[{"damage_healed":0.0,"max_hp_gain":0.0,"max_hp_loss":0.0,"gold_gain":0.0,"event_name":"The Cleric","player_choice":"Leave","floor":3.0,"gold_loss":0.0,"damage_taken":0.0},{"damage_healed":0.0,"max_hp_gain":0.0,"max_hp_loss":0.0,"gold_gain":0.0,"event_name":"Mushrooms","player_choice":"Fought Mushrooms","floor":14.0,"gold_loss":0.0,"damage_taken":0.0}],"is_beta":false,"boss_relics":[{"not_picked":["conspire:SlowCooker","SlaversCollar"],"picked":"Cursed Key"}],"items_purged_floors":[],"is_endless":false,"potions_floor_spawned":[2,7,11,16,21],"killed_by":"theJungle:2_Flameangoes","ascension_level":20}}