{"host":"r6jigiblrojhp6xe","time":1609602930,"event":{"mods":["AchievementEnabler","BaseMod","DeckTracker","Minty Spire (QoL Compilation)","Quick Restart","Rare Cards Sparkle","Relic Stats","StSLib","SuperFastMode","The Cursed","everything is the same but u backflip on backflip"],"gold_per_floor":[114,114,131,131,56,56,73,104,104,104,131,131,51,51,51,144,144,169,182,182,195,60,99,37,77,104,104,104,104],"floor_reached":28,"playtime":558,"items_purged":["Pain","Strike_P"],"score":524,"play_id":"bbc8f06c-f955-4dbf-9c64-3e051618df77","local_time":"20210103005530","is_ascension_mode":true,"campfire_choices":[{"data":"Eruption","floor":6.0,"key":"SMITH"},{"data":"JustLucky","floor":10.0,"key":"SMITH"},{"data":"Worship","floor":15.0,"key":"SMITH"}],"circlet_count":0,"master_deck":["AscendersBane","Defend_P+1","Defend_P","Eruption+1","Vigilance","JustLucky+1","Conclude","EmptyMind","Vault","BattleHymn+1","Worship+1","Tantrum+1","SashWhip+1","EmptyMind","Sanctity+1","LessonLearned","CutThroughFate","SandsOfTime","FlyingSleeves","InnerPeace"],"relics":["PureWater","NeowsBlessing","WarpedTongs","InkBottle","The Courier","Happy Flower","Golden Idol","Astrolabe","Ornamental Fan","Orichalcum","Regal Pillow"],"acts_visited":["Exordium","TheCity"],"potions_floor_usage":[25,28],"damage_taken":[{"damage":0.0,"enemies":"2 Louse","floor":1.0,"turns":1.0},{"damage":0.0,"enemies":"Small Slimes","floor":3.0,"turns":1.0},{"damage":0.0,"enemies":"Cultist","floor":7.0,"turns":1.0},{"damage":16.0,"enemies":"Lagavulin","floor":8.0,"turns":4.0},{"damage":11.0,"enemies":"Gremlin Nob","floor":11.0,"turns":3.0},{"damage":10,"enemies":"Slime Boss","floor":16,"turns":6},{"damage":13,"enemies":"3 Byrds","floor":18,"turns":4},{"damage":0,"enemies":"Chosen","floor":19,"turns":2},{"damage":11,"enemies":"Snake Plant","floor":21,"turns":3},{"damage":16,"enemies":"Gremlin Leader","floor":23,"turns":5},{"damage":1,"enemies":"Book of Stabbing","floor":25,"turns":4},{"damage":0,"enemies":"Shelled Parasite and Fungi","floor":28,"turns":2}],"seed_played":"-2910282686043538683","potions_obtained":[{"floor":1.0,"key":"BlessingOfTheForge"},{"floor":16,"key":"Fire Potion"},{"floor":23,"key":"LiquidBronze"},{"floor":25,"key":"SkillPotion"}],"is_trial":false,"path_per_floor":["M","?","M","?","$","R","M","E","T","R","E","?","$","?","R","B",null,"M","M","?","M","$","E","$","E","T","?","M"],"character_chosen":"WATCHER","items_purchased":["LessonLearned","SandsOfTime"],"campfire_rested":0,"item_purchase_floors":[22,24],"current_hp_per_floor":[61,54,54,54,54,54,54,38,38,38,27,27,27,27,27,17,51,38,38,38,27,27,11,11,10,10,10,10,10],"gold":104,"neow_bonus":"THREE_ENEMY_KILL","is_daily":false,"chose_seed":false,"campfire_upgraded":3,"win_rate":0.0,"timestamp":1609602930,"path_taken":["M","?","M","?","$","R","?","E","T","R","E","?","?","?","R","BOSS","M","M","?","M","$","E","$","E","T","?","M"],"items_purchased_type":["Card","Card"],"build_version":"2020-12-22","purchased_purges":2,"victory":false,"max_hp_per_floor":[68,68,68,68,68,68,68,68,68,68,68,68,68,62,62,62,62,62,62,62,62,62,62,62,62,62,62,62,62],"relic_stats":{"Regal Pillow":0,"Happy Flower":[8],"counters":[12,36],"Golden Idol":46,"Ornamental Fan":[4],"Astrolabe":["BattleHymn","Worship","Tantrum"],"Orichalcum":[0],"obtain_stats":[{"Regal Pillow":26,"NeowsBlessing":0,"Happy Flower":11,"Golden Idol":14,"Ornamental Fan":23,"Astrolabe":17,"The Courier":9,"PureWater":0,"Orichalcum":25,"InkBottle":8,"WarpedTongs":4},{"Regal Pillow":11,"NeowsBlessing":0,"Happy Flower":5,"Golden Idol":5,"Ornamental Fan":10,"Astrolabe":6,"The Courier":4,"PureWater":0,"Orichalcum":11,"InkBottle":4,"WarpedTongs":2},{"Regal Pillow":34,"NeowsBlessing":0,"Happy Flower":10,"Golden Idol":10,"Ornamental Fan":30,"Astrolabe":16,"The Courier":7,"PureWater":0,"Orichalcum":34,"InkBottle":7,"WarpedTongs":2}],"InkBottle":[10],"WarpedTongs":[33]},"card_choices":[{"not_picked":["Crescendo","FlurryOfBlows","FollowUp"],"picked":"SKIP","floor":1.0},{"not_picked":["BowlingBash","Pray"],"picked":"JustLucky","floor":3.0},{"not_picked":["EmptyBody","SashWhip"],"picked":"Conclude","floor":7.0},{"not_picked":["Prostrate","SandsOfTime"],"picked":"EmptyMind","floor":8.0},{"not_picked":["SashWhip","EmptyBody"],"picked":"Worship","floor":11.0},{"not_picked":["Scrawl","SpiritShield"],"picked":"Vault","floor":16},{"not_picked":["Swivel","JustLucky+1"],"picked":"SashWhip+1","floor":18},{"not_picked":["ClearTheMind","Protect"],"picked":"EmptyMind","floor":19},{"not_picked":["ClearTheMind","EmptyFist"],"picked":"Sanctity+1","floor":21},{"not_picked":["Evaluate","Worship"],"picked":"CutThroughFate","floor":23},{"not_picked":["EmptyMind","Devotion","SpiritShield"],"picked":"SKIP","floor":25}],"player_experience":561045,"relics_obtained":[{"floor":8.0,"key":"InkBottle"},{"floor":9.0,"key":"The Courier"},{"floor":11.0,"key":"Happy Flower"},{"floor":23,"key":"Ornamental Fan"},{"floor":25,"key":"Orichalcum"},{"floor":26,"key":"Regal Pillow"}],"event_choices":[{"cards_removed":["Defend_P"],"damage_healed":0.0,"max_hp_gain":0.0,"max_hp_loss":0.0,"gold_gain":0.0,"event_name":"Golden Wing","player_choice":"Card Removal","floor":2.0,"gold_loss":0.0,"damage_taken":7.0},{"damage_healed":0.0,"max_hp_gain":0.0,"max_hp_loss":0.0,"gold_gain":0.0,"event_name":"Accursed Blacksmith","player_choice":"Rummage","floor":4.0,"gold_loss":0.0,"damage_taken":0.0,"relics_obtained":["WarpedTongs"],"cards_obtained":["Pain"]},{"damage_healed":0.0,"max_hp_gain":0.0,"max_hp_loss":0.0,"gold_gain":0.0,"event_name":"Match and Keep!","player_choice":"0 cards matched","floor":12.0,"gold_loss":0.0,"damage_taken":0.0,"cards_obtained":[]},{"damage_healed":0.0,"max_hp_gain":0.0,"max_hp_loss":6.0,"gold_gain":0.0,"event_name":"Golden Idol","player_choice":"Lose Max HP","floor":14.0,"gold_loss":0.0,"damage_taken":0.0,"relics_obtained":["Golden Idol"]},{"damage_healed":0,"gold_gain":0,"player_choice":"Ignored","damage_taken":0,"max_hp_gain":0,"max_hp_loss":0,"event_name":"Vampires","floor":20,"gold_loss":0},{"damage_healed":0,"gold_gain":0,"cards_transformed":["Worship","Defend_P"],"player_choice":"Became Test Subject","damage_taken":0,"max_hp_gain":0,"max_hp_loss":0,"event_name":"Drug Dealer","floor":27,"gold_loss":0,"cards_obtained":["FlyingSleeves","InnerPeace"]}],"is_beta":false,"boss_relics":[{"not_picked":["Empty Cage","Calling Bell"],"picked":"Astrolabe"}],"items_purged_floors":[5,13],"is_endless":false,"potions_floor_spawned":[1,16,23,25],"killed_by":"Shelled Parasite and Fungi","ascension_level":20}}