{"host":"na09lpbrez4gbfiz","time":1609547601,"event":{"mods":["Act Like it!","BaseMod","BetterRewards","Colored Map","Colored Powertips","DeckTracker","Googly Eyes","Highlight Path","Minty Spire (QoL Compilation)","Quick Restart","Spicy Shops","StSLib","SuperFastMode","Synergy Search"],"gold_per_floor":[115,115,115,15,15,15,15],"floor_reached":6,"playtime":145,"items_purged":["Strike_R","Defend_R"],"score":50,"play_id":"064f5a7a-5c95-4f8e-a8ae-320ad972a1d4","local_time":"20210102013321","is_ascension_mode":true,"campfire_choices":[],"circlet_count":0,"master_deck":["AscendersBane","Strike_R","Strike_R","Strike_R","Defend_R+1","Defend_R","Defend_R","Bash","Feed+1","True Grit+1","Seeing Red+1","Flame Barrier+1","Bloodletting+1"],"relics":["Burning Blood","Bag of Preparation","Toxic Egg 2","Tiny Chest","Orrery","Golden Idol"],"acts_visited":["Exordium"],"potions_floor_usage":[],"damage_taken":[{"damage":3,"enemies":"Small Slimes","floor":1,"turns":3},{"damage":30,"enemies":"3 Sentries","floor":6,"turns":6}],"seed_played":"6073078399493621061","potions_obtained":[{"floor":1,"key":"FearPotion"}],"is_trial":false,"path_per_floor":["M","?","?","$","?","E"],"character_chosen":"IRONCLAD","items_purchased":["Bag of Preparation","Toxic Egg 2","Tiny Chest","Orrery"],"campfire_rested":0,"item_purchase_floors":[0,0,0,0],"current_hp_per_floor":[43,43,26,26,26,0,0],"gold":15,"neow_bonus":"","is_daily":false,"chose_seed":false,"campfire_upgraded":0,"win_rate":0.0,"timestamp":1609547601,"path_taken":["M","?","?","$","?","E"],"items_purchased_type":["Relic","Relic","Relic","Relic"],"build_version":"2020-12-22","purchased_purges":2,"victory":false,"max_hp_per_floor":[83,83,83,83,77,77,77],"card_choices":[{"not_picked":["Iron Wave","Headbutt"],"picked":"Feed","floor":0},{"not_picked":["Battle Trance+1","Body Slam"],"picked":"True Grit+1","floor":0},{"not_picked":["Pommel Strike","Intimidate+1"],"picked":"Seeing Red+1","floor":0},{"not_picked":["Clash","Iron Wave"],"picked":"Flame Barrier+1","floor":0},{"not_picked":["Combust","Havoc+1"],"picked":"Bloodletting+1","floor":1}],"player_experience":253876,"relics_obtained":[],"event_choices":[{"cards_removed":["Strike_R"],"damage_healed":0,"gold_gain":0,"player_choice":"Forget","damage_taken":0,"max_hp_gain":0,"max_hp_loss":0,"event_name":"Living Wall","floor":2,"gold_loss":0},{"damage_healed":0,"gold_gain":0,"player_choice":"Entered Light","damage_taken":17,"max_hp_gain":0,"max_hp_loss":0,"event_name":"Shining Light","floor":3,"gold_loss":0,"cards_upgraded":["Defend_R","Feed"]},{"damage_healed":0,"gold_gain":0,"player_choice":"Lose Max HP","damage_taken":0,"relics_obtained":["Golden Idol"],"max_hp_gain":0,"max_hp_loss":6,"event_name":"Golden Idol","floor":5,"gold_loss":0}],"is_beta":false,"boss_relics":[],"items_purged_floors":[0,4],"is_endless":false,"potions_floor_spawned":[1],"killed_by":"3 Sentries","ascension_level":11}}