{"host":"bux1pdxjwq4dkad9","time":1609580517,"event":{"mods":["BaseMod","Colored Map","Minty Spire (QoL Compilation)","Quick Restart","Robot Space Explorer","Spicy Shops","StSLib","SuperFastMode","°æ“≈ŒÔMod°øºÚµ•”Œœ∑"],"gold_per_floor":[114,132,22,22,39,73,73,103,103,103,53,65,96,171,171,244,244,260,260,279,296,111,143,154,154,154,167,195,195,226,237,237,309,309,324,344,344,399,413,448,448,481,508,524,524,537,537,571,571,571,571,571,571,372,401,401],"floor_reached":57,"playtime":1490,"items_purged":["RobotSpaceExplorer:Strike","RobotSpaceExplorer:Strike","RobotSpaceExplorer:Defend"],"score":3790,"play_id":"42dd0215-f1f9-4fb6-941c-83028c3cf26b","local_time":"20210102174157","is_ascension_mode":true,"campfire_choices":[{"data":"RobotSpaceExplorer:SwiftStep","floor":7.0,"key":"SMITH"},{"floor":10.0,"key":"RECALL"},{"data":"RobotSpaceExplorer:SelfCleaning","floor":15.0,"key":"SMITH"},{"data":"RobotSpaceExplorer:MiniBoosters","floor":25.0,"key":"SMITH"},{"data":"RobotSpaceExplorer:DualCore","floor":32.0,"key":"SMITH"},{"data":"RobotSpaceExplorer:GlueShot","floor":41.0,"key":"SMITH"},{"data":"RobotSpaceExplorer:GearShield","floor":45.0,"key":"SMITH"},{"data":"Panacea","floor":49.0,"key":"SMITH"},{"data":"RobotSpaceExplorer:Defend","floor":53.0,"key":"SMITH"}],"circlet_count":0,"master_deck":["AscendersBane","RobotSpaceExplorer:Defend","RobotSpaceExplorer:Defend+1","RobotSpaceExplorer:MiniLasers+1","RobotSpaceExplorer:SelfCleaning+1","RobotSpaceExplorer:GearShield+1","RobotSpaceExplorer:SwiftStep+1","RobotSpaceExplorer:DualCore+1","RobotSpaceExplorer:MiniBoosters+1","RobotSpaceExplorer:GlueShot+1","Discovery","Panacea+1","RobotSpaceExplorer:PowerGlove+1","RobotSpaceExplorer:MiniBoosters","RobotSpaceExplorer:Fix"],"relics":["RobotSpaceExplorer:RoboCore","ImprovedEquipment","Smiling Mask","StrikeDummy","Pen Nib","The Courier","Philosopher\u0027s Stone","Nilry\u0027s Codex","ClockworkSouvenir","HornCleat","Blood Vial","Oddly Smooth Stone","Empty Cage","Unceasing Top","Lizard Tail","Bottled Tornado","RobotSpaceExplorer:FoglandsKnife","Bag of Preparation","Membership Card","Anchor"],"acts_visited":["Exordium","TheCity","TheBeyond","TheEnding"],"potions_floor_usage":[56,56],"damage_taken":[{"damage":0.0,"enemies":"Small Slimes","floor":1.0,"turns":3.0},{"damage":0.0,"enemies":"Cultist","floor":2.0,"turns":2.0},{"damage":0.0,"enemies":"2 Louse","floor":5.0,"turns":2.0},{"damage":0.0,"enemies":"Gremlin Nob","floor":6.0,"turns":2.0},{"damage":0.0,"enemies":"Lagavulin","floor":8.0,"turns":3.0},{"damage":0.0,"enemies":"Exordium Wildlife","floor":12.0,"turns":2.0},{"damage":0.0,"enemies":"3 Sentries","floor":13.0,"turns":2.0},{"damage":0.0,"enemies":"Hexaghost","floor":16.0,"turns":2.0},{"damage":0.0,"enemies":"Spheric Guardian","floor":18.0,"turns":1.0},{"damage":0.0,"enemies":"Chosen","floor":20.0,"turns":2.0},{"damage":0.0,"enemies":"Sentry and Sphere","floor":21.0,"turns":2.0},{"damage":0.0,"enemies":"Slavers","floor":23.0,"turns":2.0},{"damage":0.0,"enemies":"Snecko","floor":24.0,"turns":1.0},{"damage":0.0,"enemies":"Snake Plant","floor":27.0,"turns":1.0},{"damage":0.0,"enemies":"Book of Stabbing","floor":28.0,"turns":1.0},{"damage":0.0,"enemies":"Gremlin Leader","floor":30.0,"turns":1.0},{"damage":0.0,"enemies":"Centurion and Healer","floor":31.0,"turns":1.0},{"damage":0.0,"enemies":"Collector","floor":33.0,"turns":1.0},{"damage":0.0,"enemies":"3 Darklings","floor":35.0,"turns":1.0},{"damage":0.0,"enemies":"Orb Walker","floor":36.0,"turns":1.0},{"damage":0.0,"enemies":"2 Orb Walkers","floor":38.0,"turns":1.0},{"damage":0.0,"enemies":"Spire Growth","floor":39.0,"turns":1.0},{"damage":0.0,"enemies":"Nemesis","floor":40.0,"turns":1.0},{"damage":0.0,"enemies":"Reptomancer","floor":42.0,"turns":1.0},{"damage":0.0,"enemies":"3 Darklings","floor":44.0,"turns":1.0},{"damage":0.0,"enemies":"Writhing Mass","floor":46.0,"turns":1.0},{"damage":0.0,"enemies":"Giant Head","floor":48.0,"turns":1.0},{"damage":0.0,"enemies":"Donu and Deca","floor":50.0,"turns":1.0},{"damage":0.0,"enemies":"Awakened One","floor":51.0,"turns":2.0},{"damage":0.0,"enemies":"Shield and Spear","floor":55.0,"turns":1.0},{"damage":0,"enemies":"The Heart","floor":56,"turns":4}],"seed_played":"2281679232027620177","potions_obtained":[{"floor":6.0,"key":"SkillPotion"},{"floor":8.0,"key":"RobotSpaceExplorer:RecyclePotion"},{"floor":21.0,"key":"SteroidPotion"},{"floor":42.0,"key":"PowerPotion"}],"is_trial":false,"path_per_floor":["M","M","$","?","M","E","R","E","T","R","$","M","E","?","R","B",null,"M","?","M","M","$","E","M","R","T","M","E","?","E","M","R","B",null,"M","M","?","?","M","E","R","E","T","M","R","M","?","E","R","B","B",null,"R","$","E","B",null],"character_chosen":"RobotSpaceExplorer","items_purchased":["RobotSpaceExplorer:SelfCleaning","ClockworkSouvenir","Membership Card","RobotSpaceExplorer:MiniBoosters"],"campfire_rested":0,"item_purchase_floors":[3,22,54,54],"current_hp_per_floor":[64,64,64,64,64,64,64,64,64,64,64,64,64,53,53,53,67,67,46,46,46,46,46,46,46,46,46,46,46,48,50,50,52,66,68,70,70,71,71,71,71,71,71,71,71,71,61,63,63,65,67,70,70,70,71,71],"gold":401,"neow_bonus":"UPGRADE_CARD","is_daily":false,"chose_seed":false,"campfire_upgraded":8,"win_rate":0.0,"timestamp":1609580517,"path_taken":["M","M","$","?","?","E","R","E","T","R","$","M","E","?","R","BOSS","M","?","M","M","$","E","M","R","T","M","E","?","E","M","R","BOSS","M","M","?","?","M","E","R","E","T","M","R","M","?","E","R","BOSS","BOSS","R","$","E","BOSS"],"items_purchased_type":["Card","Relic","Relic","Card"],"build_version":"2020-12-22","purchased_purges":3,"victory":true,"max_hp_per_floor":[71,71,71,71,71,71,71,71,71,71,71,71,71,71,71,71,71,71,71,71,71,71,71,71,71,71,71,71,71,71,71,71,71,71,71,71,71,71,71,71,71,71,71,71,71,71,71,71,71,71,71,71,71,71,71,71],"card_choices":[{"not_picked":["RobotSpaceExplorer:ScrapMissile","RobotSpaceExplorer:SlimeMissile","RobotSpaceExplorer:ScrapToss"],"picked":"SKIP","floor":1.0},{"not_picked":["RobotSpaceExplorer:SurgingShield","RobotSpaceExplorer:DoubleBlock","RobotSpaceExplorer:SlimeMissile"],"picked":"SKIP","floor":2.0},{"not_picked":["RobotSpaceExplorer:MetalStrike","RobotSpaceExplorer:GlueShot"],"picked":"RobotSpaceExplorer:GearShield","floor":5.0},{"not_picked":["RobotSpaceExplorer:SlimeMissile","RobotSpaceExplorer:ShockKick"],"picked":"RobotSpaceExplorer:SwiftStep","floor":6.0},{"not_picked":["RobotSpaceExplorer:ShockKick","RobotSpaceExplorer:MiniDrones","RobotSpaceExplorer:Counterblock"],"picked":"SKIP","floor":8.0},{"not_picked":["RobotSpaceExplorer:Multitool","RobotSpaceExplorer:StarDust","RobotSpaceExplorer:GlueShot"],"picked":"SKIP","floor":12.0},{"not_picked":["RobotSpaceExplorer:PlasmaMissile","RobotSpaceExplorer:ImprovisedAttack","RobotSpaceExplorer:StarDust"],"picked":"SKIP","floor":13.0},{"not_picked":["RobotSpaceExplorer:FrostMissile","RobotSpaceExplorer:Pulsar"],"picked":"RobotSpaceExplorer:DualCore","floor":18.0},{"not_picked":["RobotSpaceExplorer:Counterblock","RobotSpaceExplorer:PlasmaMissile"],"picked":"RobotSpaceExplorer:MiniBoosters","floor":20.0},{"not_picked":["RobotSpaceExplorer:StarLightning","RobotSpaceExplorer:StarDust","RobotSpaceExplorer:FranticSearch"],"picked":"SKIP","floor":21.0},{"not_picked":["RobotSpaceExplorer:Calculate+1","RobotSpaceExplorer:Jetpack","RobotSpaceExplorer:FrostMissile"],"picked":"SKIP","floor":23.0},{"not_picked":["RobotSpaceExplorer:BigMissile","RobotSpaceExplorer:Probe","RobotSpaceExplorer:Smokescreen"],"picked":"SKIP","floor":24.0},{"not_picked":["RobotSpaceExplorer:ScrapMissile","RobotSpaceExplorer:FrostMissile+1","RobotSpaceExplorer:GlueShot"],"picked":"SKIP","floor":27.0},{"not_picked":["RobotSpaceExplorer:DoubleFind","RobotSpaceExplorer:ShockKick","RobotSpaceExplorer:Probe"],"picked":"SKIP","floor":28.0},{"not_picked":["RobotSpaceExplorer:IronShell","RobotSpaceExplorer:Electropulse+1"],"picked":"RobotSpaceExplorer:GlueShot","floor":30.0},{"not_picked":["RobotSpaceExplorer:Counterblock","RobotSpaceExplorer:MiniDrones","RobotSpaceExplorer:ExhaustFan"],"picked":"SKIP","floor":31.0},{"not_picked":["RobotSpaceExplorer:MetalStrike+1","RobotSpaceExplorer:SwiftStep","RobotSpaceExplorer:FreezeRay"],"picked":"SKIP","floor":35.0},{"not_picked":["RobotSpaceExplorer:ScrapMissile+1","RobotSpaceExplorer:Autoloader","RobotSpaceExplorer:Pulsar+1"],"picked":"SKIP","floor":36.0},{"not_picked":["RobotSpaceExplorer:Ammunition+1","RobotSpaceExplorer:DualCore","RobotSpaceExplorer:BigMissile"],"picked":"SKIP","floor":39.0},{"not_picked":["RobotSpaceExplorer:Probe","RobotSpaceExplorer:Calculate","RobotSpaceExplorer:ShovelStrike"],"picked":"SKIP","floor":40.0},{"not_picked":["RobotSpaceExplorer:ImprovisedAttack","RobotSpaceExplorer:StarDust+1","RobotSpaceExplorer:DroneSwarm"],"picked":"SKIP","floor":42.0},{"not_picked":["RobotSpaceExplorer:MiniDrones","RobotSpaceExplorer:SwiftStep+1","RobotSpaceExplorer:ScrapToss"],"picked":"SKIP","floor":44.0},{"not_picked":["RobotSpaceExplorer:Calculate+1","RobotSpaceExplorer:PlasmaMissile+1","RobotSpaceExplorer:IronShell"],"picked":"SKIP","floor":46.0},{"not_picked":["Swift Strike","Deep Breath"],"picked":"Discovery","floor":47.0},{"not_picked":["PanicButton","Forethought"],"picked":"Panacea","floor":47.0},{"not_picked":["RobotSpaceExplorer:FranticSearch","RobotSpaceExplorer:FrostMissile"],"picked":"RobotSpaceExplorer:PowerGlove+1","floor":48.0},{"not_picked":["RobotSpaceExplorer:ScrapToss","RobotSpaceExplorer:ShovelStrike"],"picked":"RobotSpaceExplorer:Fix","floor":55.0}],"player_experience":2372525,"relics_obtained":[{"floor":6.0,"key":"Smiling Mask"},{"floor":8.0,"key":"StrikeDummy"},{"floor":9.0,"key":"Pen Nib"},{"floor":13.0,"key":"The Courier"},{"floor":19.0,"key":"Nilry\u0027s Codex"},{"floor":23.0,"key":"HornCleat"},{"floor":28.0,"key":"Blood Vial"},{"floor":30.0,"key":"Oddly Smooth Stone"},{"floor":38.0,"key":"Unceasing Top"},{"floor":40.0,"key":"Lizard Tail"},{"floor":42.0,"key":"Bottled Tornado"},{"floor":43.0,"key":"RobotSpaceExplorer:FoglandsKnife"},{"floor":48.0,"key":"Bag of Preparation"},{"floor":55.0,"key":"Anchor"}],"event_choices":[{"cards_removed":["RobotSpaceExplorer:Defend"],"damage_healed":0.0,"max_hp_gain":0.0,"max_hp_loss":0.0,"gold_gain":0.0,"event_name":"Bonfire Elementals","player_choice":"Offered Basic","floor":4.0,"gold_loss":0.0,"damage_taken":0.0},{"damage_healed":0.0,"max_hp_gain":0.0,"max_hp_loss":0.0,"gold_gain":75.0,"event_name":"World of Goop","player_choice":"Gather Gold","floor":14.0,"gold_loss":0.0,"damage_taken":11.0},{"damage_healed":0.0,"max_hp_gain":0.0,"max_hp_loss":0.0,"gold_gain":0.0,"event_name":"Cursed Tome","player_choice":"Obtained Book","floor":19.0,"gold_loss":0.0,"damage_taken":21.0},{"damage_healed":0.0,"max_hp_gain":0.0,"max_hp_loss":0.0,"gold_gain":0.0,"event_name":"Vampires","player_choice":"Ignored","floor":29.0,"gold_loss":0.0,"damage_taken":0.0},{"cards_removed":["RobotSpaceExplorer:Strike"],"damage_healed":0.0,"max_hp_gain":0.0,"max_hp_loss":0.0,"gold_gain":0.0,"event_name":"Falling","player_choice":"Removed Attack","floor":37.0,"gold_loss":0.0,"damage_taken":0.0},{"damage_healed":0.0,"max_hp_gain":0.0,"max_hp_loss":0.0,"gold_gain":0.0,"event_name":"Mysterious Sphere","player_choice":"Fight","floor":38.0,"gold_loss":0.0,"damage_taken":0.0},{"damage_healed":0.0,"max_hp_gain":0.0,"max_hp_loss":0.0,"gold_gain":0.0,"event_name":"SensoryStone","player_choice":"Memory 3","floor":47.0,"gold_loss":0.0,"damage_taken":10.0}],"is_beta":false,"boss_relics":[{"not_picked":["RobotSpaceExplorer:TurboCore","Tiny House"],"picked":"Philosopher\u0027s Stone"},{"not_picked":["Runic Dome","SlaversCollar"],"picked":"Empty Cage"}],"items_purged_floors":[11,22,54],"is_endless":false,"potions_floor_spawned":[6,8,13,21,24,27,30,31,33,35,38,39,42,46,55],"ascension_level":20}}