{"host":"1qhzi8r9ejho5yph","time":1609560652,"event":{"mods":["AchievementEnabler","BaseMod","Colored Map","Colored Powertips","Highlight Path","Minty Spire (QoL Compilation)","Permanent Neow","Quick Restart","Random Character Button","StSLib","SuperFastMode"],"gold_per_floor":[109,109,123,135,145,145,156,171,171,201,151,110,110,139,139,139,139],"floor_reached":16,"playtime":426,"items_purged":[],"score":168,"play_id":"cf2e699b-0cbc-40e4-a36a-0fb8e7d1eb1c","local_time":"20210102121052","is_ascension_mode":true,"campfire_choices":[{"floor":6,"key":"RECALL"},{"floor":13,"key":"REST"},{"data":"Armaments","floor":15,"key":"SMITH"}],"circlet_count":0,"master_deck":["AscendersBane","Strike_R","Strike_R","Strike_R","Strike_R","Defend_R","Defend_R","Defend_R","Defend_R","Bash","Blind","Cleave","Twin Strike","Armaments+1","Evolve","Thunderclap"],"relics":["Burning Blood","Paper Frog","Shuriken","Bag of Marbles","InkBottle"],"acts_visited":["Exordium"],"potions_floor_usage":[14],"damage_taken":[{"damage":9,"enemies":"Small Slimes","floor":1,"turns":5},{"damage":6,"enemies":"Cultist","floor":3,"turns":3},{"damage":2,"enemies":"2 Louse","floor":4,"turns":3},{"damage":37,"enemies":"Large Slime","floor":5,"turns":6},{"damage":2,"enemies":"2 Fungi Beasts","floor":7,"turns":4},{"damage":11,"enemies":"Looter","floor":8,"turns":3},{"damage":34,"enemies":"Lagavulin","floor":10,"turns":7},{"damage":12,"enemies":"3 Sentries","floor":14,"turns":7},{"damage":35,"enemies":"The Guardian","floor":16,"turns":5}],"seed_played":"4572809425917984140","potions_obtained":[{"floor":3,"key":"FearPotion"},{"floor":4,"key":"Explosive Potion"},{"floor":5,"key":"LiquidBronze"},{"floor":8,"key":"Ancient Potion"}],"is_trial":false,"path_per_floor":["M","?","M","M","M","R","M","M","T","E","?","?","R","E","R","B"],"character_chosen":"IRONCLAD","items_purchased":[],"campfire_rested":1,"item_purchase_floors":[],"current_hp_per_floor":[69,69,69,73,42,42,46,41,41,13,13,13,37,31,31,0,0],"gold":139,"neow_bonus":"RANDOM_COLORLESS","is_daily":false,"chose_seed":false,"campfire_upgraded":1,"win_rate":0.0,"timestamp":1609560652,"path_taken":["M","?","?","M","M","R","M","M","T","E","?","?","R","E","R","BOSS"],"items_purchased_type":[],"build_version":"2020-12-22","purchased_purges":0,"victory":false,"max_hp_per_floor":[80,80,80,80,80,80,80,80,80,80,80,80,80,80,80,80,80],"card_choices":[{"not_picked":["Forethought","Good Instincts"],"picked":"Blind","floor":0},{"not_picked":["Burning Pact","Body Slam"],"picked":"True Grit","floor":1},{"not_picked":["Rage","Hemokinesis"],"picked":"Cleave","floor":3},{"not_picked":["Burning Pact","Bloodletting"],"picked":"Twin Strike","floor":4},{"not_picked":["Flex","True Grit"],"picked":"Armaments","floor":5},{"not_picked":["Havoc","Pummel","Flex"],"picked":"SKIP","floor":7},{"not_picked":["Clash","Bloodletting"],"picked":"Evolve","floor":8},{"not_picked":["Heavy Blade","Spot Weakness"],"picked":"Thunderclap","floor":10},{"not_picked":["Corruption","Body Slam","Clash"],"picked":"SKIP","floor":14}],"player_experience":318428,"relics_obtained":[{"floor":9,"key":"Shuriken"},{"floor":10,"key":"Bag of Marbles"},{"floor":14,"key":"InkBottle"}],"event_choices":[{"cards_removed":["True Grit"],"damage_healed":0,"gold_gain":0,"player_choice":"Gave Card","damage_taken":0,"relics_obtained":["Paper Frog"],"max_hp_gain":0,"max_hp_loss":0,"event_name":"WeMeetAgain","floor":2,"gold_loss":0},{"cards_removed":["Strike_R"],"damage_healed":0,"gold_gain":0,"player_choice":"Card Removal","damage_taken":0,"max_hp_gain":0,"max_hp_loss":0,"event_name":"The Cleric","floor":11,"gold_loss":50},{"damage_healed":0,"gold_gain":0,"player_choice":"Left Gold","damage_taken":0,"max_hp_gain":0,"max_hp_loss":0,"event_name":"World of Goop","floor":12,"gold_loss":41}],"is_beta":false,"boss_relics":[],"items_purged_floors":[],"is_endless":false,"potions_floor_spawned":[3,4,5,8],"killed_by":"The Guardian","ascension_level":10}}