{"host":"3a1ypf1irl30q4k8","time":1609579603,"event":{"mods":["AchievementEnabler","BaseMod","Bestiary","Colored Map","Minty Spire (QoL Compilation)","Relic Stats"],"gold_per_floor":[117,136,146,321,335,367,367,367,367,398,363,376,376,395,395,395,395],"floor_reached":16,"playtime":815,"items_purged":[],"score":118,"play_id":"843ee436-a065-4ef6-b38d-652a33871164","local_time":"20210102092643","is_ascension_mode":true,"campfire_choices":[{"floor":8,"key":"REST"},{"floor":13,"key":"REST"},{"data":"WindmillStrike","floor":15,"key":"SMITH"}],"circlet_count":0,"master_deck":["Strike_P","Strike_P","Strike_P","Strike_P","Defend_P","Defend_P","Defend_P","Defend_P","Eruption","Vigilance","CutThroughFate","Consecrate","WindmillStrike+1","Doubt","CrushJoints","FlurryOfBlows","DeceiveReality","ThirdEye","CutThroughFate"],"relics":["Runic Pyramid","Mercury Hourglass","Turnip"],"acts_visited":["Exordium"],"potions_floor_usage":[6,6],"damage_taken":[{"damage":0,"enemies":"2 Louse","floor":1,"turns":2},{"damage":0,"enemies":"Small Slimes","floor":2,"turns":3},{"damage":5,"enemies":"Jaw Worm","floor":3,"turns":3},{"damage":33,"enemies":"Exordium Wildlife","floor":5,"turns":8},{"damage":13,"enemies":"Lagavulin","floor":6,"turns":4},{"damage":16,"enemies":"Gremlin Nob","floor":10,"turns":4},{"damage":17,"enemies":"Exordium Thugs","floor":12,"turns":5},{"damage":6,"enemies":"Blue Slaver","floor":14,"turns":3},{"damage":24,"enemies":"The Guardian","floor":16,"turns":3}],"seed_played":"-1698082161884965058","potions_obtained":[{"floor":2,"key":"LiquidMemories"},{"floor":3,"key":"DistilledChaos"},{"floor":10,"key":"BlessingOfTheForge"}],"is_trial":false,"path_per_floor":["M","M","M","?","M","E","?","R","T","E","?","M","R","M","R","B"],"character_chosen":"WATCHER","items_purchased":[],"campfire_rested":2,"item_purchase_floors":[],"current_hp_per_floor":[72,72,67,67,34,21,21,42,42,26,44,27,48,42,42,18,18],"gold":395,"neow_bonus":"BOSS_RELIC","is_daily":false,"chose_seed":false,"campfire_upgraded":1,"win_rate":0.0,"timestamp":1609579603,"path_taken":["M","M","M","?","M","E","?","R","T","E","?","M","R","M","R","BOSS"],"items_purchased_type":[],"build_version":"2020-12-22","purchased_purges":0,"victory":false,"max_hp_per_floor":[72,72,72,72,72,72,72,72,72,72,72,72,72,72,72,72,72],"relic_stats":{"counters":[9,35],"Turnip":[0],"obtain_stats":[{"Turnip":10,"PureWater":0,"Runic Pyramid":0,"Mercury Hourglass":6},{"Turnip":6,"PureWater":0,"Runic Pyramid":0,"Mercury Hourglass":5},{"Turnip":24,"PureWater":0,"Runic Pyramid":0,"Mercury Hourglass":20}],"Mercury Hourglass":[57]},"card_choices":[{"not_picked":["Consecrate","EmptyBody"],"picked":"CutThroughFate","floor":1},{"not_picked":["CrushJoints","Vengeance"],"picked":"Consecrate","floor":2},{"not_picked":["Fasting2","Crescendo"],"picked":"WindmillStrike","floor":3},{"not_picked":["CutThroughFate","Perseverance"],"picked":"CrushJoints","floor":5},{"not_picked":["SashWhip","DeusExMachina"],"picked":"FlurryOfBlows","floor":6},{"not_picked":["FlyingSleeves","WindmillStrike"],"picked":"DeceiveReality","floor":10},{"not_picked":["WindmillStrike","BattleHymn"],"picked":"ThirdEye","floor":12},{"not_picked":["EmptyFist","Protect"],"picked":"CutThroughFate","floor":14}],"player_experience":937635,"relics_obtained":[{"floor":6,"key":"Mercury Hourglass"},{"floor":10,"key":"Turnip"}],"event_choices":[{"damage_healed":0,"gold_gain":175,"player_choice":"AGREE","damage_taken":0,"max_hp_gain":0,"max_hp_loss":0,"event_name":"Liars Game","floor":4,"gold_loss":0,"cards_obtained":["Doubt"]},{"damage_healed":0,"gold_gain":0,"player_choice":"Ignored","damage_taken":0,"max_hp_gain":0,"max_hp_loss":0,"event_name":"Golden Idol","floor":7,"gold_loss":0},{"damage_healed":18,"gold_gain":0,"player_choice":"Healed","damage_taken":0,"max_hp_gain":0,"max_hp_loss":0,"event_name":"The Cleric","floor":11,"gold_loss":35}],"is_beta":false,"boss_relics":[],"items_purged_floors":[],"is_endless":false,"potions_floor_spawned":[2,3,10],"killed_by":"The Guardian","ascension_level":1}}