{"host":"yer03dsd277nstsn","time":1609582413,"event":{"mods":["BaseMod","Colored Powertips","Minty Spire (QoL Compilation)"],"gold_per_floor":[109,109,109,126,140,172,172,204,204,204,283,302,46,56,56,158,158,172,172,182,28,28,57,57,76,76,111,23,23,23,23,23,124,124,153,153,84,93,121,121,2,30,55,55,83,113,138,164,164,164],"floor_reached":51,"playtime":2391,"items_purged":["Multi-Cast","Sweeping Beam"],"score":996,"play_id":"828323e1-6632-4cf2-b412-21f5dd78efbd","local_time":"20210102041333","is_ascension_mode":true,"campfire_choices":[{"floor":7,"key":"REST"},{"floor":15,"key":"REST"},{"floor":24,"key":"REST"},{"floor":29,"key":"REST"},{"floor":32,"key":"REST"},{"data":"Consume","floor":40,"key":"SMITH"},{"data":"Discovery","floor":44,"key":"SMITH"},{"floor":49,"key":"REST"}],"circlet_count":0,"master_deck":["Zap","Dualcast","Streamline","Rebound","Self Repair","Hologram","White Noise","Capacitor+1","Blizzard","Ball Lightning","Echo Form+1","Go for the Eyes","Defragment+1","Electrodynamics+1","Skim","Biased Cognition+1","Static Discharge+1","Coolheaded+1","Cold Snap+1","Defragment+1","Consume+1","BootSequence","Necronomicurse","Reboot","CurseOfTheBell","Chaos+1","Chill","Discovery+1","White Noise+1","Capacitor+1","Parasite","Loop+1","Ball Lightning+1","Consume+1"],"relics":["SacredBark","CultistMask","HornCleat","Anchor","Gremlin Horn","Thread and Needle","Frozen Egg 2","Runic Capacitor","Pandora\u0027s Box","Lantern","MealTicket","Letter Opener","Smiling Mask","Mummified Hand","Necronomicon","Calling Bell","CeramicFish","Molten Egg 2","Du-Vu Doll","StoneCalendar","Vajra","Strawberry"],"acts_visited":["Exordium","TheCity","TheBeyond"],"potions_floor_usage":[14,27,27,33,50,50],"damage_taken":[{"damage":4,"enemies":"Small Slimes","floor":1,"turns":3},{"damage":0,"enemies":"2 Louse","floor":4,"turns":2},{"damage":6,"enemies":"Cultist","floor":5,"turns":3},{"damage":45,"enemies":"Lagavulin","floor":6,"turns":7},{"damage":19,"enemies":"Gremlin Nob","floor":8,"turns":4},{"damage":0,"enemies":"Exordium Wildlife","floor":12,"turns":4},{"damage":25,"enemies":"Exordium Thugs","floor":14,"turns":6},{"damage":31,"enemies":"Hexaghost","floor":16,"turns":9},{"damage":0,"enemies":"Chosen","floor":18,"turns":4},{"damage":25,"enemies":"3 Byrds","floor":20,"turns":5},{"damage":42,"enemies":"Book of Stabbing","floor":23,"turns":5},{"damage":0,"enemies":"Centurion and Healer","floor":25,"turns":5},{"damage":20,"enemies":"Slavers","floor":27,"turns":4},{"damage":9,"enemies":"Collector","floor":33,"turns":6},{"damage":0,"enemies":"3 Shapes","floor":35,"turns":4},{"damage":0,"enemies":"Orb Walker","floor":39,"turns":4},{"damage":4,"enemies":"Reptomancer","floor":42,"turns":4},{"damage":13,"enemies":"Nemesis","floor":45,"turns":5},{"damage":6,"enemies":"Writhing Mass","floor":46,"turns":4},{"damage":41,"enemies":"4 Shapes","floor":47,"turns":4},{"damage":15,"enemies":"3 Darklings","floor":48,"turns":4},{"damage":30,"enemies":"Awakened One","floor":50,"turns":7}],"seed_played":"6814896185582457616","potions_obtained":[{"floor":1,"key":"ColorlessPotion"},{"floor":8,"key":"FairyPotion"},{"floor":14,"key":"SteroidPotion"},{"floor":16,"key":"SpeedPotion"},{"floor":25,"key":"Energy Potion"},{"floor":27,"key":"Fire Potion"},{"floor":33,"key":"DistilledChaos"},{"floor":42,"key":"Explosive Potion"}],"is_trial":false,"path_per_floor":["M","?","?","M","M","E","R","E","T","?","T","M","$","M","R","B",null,"M","?","M","$","?","E","R","M","T","E","$","R","?","?","R","B",null,"M","?","$","?","M","R","$","E","T","R","E","M","M","M","R","B",null],"character_chosen":"DEFECT","items_purchased":["Capacitor+1","Runic Capacitor","Blizzard","Lantern","BootSequence","Chill","Capacitor+1"],"campfire_rested":6,"item_purchase_floors":[13,13,13,21,28,37,41],"current_hp_per_floor":[64,64,64,64,58,20,42,30,30,12,12,26,26,1,23,49,69,75,75,50,50,50,8,30,30,30,10,25,47,47,31,53,44,67,67,67,75,75,75,75,75,75,75,75,76,70,29,21,45,22],"gold":164,"neow_bonus":"BOSS_RELIC","is_daily":false,"chose_seed":false,"campfire_upgraded":2,"win_rate":0.0,"timestamp":1609582413,"path_taken":["M","?","?","M","?","E","R","E","T","?","?","M","$","M","R","BOSS","M","?","M","$","?","E","R","M","T","E","$","R","?","?","R","BOSS","M","?","$","?","M","R","$","E","T","R","E","M","M","?","R","BOSS"],"items_purchased_type":["Card","Relic","Card","Relic","Card","Card","Card"],"build_version":"2020-12-22","purchased_purges":2,"victory":true,"max_hp_per_floor":[75,75,75,75,75,75,75,75,75,75,75,75,75,75,75,75,75,75,75,75,75,75,75,75,75,75,75,75,75,75,75,75,75,75,75,75,75,75,75,75,75,75,75,75,82,82,82,82,82,82],"card_choices":[{"not_picked":["Stack","Cold Snap"],"picked":"Streamline","floor":1},{"not_picked":["Conserve Battery","Gash"],"picked":"Rebound","floor":4},{"not_picked":["Heatsinks","Darkness"],"picked":"Self Repair","floor":5},{"not_picked":["Stack","Steam"],"picked":"Hologram","floor":6},{"not_picked":["Recycle","Stack"],"picked":"White Noise","floor":8},{"not_picked":["Streamline","Sweeping Beam","Loop+1"],"picked":"SKIP","floor":12},{"not_picked":["BootSequence","Turbo"],"picked":"Ball Lightning","floor":14},{"not_picked":["Amplify","Thunder Strike"],"picked":"Echo Form+1","floor":16},{"not_picked":["Redo+1","Go for the Eyes"],"picked":"Static Discharge+1","floor":18},{"not_picked":["Genetic Algorithm","Cold Snap"],"picked":"Coolheaded+1","floor":20},{"not_picked":["Self Repair+1","Beam Cell"],"picked":"Cold Snap+1","floor":23},{"not_picked":["Aggregate","Streamline"],"picked":"Defragment+1","floor":25},{"not_picked":["Turbo","Amplify"],"picked":"Consume","floor":27},{"not_picked":["All For One","Biased Cognition+1"],"picked":"Reboot","floor":33},{"not_picked":["Steam","Rip and Tear+1"],"picked":"Chaos+1","floor":35},{"not_picked":["Bandage Up","Thinking Ahead"],"picked":"Discovery","floor":38},{"not_picked":["Lockon+1","Static Discharge+1"],"picked":"White Noise+1","floor":39},{"not_picked":["Hologram","Coolheaded","Stack"],"picked":"SKIP","floor":42},{"not_picked":["Hologram","Aggregate","BootSequence"],"picked":"SKIP","floor":45},{"not_picked":["Reprogram+1","Stack+1"],"picked":"Loop+1","floor":46},{"not_picked":["Hologram","BootSequence"],"picked":"Ball Lightning+1","floor":47},{"not_picked":["Cold Snap+1","Compile Driver+1"],"picked":"Consume+1","floor":48}],"player_experience":438825,"relics_obtained":[{"floor":6,"key":"HornCleat"},{"floor":8,"key":"Anchor"},{"floor":9,"key":"Gremlin Horn"},{"floor":11,"key":"Frozen Egg 2"},{"floor":23,"key":"MealTicket"},{"floor":26,"key":"Letter Opener"},{"floor":27,"key":"Smiling Mask"},{"floor":31,"key":"Necronomicon"},{"floor":34,"key":"CeramicFish"},{"floor":34,"key":"Molten Egg 2"},{"floor":34,"key":"Du-Vu Doll"},{"floor":42,"key":"StoneCalendar"},{"floor":43,"key":"Vajra"},{"floor":45,"key":"Strawberry"}],"event_choices":[{"cards_removed":["Strike_B"],"damage_healed":0,"gold_gain":0,"player_choice":"Forget","damage_taken":0,"max_hp_gain":0,"max_hp_loss":0,"event_name":"Living Wall","floor":2,"gold_loss":0},{"damage_healed":0,"gold_gain":0,"player_choice":"Trade","damage_taken":0,"relics_obtained":["CultistMask"],"max_hp_gain":0,"max_hp_loss":0,"event_name":"FaceTrader","floor":3,"gold_loss":0},{"damage_healed":0,"gold_gain":0,"player_choice":"Success","damage_taken":18,"relics_obtained":["Thread and Needle"],"max_hp_gain":0,"max_hp_loss":0,"event_name":"Scrap Ooze","floor":10,"gold_loss":0},{"damage_healed":0,"gold_gain":0,"player_choice":"Ignored","damage_taken":0,"max_hp_gain":0,"max_hp_loss":0,"event_name":"Vampires","floor":19,"gold_loss":0},{"damage_healed":0,"gold_gain":0,"player_choice":"Ignored","damage_taken":0,"max_hp_gain":0,"max_hp_loss":0,"event_name":"Ghosts","floor":22,"gold_loss":0},{"damage_healed":0,"gold_gain":0,"player_choice":"Opened","damage_taken":0,"relics_obtained":["Mummified Hand"],"max_hp_gain":0,"max_hp_loss":0,"event_name":"The Mausoleum","floor":30,"gold_loss":0},{"damage_healed":0,"gold_gain":0,"player_choice":"Obtained Book","damage_taken":16,"max_hp_gain":0,"max_hp_loss":0,"event_name":"Cursed Tome","floor":31,"gold_loss":0},{"damage_healed":0,"gold_gain":0,"player_choice":"Ignored","damage_taken":0,"max_hp_gain":0,"max_hp_loss":0,"event_name":"Tomb of Lord Red Mask","floor":36,"gold_loss":0},{"damage_healed":0,"gold_gain":0,"player_choice":"Memory 1","damage_taken":0,"max_hp_gain":0,"max_hp_loss":0,"event_name":"SensoryStone","floor":38,"gold_loss":0}],"is_beta":false,"boss_relics":[{"not_picked":["Cursed Key","Tiny House"],"picked":"Pandora\u0027s Box"},{"not_picked":["Velvet Choker","Nuclear Battery"],"picked":"Calling Bell"}],"items_purged_floors":[28,41],"is_endless":false,"potions_floor_spawned":[1,8,14,16,25,27,33,42,46],"ascension_level":7}}