{"host":"yo9wwslrag05lh37","time":1609594728,"event":{"mods":["AchievementEnabler","BaseMod","Block Reminder","Colored Map","Colored Powertips","GifTheSpireLib","HexUI Lib","Highlight Path","Minty Spire (QoL Compilation)","Rare Cards Sparkle","Relic Stats","StSLib","everything is the same but u backflip on backflip"],"gold_per_floor":[359,359,375,29,29,29,43,60,83,83,96,122,122,150,150,227,227,238,251,251,251],"floor_reached":20,"playtime":663,"items_purged":["Clumsy"],"score":368,"play_id":"d8ece2a3-ef89-4fee-bf71-5b464acd2165","local_time":"20210102143848","is_ascension_mode":true,"campfire_choices":[{"data":"Zap","floor":6.0,"key":"SMITH"},{"floor":10.0,"key":"REST"},{"data":"Sweeping Beam","floor":13.0,"key":"SMITH"},{"floor":15,"key":"REST"}],"circlet_count":0,"master_deck":["AscendersBane","Zap+1","Dualcast","Sweeping Beam+1","Cold Snap","Loop+1","Genetic Algorithm","Static Discharge+1","Multi-Cast","Scrape","Core Surge","Consume","Tempest","Auto Shields","Undo","Reboot","Lockon+1","Heatsinks+1"],"relics":["Cracked Core","Frozen Egg 2","Toy Ornithopter","Singing Bowl","Pandora\u0027s Box"],"acts_visited":["Exordium","TheCity"],"potions_floor_usage":[14,16],"damage_taken":[{"damage":12.0,"enemies":"Jaw Worm","floor":1.0,"turns":4.0},{"damage":1.0,"enemies":"Cultist","floor":3.0,"turns":3.0},{"damage":11.0,"enemies":"Small Slimes","floor":7.0,"turns":3.0},{"damage":17.0,"enemies":"3 Louse","floor":8.0,"turns":2.0},{"damage":4.0,"enemies":"Looter","floor":11.0,"turns":3.0},{"damage":28.0,"enemies":"3 Sentries","floor":12.0,"turns":7.0},{"damage":9,"enemies":"Gremlin Nob","floor":14,"turns":3},{"damage":35,"enemies":"Slime Boss","floor":16,"turns":7},{"damage":13,"enemies":"Chosen","floor":18,"turns":4},{"damage":25,"enemies":"Shell Parasite","floor":19,"turns":5},{"damage":27,"enemies":"3 Cultists","floor":20,"turns":3}],"seed_played":"906128718727945518","potions_obtained":[{"floor":1.0,"key":"ColorlessPotion"},{"floor":3.0,"key":"FocusPotion"},{"floor":8.0,"key":"PowerPotion"}],"is_trial":false,"path_per_floor":["M","?","M","$","?","R","M","M","T","R","M","E","R","E","R","B",null,"M","M","M"],"character_chosen":"DEFECT","items_purchased":["Frozen Egg 2"],"campfire_rested":2,"item_purchase_floors":[4],"current_hp_per_floor":[52,57,56,56,56,56,45,28,28,50,46,18,18,14,36,6,59,46,21,0,0],"gold":251,"neow_bonus":"TWO_FIFTY_GOLD","is_daily":false,"chose_seed":false,"campfire_upgraded":2,"win_rate":0.0,"timestamp":1609594728,"path_taken":["M","?","M","$","?","R","M","?","T","R","M","E","R","E","R","BOSS","M","?","?"],"items_purchased_type":["Relic"],"build_version":"2020-12-22","purchased_purges":1,"victory":false,"max_hp_per_floor":[71,76,76,76,76,76,76,76,76,76,76,76,76,76,76,76,76,76,76,76,76],"relic_stats":{"Singing Bowl":0,"counters":[11,43],"Pandora\u0027s Box":["Scrape","Core Surge","Consume","Tempest","Auto Shields","Undo","Reboot"],"obtain_stats":[{"Singing Bowl":14,"Pandora\u0027s Box":17,"Frozen Egg 2":4,"Cracked Core":0,"Toy Ornithopter":12},{"Singing Bowl":7,"Pandora\u0027s Box":8,"Frozen Egg 2":2,"Cracked Core":0,"Toy Ornithopter":6},{"Singing Bowl":24,"Pandora\u0027s Box":31,"Frozen Egg 2":7,"Cracked Core":0,"Toy Ornithopter":21}],"Toy Ornithopter":10},"card_choices":[{"not_picked":["Tempest","Storm","Beam Cell"],"picked":"SKIP","floor":1.0},{"not_picked":["Redo","Gash"],"picked":"Sweeping Beam","floor":3.0},{"not_picked":["Rebound","Streamline"],"picked":"Cold Snap","floor":7.0},{"not_picked":["Streamline","Undo"],"picked":"Loop+1","floor":8.0},{"not_picked":["Hello World+1","Beam Cell"],"picked":"Genetic Algorithm","floor":11.0},{"not_picked":["Thunder Strike","Go for the Eyes","Sweeping Beam"],"picked":"SKIP","floor":12.0},{"not_picked":["All For One","Go for the Eyes"],"picked":"Static Discharge+1","floor":14},{"not_picked":["Hyperbeam","Core Surge"],"picked":"Multi-Cast","floor":16},{"not_picked":["Stack","Hello World+1"],"picked":"Lockon+1","floor":18},{"not_picked":["Coolheaded","Hologram"],"picked":"Heatsinks+1","floor":19}],"player_experience":1457481,"relics_obtained":[{"floor":12.0,"key":"Toy Ornithopter"},{"floor":14,"key":"Singing Bowl"}],"event_choices":[{"damage_healed":0.0,"max_hp_gain":5.0,"max_hp_loss":0.0,"gold_gain":0.0,"event_name":"Big Fish","player_choice":"Donut","floor":2.0,"gold_loss":0.0,"damage_taken":0.0},{"cards_removed":["Defend_B"],"damage_healed":0.0,"max_hp_gain":0.0,"max_hp_loss":0.0,"gold_gain":0.0,"event_name":"Bonfire Elementals","player_choice":"Offered Basic","floor":5.0,"gold_loss":0.0,"damage_taken":0.0}],"is_beta":false,"boss_relics":[{"not_picked":["Ectoplasm","Nuclear Battery"],"picked":"Pandora\u0027s Box"}],"items_purged_floors":[4],"is_endless":false,"potions_floor_spawned":[1,3,8,11],"killed_by":"3 Cultists","ascension_level":20}}