{"host":"p7j7o00jacnw7qzt","time":1609566879,"event":{"mods":["BaseMod","Colored Map","Colored Powertips","DeckTracker","Highlight Path","Minty Spire (QoL Compilation)","Relic Stats"],"gold_per_floor":[118,132,132,57,132,132,159,159,159,173,206,23,23,36,36,111,111,126,126,146,156,174,174,174,174,174,188,214,214,89,89,89,161,161,171,171,185,185,185,185,220,220,220,220,230,260,275,308,308,308,308,308,308,68,97,97],"floor_reached":57,"playtime":3760,"items_purged":["Strike_R","Strike_R","Strike_R","Whirlwind"],"score":3032,"play_id":"5e87d04b-221d-426d-abfc-4240775686f6","local_time":"20210102005439","is_ascension_mode":true,"campfire_choices":[{"floor":6.0,"key":"RECALL"},{"data":"Body Slam","floor":13.0,"key":"SMITH"},{"data":"Feed","floor":15.0,"key":"SMITH"},{"data":"Feel No Pain","floor":23.0,"key":"SMITH"},{"data":"Burning Pact","floor":29.0,"key":"SMITH"},{"data":"Barricade","floor":32.0,"key":"SMITH"},{"data":"Apotheosis","floor":40.0,"key":"SMITH"},{"data":"Dark Embrace","floor":42.0,"key":"SMITH"},{"data":"Burning Pact","floor":44.0,"key":"SMITH"},{"data":"Evolve","floor":49,"key":"SMITH"},{"data":"Entrench","floor":53,"key":"SMITH"}],"circlet_count":0,"master_deck":["AscendersBane","Bash+1","Shrug It Off+1","Reaper","Second Wind","Body Slam+1","Feed+1","Burning Pact+1","Barricade+1","Evolve+1","Battle Trance","Feel No Pain+1","True Grit","Burning Pact+1","Entrench+1","Dark Embrace+1","Burning Pact","Power Through","Apotheosis+1","Sentinel","Disarm"],"relics":["Burning Blood","NeowsBlessing","Ancient Tea Set","White Beast Statue","Boot","Coffee Dripper","Potion Belt","Nilry\u0027s Codex","Bird Faced Urn","Shuriken","Pandora\u0027s Box","CaptainsWheel","Charon\u0027s Ashes","Smiling Mask","Champion Belt","InkBottle"],"acts_visited":["Exordium","TheCity","TheBeyond","TheEnding"],"potions_floor_usage":[55,56,56],"damage_taken":[{"damage":0.0,"enemies":"Jaw Worm","floor":1.0,"turns":1.0},{"damage":0.0,"enemies":"2 Louse","floor":2.0,"turns":1.0},{"damage":0.0,"enemies":"Lagavulin","floor":7.0,"turns":1.0},{"damage":1.0,"enemies":"Small Slimes","floor":10.0,"turns":3.0},{"damage":6.0,"enemies":"3 Sentries","floor":11.0,"turns":17.0},{"damage":5.0,"enemies":"Blue Slaver","floor":14.0,"turns":4.0},{"damage":34.0,"enemies":"Slime Boss","floor":16.0,"turns":9.0},{"damage":12.0,"enemies":"Chosen","floor":18.0,"turns":7.0},{"damage":32.0,"enemies":"3 Byrds","floor":20.0,"turns":6.0},{"damage":11.0,"enemies":"Centurion and Healer","floor":21.0,"turns":7.0},{"damage":42.0,"enemies":"Chosen and Byrds","floor":22.0,"turns":8.0},{"damage":0.0,"enemies":"Snecko","floor":27.0,"turns":5.0},{"damage":2.0,"enemies":"Slavers","floor":28.0,"turns":5.0},{"damage":15.0,"enemies":"Champ","floor":33.0,"turns":7.0},{"damage":11.0,"enemies":"Orb Walker","floor":35.0,"turns":4.0},{"damage":39.0,"enemies":"3 Darklings","floor":37.0,"turns":12.0},{"damage":0.0,"enemies":"Reptomancer","floor":41.0,"turns":5.0},{"damage":3.0,"enemies":"4 Shapes","floor":45.0,"turns":4.0},{"damage":0.0,"enemies":"Nemesis","floor":46.0,"turns":5.0},{"damage":0,"enemies":"Maw","floor":47,"turns":5},{"damage":3,"enemies":"Reptomancer","floor":48,"turns":4},{"damage":8,"enemies":"Time Eater","floor":50,"turns":10},{"damage":28,"enemies":"Awakened One","floor":51,"turns":7},{"damage":0,"enemies":"Shield and Spear","floor":55,"turns":5},{"damage":0,"enemies":"The Heart","floor":56,"turns":7}],"seed_played":"-8900623558896383559","potions_obtained":[{"floor":1.0,"key":"Strength Potion"},{"floor":2.0,"key":"PowerPotion"},{"floor":11.0,"key":"BlessingOfTheForge"},{"floor":14.0,"key":"PowerPotion"},{"floor":16.0,"key":"FearPotion"},{"floor":18.0,"key":"SkillPotion"},{"floor":20.0,"key":"BloodPotion"},{"floor":21.0,"key":"Ancient Potion"},{"floor":22.0,"key":"BlessingOfTheForge"},{"floor":27.0,"key":"LiquidMemories"},{"floor":28.0,"key":"Weak Potion"},{"floor":37.0,"key":"Strength Potion"},{"floor":41.0,"key":"Block Potion"},{"floor":45.0,"key":"Dexterity Potion"},{"floor":46.0,"key":"Weak Potion"},{"floor":47,"key":"Energy Potion"},{"floor":48,"key":"Energy Potion"},{"floor":55,"key":"DistilledChaos"}],"is_trial":false,"path_per_floor":["M","M","?","$","?","R","E","?","T","M","E","$","R","M","R","B",null,"M","?","M","M","M","R","?","?","T","M","E","R","$","T","R","B",null,"M","?","M","?","?","R","E","R","T","R","M","E","M","E","R","B","B",null,"R","$","E","B",null],"character_chosen":"IRONCLAD","items_purchased":["Feed","DuplicationPotion","SneckoOil"],"campfire_rested":0,"item_purchase_floors":[12,54,54],"current_hp_per_floor":[74,75,80,80,69,69,75,51,51,60,72,72,72,81,81,59,80,84,84,72,81,54,54,33,33,33,43,66,66,66,66,66,74,105,108,98,123,117,117,117,121,121,121,121,125,125,129,129,129,133,136,137,137,137,137,137],"gold":97,"neow_bonus":"THREE_ENEMY_KILL","is_daily":false,"chose_seed":false,"campfire_upgraded":10,"win_rate":0.0,"timestamp":1609566879,"path_taken":["M","M","?","$","?","R","E","?","T","M","E","?","R","M","R","BOSS","M","?","M","M","?","R","?","?","T","M","E","R","?","?","R","BOSS","M","?","M","?","?","R","E","R","T","R","M","E","M","E","R","BOSS","BOSS","R","$","E","BOSS"],"items_purchased_type":["Card","Potion","Potion"],"build_version":"2020-12-22","purchased_purges":4,"victory":true,"max_hp_per_floor":[75,75,80,80,80,80,80,80,80,80,80,80,80,83,83,87,87,91,91,95,99,103,103,103,103,103,107,111,111,111,111,111,115,115,119,119,123,117,117,117,121,121,121,121,125,125,129,129,129,133,137,137,137,137,137,137],"relic_stats":{"counters":[25,149],"Shuriken":[2],"Bird Faced Urn":[37],"Pandora\u0027s Box":["True Grit","Whirlwind","Burning Pact","Entrench","Dark Embrace","Burning Pact"],"Charon\u0027s Ashes":[658],"Champion Belt":[0],"Boot":[38],"Smiling Mask":100,"obtain_stats":[{"Potion Belt":19,"NeowsBlessing":0,"Nilry\u0027s Codex":24,"Charon\u0027s Ashes":43,"Ancient Tea Set":7,"Boot":11,"Smiling Mask":46,"Burning Blood":0,"White Beast Statue":9,"CaptainsWheel":41,"Shuriken":31,"Bird Faced Urn":28,"Pandora\u0027s Box":34,"Coffee Dripper":17,"Champion Belt":48,"InkBottle":55},{"Potion Belt":8,"NeowsBlessing":0,"Nilry\u0027s Codex":11,"Charon\u0027s Ashes":17,"Ancient Tea Set":3,"Boot":5,"Smiling Mask":19,"Burning Blood":0,"White Beast Statue":3,"CaptainsWheel":17,"Shuriken":13,"Bird Faced Urn":13,"Pandora\u0027s Box":14,"Coffee Dripper":7,"Champion Belt":21,"InkBottle":24},{"Potion Belt":43,"NeowsBlessing":0,"Nilry\u0027s Codex":64,"Charon\u0027s Ashes":102,"Ancient Tea Set":3,"Boot":23,"Smiling Mask":111,"Burning Blood":0,"White Beast Statue":3,"CaptainsWheel":102,"Shuriken":74,"Bird Faced Urn":74,"Pandora\u0027s Box":81,"Coffee Dripper":36,"Champion Belt":120,"InkBottle":142}],"Burning Blood":97,"InkBottle":[2]},"card_choices":[{"not_picked":["Metallicize","Headbutt"],"picked":"Shrug It Off","floor":1.0},{"not_picked":["Twin Strike","Headbutt","Flex"],"picked":"SKIP","floor":2.0},{"not_picked":["Carnage","Uppercut"],"picked":"Reaper","floor":7.0},{"not_picked":["True Grit","Headbutt"],"picked":"Second Wind","floor":10.0},{"not_picked":["Entrench","Armaments"],"picked":"Body Slam","floor":11.0},{"not_picked":["Armaments","Pummel"],"picked":"Burning Pact","floor":14.0},{"not_picked":["Impervious","Immolate"],"picked":"Barricade","floor":16.0},{"not_picked":["Perfected Strike","Pummel"],"picked":"Evolve","floor":18.0},{"not_picked":["True Grit","Warcry"],"picked":"Battle Trance","floor":20.0},{"not_picked":["Armaments","Wild Strike","Iron Wave"],"picked":"SKIP","floor":21.0},{"not_picked":["Thunderclap+1","Pommel Strike"],"picked":"Feel No Pain","floor":22.0},{"not_picked":["Rampage","Dropkick","Spot Weakness"],"picked":"SKIP","floor":27.0},{"not_picked":["Perfected Strike","Fire Breathing","Flame Barrier"],"picked":"SKIP","floor":28.0},{"not_picked":["True Grit+1","Perfected Strike"],"picked":"Power Through","floor":35.0},{"not_picked":["Sadistic Nature","Blind"],"picked":"Apotheosis","floor":36.0},{"not_picked":["Anger+1","Clash","Dual Wield"],"picked":"SKIP","floor":37.0},{"not_picked":["Iron Wave+1","Sword Boomerang"],"picked":"Sentinel","floor":41.0},{"not_picked":["Headbutt+1","Inflame","Body Slam"],"picked":"SKIP","floor":45.0},{"not_picked":["Pummel+1","Headbutt"],"picked":"Disarm","floor":46.0},{"not_picked":["Fire Breathing","Blood for Blood","Dual Wield"],"picked":"SKIP","floor":47},{"not_picked":["Twin Strike+1","Juggernaut","Dark Embrace+1"],"picked":"SKIP","floor":48},{"not_picked":["Twin Strike+1","Juggernaut","Dark Embrace+1"],"picked":"SKIP","floor":48},{"not_picked":["Iron Wave","Wild Strike","Flex"],"picked":"SKIP","floor":55}],"player_experience":920237,"relics_obtained":[{"floor":7.0,"key":"Ancient Tea Set"},{"floor":9.0,"key":"White Beast Statue"},{"floor":11.0,"key":"Boot"},{"floor":24.0,"key":"Nilry\u0027s Codex"},{"floor":28.0,"key":"Bird Faced Urn"},{"floor":31.0,"key":"Shuriken"},{"floor":41.0,"key":"CaptainsWheel"},{"floor":43.0,"key":"Charon\u0027s Ashes"},{"floor":46.0,"key":"Smiling Mask"},{"floor":48,"key":"Champion Belt"},{"floor":55,"key":"InkBottle"}],"event_choices":[{"damage_healed":0.0,"max_hp_gain":5.0,"max_hp_loss":0.0,"gold_gain":0.0,"event_name":"Big Fish","player_choice":"Donut","floor":3.0,"gold_loss":0.0,"damage_taken":0.0},{"damage_healed":0.0,"max_hp_gain":0.0,"max_hp_loss":0.0,"gold_gain":75.0,"event_name":"World of Goop","player_choice":"Gather Gold","floor":5.0,"gold_loss":0.0,"damage_taken":11.0},{"damage_healed":0.0,"max_hp_gain":0.0,"max_hp_loss":0.0,"gold_gain":0.0,"event_name":"Shining Light","player_choice":"Entered Light","floor":8.0,"gold_loss":0.0,"damage_taken":24.0,"cards_upgraded":["Shrug It Off","Bash"]},{"damage_healed":0.0,"max_hp_gain":0.0,"max_hp_loss":0.0,"gold_gain":0.0,"event_name":"WeMeetAgain","player_choice":"Gave Potion","floor":19.0,"gold_loss":0.0,"damage_taken":0.0,"relics_obtained":["Potion Belt"]},{"damage_healed":0.0,"max_hp_gain":0.0,"max_hp_loss":0.0,"gold_gain":0.0,"event_name":"Cursed Tome","player_choice":"Obtained Book","floor":24.0,"gold_loss":0.0,"damage_taken":21.0},{"damage_healed":0.0,"max_hp_gain":0.0,"max_hp_loss":0.0,"gold_gain":0.0,"event_name":"Vampires","player_choice":"Ignored","floor":25.0,"gold_loss":0.0,"damage_taken":0.0},{"damage_healed":0.0,"max_hp_gain":0.0,"max_hp_loss":0.0,"gold_gain":0.0,"event_name":"SensoryStone","player_choice":"Memory 3","floor":36.0,"gold_loss":0.0,"damage_taken":10.0},{"damage_healed":0.0,"max_hp_gain":0.0,"max_hp_loss":6.0,"gold_gain":0.0,"event_name":"Winding Halls","player_choice":"Max HP","floor":38.0,"gold_loss":0.0,"damage_taken":0.0},{"damage_healed":0.0,"max_hp_gain":0.0,"max_hp_loss":0.0,"gold_gain":0.0,"event_name":"Tomb of Lord Red Mask","player_choice":"Ignored","floor":39.0,"gold_loss":0.0,"damage_taken":0.0}],"is_beta":false,"boss_relics":[{"not_picked":["Empty Cage","Philosopher\u0027s Stone"],"picked":"Coffee Dripper"},{"not_picked":["Busted Crown","Sozu"],"picked":"Pandora\u0027s Box"}],"items_purged_floors":[4,12,30,54],"is_endless":false,"potions_floor_spawned":[1,2,7,10,11,14,16,18,20,21,22,27,28,33,35,37,41,45,46,47,48,55],"ascension_level":20}}