{"host":"yo9wwslrag05lh37","time":1609591362,"event":{"mods":["AchievementEnabler","BaseMod","Block Reminder","Colored Map","Colored Powertips","GifTheSpireLib","HexUI Lib","Highlight Path","Minty Spire (QoL Compilation)","Rare Cards Sparkle","Relic Stats","StSLib","everything is the same but u backflip on backflip"],"gold_per_floor":[115,115,115,128,142,142,153,153,153,153,153],"floor_reached":10,"playtime":267,"items_purged":[],"score":116,"play_id":"31ee8f8b-1bf1-41b3-969d-ba61af8b31bc","local_time":"20210102134242","is_ascension_mode":true,"campfire_choices":[{"data":"Dagger Spray","floor":6,"key":"SMITH"}],"circlet_count":0,"master_deck":["AscendersBane","Strike_G","Strike_G","Strike_G","Strike_G","Strike_G","Defend_G","Defend_G","Defend_G","Defend_G","Defend_G","Survivor","Neutralize","Swift Strike","Dagger Spray+1","Unload"],"relics":["Ring of the Snake","Matryoshka","Eternal Feather","Question Card"],"acts_visited":["Exordium"],"potions_floor_usage":[10],"damage_taken":[{"damage":0,"enemies":"2 Louse","floor":1,"turns":3},{"damage":0,"enemies":"Cultist","floor":4,"turns":4},{"damage":1,"enemies":"Small Slimes","floor":5,"turns":2},{"damage":0,"enemies":"2 Fungi Beasts","floor":7,"turns":3},{"damage":67,"enemies":"Lagavulin","floor":10,"turns":9}],"seed_played":"3714984368173486595","potions_obtained":[{"floor":4,"key":"AttackPotion"}],"is_trial":false,"path_per_floor":["M","?","?","M","M","R","M","?","T","E"],"character_chosen":"THE_SILENT","items_purchased":[],"campfire_rested":0,"item_purchase_floors":[],"current_hp_per_floor":[59,59,64,64,63,63,63,63,63,0,0],"gold":153,"neow_bonus":"RANDOM_COLORLESS","is_daily":false,"chose_seed":false,"campfire_upgraded":1,"win_rate":0.0,"timestamp":1609591362,"path_taken":["M","?","?","M","M","R","M","?","T","E"],"items_purchased_type":[],"build_version":"2020-12-22","purchased_purges":0,"victory":false,"max_hp_per_floor":[66,66,71,71,71,71,71,71,71,71,71],"relic_stats":{"counters":[5,21],"Eternal Feather":0,"Question Card":0,"obtain_stats":[{"Matryoshka":8,"Eternal Feather":9,"Question Card":9,"Ring of the Snake":0},{"Matryoshka":4,"Eternal Feather":4,"Question Card":4,"Ring of the Snake":0},{"Matryoshka":12,"Eternal Feather":12,"Question Card":12,"Ring of the Snake":0}],"Ring of the Snake":[10]},"card_choices":[{"not_picked":["Purity","Bandage Up"],"picked":"Swift Strike","floor":0},{"not_picked":["Backflip","Dodge and Roll","Prepared"],"picked":"SKIP","floor":1},{"not_picked":["Acrobatics","Deadly Poison"],"picked":"Dagger Spray","floor":4},{"not_picked":["Setup","Dagger Spray"],"picked":"Unload","floor":5},{"not_picked":["Masterful Stab","Outmaneuver"],"picked":"Bouncing Flask","floor":7}],"player_experience":1455009,"relics_obtained":[{"floor":9,"key":"Eternal Feather"},{"floor":9,"key":"Question Card"}],"event_choices":[{"damage_healed":0,"gold_gain":0,"player_choice":"Ignored","damage_taken":0,"max_hp_gain":0,"max_hp_loss":0,"event_name":"Liars Game","floor":2,"gold_loss":0},{"damage_healed":0,"gold_gain":0,"player_choice":"Donut","damage_taken":0,"max_hp_gain":5,"max_hp_loss":0,"event_name":"Big Fish","floor":3,"gold_loss":0},{"cards_removed":["Bouncing Flask"],"damage_healed":0,"gold_gain":0,"player_choice":"Gave Card","damage_taken":0,"relics_obtained":["Matryoshka"],"max_hp_gain":0,"max_hp_loss":0,"event_name":"WeMeetAgain","floor":8,"gold_loss":0}],"is_beta":false,"boss_relics":[],"items_purged_floors":[],"is_endless":false,"potions_floor_spawned":[4],"killed_by":"Lagavulin","ascension_level":20}}