{"host":"37dk0reb6x0du8wx","time":1609588631,"event":{"mods":["BaseMod","Colored Map","DeckTracker","Minty Spire (QoL Compilation)","Quick Restart","StSLib","The Dragon Tamer"],"gold_per_floor":[119,135,135,149,74,106,106,117,417,397,397,56,76,89,89,89,89],"floor_reached":16,"playtime":423,"items_purged":["Strike_G","Strike_G"],"score":107,"play_id":"76a5a618-4843-461f-a328-56ad9d7d3bd5","local_time":"20210102205711","is_ascension_mode":true,"campfire_choices":[{"floor":7,"key":"REST"},{"data":"Deadly Poison","floor":11,"key":"SMITH"},{"data":"Catalyst","floor":15,"key":"SMITH"}],"circlet_count":0,"master_deck":["Strike_G","Strike_G","Strike_G","Defend_G","Defend_G","Defend_G","Defend_G","Defend_G","Survivor","Neutralize","Deadly Poison+1","Deadly Poison+1","Catalyst+1","Footwork","Good Instincts"],"relics":["Ring of the Snake","NeowsBlessing","Ornamental Fan","Old Coin"],"acts_visited":["Exordium"],"potions_floor_usage":[13,16,16],"damage_taken":[{"damage":0,"enemies":"Small Slimes","floor":1,"turns":1},{"damage":0,"enemies":"Cultist","floor":2,"turns":1},{"damage":0,"enemies":"2 Louse","floor":4,"turns":1},{"damage":35,"enemies":"Gremlin Nob","floor":6,"turns":5},{"damage":2,"enemies":"Exordium Thugs","floor":8,"turns":4},{"damage":5,"enemies":"3 Louse","floor":13,"turns":4},{"damage":5,"enemies":"Blue Slaver","floor":14,"turns":4},{"damage":60,"enemies":"Slime Boss","floor":16,"turns":11}],"seed_played":"4230982772992569112","potions_obtained":[{"floor":4,"key":"PowerPotion"},{"floor":10,"key":"Regen Potion"},{"floor":13,"key":"Explosive Potion"},{"floor":14,"key":"Ancient Potion"}],"is_trial":false,"path_per_floor":["M","M","?","M","$","E","R","M","T","?","R","$","M","M","R","B"],"character_chosen":"THE_SILENT","items_purchased":["Catalyst","Footwork","Good Instincts"],"campfire_rested":1,"item_purchase_floors":[12,12,12],"current_hp_per_floor":[70,70,70,70,70,35,56,54,54,54,54,54,63,58,58,0,0],"gold":89,"neow_bonus":"THREE_ENEMY_KILL","is_daily":false,"chose_seed":false,"campfire_upgraded":2,"win_rate":0.0,"timestamp":1609588631,"path_taken":["M","M","?","?","?","E","R","?","T","?","R","?","M","M","R","BOSS"],"items_purchased_type":["Card","Card","Card"],"build_version":"2020-12-22","purchased_purges":2,"victory":false,"max_hp_per_floor":[70,70,70,70,70,70,70,70,70,70,70,70,70,70,70,70,70],"card_choices":[{"not_picked":["Bane","Expertise"],"picked":"Deadly Poison","floor":1},{"not_picked":["Bane","Sucker Punch","Terror"],"picked":"SKIP","floor":2},{"not_picked":["Caltrops","Footwork"],"picked":"Deadly Poison","floor":4},{"not_picked":["Doppelganger","Reflex","Infinite Blades"],"picked":"SKIP","floor":6},{"not_picked":["Reflex","Blade Dance","PiercingWail"],"picked":"SKIP","floor":8},{"not_picked":["Outmaneuver","Well Laid Plans","Calculated Gamble"],"picked":"SKIP","floor":13},{"not_picked":["Dagger Throw","Blade Dance","Choke"],"picked":"SKIP","floor":14}],"player_experience":122942,"relics_obtained":[{"floor":6,"key":"Ornamental Fan"},{"floor":9,"key":"Old Coin"}],"event_choices":[{"damage_healed":0,"gold_gain":0,"player_choice":"Upgraded","damage_taken":0,"max_hp_gain":0,"max_hp_loss":0,"event_name":"Upgrade Shrine","floor":3,"gold_loss":0,"cards_upgraded":["Deadly Poison"]},{"damage_healed":0,"gold_gain":0,"player_choice":"Bought 1 Potion","damage_taken":0,"max_hp_gain":0,"max_hp_loss":0,"event_name":"The Woman in Blue","floor":10,"gold_loss":0}],"is_beta":false,"boss_relics":[],"items_purged_floors":[5,12],"is_endless":false,"potions_floor_spawned":[4,13,14],"killed_by":"Slime Boss","ascension_level":1}}