{"host":"7t8rqoeeopyy0nh0","time":1609579918,"event":{"mods":["AchievementEnabler","BaseMod","Better Third Choice","BetterRewards","Colored Map","Colored Powertips","Conspire","Downfall","Hubris","Infinite Spire","Minty Spire (QoL Compilation)","Permanent Neow","Quick Restart","Rare Cards Sparkle","Replay The Spire","StSLib","The Jungle"],"gold_per_floor":[110,110,110,129,76,110,110,110,135,135,149,74,74,99,99,99,99],"floor_reached":16,"playtime":402,"items_purged":["Hallucinations"],"score":197,"play_id":"95ded18c-7f30-4631-98cf-a2bdb8875774","local_time":"20210102043158","is_ascension_mode":true,"campfire_choices":[{"data":"Neutralize","floor":7,"key":"SMITH"},{"data":"Quick Slash","floor":10,"key":"SMITH"},{"data":"Dash","floor":13,"key":"SMITH"}],"circlet_count":0,"master_deck":["AscendersBane","Strike_G","Strike_G","Strike_G","Strike_G","Strike_G","Defend_G","Defend_G","Defend_G","Defend_G","Defend_G","Survivor","Neutralize+1","Dash+1","Dagger Throw","Quick Slash+1","Backflip+1"],"relics":["Ring of the Snake","NeowsBlessing","Golden Idol","Toy Ornithopter","Meat on the Bone","Ring of Panic","Ring of Hypnosis"],"acts_visited":["Exordium"],"potions_floor_usage":[16,16],"damage_taken":[{"damage":0,"enemies":"Small Slimes","floor":1,"turns":1},{"damage":0,"enemies":"2 Louse","floor":4,"turns":1},{"damage":0,"enemies":"Lagavulin","floor":6,"turns":1},{"damage":2,"enemies":"Jaw Worm","floor":11,"turns":2},{"damage":4,"enemies":"Blue Slaver","floor":14,"turns":3},{"damage":74,"enemies":"Slime Boss","floor":16,"turns":18}],"seed_played":"3016404948857843225","potions_obtained":[{"floor":1,"key":"DuplicationPotion"},{"floor":6,"key":"sneckomod:MuddlingPotion"}],"is_trial":false,"path_per_floor":["M","?","?","M","$","E","R","?","T","R","M","$","R","M","R_BF","B"],"character_chosen":"THE_SILENT","items_purchased":["Quick Slash"],"campfire_rested":0,"item_purchase_floors":[5],"current_hp_per_floor":[63,46,46,46,46,46,46,46,46,46,44,44,44,40,61,0,0],"gold":99,"neow_bonus":"THREE_ENEMY_KILL","is_daily":false,"chose_seed":false,"campfire_upgraded":3,"win_rate":0.0,"timestamp":1609579918,"path_taken":["M","?","?","M","$","E","R","?","T","R","M","$","R","M","R_BF","BOSS"],"items_purchased_type":["Card"],"build_version":"2020-12-22","purchased_purges":1,"victory":false,"max_hp_per_floor":[70,70,70,70,70,70,70,70,70,70,70,70,70,70,70,70,70],"card_choices":[{"not_picked":["Prepared","Acrobatics"],"picked":"Dash","floor":1},{"not_picked":["Slice","Bouncing Flask"],"picked":"Dagger Throw","floor":4},{"not_picked":["Underhanded Strike","Sneak Up","conspire:PoisonWeapons"],"picked":"SKIP","floor":6},{"not_picked":["hubris:SlightOfHand","Slice","Dagger Spray"],"picked":"SKIP","floor":11},{"not_picked":["Deadly Poison","Dagger Throw"],"picked":"Backflip","floor":14}],"player_experience":371747,"relics_obtained":[{"floor":3,"key":"Toy Ornithopter"},{"floor":6,"key":"Meat on the Bone"},{"floor":8,"key":"Ring of Panic"},{"floor":8,"key":"Ring of Hypnosis"}],"event_choices":[{"damage_healed":0,"gold_gain":0,"player_choice":"Take Damage","damage_taken":17,"relics_obtained":["Golden Idol"],"max_hp_gain":0,"max_hp_loss":0,"event_name":"Golden Idol","floor":2,"gold_loss":0}],"is_beta":false,"boss_relics":[],"items_purged_floors":[12],"is_endless":false,"potions_floor_spawned":[1,6],"killed_by":"Slime Boss","ascension_level":12}}