{"host":"k6u7q08ihsmpx7o5","time":1609552762,"event":{"mods":["BaseMod","Bestiary","Minty Spire (QoL Compilation)","StSLib"],"gold_per_floor":[110,110,110,110,122,148,223,255,255,287,287,299,325,337,337,337,337],"floor_reached":16,"playtime":379,"items_purged":[],"score":286,"play_id":"b5026a5c-9a62-4ceb-83b7-29af41fc3e3a","local_time":"20210102025922","is_ascension_mode":true,"campfire_choices":[{"data":"Fiend Fire","floor":11,"key":"SMITH"},{"data":"Dark Embrace","floor":15,"key":"SMITH"}],"circlet_count":0,"master_deck":["AscendersBane","Strike_R","Strike_R","Strike_R","Strike_R","Defend_R","Defend_R","Defend_R+1","Defend_R","Bash","Dark Embrace+1","Dropkick+1","Pommel Strike","Combust","Hemokinesis","Fiend Fire+1","Dark Embrace"],"relics":["Burning Blood","NeowsBlessing","Ginger","Gremlin Horn","Mango","Regal Pillow","Odd Mushroom"],"acts_visited":["Exordium"],"potions_floor_usage":[8,13,14,14,16],"damage_taken":[{"damage":0,"enemies":"Jaw Worm","floor":1,"turns":1},{"damage":0,"enemies":"2 Louse","floor":5,"turns":1},{"damage":0,"enemies":"Gremlin Nob","floor":6,"turns":1},{"damage":28,"enemies":"Lagavulin","floor":8,"turns":7},{"damage":34,"enemies":"Gremlin Nob","floor":10,"turns":4},{"damage":2,"enemies":"Small Slimes","floor":12,"turns":2},{"damage":19,"enemies":"The Mushroom Lair","floor":13,"turns":3},{"damage":2,"enemies":"3 Louse","floor":14,"turns":1},{"damage":15,"enemies":"Slime Boss","floor":16,"turns":4}],"seed_played":"-4864729826563830740","potions_obtained":[{"floor":1,"key":"AttackPotion"},{"floor":10,"key":"SkillPotion"},{"floor":13,"key":"EntropicBrew"}],"is_trial":false,"path_per_floor":["M","?","?","?","M","E","?","E","T","E","R","M","?","M","R","B"],"character_chosen":"IRONCLAD","items_purchased":[],"campfire_rested":0,"item_purchase_floors":[],"current_hp_per_floor":[74,79,79,55,61,67,56,34,48,20,20,24,11,15,15,0,0],"gold":337,"neow_bonus":"THREE_ENEMY_KILL","is_daily":false,"chose_seed":false,"campfire_upgraded":2,"win_rate":0.0,"timestamp":1609552762,"path_taken":["M","?","?","?","M","E","?","E","T","E","R","M","?","M","R","BOSS"],"items_purchased_type":[],"build_version":"2020-12-22","purchased_purges":0,"victory":false,"max_hp_per_floor":[75,80,80,80,80,80,80,80,94,94,94,94,94,94,94,94,94],"card_choices":[{"not_picked":["Reckless Charge","Clash"],"picked":"Dark Embrace","floor":1},{"not_picked":["Wild Strike","Body Slam"],"picked":"Pommel Strike","floor":5},{"not_picked":["Warcry","True Grit"],"picked":"Combust","floor":6},{"not_picked":["Battle Trance","Thunderclap"],"picked":"Hemokinesis","floor":8},{"not_picked":["Perfected Strike","Cleave"],"picked":"Fiend Fire","floor":10},{"not_picked":["Havoc","Pommel Strike","True Grit"],"picked":"SKIP","floor":12},{"not_picked":["Rampage","Iron Wave"],"picked":"Dark Embrace","floor":14}],"player_experience":1915267,"relics_obtained":[{"floor":6,"key":"Ginger"},{"floor":8,"key":"Gremlin Horn"},{"floor":9,"key":"Mango"},{"floor":10,"key":"Regal Pillow"},{"floor":13,"key":"Odd Mushroom"}],"event_choices":[{"damage_healed":0,"gold_gain":0,"player_choice":"Donut","damage_taken":0,"max_hp_gain":5,"max_hp_loss":0,"event_name":"Big Fish","floor":2,"gold_loss":0},{"damage_healed":0,"gold_gain":0,"cards_transformed":["Strike_R"],"player_choice":"Change","damage_taken":0,"max_hp_gain":0,"max_hp_loss":0,"event_name":"Living Wall","floor":3,"gold_loss":0,"cards_obtained":["Dropkick"]},{"damage_healed":0,"gold_gain":0,"player_choice":"Entered Light","damage_taken":24,"max_hp_gain":0,"max_hp_loss":0,"event_name":"Shining Light","floor":4,"gold_loss":0,"cards_upgraded":["Defend_R","Dropkick"]},{"damage_healed":0,"gold_gain":75,"player_choice":"Gather Gold","damage_taken":11,"max_hp_gain":0,"max_hp_loss":0,"event_name":"World of Goop","floor":7,"gold_loss":0},{"damage_healed":0,"gold_gain":0,"player_choice":"Fought Mushrooms","damage_taken":0,"max_hp_gain":0,"max_hp_loss":0,"event_name":"Mushrooms","floor":13,"gold_loss":0}],"is_beta":false,"boss_relics":[],"items_purged_floors":[],"is_endless":false,"potions_floor_spawned":[1,10,13],"killed_by":"Slime Boss","ascension_level":20}}