{"host":"fche7yfjqecoz34w","time":1609616970,"event":{"mods":["BaseMod","BetterRewards","Minty Spire (QoL Compilation)","Replay The Spire","StSLib"],"gold_per_floor":[111,175,175,175,190,218,65,77,77,77,87,120,120,138,138,214,314,324,324,79,79,79,79,79,79],"floor_reached":24,"playtime":3542,"items_purged":["Strike_B"],"score":629,"play_id":"288262ce-8456-42e7-9c27-4ec5c4f7bc5a","local_time":"20210102134930","is_ascension_mode":true,"campfire_choices":[{"floor":10,"key":"REST"},{"floor":13,"key":"REST"},{"data":"Storm","floor":15,"key":"SMITH"},{"floor":23,"key":"REST"}],"circlet_count":0,"master_deck":["AscendersBane","Strike_B+1","Strike_B+1","Defend_B+1","Defend_B+1","Defend_B+1","Defend_B+1","Zap","Dualcast","Consume","Consume","Capacitor+1","Defragment","Ball Lightning","White Noise","Loop","Panic Button","Sweeping Beam","Doom and Gloom","Conserve Battery","Conserve Battery","Beam Cell","Leap","Storm+1","Ball Lightning","All For One","Hologram","Conserve Battery","Chaos","Genetic Algorithm","Sweeping Beam","Rainbow","Sunder","Go for the Eyes","Pain","Crystallizer","BasicCrystalCard"],"relics":["Cracked Core","Lizard Tail","ClockworkSouvenir","Ice Cream","Prayer Wheel","Durian","Replay:Frozen Program","StoneCalendar","CaptainsWheel","Akabeko","Replay:Grab Bag","Replay:Wanted Poster","Busted Crown","Nuclear Battery","SlaversCollar","WarpedTongs","Raider\u0027s Mask"],"acts_visited":["Exordium","TheCity"],"potions_floor_usage":[11,12],"damage_taken":[{"damage":13,"enemies":"2 Louse","floor":1,"turns":3},{"damage":3,"enemies":"Small Slimes","floor":5,"turns":2},{"damage":28,"enemies":"Lagavulin","floor":6,"turns":5},{"damage":0,"enemies":"Cultist","floor":8,"turns":4},{"damage":17,"enemies":"Lots of Slimes","floor":11,"turns":3},{"damage":7,"enemies":"Replay:BlueRogue","floor":12,"turns":4},{"damage":13,"enemies":"Gremlin Gang","floor":14,"turns":2},{"damage":12,"enemies":"Hexaghost","floor":16,"turns":8},{"damage":18,"enemies":"2 Thieves","floor":18,"turns":4},{"damage":73,"enemies":"Gremlin Leader","floor":24,"turns":6}],"seed_played":"-7718116217629473970","potions_obtained":[{"floor":6,"key":"Adrenaline Potion"},{"floor":8,"key":"Cursed Concoction"},{"floor":11,"key":"AttackPotion"}],"is_trial":false,"path_per_floor":["M","?","?","?","M","E","$","M","T","R","M","E","R","M","R","B",null,"M","?","$","?","?","R","E"],"character_chosen":"DEFECT","items_purchased":["Consume","Capacitor","ClockworkSouvenir","Ice Cream","Defragment","Replay:Frozen Program","Ball Lightning","White Noise","Loop","Panic Button","Sweeping Beam","Storm","Raider\u0027s Mask","Crystallizer"],"campfire_rested":3,"item_purchase_floors":[0,0,0,0,0,0,0,0,0,0,0,7,20,20],"current_hp_per_floor":[14,14,14,14,11,25,25,25,25,47,30,23,45,32,32,20,62,44,44,44,44,44,66,0,0],"gold":79,"neow_bonus":"","is_daily":false,"chose_seed":false,"campfire_upgraded":1,"win_rate":0.0,"timestamp":1609616970,"path_taken":["M","?","?","?","?","E","$","M","T","R","?","E","R","?","R","BOSS","M","?","?","?","?","R","E"],"items_purchased_type":["Card","Card","Relic","Relic","Card","Relic","Card","Card","Card","Card","Card","Card","Relic","Card"],"build_version":"2020-12-22","purchased_purges":1,"victory":false,"max_hp_per_floor":[76,76,76,76,76,76,76,76,76,76,76,76,76,76,76,76,76,76,76,76,76,76,76,76,76],"card_choices":[{"not_picked":["Panic Button","Compile Driver"],"picked":"Doom and Gloom","floor":1},{"not_picked":["BasicCrystalCard","Sunder"],"picked":"Conserve Battery","floor":1},{"not_picked":["Panic Button","Go for the Eyes"],"picked":"Conserve Battery","floor":5},{"not_picked":["Stack","Rebound"],"picked":"Beam Cell","floor":5},{"not_picked":["Skim","Compile Driver"],"picked":"Leap","floor":6},{"not_picked":["FTL","Barrage"],"picked":"Ball Lightning","floor":8},{"not_picked":["Streamline","Ball Lightning"],"picked":"All For One","floor":8},{"not_picked":["ReplayTheSpireMod:Repulse","Static Discharge"],"picked":"Hologram","floor":11},{"not_picked":["Beam Cell","Steam"],"picked":"Conserve Battery","floor":11},{"not_picked":["Conserve Battery","ReplaySolidLightProjector"],"picked":"Chaos","floor":12},{"not_picked":["ReplayTheSpireMod:Repulse","Stack"],"picked":"Genetic Algorithm","floor":14},{"not_picked":["FTL","ReplayGash"],"picked":"Sweeping Beam","floor":14},{"not_picked":["Creative AI","Seek"],"picked":"Rainbow","floor":16},{"not_picked":[],"picked":"Sunder","floor":18},{"not_picked":[],"picked":"Go for the Eyes","floor":18}],"player_experience":1909074,"relics_obtained":[{"floor":6,"key":"StoneCalendar"},{"floor":9,"key":"CaptainsWheel"},{"floor":12,"key":"Akabeko"}],"event_choices":[{"damage_healed":0,"gold_gain":64,"player_choice":"Gained Gold","damage_taken":0,"max_hp_gain":0,"max_hp_loss":0,"event_name":"Golden Wing","floor":2,"gold_loss":0},{"damage_healed":0,"gold_gain":0,"player_choice":"Fled","damage_taken":0,"max_hp_gain":0,"max_hp_loss":0,"event_name":"Scrap Ooze","floor":3,"gold_loss":0},{"damage_healed":0,"gold_gain":0,"player_choice":"Upgraded","damage_taken":0,"max_hp_gain":0,"max_hp_loss":0,"event_name":"Upgrade Shrine","floor":4,"gold_loss":0,"cards_upgraded":["Capacitor"]},{"damage_healed":0,"gold_gain":0,"player_choice":"Rummage","damage_taken":0,"relics_obtained":["WarpedTongs"],"max_hp_gain":0,"max_hp_loss":0,"event_name":"Accursed Blacksmith","floor":19,"gold_loss":0,"cards_obtained":["Pain"]},{"damage_healed":0,"gold_gain":0,"player_choice":"Simplicity","damage_taken":0,"max_hp_gain":0,"max_hp_loss":0,"event_name":"Back to Basics","floor":21,"gold_loss":0,"cards_upgraded":["Strike_B","Strike_B","Strike_B","Defend_B","Defend_B","Defend_B","Defend_B"]},{"damage_healed":0,"gold_gain":0,"cards_transformed":["Strike_B"],"player_choice":"Transformed","damage_taken":0,"max_hp_gain":0,"max_hp_loss":0,"event_name":"Transmorgrifier","floor":22,"gold_loss":0,"cards_obtained":["BasicCrystalCard"]}],"is_beta":false,"boss_relics":[{"not_picked":["Ring of Chaos","Pandora\u0027s Box"],"picked":"Replay:Grab Bag"},{"not_picked":["ReplayTheSpireMod:Onyx Gauntlets","Coffee Dripper"],"picked":"Replay:Wanted Poster"},{"not_picked":["Fusion Hammer","ChewingGum"],"picked":"Busted Crown"},{"not_picked":["Astrolabe","Replay:Drink Me"],"picked":"Nuclear Battery"},{"not_picked":["Kintsugi","SacredBark"],"picked":"SlaversCollar"}],"items_purged_floors":[7],"is_endless":false,"potions_floor_spawned":[6,8,11],"killed_by":"Gremlin Leader","ascension_level":20}}