{"host":"i0avyit1s6jb1siw","time":1609609789,"event":{"mods":["BaseMod","DeckTracker","Dota2Spire","Highlight Path","Minty Spire (QoL Compilation)","Quick Restart","Replay The Spire","StSLib","SuperFastMode"],"gold_per_floor":[111,161,161,27,212,212,61,61,87,87,120,120,131,148,148,223,223,238,238,249,249,268,268,268],"floor_reached":23,"playtime":281,"items_purged":["Pain"],"score":449,"play_id":"4636c0e5-f8c0-4e36-8158-a98b12447335","local_time":"20210102184949","is_ascension_mode":true,"campfire_choices":[{"data":"Perfected Strike","floor":6,"key":"SMITH"},{"data":"Perfected Strike","floor":8,"key":"SMITH"},{"data":"Bash","floor":10,"key":"SMITH"},{"data":"ReplayTheSpireMod:LeadingStrike","floor":15,"key":"SMITH"}],"circlet_count":0,"master_deck":["AscendersBane","Strike_R","Strike_R","Strike_R","Strike_R","Defend_R","Defend_R","Defend_R","Bash+1","Disarm","Perfected Strike+1","Perfected Strike+1","ReplayTheSpireMod:LeadingStrike+1","Perfected Strike","Shrug It Off","Cleave+1","Dual Wield+1","Fiend Fire+1","Flame Barrier","Inflame","Perfected Strike"],"relics":["Burning Blood","NeowsBlessing","Toy Ornithopter","Blood Vial","Astrolabe","Dota2Spire:LinkenSphere"],"acts_visited":["Exordium","TheCity"],"potions_floor_usage":[16,23],"damage_taken":[{"damage":0,"enemies":"2 Louse","floor":1,"turns":1},{"damage":0,"enemies":"Gremlin Nob","floor":11,"turns":1},{"damage":0,"enemies":"Cultist","floor":13,"turns":1},{"damage":0,"enemies":"Small Slimes","floor":14,"turns":2},{"damage":22,"enemies":"Slime Boss","floor":16,"turns":8},{"damage":24,"enemies":"Chosen","floor":18,"turns":4},{"damage":3,"enemies":"Spheric Guardian","floor":20,"turns":3},{"damage":27,"enemies":"Snecko","floor":22,"turns":5},{"damage":59,"enemies":"Slavers","floor":23,"turns":5}],"seed_played":"-476001486131099775","potions_obtained":[{"floor":11,"key":"Explosive Potion"},{"floor":14,"key":"Explosive Potion"},{"floor":16,"key":"AttackPotion"}],"is_trial":false,"path_per_floor":["M","?","$","$","?","R","$","R","T","R","E","?","M","M","R","B",null,"M","T","M","?","M","E"],"character_chosen":"IRONCLAD","items_purchased":["Perfected Strike","Evolve","ReplayTheSpireMod:LeadingStrike"],"campfire_rested":0,"item_purchase_floors":[4,4,7],"current_hp_per_floor":[74,67,67,67,67,67,67,67,67,67,73,78,80,80,80,64,76,60,60,65,65,46,0,0],"gold":268,"neow_bonus":"THREE_ENEMY_KILL","is_daily":false,"chose_seed":false,"campfire_upgraded":4,"win_rate":0.0,"timestamp":1609609789,"path_taken":["M","?","?","$","?","R","$","R","T","R","E","?","?","M","R","BOSS","M","?","M","?","M","E"],"items_purchased_type":["Card","Card","Card"],"build_version":"2020-12-22","purchased_purges":1,"victory":false,"max_hp_per_floor":[75,75,75,75,75,75,75,75,75,75,75,80,80,80,80,80,80,80,80,80,80,80,80,80],"card_choices":[{"not_picked":["ReplayTheSpireMod:Strike From Hell","Dropkick"],"picked":"Disarm","floor":1},{"not_picked":["Warcry","Feel No Pain"],"picked":"Perfected Strike","floor":5},{"not_picked":["Second Wind","Berserk"],"picked":"Perfected Strike","floor":11},{"not_picked":["Warcry","Body Slam","Sever Soul"],"picked":"SKIP","floor":13},{"not_picked":["Searing Blow","Heavy Blade"],"picked":"Shrug It Off","floor":14},{"not_picked":["Armaments","Dual Wield"],"picked":"Flame Barrier","floor":18},{"not_picked":["Replay:Undeath\u0027s Touch","Wild Strike"],"picked":"Inflame","floor":20},{"not_picked":["Bloodletting","Anger"],"picked":"Perfected Strike","floor":22}],"player_experience":2164920,"relics_obtained":[{"floor":9,"key":"Toy Ornithopter"},{"floor":11,"key":"Blood Vial"},{"floor":19,"key":"Dota2Spire:LinkenSphere"}],"event_choices":[{"damage_healed":0,"gold_gain":50,"player_choice":"Touch","damage_taken":7,"max_hp_gain":0,"max_hp_loss":0,"event_name":"FaceTrader","floor":2,"gold_loss":0},{"damage_healed":0,"gold_gain":0,"player_choice":"Donut","damage_taken":0,"max_hp_gain":5,"max_hp_loss":0,"event_name":"Big Fish","floor":12,"gold_loss":0},{"damage_healed":0,"gold_gain":0,"player_choice":"Ignored","damage_taken":0,"max_hp_gain":0,"max_hp_loss":0,"event_name":"Ghosts","floor":21,"gold_loss":0}],"is_beta":false,"boss_relics":[{"not_picked":["Replay:Bronze Core","Electric Blood"],"picked":"Astrolabe"}],"items_purged_floors":[7],"is_endless":false,"potions_floor_spawned":[11,14,16,18,22],"killed_by":"Slavers","ascension_level":20}}