{"host":"a2lvm7nbw6nkrc91","time":1609566514,"event":{"mods":["BaseMod","Friendly Minions","Hermit","Kiyohime£¨?ýï£©","Koishi","Marisa£¨Ùöéë¡¡Øª×âÞÞ£©","Minty Spire (QoL Compilation)","Prisma Mod","Replay The Spire","StSLib","Td1madao Mod","The Bug Knight","The Dragon Tamer"],"gold_per_floor":[115,134,12,23,198,198,225,239,239,251,276,276,291,323,323,420,420,438,448,131,151,166,199,199,199],"floor_reached":24,"playtime":975,"items_purged":["hermit:Defend_Hermit"],"score":240,"play_id":"a5a009e9-a558-40d1-8622-e40c8593afd2","local_time":"20210102144834","is_ascension_mode":false,"campfire_choices":[{"data":"hermit:BlackWind","floor":6,"key":"SMITH"},{"floor":12,"key":"REST"},{"floor":15,"key":"REST"}],"circlet_count":0,"master_deck":["hermit:Strike_Hermit","hermit:Strike_Hermit","hermit:Strike_Hermit","hermit:Strike_Hermit","hermit:Defend_Hermit","hermit:Defend_Hermit","hermit:Defend_Hermit","hermit:Snapshot","hermit:Covet","hermit:Horror","hermit:BlackWind+1","hermit:LowProfile","hermit:Showdown","Doubt","hermit:CursedWeapon","hermit:Manifest","hermit:Enervate","hermit:FatalDesire","hermit:Shortfuse+1","hermit:Vantage+1","hermit:HighNoon"],"relics":["hermit:Momento","Juzu Bracelet","Shuriken","Blue Candle","Sundial","HornCleat","Ring of Chaos","Iron Hammer","Oddly Smooth Stone"],"acts_visited":["Exordium","TheCity"],"potions_floor_usage":[11,16,16,16,23],"damage_taken":[{"damage":1,"enemies":"Cultist","floor":1,"turns":4},{"damage":0,"enemies":"2 Louse","floor":2,"turns":3},{"damage":0,"enemies":"Small Slimes","floor":4,"turns":2},{"damage":38,"enemies":"3 Sentries","floor":7,"turns":12},{"damage":3,"enemies":"Red Slaver","floor":8,"turns":2},{"damage":0,"enemies":"Exordium Wildlife","floor":10,"turns":1},{"damage":32,"enemies":"Gremlin Nob","floor":11,"turns":4},{"damage":4,"enemies":"Exordium Thugs","floor":13,"turns":3},{"damage":5,"enemies":"Replay:BlueRogue","floor":14,"turns":3},{"damage":9,"enemies":"Fading Forest","floor":16,"turns":11},{"damage":12,"enemies":"Chosen","floor":18,"turns":4},{"damage":2,"enemies":"Spheric Guardian","floor":19,"turns":3},{"damage":19,"enemies":"Snake Plant","floor":21,"turns":4},{"damage":11,"enemies":"3 Cultists","floor":22,"turns":4},{"damage":27,"enemies":"Slavers","floor":23,"turns":4},{"damage":9,"enemies":"Shelled Parasite and Fungi","floor":24,"turns":1}],"seed_played":"3729521166106790014","potions_obtained":[{"floor":4,"key":"Dexterity Potion"},{"floor":7,"key":"Fire Potion"},{"floor":8,"key":"Strength Potion"},{"floor":14,"key":"Milkshake"},{"floor":21,"key":"Fire Potion"}],"is_trial":false,"path_per_floor":["M","M","$","M","?","R","E","M","T","M","E","R","M","E","R","B",null,"M","M","$","M","M","E","M"],"character_chosen":"HERMIT","items_purchased":["hermit:BlackWind","hermit:LowProfile","Iron Hammer"],"campfire_rested":2,"item_purchase_floors":[3,3,20],"current_hp_per_floor":[74,74,74,74,74,74,36,33,33,33,1,23,19,14,36,37,75,63,61,61,42,31,4,0,0],"gold":199,"neow_bonus":"RANDOM_COMMON_RELIC","is_daily":false,"chose_seed":false,"campfire_upgraded":1,"win_rate":0.0,"timestamp":1609566514,"path_taken":["M","M","?","M","?","R","E","M","T","M","E","R","M","E","R","BOSS","M","M","$","M","M","E","M"],"items_purchased_type":["Card","Card","Relic"],"build_version":"2020-12-22","purchased_purges":1,"victory":false,"max_hp_per_floor":[75,75,75,75,75,75,75,75,75,75,75,75,75,75,75,75,75,75,75,75,75,75,75,75,75],"card_choices":[{"not_picked":["hermit:Quickdraw","hermit:HighCaliber","hermit:BodyArmor"],"picked":"SKIP","floor":1},{"not_picked":["hermit:Virtue","hermit:Manifest"],"picked":"hermit:Horror","floor":2},{"not_picked":["hermit:SprayPray","hermit:Determination"],"picked":"hermit:Showdown","floor":4},{"not_picked":["hermit:TakeCover","hermit:CalledShot","hermit:ItchyTrigger"],"picked":"SKIP","floor":7},{"not_picked":["hermit:Spite","hermit:WideOpen"],"picked":"hermit:CursedWeapon","floor":8},{"not_picked":["hermit:ItchyTrigger","hermit:Virtue"],"picked":"hermit:Manifest","floor":10},{"not_picked":["hermit:CursedWeapon","hermit:Roughhouse"],"picked":"hermit:Enervate","floor":11},{"not_picked":["hermit:BodyArmor","hermit:Desperado","hermit:Glare"],"picked":"SKIP","floor":13},{"not_picked":["hermit:BodyArmor","hermit:HoleUp","hermit:Virtue"],"picked":"SKIP","floor":14},{"not_picked":["hermit:Roughhouse","hermit:OverwhelmingPower"],"picked":"hermit:FatalDesire","floor":16},{"not_picked":["hermit:ItchyTrigger","hermit:Quickdraw"],"picked":"hermit:Shortfuse+1","floor":18},{"not_picked":["hermit:Glare","hermit:HoleUp","hermit:Quickdraw"],"picked":"SKIP","floor":19},{"not_picked":["hermit:Headshot+1","hermit:BigShot","hermit:Midnight"],"picked":"SKIP","floor":21},{"not_picked":["hermit:HighCaliber+1","hermit:Shortfuse+1"],"picked":"hermit:Vantage+1","floor":22},{"not_picked":["hermit:TrackingShot","hermit:Dive"],"picked":"hermit:HighNoon","floor":23}],"player_experience":513610,"relics_obtained":[{"floor":7,"key":"Shuriken"},{"floor":9,"key":"Blue Candle"},{"floor":11,"key":"Sundial"},{"floor":14,"key":"HornCleat"},{"floor":23,"key":"Oddly Smooth Stone"}],"event_choices":[{"damage_healed":0,"gold_gain":175,"player_choice":"AGREE","damage_taken":0,"max_hp_gain":0,"max_hp_loss":0,"event_name":"Liars Game","floor":5,"gold_loss":0,"cards_obtained":["Doubt"]}],"is_beta":false,"boss_relics":[{"not_picked":["Astrolabe","SlaversCollar"],"picked":"Ring of Chaos"}],"items_purged_floors":[20],"is_endless":false,"potions_floor_spawned":[4,7,8,14,21],"killed_by":"Shelled Parasite and Fungi","ascension_level":0}}