{"host":"w2kjv12xyhtt0cv2","time":1609564392,"event":{"mods":["Act Like it!","BaseMod","Colored Map","Friendly Minions","Gensokyo","Highlight Path","Hubris","Kiyohime（清姬）","Marisa（F雨　魔理沙）","Minty Spire (QoL Compilation)","Quick Restart","Reimu（博丽灵梦）","Relic Stats","Replay The Spire","RumiaBox-露米娅的神秘盒子","Shop Mod","Spicy Shops","StSLib","The Cursed","The Servant 0.9.4","UnlockEverythingMod","Waifu the Spire","[功能]功能增强和修复MOD","vexMod","【功能Mod】Neow奖励","【遗物卡牌】REMEMod","没有小屋子和绿帽子啦"],"gold_per_floor":[112,126,126,126,137,171,299,299,299],"floor_reached":8,"playtime":1883,"items_purged":[],"score":63,"play_id":"64c13752-72b7-4c5b-927c-007dddb098a5","local_time":"20210102131312","is_ascension_mode":true,"campfire_choices":[],"circlet_count":0,"master_deck":["KiyohimeMod:Strike","KiyohimeMod:Strike","KiyohimeMod:Strike","KiyohimeMod:Strike","KiyohimeMod:Defend","KiyohimeMod:Defend","KiyohimeMod:Defend","KiyohimeMod:Defend","KiyohimeMod:Track","KiyohimeMod:FlameKiss","KiyohimeMod:Shapeshift","KiyohimeMod:EatSoul","KiyohimeMod:Barrier"],"relics":["KiyohimeMod:FireDragon","REME_ComplimentaryCards","Strawberry","Gensokyo:OccultBall","StoneCalendar"],"acts_visited":["Gensokyo:Gensokyo"],"potions_floor_usage":[8],"damage_taken":[{"damage":4.0,"enemies":"Gensokyo:Python","floor":1.0,"turns":3.0},{"damage":3.0,"enemies":"Gensokyo:2_Kodama","floor":2.0,"turns":3.0},{"damage":8,"enemies":"Gensokyo:Gryphon","floor":5,"turns":4},{"damage":27,"enemies":"Gensokyo:Aya","floor":6,"turns":7},{"damage":20,"enemies":"Gensokyo:2_Rabbits","floor":7,"turns":6},{"damage":9,"enemies":"Gensokyo:Mamizou","floor":8,"turns":5}],"seed_played":"-6885536630883840125","potions_obtained":[{"floor":5,"key":"PowerPotion"},{"floor":6,"key":"Energy Potion"}],"is_trial":false,"path_per_floor":["M","M","?","?","M","E","M","E"],"character_chosen":"Kiyohime","items_purchased":[],"campfire_rested":0,"item_purchase_floors":[],"current_hp_per_floor":[63,60,60,60,52,25,5,0,0],"gold":299,"neow_bonus":"RANDOM_COMMON_RELIC","is_daily":false,"chose_seed":false,"campfire_upgraded":0,"win_rate":0.0,"timestamp":1609564392,"path_taken":["M","M","?","?","?","E","M","E"],"items_purchased_type":[],"build_version":"2020-12-22","purchased_purges":0,"victory":false,"max_hp_per_floor":[67,67,67,67,67,67,67,67,67],"relic_stats":{"counters":[6,28],"StoneCalendar":[0],"obtain_stats":[{"KiyohimeMod:FireDragon":0,"Strawberry":0,"Gensokyo:OccultBall":3,"StoneCalendar":6,"REME_ComplimentaryCards":0},{"KiyohimeMod:FireDragon":0,"Strawberry":0,"Gensokyo:OccultBall":2,"StoneCalendar":4,"REME_ComplimentaryCards":0},{"KiyohimeMod:FireDragon":0,"Strawberry":0,"Gensokyo:OccultBall":6,"StoneCalendar":17,"REME_ComplimentaryCards":0}]},"card_choices":[{"not_picked":["KiyohimeMod:SteelTraining","KiyohimeMod:GreenBlackKey"],"picked":"KiyohimeMod:EatSoul","floor":1.0},{"not_picked":["KiyohimeMod:Fragarach","KiyohimeMod:GreenBlackKey","KiyohimeMod:EatSoul"],"picked":"SKIP","floor":2.0},{"not_picked":["KiyohimeMod:SteelTraining","KiyohimeMod:LimitedZeroOver","KiyohimeMod:Preemptive"],"picked":"SKIP","floor":5},{"not_picked":["KiyohimeMod:BlueBlackKey","KiyohimeMod:DragonVein"],"picked":"KiyohimeMod:Barrier","floor":6},{"not_picked":["KiyohimeMod:GreenBlackKey","KiyohimeMod:FormalCraft","KiyohimeMod:Tenacious"],"picked":"SKIP","floor":7}],"player_experience":93083,"relics_obtained":[{"floor":6,"key":"StoneCalendar"}],"event_choices":[],"is_beta":false,"boss_relics":[],"items_purged_floors":[],"is_endless":false,"potions_floor_spawned":[5,6],"killed_by":"Gensokyo:Mamizou","ascension_level":2}}