{"host":"q2l6xtlpu05lrop8","time":1609630616,"event":{"mods":["AchievementEnabler","BaseMod","Colored Map","Googly Eyes","Minty Spire (QoL Compilation)","Slay the Streamer","StSLib","The IronCluck","slay the spire mod where everything is the same but ironclad has a cowboy hat"],"gold_per_floor":[112,130,130,143,155,155,189,189,189,189,189,230,230,230,268,268,367,367,390,413,426,447,337,378,206,221,295,295,339,353,392,405,455,455,548,548,563,397,418,418,444,477,492,492,492,492,530,551,551,551,41,41,41],"floor_reached":54,"playtime":6394,"items_purged":[],"score":1680,"play_id":"83e7c344-0832-4990-8e37-a9b681a91131","local_time":"20210102153656","is_ascension_mode":true,"campfire_choices":[{"data":"LikeWater","floor":6,"key":"SMITH"},{"data":"LikeWater","floor":11,"key":"SMITH"},{"data":"Conclude","floor":14,"key":"SMITH"},{"data":"Vault","floor":16,"key":"SMITH"},{"floor":34,"key":"REST"},{"floor":44,"key":"REST"},{"data":"TalkToTheHand","floor":49,"key":"SMITH"},{"floor":52,"key":"REST"}],"circlet_count":0,"master_deck":["AscendersBane","CarveReality+1","ThirdEye+1","FollowUp+1","Conclude+1","FlyingSleeves+1","FearNoEvil+1","LikeWater+1","FearNoEvil+1","LikeWater+1","PathToVictory+1","CurseOfTheBell","WreathOfFlame+1","EmptyFist+1","Consecrate+1","LessonLearned+1","Vault+1","Establishment+1","Study+1","PathToVictory+1","DeceiveReality+1","LikeWater+1","EmptyMind+1","Parasite","PathToVictory+1","EmptyBody+1","BattleHymn+1","ForeignInfluence+1","WheelKick+1","TalkToTheHand+1","EmptyBody","Mayhem+1","Injury","Writhe","Study+1","BowlingBash","TalkToTheHand","ThirdEye+1"],"relics":["Calling Bell","Pen Nib","Ice Cream","Darkstone Periapt","Bag of Marbles","Golden Idol","Frozen Egg 2","Gambling Chip","Blue Candle","Orichalcum","Cursed Key","Unceasing Top","DollysMirror","Gremlin Horn","Letter Opener","Tiny Chest","Philosopher\u0027s Stone","Regal Pillow","Kunai","Yang","Dream Catcher","CloakClasp"],"acts_visited":["Exordium","TheCity","TheBeyond"],"potions_floor_usage":[7,24,42,42,42,53,53,53,53],"damage_taken":[{"damage":0,"enemies":"2 Louse","floor":1,"turns":2},{"damage":0,"enemies":"Small Slimes","floor":2,"turns":2},{"damage":0,"enemies":"Cultist","floor":4,"turns":5},{"damage":11,"enemies":"Looter","floor":5,"turns":2},{"damage":1,"enemies":"Gremlin Nob","floor":7,"turns":4},{"damage":16,"enemies":"3 Sentries","floor":12,"turns":4},{"damage":7,"enemies":"Lagavulin","floor":15,"turns":5},{"damage":2,"enemies":"Slime Boss","floor":17,"turns":10},{"damage":0,"enemies":"Shell Parasite","floor":19,"turns":4},{"damage":0,"enemies":"Chosen","floor":20,"turns":4},{"damage":2,"enemies":"Sentry and Sphere","floor":21,"turns":6},{"damage":8,"enemies":"Snake Plant","floor":22,"turns":3},{"damage":2,"enemies":"Slavers","floor":24,"turns":5},{"damage":9,"enemies":"Chosen and Byrds","floor":26,"turns":5},{"damage":1,"enemies":"Gremlin Leader","floor":29,"turns":5},{"damage":6,"enemies":"Cultist and Chosen","floor":30,"turns":5},{"damage":2,"enemies":"Slavers","floor":31,"turns":4},{"damage":6,"enemies":"Centurion and Healer","floor":32,"turns":7},{"damage":32,"enemies":"Collector","floor":35,"turns":9},{"damage":3,"enemies":"Orb Walker","floor":37,"turns":3},{"damage":0,"enemies":"3 Darklings","floor":39,"turns":4},{"damage":43,"enemies":"Reptomancer","floor":42,"turns":6},{"damage":15,"enemies":"Spire Growth","floor":43,"turns":4},{"damage":1,"enemies":"Giant Head","floor":47,"turns":8},{"damage":20,"enemies":"Sphere and 2 Shapes","floor":48,"turns":7},{"damage":55,"enemies":"Awakened One","floor":53,"turns":12}],"seed_played":"8872857895229596459","potions_obtained":[{"floor":1,"key":"Block Potion"},{"floor":5,"key":"Regen Potion"},{"floor":17,"key":"StancePotion"},{"floor":29,"key":"EntropicBrew"},{"floor":42,"key":"BlessingOfTheForge"},{"floor":47,"key":"EntropicBrew"}],"is_trial":false,"path_per_floor":["M","M","?","M","M","R","E","?","T","T","R","E","?","R","E","R","B",null,"M","M","M","M","?","E","$","M","T","T","E","M","E","M","?","R","B",null,"M","$","M","?","T","E","M","R","T","T","E","M","R","?","$","R","B",null],"character_chosen":"WATCHER","items_purchased":["DollysMirror","WheelKick","TalkToTheHand","TalkToTheHand","CloakClasp","StancePotion"],"campfire_rested":3,"item_purchase_floors":[25,38,38,51,51,51],"current_hp_per_floor":[61,61,66,66,55,55,54,60,60,60,60,44,39,39,32,32,30,67,67,67,65,57,57,55,55,46,52,52,51,45,43,37,37,62,30,71,68,68,68,68,74,46,31,73,79,79,78,58,58,58,58,97,42],"gold":41,"neow_bonus":"BOSS_RELIC","is_daily":false,"chose_seed":false,"campfire_upgraded":5,"win_rate":0.0,"timestamp":1609630616,"path_taken":["M","M","?","M","M","R","E","?","T","R","E","?","R","E","R","BOSS","M","M","M","M","?","E","$","M","T","E","?","E","M","?","R","BOSS","M","$","?","?","?","E","M","R","T","E","?","R","?","$","R","BOSS"],"items_purchased_type":["Relic","Card","Card","Card","Relic","Potion"],"build_version":"2020-12-22","purchased_purges":0,"victory":true,"max_hp_per_floor":[68,68,73,73,73,73,73,79,79,79,79,79,79,79,79,79,79,79,79,79,79,79,79,79,79,79,85,85,85,85,85,85,85,85,85,85,85,85,85,85,91,91,91,91,97,97,97,97,97,97,97,97,97],"card_choices":[{"not_picked":["Collect","Sanctity"],"picked":"WreathOfFlame","floor":1},{"not_picked":["SashWhip","CrushJoints"],"picked":"EmptyFist","floor":2},{"not_picked":["BattleHymn","EmptyFist"],"picked":"Consecrate","floor":4},{"not_picked":["EmptyBody","BowlingBash"],"picked":"LessonLearned","floor":7},{"not_picked":["Meditate","FlyingSleeves"],"picked":"Vault","floor":15},{"not_picked":["Blasphemy","Brilliance"],"picked":"Establishment+1","floor":17},{"not_picked":["CrushJoints","WreathOfFlame"],"picked":"Study+1","floor":19},{"not_picked":["FlurryOfBlows","FearNoEvil"],"picked":"PathToVictory","floor":21},{"not_picked":["BowlingBash+1","FollowUp"],"picked":"DeceiveReality","floor":24},{"not_picked":["Evaluate","Protect"],"picked":"EmptyMind+1","floor":26},{"not_picked":["SashWhip","Indignation"],"picked":"PathToVictory","floor":30},{"not_picked":["Weave","Worship"],"picked":"EmptyBody+1","floor":31},{"not_picked":["Adaptation+1","Indignation"],"picked":"BattleHymn+1","floor":32},{"not_picked":["FollowUp+1","SashWhip"],"picked":"ForeignInfluence","floor":37},{"not_picked":["PathToVictory+1","Consecrate"],"picked":"EmptyBody","floor":39},{"not_picked":["Discovery","Dramatic Entrance"],"picked":"Mayhem+1","floor":40},{"not_picked":["SpiritShield","PathToVictory+1"],"picked":"Study+1","floor":47},{"not_picked":["SashWhip","ThirdEye"],"picked":"BowlingBash","floor":48},{"not_picked":["Prostrate+1","Worship+1"],"picked":"ThirdEye+1","floor":52}],"player_experience":795834,"relics_obtained":[{"floor":0,"key":"Pen Nib"},{"floor":0,"key":"Ice Cream"},{"floor":0,"key":"Darkstone Periapt"},{"floor":7,"key":"Bag of Marbles"},{"floor":9,"key":"Frozen Egg 2"},{"floor":12,"key":"Gambling Chip"},{"floor":15,"key":"Orichalcum"},{"floor":24,"key":"Unceasing Top"},{"floor":27,"key":"Gremlin Horn"},{"floor":29,"key":"Letter Opener"},{"floor":31,"key":"Tiny Chest"},{"floor":41,"key":"Regal Pillow"},{"floor":42,"key":"Kunai"},{"floor":45,"key":"Yang"},{"floor":47,"key":"Dream Catcher"}],"event_choices":[{"damage_healed":0,"gold_gain":0,"player_choice":"Donut","damage_taken":0,"max_hp_gain":5,"max_hp_loss":0,"event_name":"Big Fish","floor":3,"gold_loss":0},{"damage_healed":0,"gold_gain":0,"player_choice":"Take Wound","damage_taken":0,"relics_obtained":["Golden Idol"],"max_hp_gain":0,"max_hp_loss":0,"event_name":"Golden Idol","floor":8,"gold_loss":0,"cards_obtained":["Injury"]},{"damage_healed":0,"gold_gain":0,"player_choice":"Success","damage_taken":5,"relics_obtained":["Blue Candle"],"max_hp_gain":0,"max_hp_loss":0,"event_name":"Scrap Ooze","floor":13,"gold_loss":0},{"cards_removed":["Injury"],"damage_healed":0,"gold_gain":0,"player_choice":"Upgrade and Remove","damage_taken":0,"max_hp_gain":0,"max_hp_loss":0,"event_name":"Designer","floor":23,"gold_loss":110,"cards_upgraded":["FearNoEvil"]},{"damage_healed":0,"gold_gain":50,"player_choice":"Pray","damage_taken":0,"max_hp_gain":0,"max_hp_loss":0,"event_name":"Golden Shrine","floor":33,"gold_loss":0},{"damage_healed":0,"gold_gain":0,"player_choice":"Memory 1","damage_taken":0,"max_hp_gain":0,"max_hp_loss":0,"event_name":"SensoryStone","floor":40,"gold_loss":0},{"damage_healed":0,"gold_gain":0,"player_choice":"Ignored","damage_taken":0,"max_hp_gain":0,"max_hp_loss":0,"event_name":"Tomb of Lord Red Mask","floor":50,"gold_loss":0}],"is_beta":false,"boss_relics":[{"not_picked":["Snecko Eye","Tiny House"],"picked":"Cursed Key"},{"not_picked":["SacredBark","Empty Cage"],"picked":"Philosopher\u0027s Stone"}],"items_purged_floors":[],"is_endless":false,"potions_floor_spawned":[1,5,17,19,20,21,29,31,39,42,47],"ascension_level":16}}