{"host":"d40xu1tklzkpvzv9","time":1609625728,"event":{"mods":["Aspiration","BaseMod","BetterRewards","Colored Map","Colored Powertips","Conspire","Custom Start","DeckTracker","Downfall","Highlight Path","Hubris","Infinite Spire","Mimic Mod","Minty Spire (QoL Compilation)","Quick Restart","Replay The Spire","StSLib","SuperFastMode"],"gold_per_floor":[111,123,123,137,62,89,89,100,100,100,119,294,294,314,314,314,314],"floor_reached":16,"playtime":684,"items_purged":["conspire:NecroticWound"],"score":102,"play_id":"cc40ea00-9f33-4b0b-aa37-cbfbe0324f5e","local_time":"20210102231528","is_ascension_mode":false,"campfire_choices":[{"data":"Prostrate","floor":7,"key":"SMITH"},{"floor":10,"key":"REST"},{"data":"Study","floor":13,"key":"SMITH"},{"floor":15,"key":"REST"}],"circlet_count":0,"master_deck":["Strike_P","Strike_P","Strike_P","Strike_P","Defend_P","Defend_P","Defend_P","Defend_P","Eruption","Vigilance","Nirvana","Prostrate+1","Study+1","ClearTheMind","Conclude","Doubt","Turbo"],"relics":["Iron Core","conspire:GlowingRock","infinitespire:Cubic Diamond","Sundial","Replay:WaspNest"],"acts_visited":["Exordium"],"potions_floor_usage":[16,16],"damage_taken":[{"damage":0.0,"enemies":"conspire:RoseBush","floor":1.0,"turns":5.0},{"damage":1.0,"enemies":"2 Louse","floor":2.0,"turns":5.0},{"damage":10.0,"enemies":"Jaw Worm","floor":4.0,"turns":6.0},{"damage":30,"enemies":"Gremlin Nob","floor":6,"turns":4},{"damage":8,"enemies":"conspire:2 RoseBushes","floor":8,"turns":5},{"damage":18,"enemies":"Lots of Slimes","floor":11,"turns":4},{"damage":0,"enemies":"Looter","floor":14,"turns":2},{"damage":59,"enemies":"The Guardian","floor":16,"turns":11}],"seed_played":"7441788665173486065","potions_obtained":[{"floor":4.0,"key":"Languid Potion"},{"floor":11,"key":"Reflective Coating"}],"is_trial":false,"path_per_floor":["M","M","?","M","$","E","R","M","T","R","M","?","R","M","R_BF","B"],"character_chosen":"WATCHER","items_purchased":[],"campfire_rested":2,"item_purchase_floors":[],"current_hp_per_floor":[72,71,71,61,61,31,31,23,23,44,26,26,26,26,47,0,0],"gold":314,"neow_bonus":"ONE_RARE_RELIC","is_daily":false,"chose_seed":false,"campfire_upgraded":2,"win_rate":0.0,"timestamp":1609625728,"path_taken":["M","M","?","M","$","E","R","M","T","R","M","?","R","M","R_BF","BOSS"],"items_purchased_type":[],"build_version":"2020-12-22","purchased_purges":1,"victory":false,"max_hp_per_floor":[72,72,72,72,72,72,72,72,72,72,72,72,72,72,72,72,72],"card_choices":[{"not_picked":["FlyingSleeves","JustLucky"],"picked":"Nirvana","floor":1.0},{"not_picked":["FollowUp","BowlingBash"],"picked":"Prostrate","floor":2.0},{"not_picked":["CarveReality","Beam Cell"],"picked":"Study","floor":4.0},{"not_picked":["Turbo","CrushJoints"],"picked":"ClearTheMind","floor":6},{"not_picked":["Turbo","Conclude","Force Field"],"picked":"SKIP","floor":8},{"not_picked":["Headbutt","ReplayTheSpireMod:GoodbyeWorld"],"picked":"Conclude","floor":11},{"not_picked":["Adaptation","Fire Breathing"],"picked":"Turbo","floor":14}],"player_experience":111553,"relics_obtained":[{"floor":6,"key":"Sundial"},{"floor":9,"key":"Replay:WaspNest"}],"event_choices":[{"damage_healed":0,"gold_gain":175,"player_choice":"AGREE","damage_taken":0,"max_hp_gain":0,"max_hp_loss":0,"event_name":"Liars Game","floor":12,"gold_loss":0,"cards_obtained":["Doubt"]}],"is_beta":false,"boss_relics":[],"items_purged_floors":[5],"is_endless":false,"potions_floor_spawned":[4,11],"killed_by":"The Guardian","ascension_level":0}}