{"host":"8x4ftax38aqx1o08","time":1609617924,"event":{"mods":["BaseMod","Bestiary","Colored Map","Colored Powertips","Curses Come First","Minty Spire (QoL Compilation)","Relic Stats","StSLib","everything is the same but u backflip on backflip"],"gold_per_floor":[109,129,15,15,28,53,73,73,97,127,143,143,143,156,156,282,282,296,335,4,4,19,52,72,108,189,217,253,301,313,313],"floor_reached":30,"playtime":1545,"items_purged":["Regret","Defend_G"],"score":360,"play_id":"9cc27044-cfff-4afb-8ab2-140d56dcd897","local_time":"20210102210524","is_ascension_mode":true,"campfire_choices":[{"floor":8,"key":"REST"},{"data":"Catalyst","floor":13,"key":"SMITH"},{"floor":15,"key":"REST"}],"circlet_count":0,"master_deck":["Strike_G","Strike_G","Strike_G","Strike_G","Strike_G","Defend_G","Defend_G","Defend_G","Survivor","Neutralize","A Thousand Cuts","Backflip","Leg Sweep","Catalyst+1","Catalyst+1","Backstab","Deadly Poison","Deadly Poison","Quick Slash","Dagger Spray","Corpse Explosion","Backflip","Bouncing Flask","Acrobatics","Noxious Fumes","Mayhem","Crippling Poison","Tactician","Footwork","Underhanded Strike","Underhanded Strike","Well Laid Plans"],"relics":["Ring of the Snake","Art of War","Bag of Marbles","Toy Ornithopter","Golden Idol","Snecko Eye","Red Mask","Membership Card","Prayer Wheel","MawBank","Snake Skull"],"acts_visited":["Exordium","TheCity"],"potions_floor_usage":[6,14,18,23,27,29],"damage_taken":[{"damage":22,"enemies":"Jaw Worm","floor":1,"turns":8},{"damage":2,"enemies":"Cultist","floor":2,"turns":4},{"damage":1,"enemies":"Small Slimes","floor":5,"turns":5},{"damage":27,"enemies":"Lagavulin","floor":6,"turns":10},{"damage":1,"enemies":"Exordium Thugs","floor":7,"turns":5},{"damage":24,"enemies":"Gremlin Nob","floor":10,"turns":4},{"damage":0,"enemies":"Exordium Wildlife","floor":11,"turns":3},{"damage":0,"enemies":"Lots of Slimes","floor":14,"turns":1},{"damage":5,"enemies":"The Guardian","floor":16,"turns":7},{"damage":1,"enemies":"2 Thieves","floor":18,"turns":3},{"damage":0,"enemies":"Masked Bandits","floor":19,"turns":1},{"damage":0,"enemies":"Chosen","floor":22,"turns":4},{"damage":21,"enemies":"Book of Stabbing","floor":23,"turns":4},{"damage":0,"enemies":"Snake Plant","floor":24,"turns":2},{"damage":4,"enemies":"Slavers","floor":25,"turns":3},{"damage":0,"enemies":"Chosen and Byrds","floor":27,"turns":4},{"damage":3,"enemies":"Cultist and Chosen","floor":28,"turns":5},{"damage":23,"enemies":"Gremlin Leader","floor":29,"turns":6},{"damage":30,"enemies":"Sentry and Sphere","floor":30,"turns":3}],"seed_played":"4225895112201303183","potions_obtained":[{"floor":1,"key":"FearPotion"},{"floor":7,"key":"Explosive Potion"},{"floor":10,"key":"SkillPotion"},{"floor":16,"key":"Dexterity Potion"},{"floor":18,"key":"Swift Potion"},{"floor":19,"key":"Fire Potion"},{"floor":25,"key":"Swift Potion"},{"floor":28,"key":"Block Potion"},{"floor":29,"key":"FearPotion"}],"is_trial":false,"path_per_floor":["M","M","$","?","M","E","M","R","T","E","M","?","R","M","R","B",null,"M","?","$","?","M","E","M","E","T","M","M","E","M"],"character_chosen":"THE_SILENT","items_purchased":["Catalyst","Membership Card","Acrobatics","Noxious Fumes","Mayhem"],"campfire_rested":2,"item_purchase_floors":[3,20,20,20,20],"current_hp_per_floor":[48,46,46,46,45,18,17,38,38,14,14,14,14,19,38,33,65,64,64,64,64,64,44,44,40,40,45,42,24,0,0],"gold":313,"neow_bonus":"THREE_RARE_CARDS","is_daily":false,"chose_seed":false,"campfire_upgraded":1,"win_rate":0.0,"timestamp":1609617924,"path_taken":["M","M","$","?","?","E","M","R","T","E","?","?","R","M","R","BOSS","M","?","$","?","M","E","M","E","T","?","M","E","M"],"items_purchased_type":["Card","Relic","Card","Card","Card"],"build_version":"2020-12-22","purchased_purges":2,"victory":false,"max_hp_per_floor":[70,70,70,70,70,70,70,70,70,70,70,65,65,65,65,65,65,65,65,65,65,65,65,65,65,65,65,65,65,65,65],"relic_stats":{"counters":[19,82],"Golden Idol":75,"Snecko Eye":[79,80,75,64],"Prayer Wheel":3,"Snake Skull":[5],"Art of War":[6],"MawBank":60,"obtain_stats":[{"Golden Idol":12,"Snecko Eye":17,"Prayer Wheel":23,"Snake Skull":29,"Art of War":6,"Bag of Marbles":9,"Red Mask":19,"Membership Card":20,"MawBank":25,"Toy Ornithopter":10,"Ring of the Snake":0},{"Golden Idol":7,"Snecko Eye":9,"Prayer Wheel":13,"Snake Skull":18,"Art of War":4,"Bag of Marbles":5,"Red Mask":11,"Membership Card":11,"MawBank":15,"Toy Ornithopter":6,"Ring of the Snake":0},{"Golden Idol":39,"Snecko Eye":47,"Prayer Wheel":59,"Snake Skull":79,"Art of War":27,"Bag of Marbles":32,"Red Mask":51,"Membership Card":51,"MawBank":64,"Toy Ornithopter":36,"Ring of the Snake":0}],"Toy Ornithopter":16,"Ring of the Snake":[38]},"card_choices":[{"not_picked":["Glass Knife","Die Die Die"],"picked":"A Thousand Cuts","floor":0},{"not_picked":["Concentrate","Deadly Poison"],"picked":"Backflip","floor":1},{"not_picked":["Bane","Expertise"],"picked":"Leg Sweep","floor":2},{"not_picked":["Reflex","Acrobatics"],"picked":"Catalyst","floor":5},{"not_picked":["Dagger Throw","Flying Knee"],"picked":"Backstab","floor":6},{"not_picked":["Flying Knee","Bane"],"picked":"Deadly Poison","floor":7},{"not_picked":["Dodge and Roll","Skewer"],"picked":"Deadly Poison","floor":10},{"not_picked":["Skewer","Tactician"],"picked":"Quick Slash","floor":11},{"not_picked":["Predator","Flechettes"],"picked":"Dagger Spray","floor":14},{"not_picked":["Burst","Malaise"],"picked":"Corpse Explosion","floor":16},{"not_picked":["Deadly Poison+1","Tactician+1"],"picked":"Backflip","floor":18},{"not_picked":["Blade Dance","Blur"],"picked":"Bouncing Flask","floor":19},{"not_picked":["Sucker Punch","Flying Knee","Flechettes"],"picked":"SKIP","floor":22},{"not_picked":["Terror","Envenom"],"picked":"Crippling Poison","floor":23},{"not_picked":["Acrobatics","Underhanded Strike"],"picked":"Tactician","floor":24},{"not_picked":["Backflip","Deflect+1"],"picked":"Footwork","floor":24},{"not_picked":["Glass Knife","Blade Dance+1"],"picked":"Underhanded Strike","floor":25},{"not_picked":["Setup","Flying Knee"],"picked":"Underhanded Strike","floor":27},{"not_picked":["Slice","Terror","Sucker Punch"],"picked":"SKIP","floor":27},{"not_picked":["Deflect","Dagger Throw"],"picked":"Well Laid Plans","floor":28},{"not_picked":["Masterful Stab","Finisher+1","Bane"],"picked":"SKIP","floor":28},{"not_picked":["Sucker Punch","Poisoned Stab","Riddle With Holes+1"],"picked":"SKIP","floor":29}],"player_experience":204423,"relics_obtained":[{"floor":6,"key":"Art of War"},{"floor":9,"key":"Bag of Marbles"},{"floor":10,"key":"Toy Ornithopter"},{"floor":19,"key":"Red Mask"},{"floor":23,"key":"Prayer Wheel"},{"floor":25,"key":"MawBank"},{"floor":29,"key":"Snake Skull"}],"event_choices":[{"cards_removed":["Defend_G"],"damage_healed":0,"gold_gain":0,"player_choice":"Purged","damage_taken":0,"max_hp_gain":0,"max_hp_loss":0,"event_name":"Purifier","floor":4,"gold_loss":0},{"damage_healed":0,"gold_gain":0,"player_choice":"Lose Max HP","damage_taken":0,"relics_obtained":["Golden Idol"],"max_hp_gain":0,"max_hp_loss":5,"event_name":"Golden Idol","floor":12,"gold_loss":0},{"damage_healed":0,"gold_gain":0,"player_choice":"Fought Bandits","damage_taken":0,"max_hp_gain":0,"max_hp_loss":0,"event_name":"Masked Bandits","floor":19,"gold_loss":0},{"damage_healed":0,"gold_gain":0,"player_choice":"Forge","damage_taken":0,"max_hp_gain":0,"max_hp_loss":0,"event_name":"Accursed Blacksmith","floor":21,"gold_loss":0,"cards_upgraded":["Catalyst"]}],"is_beta":false,"boss_relics":[{"not_picked":["Runic Pyramid","Pandora\u0027s Box"],"picked":"Snecko Eye"}],"items_purged_floors":[3,20],"is_endless":false,"potions_floor_spawned":[1,7,10,16,18,19,25,28,29],"killed_by":"Sentry and Sphere","ascension_level":2}}