{"host":"464ef02pwgdzxxwi","time":1609570275,"event":{"mods":["AchievementEnabler","BaseMod","Colored Map","Colored Powertips","DeckTracker","Downfall","Highlight Path","Hubris","Infinite Spire","Minty Spire (QoL Compilation)","Quick Restart","Replay The Spire","StSLib","SuperFastMode"],"gold_per_floor":[117,128,140,65,65,65,83,94,94,124,124,136,36,51,51,51,51],"floor_reached":16,"playtime":623,"items_purged":["Defend_G","Noxious Fumes+1"],"score":154,"play_id":"e4d532b1-a805-47b3-a1c3-0ed91eba3de0","local_time":"20210102075115","is_ascension_mode":false,"campfire_choices":[{"floor":6.0,"key":"RECALL"}],"circlet_count":0,"master_deck":["Strike_G","Strike_G","Strike_G","Defend_G","Defend_G","Defend_G","Survivor","Neutralize","Blade Dance","Blade Dance","ReplayTheSpireMod:Shiv Toss"],"relics":["Ring of the Snake","NeowsBlessing","Pantograph","Replay:Wax Seal"],"acts_visited":["Exordium"],"potions_floor_usage":[16,16,16],"damage_taken":[{"damage":0.0,"enemies":"Jaw Worm","floor":1.0,"turns":1.0},{"damage":0.0,"enemies":"2 Louse","floor":2.0,"turns":1.0},{"damage":0.0,"enemies":"Small Slimes","floor":3.0,"turns":1.0},{"damage":0.0,"enemies":"Exordium Wildlife","floor":7.0,"turns":4.0},{"damage":8.0,"enemies":"2 Fungi Beasts","floor":8.0,"turns":4.0},{"damage":45.0,"enemies":"3 Sentries","floor":10.0,"turns":11.0},{"damage":0.0,"enemies":"Exordium Thugs","floor":12.0,"turns":4.0},{"damage":0.0,"enemies":"3 Louse","floor":14.0,"turns":4.0}],"seed_played":"-8750863888129348747","potions_obtained":[{"floor":1.0,"key":"AttackPotion"},{"floor":2.0,"key":"SneckoOil"},{"floor":10.0,"key":"LiquidMemories"},{"floor":12.0,"key":"LiquidMemories"}],"is_trial":false,"path_per_floor":["M","M","M","$","?","R","M","M","T","E","?","M","$","M","R_BF","B"],"character_chosen":"THE_SILENT","items_purchased":[],"campfire_rested":0,"item_purchase_floors":[],"current_hp_per_floor":[70,70,70,70,70,70,70,62,62,17,17,17,17,17,17,0,0],"gold":51,"neow_bonus":"THREE_ENEMY_KILL","is_daily":false,"chose_seed":false,"campfire_upgraded":0,"win_rate":0.0,"timestamp":1609570275,"path_taken":["M","M","M","$","?","R","M","M","T","E","?","M","?","M","R_BF","BOSS"],"items_purchased_type":[],"build_version":"2020-12-22","purchased_purges":2,"victory":false,"max_hp_per_floor":[70,70,70,70,70,70,70,70,70,70,70,70,70,70,70,70,70],"card_choices":[{"not_picked":["ReplayTheSpireMod:Speed Training","ReplayTheSpireMod:Tripwire","Leg Sweep"],"picked":"SKIP","floor":1.0},{"not_picked":["Deflect","Backflip","Flying Knee"],"picked":"SKIP","floor":2.0},{"not_picked":["Skewer","PiercingWail"],"picked":"Blade Dance","floor":3.0},{"not_picked":["Expertise","Underhanded Strike","Tactician"],"picked":"SKIP","floor":7.0},{"not_picked":["Dodge and Roll","Reflex"],"picked":"Blade Dance","floor":8.0},{"not_picked":["Flying Knee","Noxious Fumes","PiercingWail"],"picked":"SKIP","floor":10.0},{"not_picked":["Flying Knee","Noxious Fumes","PiercingWail"],"picked":"SKIP","floor":10.0},{"not_picked":["Endless Agony","PiercingWail","Dagger Throw"],"picked":"SKIP","floor":12.0},{"not_picked":["Expertise","ReplayTheSpireMod:Necrosis","Acrobatics"],"picked":"SKIP","floor":14.0}],"player_experience":195024,"relics_obtained":[{"floor":9.0,"key":"Pantograph"},{"floor":10.0,"key":"Replay:Wax Seal"}],"event_choices":[],"is_beta":false,"boss_relics":[],"items_purged_floors":[4,13],"is_endless":false,"potions_floor_spawned":[1,2,10,12],"killed_by":"The Guardian","ascension_level":0}}