{"host":"na09lpbrez4gbfiz","time":1609548144,"event":{"mods":["Act Like it!","BaseMod","BetterRewards","Colored Map","Colored Powertips","DeckTracker","Googly Eyes","Highlight Path","Minty Spire (QoL Compilation)","Quick Restart","Spicy Shops","StSLib","SuperFastMode","Synergy Search"],"gold_per_floor":[116,116,135,60,74,74,24,124,150,168,198,216,216,229,229,229,229],"floor_reached":16,"playtime":292,"items_purged":["Strike_R"],"score":158,"play_id":"dfe681ed-9f8a-45e1-972c-0c4840c9a7df","local_time":"20210102014224","is_ascension_mode":true,"campfire_choices":[{"data":"Bash","floor":6,"key":"SMITH"},{"floor":13,"key":"REST"},{"data":"Flame Barrier","floor":15,"key":"SMITH"}],"circlet_count":0,"master_deck":["AscendersBane","Strike_R","Strike_R","Defend_R","Defend_R","Defend_R","Defend_R","Bash+1","Shockwave","Flame Barrier+1"],"relics":["Burning Blood","NeowsBlessing","Toy Ornithopter","Dream Catcher"],"acts_visited":["Exordium"],"potions_floor_usage":[11,16,16],"damage_taken":[{"damage":0,"enemies":"Jaw Worm","floor":1,"turns":1},{"damage":0,"enemies":"Cultist","floor":3,"turns":1},{"damage":0,"enemies":"2 Louse","floor":5,"turns":2},{"damage":14,"enemies":"Blue Slaver","floor":10,"turns":5},{"damage":47,"enemies":"Lagavulin","floor":11,"turns":7},{"damage":21,"enemies":"Looter","floor":12,"turns":4},{"damage":20,"enemies":"Exordium Wildlife","floor":14,"turns":8},{"damage":43,"enemies":"Hexaghost","floor":16,"turns":11}],"seed_played":"-4707207938541522039","potions_obtained":[{"floor":1,"key":"ColorlessPotion"},{"floor":11,"key":"Dexterity Potion"},{"floor":12,"key":"AttackPotion"}],"is_trial":false,"path_per_floor":["M","?","M","$","M","R","?","?","T","M","E","M","R","M","R","B"],"character_chosen":"IRONCLAD","items_purchased":[],"campfire_rested":1,"item_purchase_floors":[],"current_hp_per_floor":[78,78,80,80,80,80,80,80,80,72,36,21,45,31,31,0,0],"gold":229,"neow_bonus":"THREE_ENEMY_KILL","is_daily":false,"chose_seed":false,"campfire_upgraded":2,"win_rate":0.0,"timestamp":1609548144,"path_taken":["M","?","M","$","?","R","?","?","T","M","E","M","R","?","R","BOSS"],"items_purchased_type":[],"build_version":"2020-12-22","purchased_purges":1,"victory":false,"max_hp_per_floor":[80,80,80,80,80,80,80,80,80,80,80,80,80,80,80,80,80],"card_choices":[{"not_picked":["Dual Wield","Power Through","Havoc"],"picked":"SKIP","floor":1},{"not_picked":["Clothesline","Blood for Blood","Clash"],"picked":"SKIP","floor":3},{"not_picked":["Flex","Battle Trance","Anger"],"picked":"SKIP","floor":5},{"not_picked":["Warcry","Bloodletting"],"picked":"Shockwave","floor":10},{"not_picked":["Wild Strike","Reckless Charge","Armaments"],"picked":"SKIP","floor":11},{"not_picked":["Headbutt","Dark Embrace","Havoc"],"picked":"SKIP","floor":12},{"not_picked":["Clash","True Grit"],"picked":"Flame Barrier","floor":14}],"player_experience":258202,"relics_obtained":[{"floor":9,"key":"Toy Ornithopter"},{"floor":11,"key":"Dream Catcher"}],"event_choices":[{"cards_removed":["Strike_R"],"damage_healed":0,"gold_gain":0,"player_choice":"Purged","damage_taken":0,"max_hp_gain":0,"max_hp_loss":0,"event_name":"Purifier","floor":2,"gold_loss":0},{"cards_removed":["Strike_R"],"damage_healed":0,"gold_gain":0,"player_choice":"Card Removal","damage_taken":0,"max_hp_gain":0,"max_hp_loss":0,"event_name":"The Cleric","floor":7,"gold_loss":50},{"damage_healed":0,"gold_gain":100,"player_choice":"Gold","damage_taken":0,"max_hp_gain":0,"max_hp_loss":0,"event_name":"Wheel of Change","floor":8,"gold_loss":0}],"is_beta":false,"boss_relics":[],"items_purged_floors":[4],"is_endless":false,"potions_floor_spawned":[1,11,12],"killed_by":"Hexaghost","ascension_level":11}}