{"host":"qrec1pgksm53712r","time":1609563050,"event":{"mods":["Act Like it!","Aspiration","BaseMod","CapriCore","Clawfect","Conjunction","Eldritch Tears","Energized Spire","Hubris","Hyrulean Relics","Minty Spire (QoL Compilation)","StSLib","The Marked","????"],"gold_per_floor":[115,65,65,65,81,115,33,33,33,46,59,71,71,71,71,168,168,179,179,104,120,120],"floor_reached":21,"playtime":485,"items_purged":["PlaceholderMod:BaseStrike"],"score":179,"play_id":"0f02fe8f-73af-4cf6-823d-50d1a6116c4c","local_time":"20210101225050","is_ascension_mode":false,"campfire_choices":[{"data":"PlaceholderMod:ReactionCatalyze","floor":8,"key":"SMITH"},{"floor":13,"key":"REST"},{"data":"PlaceholderMod:MultipleOxi","floor":15,"key":"SMITH"}],"circlet_count":0,"master_deck":["PlaceholderMod:BaseStrike","PlaceholderMod:BaseStrike","PlaceholderMod:BaseStrike","PlaceholderMod:BaseDefend","PlaceholderMod:BaseDefend","PlaceholderMod:BaseDefend","PlaceholderMod:BaseDefend","PlaceholderMod:BaseDefend","PlaceholderMod:Crystal","PlaceholderMod:PoisonWhip","PlaceholderMod:MultipleOxi+1","PlaceholderMod:Stratification","PlaceholderMod:ReactionCatalyze+1","PlaceholderMod:Crystallization+1","PlaceholderMod:AttackAsDefend","PlaceholderMod:OHStrongAttack","PlaceholderMod:UnpureUse","PlaceholderMod:DiffusionPoison+1"],"relics":["PlaceholderMod:Tancle","aspiration:BabyByrd","Mercury Hourglass","Boot","Sundial","Runic Pyramid"],"acts_visited":["Exordium","TheCity"],"potions_floor_usage":[],"damage_taken":[{"damage":2,"enemies":"Cultist","floor":1,"turns":4},{"damage":2,"enemies":"Jaw Worm","floor":5,"turns":4},{"damage":22,"enemies":"3 Sentries","floor":6,"turns":5},{"damage":0,"enemies":"2 Louse","floor":10,"turns":2},{"damage":9,"enemies":"2 Fungi Beasts","floor":11,"turns":3},{"damage":10,"enemies":"Exordium Thugs","floor":12,"turns":4},{"damage":24,"enemies":"Hexaghost","floor":16,"turns":5},{"damage":19,"enemies":"Shell Parasite","floor":18,"turns":4},{"damage":5,"enemies":"Chosen","floor":21,"turns":5}],"seed_played":"-2345586094660690859","potions_obtained":[{"floor":10,"key":"Dexterity Potion"},{"floor":11,"key":"Ancient Potion"},{"floor":12,"key":"SmokeBomb"},{"floor":21,"key":"GamblersBrew"}],"is_trial":false,"path_per_floor":["M","?","?","T","M","E","$","R","T","M","M","M","R","?","R","B",null,"M","?","$","M"],"character_chosen":"THE_PLACEHOLDER","items_purchased":["PlaceholderMod:Crystallization"],"campfire_rested":1,"item_purchase_floors":[7],"current_hp_per_floor":[83,83,83,83,81,59,59,59,59,59,50,40,65,65,65,41,85,66,66,66,61,61],"gold":120,"neow_bonus":"TEN_PERCENT_HP_BONUS","is_daily":false,"chose_seed":false,"campfire_upgraded":2,"win_rate":0.0,"timestamp":1609563050,"path_taken":["M","?","?","?","M","E","$","R","T","M","M","M","R","?","R","BOSS","M","?","$","?"],"items_purchased_type":["Card"],"build_version":"2020-12-22","purchased_purges":1,"victory":false,"max_hp_per_floor":[85,85,85,85,85,85,85,85,85,85,85,85,85,85,85,85,85,85,85,85,85,85],"card_choices":[{"not_picked":["PlaceholderMod:Sweep","PlaceholderMod:HardStrike"],"picked":"PlaceholderMod:MultipleOxi","floor":1},{"not_picked":["PlaceholderMod:ContinueSpray","PlaceholderMod:NutritionAbsorb"],"picked":"PlaceholderMod:Stratification","floor":5},{"not_picked":["PlaceholderMod:Polyp","PlaceholderMod:StrongAcid"],"picked":"PlaceholderMod:ReactionCatalyze","floor":6},{"not_picked":["PlaceholderMod:ChainPoly","PlaceholderMod:HardStinger"],"picked":"PlaceholderMod:AttackAsDefend","floor":10},{"not_picked":["PlaceholderMod:HornyBlast","PlaceholderMod:FastReaction"],"picked":"PlaceholderMod:OHStrongAttack","floor":11},{"not_picked":["PlaceholderMod:ConsolidateHit","PlaceholderMod:SpinBlade"],"picked":"PlaceholderMod:UnpureUse","floor":12},{"not_picked":["PlaceholderMod:AbsorbTouch","PlaceholderMod:Activation"],"picked":"PlaceholderMod:DiffusionPoison","floor":16},{"not_picked":["PlaceholderMod:OHStrongAttack","PlaceholderMod:RadicalHit","PlaceholderMod:PoisonAbsorb"],"picked":"SKIP","floor":18}],"player_experience":188020,"relics_obtained":[{"floor":4,"key":"Mercury Hourglass"},{"floor":6,"key":"Boot"},{"floor":9,"key":"Sundial"}],"event_choices":[{"cards_removed":["PlaceholderMod:BaseStrike"],"damage_healed":0,"gold_gain":0,"player_choice":"Card Removal","damage_taken":0,"max_hp_gain":0,"max_hp_loss":0,"event_name":"The Cleric","floor":2,"gold_loss":50},{"damage_healed":0,"gold_gain":0,"player_choice":"Grow","damage_taken":0,"max_hp_gain":0,"max_hp_loss":0,"event_name":"Living Wall","floor":14,"gold_loss":0,"cards_upgraded":["PlaceholderMod:Crystallization"]},{"damage_healed":0,"gold_gain":0,"player_choice":"Upgraded","damage_taken":0,"max_hp_gain":0,"max_hp_loss":0,"event_name":"Upgrade Shrine","floor":19,"gold_loss":0,"cards_upgraded":["PlaceholderMod:DiffusionPoison"]}],"is_beta":false,"boss_relics":[{"not_picked":["Philosopher\u0027s Stone","SlaversCollar"],"picked":"Runic Pyramid"}],"items_purged_floors":[20],"is_endless":false,"potions_floor_spawned":[10,11,12,21],"killed_by":"Chosen","ascension_level":0}}