{"host":"u3zhfyeznnb1kiy1","time":1609616624,"event":{"mods":["BaseMod","Colored Map","Colored Powertips","Downfall","GifTheSpireLib","Highlight Path","Minty Spire (QoL Compilation)","StSLib"],"gold_per_floor":[99,113,113,130,91,111,182,107,107,107,135,149,176,187,206,303,303,303,323,423,25,88,104,104,118,137,169,94,124,124,156,168,271,271,271,285,335,398,416,435,486,502,552,581,591,41,41,91,105,105],"floor_reached":51,"playtime":14074,"items_purged":["Regret","Guardian:RefractedBeam"],"score":1223,"play_id":"d4869d20-bb03-44ee-9369-d765d7837029","local_time":"20210102144344","is_ascension_mode":true,"campfire_choices":[{"floor":1,"key":"RECALL"},{"data":"Guardian:SpikerProtocol","floor":8,"key":"SMITH"},{"data":"Guardian:FloatingOrbs","floor":10,"key":"SMITH"},{"data":"Guardian:Planning","floor":18,"key":"SMITH"},{"data":"Guardian:StasisEngine","floor":28,"key":"SMITH"},{"data":"Guardian:SentryBeam","floor":30,"key":"SMITH"},{"data":"Guardian:BaubleBeam","floor":35,"key":"SMITH"},{"data":"Guardian:TimeCapacitor","floor":47,"key":"SMITH"}],"circlet_count":0,"master_deck":["Guardian:CurlUp+1","Guardian:TwinSlam+1","Guardian:PiercingHide","Guardian:StasisEngine+1","Guardian:FloatingOrbs+1","Guardian:PiercingHide","Guardian:Clone","Guardian:SpikerProtocol+1","Guardian:AncientConstruct","Guardian:ChargeCore","Guardian:ChargeCore","Guardian:Planning+1","Guardian:SentryBeam+1","Guardian:ChargeCore+1","Guardian:ExploitGems","Guardian:Incinerate","Guardian:CrystalBeam+1","Guardian:BronzeArmor+1","Guardian:DecasProtection+1","Guardian:BaubleBeam+1","Guardian:SpikerProtocol+1","Guardian:Harden+1","Guardian:DonusPower+1","Guardian:Repulse+1","Guardian:Incinerate","Guardian:Suspension+1","Guardian:SpikerProtocol","Guardian:SpikerProtocol","Guardian:ArmoredProtocol","Guardian:TimeCapacitor+1","Guardian:GatlingBeam","Guardian:ChargeCore+1"],"relics":["Pandora\u0027s Box","Matryoshka","downfall:HeartBlessingRed","Blood Vial","Thread and Needle","Black Star","downfall:CloakOfManyFaces","CultistMask","FaceOfCleric","NlothsMask","GremlinMask","SsserpentHead","Turnip","Gremlin Horn","Pear","Lizard Tail","downfall:HeartBlessingGreen","Akabeko","The Courier","Orichalcum","Nunchaku","Runic Dome","Omamori","Incense Burner","Mercury Hourglass","InkBottle","Vajra","Pen Nib","Bronze Scales"],"acts_visited":["Exordium","TheCity","TheBeyond"],"potions_floor_usage":[11,11,14,22,27,31,44,45,50,50],"damage_taken":[{"damage":0,"enemies":"2 Louse","floor":2,"turns":1},{"damage":0,"enemies":"Cultist","floor":4,"turns":2},{"damage":0,"enemies":"downfall:FleeingMerchant","floor":5,"turns":4},{"damage":6,"enemies":"Jaw Worm","floor":6,"turns":2},{"damage":2,"enemies":"Gremlin Nob","floor":11,"turns":3},{"damage":15,"enemies":"Exordium Wildlife","floor":12,"turns":2},{"damage":5,"enemies":"Lagavulin","floor":13,"turns":5},{"damage":0,"enemies":"Exordium Thugs","floor":14,"turns":1},{"damage":0,"enemies":"Gremlin Gang","floor":15,"turns":1},{"damage":19,"enemies":"downfall:Ironclad","floor":16,"turns":5},{"damage":0,"enemies":"3 Byrds","floor":19,"turns":3},{"damage":21,"enemies":"downfall:FaceTrader","floor":20,"turns":6},{"damage":3,"enemies":"downfall:FleeingMerchant","floor":21,"turns":4},{"damage":0,"enemies":"Centurion and Healer","floor":22,"turns":5},{"damage":9,"enemies":"Snake Plant","floor":23,"turns":3},{"damage":0,"enemies":"3 Cultists","floor":25,"turns":3},{"damage":14,"enemies":"Shelled Parasite and Fungi","floor":26,"turns":3},{"damage":0,"enemies":"Gremlin Leader","floor":27,"turns":5},{"damage":29,"enemies":"Slavers","floor":29,"turns":3},{"damage":0,"enemies":"Book of Stabbing","floor":31,"turns":3},{"damage":4,"enemies":"Snecko","floor":32,"turns":4},{"damage":0,"enemies":"downfall:Defect","floor":33,"turns":5},{"damage":0,"enemies":"3 Darklings","floor":36,"turns":3},{"damage":6,"enemies":"3 Shapes","floor":38,"turns":3},{"damage":19,"enemies":"Spire Growth","floor":39,"turns":3},{"damage":0,"enemies":"Maw","floor":40,"turns":5},{"damage":45,"enemies":"Jaw Worm Horde","floor":42,"turns":4},{"damage":1,"enemies":"Giant Head","floor":44,"turns":4},{"damage":9,"enemies":"Spire Growth","floor":45,"turns":3},{"damage":0,"enemies":"downfall:FleeingMerchant","floor":46,"turns":3},{"damage":8,"enemies":"3 Darklings","floor":49,"turns":3},{"damage":0,"enemies":"downfall:Watcher","floor":50,"turns":4}],"seed_played":"3679682319729041869","potions_obtained":[{"floor":4,"key":"Guardian:DefensiveModePotion"},{"floor":6,"key":"DistilledChaos"},{"floor":11,"key":"Slimebound:ThreeZeroPotion"},{"floor":14,"key":"hexamod:EctoCoolerPotion"},{"floor":15,"key":"Fire Potion"},{"floor":23,"key":"Energy Potion"},{"floor":25,"key":"FearPotion"},{"floor":29,"key":"Swift Potion"},{"floor":31,"key":"champ:CounterPotion"},{"floor":32,"key":"Ancient Potion"},{"floor":42,"key":"Guardian:DefensiveModePotion"},{"floor":45,"key":"Dexterity Potion"},{"floor":49,"key":"Guardian:DefensiveModePotion"}],"is_trial":false,"path_per_floor":["R","M","?","M","$","M","T","R","?","R","E","M","E","M","M","B",null,"R","M","?","$","M","M","T","M","M","E","R","E","R","E","M","B",null,"R","M","?","M","M","M","T","M","?","E","M","$","R","?","M","B",null],"character_chosen":"GUARDIAN","items_purchased":["Guardian:Gem_Green","Turnip","Guardian:Gem_Blue","InkBottle","Vajra","Guardian:SpikerProtocol","Guardian:SpikerProtocol","Guardian:ArmoredProtocol","Guardian:TimeCapacitor","Pen Nib","Bronze Scales"],"campfire_rested":0,"item_purchase_floors":[5,21,21,46,46,46,46,46,46,46,46],"current_hp_per_floor":[80,80,80,80,80,74,74,74,74,74,72,59,56,58,60,43,80,80,80,59,59,62,56,56,59,48,61,61,35,35,38,37,40,100,100,101,101,96,80,83,83,41,41,43,37,40,40,40,35,38],"gold":105,"neow_bonus":"BOSS_RELIC","is_daily":false,"chose_seed":false,"campfire_upgraded":7,"win_rate":0.0,"timestamp":1609616624,"path_taken":["R","M","?","?","$","?","T","R","?","R","E","M","E","M","M","BOSS","R","M","?","?","?","M","T","M","M","E","R","E","R","E","M","BOSS","R","M","?","?","M","M","T","M","?","E","M","$","R","?","M","BOSS"],"items_purchased_type":["Card","Relic","Card","Relic","Relic","Card","Card","Card","Card","Relic","Relic"],"build_version":"2020-12-22","purchased_purges":2,"victory":true,"max_hp_per_floor":[80,80,80,80,80,80,80,80,80,80,80,80,80,80,80,80,80,80,80,80,81,82,83,83,84,85,96,96,97,97,98,99,100,100,100,101,101,102,103,104,104,105,105,106,107,108,108,108,109,110],"card_choices":[{"not_picked":["Guardian:VentSteam","Guardian:ChargeCore"],"picked":"Guardian:PiercingHide","floor":2},{"not_picked":["Guardian:TemporalShield","Guardian:Gem_Red"],"picked":"Guardian:Clone","floor":4},{"not_picked":["Guardian:CrystalBeam","Guardian:BronzeArmor"],"picked":"Guardian:Gem_Cyan","floor":5},{"not_picked":["Guardian:PrismaticBeam","Guardian:ShieldSpikes"],"picked":"Guardian:SpikerProtocol","floor":6},{"not_picked":["Guardian:Suspension","Guardian:Orbwalk"],"picked":"Guardian:AncientConstruct","floor":11},{"not_picked":["Guardian:PrimingBeam","Guardian:CrystalBeam"],"picked":"Guardian:ChargeCore","floor":12},{"not_picked":["Guardian:PrimingBeam","Guardian:TemporalShield"],"picked":"Guardian:ChargeCore","floor":13},{"not_picked":["Guardian:Gem_Green","Guardian:Reroute"],"picked":"Guardian:Planning","floor":14},{"not_picked":["Guardian:Clone","Guardian:DonusPower"],"picked":"Guardian:SentryBeam","floor":15},{"not_picked":["Guardian:BaubleBeam","Guardian:FastForward"],"picked":"Guardian:Gem_Orange","floor":16},{"not_picked":["Guardian:PrimingBeam","Guardian:VentSteam"],"picked":"Guardian:ChargeCore+1","floor":19},{"not_picked":["Guardian:FloatingOrbs","Guardian:TemporalShield"],"picked":"Guardian:Gem_Crimson","floor":20},{"not_picked":["Guardian:Recover","Guardian:ChargeUp"],"picked":"Guardian:ExploitGems","floor":21},{"not_picked":["Guardian:Gem_Green","Guardian:ShieldCharger+1"],"picked":"Guardian:Incinerate","floor":22},{"not_picked":["Guardian:Reroute+1","Guardian:Preprogram"],"picked":"Guardian:CrystalBeam+1","floor":23},{"not_picked":["Guardian:Harden+1","Guardian:Gem_Purple"],"picked":"Guardian:Gem_Cyan","floor":25},{"not_picked":["Guardian:Suspension","Guardian:DecasProtection"],"picked":"Guardian:BronzeArmor+1","floor":26},{"not_picked":["Guardian:Gem_Green","Guardian:CrystalBeam"],"picked":"Guardian:DecasProtection+1","floor":27},{"not_picked":["Guardian:Gem_Red","Guardian:Incinerate"],"picked":"Guardian:BaubleBeam","floor":29},{"not_picked":["Guardian:Gem_Blue","Guardian:ChargeUp"],"picked":"Guardian:SpikerProtocol+1","floor":31},{"not_picked":["Guardian:TemporalShield","Guardian:VentSteam"],"picked":"Guardian:Gem_Red","floor":32},{"not_picked":["Guardian:RevengeProtocol","Guardian:StasisEngine"],"picked":"Guardian:Gem_Orange","floor":33},{"not_picked":["Guardian:Recover","Guardian:ShieldCharger"],"picked":"Guardian:Harden+1","floor":36},{"not_picked":["Guardian:Gem_Green","Guardian:VentSteam+1"],"picked":"Guardian:DonusPower+1","floor":38},{"not_picked":["Guardian:ShieldSpikes","Guardian:ChargeCore+1"],"picked":"Guardian:Gem_Lightblue","floor":39},{"not_picked":["Guardian:WalkerClaw+1","Guardian:PiercingHide"],"picked":"Guardian:Repulse+1","floor":40},{"not_picked":["Guardian:Planning+1","Guardian:ChargeCore"],"picked":"Guardian:Incinerate","floor":42},{"not_picked":["Guardian:Incinerate+1","Guardian:RefractedBeam","Guardian:Repulse"],"picked":"SKIP","floor":44},{"not_picked":["Guardian:VentSteam+1","Guardian:TemporalStrike"],"picked":"Guardian:Gem_Fragmented","floor":45},{"not_picked":["Guardian:GemFire","Guardian:VentSteam"],"picked":"Guardian:Suspension+1","floor":46},{"not_picked":["Guardian:Suspension","Guardian:TimeBomb"],"picked":"Guardian:ChargeCore+1","floor":49}],"player_experience":1218759,"relics_obtained":[{"floor":7,"key":"Matryoshka"},{"floor":11,"key":"Blood Vial"},{"floor":13,"key":"Thread and Needle"},{"floor":20,"key":"downfall:CloakOfManyFaces"},{"floor":24,"key":"Gremlin Horn"},{"floor":27,"key":"Pear"},{"floor":27,"key":"Lizard Tail"},{"floor":29,"key":"Akabeko"},{"floor":29,"key":"The Courier"},{"floor":31,"key":"Orichalcum"},{"floor":31,"key":"Nunchaku"},{"floor":41,"key":"Omamori"},{"floor":44,"key":"Incense Burner"},{"floor":44,"key":"Mercury Hourglass"}],"event_choices":[{"cards_removed":["Guardian:TimeBomb"],"damage_healed":0,"gold_gain":0,"player_choice":"Offered Uncommon","damage_taken":0,"max_hp_gain":0,"max_hp_loss":0,"event_name":"Bonfire Elementals","floor":3,"gold_loss":0},{"damage_healed":0,"gold_gain":0,"cards_transformed":["Guardian:RefractedBeam"],"player_choice":"Transformed","damage_taken":0,"max_hp_gain":0,"max_hp_loss":0,"event_name":"Transmorgrifier","floor":48,"gold_loss":0,"cards_obtained":["Guardian:GatlingBeam"]}],"is_beta":false,"boss_relics":[{"not_picked":["Runic Pyramid","Philosopher\u0027s Stone"],"picked":"Black Star"},{"not_picked":["SlaversCollar","Cursed Key"],"picked":"Runic Dome"}],"items_purged_floors":[21,46],"is_endless":false,"potions_floor_spawned":[4,6,11,14,15,23,25,26,29,31,32,33,36,40,42,45,49],"ascension_level":2}}