{"host":"p7j7o00jacnw7qzt","time":1609559358,"event":{"mods":["BaseMod","Colored Map","Colored Powertips","DeckTracker","Highlight Path","Minty Spire (QoL Compilation)","Relic Stats"],"gold_per_floor":[111,111,123,136,24,58,75,75,75,75,94,94,112,123,123,201,201,218,236,286,302,41,70,89,124,149,149,149,149,159,187,187,261,261,273,293,168,168,179,206,221,71,98,126,158,190,202,214,214],"floor_reached":48,"playtime":2908,"items_purged":["Strike_G","Strike_G","Strike_G","Strike_G"],"score":1412,"play_id":"08afaf08-1652-4950-9ee6-8e19bbe1abf7","local_time":"20210101224918","is_ascension_mode":true,"campfire_choices":[{"data":"Noxious Fumes","floor":8.0,"key":"SMITH"},{"data":"Neutralize","floor":10.0,"key":"SMITH"},{"data":"Prepared","floor":12.0,"key":"SMITH"},{"data":"Dash","floor":15.0,"key":"SMITH"},{"data":"Calculated Gamble","floor":27.0,"key":"SMITH"},{"data":"Wraith Form v2","floor":29.0,"key":"SMITH"},{"data":"Acrobatics","floor":32.0,"key":"SMITH"}],"circlet_count":0,"master_deck":["AscendersBane","Defend_G","Defend_G","Defend_G","Defend_G","Defend_G","Survivor","Neutralize+1","Noxious Fumes+1","Prepared+1","Dash+1","Grand Finale","Wraith Form v2+1","Acrobatics+1","Calculated Gamble+1","Acrobatics+1","Outmaneuver+1","Doppelganger+1","Finesse+1","Bandage Up+1","Concentrate+1"],"relics":["Runic Pyramid","CultistMask","Thread and Needle","Philosopher\u0027s Stone","Orrery","Molten Egg 2","Toxic Egg 2","Dream Catcher","Omamori","Cursed Key","Orichalcum","Bronze Scales","MawBank"],"acts_visited":["Exordium","TheCity","TheBeyond"],"potions_floor_usage":[],"damage_taken":[{"damage":8.0,"enemies":"Jaw Worm","floor":1.0,"turns":5.0},{"damage":0.0,"enemies":"Cultist","floor":3.0,"turns":5.0},{"damage":1.0,"enemies":"2 Louse","floor":4.0,"turns":4.0},{"damage":17.0,"enemies":"3 Sentries","floor":6.0,"turns":11.0},{"damage":7.0,"enemies":"Gremlin Gang","floor":7.0,"turns":4.0},{"damage":9.0,"enemies":"Exordium Wildlife","floor":11.0,"turns":4.0},{"damage":0.0,"enemies":"Red Slaver","floor":13.0,"turns":4.0},{"damage":0.0,"enemies":"Large Slime","floor":14.0,"turns":6.0},{"damage":2.0,"enemies":"The Guardian","floor":16.0,"turns":8.0},{"damage":0.0,"enemies":"Spheric Guardian","floor":18.0,"turns":4.0},{"damage":0.0,"enemies":"Shell Parasite","floor":19.0,"turns":5.0},{"damage":0.0,"enemies":"Centurion and Healer","floor":21.0,"turns":5.0},{"damage":10.0,"enemies":"Gremlin Leader","floor":23.0,"turns":6.0},{"damage":2.0,"enemies":"Snake Plant","floor":24.0,"turns":3.0},{"damage":2.0,"enemies":"Book of Stabbing","floor":25.0,"turns":4.0},{"damage":2.0,"enemies":"Shelled Parasite and Fungi","floor":30.0,"turns":4.0},{"damage":0.0,"enemies":"Gremlin Leader","floor":31.0,"turns":4.0},{"damage":0.0,"enemies":"Automaton","floor":33.0,"turns":5.0},{"damage":8.0,"enemies":"3 Shapes","floor":35.0,"turns":5.0},{"damage":0.0,"enemies":"Orb Walker","floor":36.0,"turns":4.0},{"damage":0.0,"enemies":"Sphere and 2 Shapes","floor":39.0,"turns":3.0},{"damage":0.0,"enemies":"Nemesis","floor":40.0,"turns":5.0},{"damage":0.0,"enemies":"4 Shapes","floor":41.0,"turns":3.0},{"damage":0.0,"enemies":"Giant Head","floor":44.0,"turns":5.0},{"damage":16.0,"enemies":"Writhing Mass","floor":45.0,"turns":4.0},{"damage":0.0,"enemies":"Spire Growth","floor":46.0,"turns":4.0},{"damage":14,"enemies":"Nemesis","floor":48,"turns":5}],"seed_played":"-6234447651325507175","potions_obtained":[{"floor":1.0,"key":"PowerPotion"},{"floor":4.0,"key":"EssenceOfSteel"},{"floor":7.0,"key":"Fruit Juice"},{"floor":13.0,"key":"Ancient Potion"},{"floor":23.0,"key":"EssenceOfSteel"},{"floor":25.0,"key":"DuplicationPotion"},{"floor":40.0,"key":"FearPotion"},{"floor":44.0,"key":"LiquidMemories"},{"floor":46.0,"key":"ColorlessPotion"}],"is_trial":false,"path_per_floor":["M","?","M","M","$","E","M","R","T","R","M","R","M","M","R","B",null,"M","M","?","M","$","E","M","E","T","R","T","R","M","E","R","B",null,"M","M","$","?","M","E","M","$","T","E","M","M","?","E"],"character_chosen":"THE_SILENT","items_purchased":["Dash","Orrery"],"campfire_rested":0,"item_purchase_floors":[5,22],"current_hp_per_floor":[51,51,51,50,50,33,26,26,26,26,17,17,17,17,17,15,53,53,53,53,53,53,48,46,44,44,44,44,44,42,42,42,42,64,56,56,56,46,52,58,64,64,64,70,60,66,66,57,57],"gold":214,"neow_bonus":"BOSS_RELIC","is_daily":false,"chose_seed":false,"campfire_upgraded":7,"win_rate":0.0,"timestamp":1609559358,"path_taken":["M","?","?","M","$","E","M","R","T","R","M","R","M","M","R","BOSS","M","?","?","M","$","E","?","E","T","R","?","R","?","E","R","BOSS","M","M","$","?","M","E","M","$","T","E","M","M","?","E"],"items_purchased_type":["Card","Relic"],"build_version":"2020-12-22","purchased_purges":4,"victory":false,"max_hp_per_floor":[66,66,66,66,66,66,66,66,66,66,66,66,66,66,66,66,66,66,66,66,66,66,71,71,71,71,71,71,71,71,71,71,71,71,71,71,71,71,71,71,71,71,71,71,71,71,71,71,71],"relic_stats":{"Dream Catcher":0,"counters":[27,129],"Bronze Scales":[38],"Orichalcum":[18],"Cursed Key":1,"MawBank":48,"obtain_stats":[{"Thread and Needle":6,"Omamori":31,"Orichalcum":40,"Cursed Key":34,"MawBank":44,"Dream Catcher":26,"Bronze Scales":43,"Orrery":22,"Philosopher\u0027s Stone":17,"Molten Egg 2":23,"CultistMask":2,"Toxic Egg 2":25,"Ring of the Snake":0,"Runic Pyramid":0},{"Thread and Needle":4,"Omamori":17,"Orichalcum":22,"Cursed Key":18,"MawBank":24,"Dream Catcher":15,"Bronze Scales":23,"Orrery":12,"Philosopher\u0027s Stone":9,"Molten Egg 2":13,"CultistMask":1,"Toxic Egg 2":15,"Ring of the Snake":0,"Runic Pyramid":0},{"Thread and Needle":25,"Omamori":86,"Orichalcum":108,"Cursed Key":91,"MawBank":116,"Dream Catcher":78,"Bronze Scales":111,"Orrery":65,"Philosopher\u0027s Stone":51,"Molten Egg 2":71,"CultistMask":5,"Toxic Egg 2":78,"Ring of the Snake":0,"Runic Pyramid":0}]},"card_choices":[{"not_picked":["Poisoned Stab","Endless Agony"],"picked":"Noxious Fumes","floor":1.0},{"not_picked":["Noxious Fumes","Flying Knee","Quick Slash"],"picked":"SKIP","floor":3.0},{"not_picked":["Dodge and Roll","Flying Knee"],"picked":"Prepared","floor":4.0},{"not_picked":["Deadly Poison","Deflect","Quick Slash"],"picked":"SKIP","floor":6.0},{"not_picked":["Setup","Deadly Poison","Flying Knee"],"picked":"SKIP","floor":7.0},{"not_picked":["Accuracy","Sucker Punch","Quick Slash"],"picked":"SKIP","floor":11.0},{"not_picked":["Dash","Blur","Heel Hook"],"picked":"SKIP","floor":13.0},{"not_picked":["Flying Knee","Noxious Fumes"],"picked":"Grand Finale","floor":14.0},{"not_picked":["Burst","Unload"],"picked":"Wraith Form v2","floor":16.0},{"not_picked":["Dagger Throw","Deadly Poison","Dodge and Roll"],"picked":"SKIP","floor":18.0},{"not_picked":["Backflip","Cloak And Dagger"],"picked":"Acrobatics","floor":19.0},{"not_picked":["Deadly Poison","Noxious Fumes"],"picked":"Calculated Gamble","floor":21.0},{"not_picked":["Reflex","Expertise"],"picked":"Acrobatics+1","floor":23.0},{"not_picked":["Riddle With Holes+1","Catalyst+1","Acrobatics+1"],"picked":"SKIP","floor":24.0},{"not_picked":["Dagger Spray+1","Crippling Poison+1","Sucker Punch+1"],"picked":"SKIP","floor":25.0},{"not_picked":["Bane+1","Terror+1","PiercingWail+1"],"picked":"SKIP","floor":30.0},{"not_picked":["Envenom","Quick Slash+1"],"picked":"Outmaneuver+1","floor":31.0},{"not_picked":["Corpse Explosion+1","Glass Knife+1"],"picked":"Doppelganger+1","floor":33.0},{"not_picked":["Slice+1","Flying Knee+1","Dagger Spray+1"],"picked":"SKIP","floor":35.0},{"not_picked":["Sucker Punch+1","Catalyst+1","Expertise+1"],"picked":"SKIP","floor":36.0},{"not_picked":["The Bomb+1","Secret Weapon+1"],"picked":"Finesse+1","floor":38.0},{"not_picked":["Sadistic Nature","PanicButton+1"],"picked":"Bandage Up+1","floor":38.0},{"not_picked":["All Out Attack+1","Bane+1","Skewer+1"],"picked":"SKIP","floor":39.0},{"not_picked":["Prepared+1","Terror+1","Acrobatics+1"],"picked":"SKIP","floor":40.0},{"not_picked":["Terror+1","Poisoned Stab+1","Dagger Spray+1"],"picked":"SKIP","floor":41.0},{"not_picked":["Leg Sweep+1","Slice+1","Acrobatics+1"],"picked":"SKIP","floor":44.0},{"not_picked":["Outmaneuver+1","Dash+1","Cloak And Dagger+1"],"picked":"SKIP","floor":45.0},{"not_picked":["Outmaneuver+1","Dash+1","Cloak And Dagger+1"],"picked":"SKIP","floor":45.0},{"not_picked":["Quick Slash+1","Leg Sweep+1"],"picked":"Concentrate+1","floor":46.0}],"player_experience":915426,"relics_obtained":[{"floor":6.0,"key":"Thread and Needle"},{"floor":23.0,"key":"Molten Egg 2"},{"floor":25.0,"key":"Toxic Egg 2"},{"floor":26.0,"key":"Dream Catcher"},{"floor":31.0,"key":"Omamori"},{"floor":40.0,"key":"Orichalcum"},{"floor":43.0,"key":"Bronze Scales"},{"floor":44.0,"key":"MawBank"}],"event_choices":[{"damage_healed":0.0,"max_hp_gain":0.0,"max_hp_loss":0.0,"gold_gain":0.0,"event_name":"FaceTrader","player_choice":"Trade","floor":2.0,"gold_loss":0.0,"damage_taken":0.0,"relics_obtained":["CultistMask"]},{"damage_healed":0.0,"max_hp_gain":0.0,"max_hp_loss":0.0,"gold_gain":50.0,"event_name":"Golden Shrine","player_choice":"Pray","floor":20.0,"gold_loss":0.0,"damage_taken":0.0},{"damage_healed":0.0,"max_hp_gain":0.0,"max_hp_loss":0.0,"gold_gain":0.0,"event_name":"SensoryStone","player_choice":"Memory 3","floor":38.0,"gold_loss":0.0,"damage_taken":10.0},{"cards_removed":["Strike_G"],"damage_healed":0.0,"max_hp_gain":0.0,"max_hp_loss":0.0,"gold_gain":0.0,"event_name":"Falling","player_choice":"Removed Attack","floor":47.0,"gold_loss":0.0,"damage_taken":0.0}],"is_beta":false,"boss_relics":[{"not_picked":["Snecko Eye","Ectoplasm"],"picked":"Philosopher\u0027s Stone"},{"not_picked":["Astrolabe","Sozu"],"picked":"Cursed Key"}],"items_purged_floors":[5,22,37,42],"is_endless":false,"potions_floor_spawned":[1,4,7,13,23,25,30,31,35,40,41,44,46],"killed_by":"Nemesis","ascension_level":20}}