{"host":"6b00v7211em4ihns","time":1609580110,"event":{"mods":["BaseMod","Bestiary","Better Match","Minty Spire (QoL Compilation)","Relic Stats","Spicy Shops","StSLib"],"gold_per_floor":[116,116,136,211,211,211,246,270,270,195,195,208,228,244,244,338,338,356,371,371,371,132,132,152,196,222,55,70,70,70,84,84,177,177,195,195,218,242,0,41,41,80,107,160,160,160,174,174,174,174,174,174],"floor_reached":51,"playtime":3266,"items_purged":["Strike_P"],"score":1560,"play_id":"fb82d841-7857-4b3e-9212-f06cfa06d333","local_time":"20210102093510","daily_mods":["Blue Cards"],"is_ascension_mode":true,"campfire_choices":[{"data":"BattleHymn","floor":6,"key":"SMITH"},{"floor":11,"key":"REST"},{"data":"Vigilance","floor":15,"key":"SMITH"},{"floor":23,"key":"REST"},{"floor":32,"key":"RECALL"},{"floor":45,"key":"REST"},{"floor":49,"key":"REST"}],"circlet_count":0,"master_deck":["AscendersBane","Strike_P+1","Defend_P+1","Defend_P+1","Defend_P+1","Defend_P+1","Eruption","Vigilance+1","BattleHymn+1","EmptyBody","BootSequence","Meditate","Hologram","Tantrum+1","Electrodynamics","Recycle","Leap","Reinforced Body","Necronomicurse","ThirdEye","Fasting2","Halt","Vault","EmptyFist+1","Wallop+1","Sweeping Beam+1","SpiritShield"],"relics":["PureWater","Golden Idol","MealTicket","Molten Egg 2","Fusion Hammer","Necronomicon","OrangePellets","Singing Bowl","Toy Ornithopter","Regal Pillow","Sozu","PreservedInsect","Strawberry","CeramicFish","StrikeDummy","StoneCalendar"],"acts_visited":["Exordium","TheCity","TheBeyond"],"potions_floor_usage":[12,16,19,25,31,50],"damage_taken":[{"damage":2,"enemies":"2 Louse","floor":1,"turns":4},{"damage":0,"enemies":"Jaw Worm","floor":3,"turns":3},{"damage":36,"enemies":"Lagavulin","floor":7,"turns":9},{"damage":0,"enemies":"Small Slimes","floor":8,"turns":3},{"damage":0,"enemies":"Exordium Wildlife","floor":12,"turns":2},{"damage":0,"enemies":"Blue Slaver","floor":13,"turns":5},{"damage":0,"enemies":"3 Louse","floor":14,"turns":3},{"damage":0,"enemies":"Slime Boss","floor":16,"turns":4},{"damage":19,"enemies":"Chosen","floor":18,"turns":3},{"damage":2,"enemies":"Shell Parasite","floor":19,"turns":4},{"damage":13,"enemies":"Centurion and Healer","floor":24,"turns":5},{"damage":28,"enemies":"Book of Stabbing","floor":25,"turns":5},{"damage":15,"enemies":"Snake Plant","floor":28,"turns":4},{"damage":0,"enemies":"Shelled Parasite and Fungi","floor":31,"turns":4},{"damage":17,"enemies":"Champ","floor":33,"turns":12},{"damage":9,"enemies":"3 Darklings","floor":35,"turns":6},{"damage":0,"enemies":"3 Shapes","floor":37,"turns":4},{"damage":18,"enemies":"Transient","floor":38,"turns":7},{"damage":43,"enemies":"Nemesis","floor":40,"turns":5},{"damage":1,"enemies":"Reptomancer","floor":42,"turns":3},{"damage":0,"enemies":"Giant Head","floor":44,"turns":6},{"damage":0,"enemies":"Maw","floor":47,"turns":6},{"damage":59,"enemies":"Awakened One","floor":50,"turns":14},{"damage":26,"enemies":"Time Eater","floor":51,"turns":5}],"seed_played":"-5228649024983512592","potions_obtained":[{"floor":7,"key":"Fire Potion"},{"floor":8,"key":"DuplicationPotion"},{"floor":12,"key":"FearPotion"},{"floor":18,"key":"Weak Potion"},{"floor":19,"key":"StancePotion"},{"floor":28,"key":"Fire Potion"}],"is_trial":true,"path_per_floor":["M","?","M","?","?","R","E","M","T","?","R","M","M","M","R","B",null,"M","M","?","?","$","R","M","E","T","$","M","?","?","M","R","B",null,"M","?","M","M","$","E","?","E","T","E","R","$","M","T","R","B","B"],"character_chosen":"WATCHER","items_purchased":["OrangePellets","Regal Pillow","Wallop+1","PreservedInsect"],"campfire_rested":4,"item_purchase_floors":[22,27,39,39],"current_hp_per_floor":[59,52,52,41,41,41,5,5,5,5,23,23,23,23,23,23,52,33,31,31,10,25,43,30,2,2,17,4,4,64,64,64,47,60,53,53,53,37,52,16,5,6,6,6,44,59,61,61,79,22,0,0],"gold":174,"neow_bonus":"","is_daily":false,"chose_seed":false,"campfire_upgraded":2,"win_rate":0.0,"timestamp":1609580110,"path_taken":["M","?","M","?","?","R","E","M","T","?","R","M","?","M","R","BOSS","M","M","?","?","$","R","M","E","T","$","M","?","?","?","R","BOSS","M","?","M","M","$","E","?","E","T","E","R","$","?","?","R","BOSS","BOSS"],"items_purchased_type":["Relic","Relic","Card","Relic"],"build_version":"2020-12-22","purchased_purges":1,"victory":false,"max_hp_per_floor":[68,68,68,68,62,62,62,62,62,62,62,62,62,62,62,62,62,62,62,62,62,62,62,62,62,62,62,64,64,64,64,64,64,64,66,66,66,68,68,75,75,77,77,77,77,77,79,79,79,79,79,79],"relic_stats":{"Regal Pillow":15,"Singing Bowl":10,"counters":[24,126],"Golden Idol":146,"CeramicFish":9,"StoneCalendar":[52],"PreservedInsect":241,"Sozu":2,"OrangePellets":[12],"MealTicket":60,"Necronomicon":[23],"obtain_stats":[{"Regal Pillow":27,"Singing Bowl":25,"Golden Idol":5,"CeramicFish":42,"StoneCalendar":48,"PreservedInsect":39,"Sozu":34,"OrangePellets":22,"Strawberry":40,"MealTicket":7,"Molten Egg 2":9,"Fusion Hammer":17,"Necronomicon":21,"PureWater":0,"StrikeDummy":44,"Toy Ornithopter":26},{"Regal Pillow":12,"Singing Bowl":12,"Golden Idol":2,"CeramicFish":20,"StoneCalendar":22,"PreservedInsect":18,"Sozu":15,"OrangePellets":10,"Strawberry":19,"MealTicket":3,"Molten Egg 2":4,"Fusion Hammer":8,"Necronomicon":10,"PureWater":0,"StrikeDummy":21,"Toy Ornithopter":12},{"Regal Pillow":50,"Singing Bowl":50,"Golden Idol":7,"CeramicFish":95,"StoneCalendar":107,"PreservedInsect":87,"Sozu":70,"OrangePellets":40,"Strawberry":92,"MealTicket":16,"Molten Egg 2":19,"Fusion Hammer":33,"Necronomicon":40,"PureWater":0,"StrikeDummy":101,"Toy Ornithopter":50}],"Toy Ornithopter":2},"card_choices":[{"not_picked":["Conserve Battery","Halt"],"picked":"BattleHymn","floor":1},{"not_picked":["FollowUp","Weave"],"picked":"EmptyBody","floor":3},{"not_picked":["Electrodynamics","Coolheaded"],"picked":"BootSequence","floor":7},{"not_picked":["JustLucky","PathToVictory","Coolheaded"],"picked":"SKIP","floor":8},{"not_picked":["CrushJoints+1","Turbo"],"picked":"Meditate","floor":12},{"not_picked":["Barrage+1","WreathOfFlame"],"picked":"Hologram","floor":13},{"not_picked":["EmptyBody","Gash+1"],"picked":"Tantrum+1","floor":14},{"not_picked":["Fission","All For One+1"],"picked":"Electrodynamics","floor":16},{"not_picked":["Fusion","Tantrum+1"],"picked":"Recycle","floor":18},{"not_picked":["ReachHeaven+1","Worship"],"picked":"Leap","floor":19},{"not_picked":["Redo","JustLucky+1"],"picked":"ThirdEye","floor":24},{"not_picked":["CarveReality+1","White Noise"],"picked":"Fasting2","floor":25},{"not_picked":["Conserve Battery","Sunder+1","DeusExMachina"],"picked":"Singing Bowl","floor":28},{"not_picked":["Capacitor","Prostrate+1"],"picked":"Halt","floor":31},{"not_picked":["Judgement","Devotion"],"picked":"Vault","floor":33},{"not_picked":["Conserve Battery","Sweeping Beam+1","Collect+1"],"picked":"Singing Bowl","floor":35},{"not_picked":["CrushJoints+1","Tantrum+1"],"picked":"EmptyFist+1","floor":37},{"not_picked":["Gash+1","Devotion","FlyingSleeves+1"],"picked":"Singing Bowl","floor":38},{"not_picked":["FollowUp+1","Melter+1"],"picked":"Sweeping Beam+1","floor":40},{"not_picked":["Scrape+1","CutThroughFate+1","Beam Cell+1"],"picked":"Singing Bowl","floor":42},{"not_picked":["Gash+1","Recycle+1"],"picked":"SpiritShield","floor":44},{"not_picked":["Cold Snap+1","EmptyFist+1","Stack"],"picked":"Singing Bowl","floor":47}],"player_experience":2478228,"relics_obtained":[{"floor":7,"key":"MealTicket"},{"floor":9,"key":"Molten Egg 2"},{"floor":21,"key":"Necronomicon"},{"floor":25,"key":"Singing Bowl"},{"floor":26,"key":"Toy Ornithopter"},{"floor":40,"key":"Strawberry"},{"floor":42,"key":"CeramicFish"},{"floor":44,"key":"StrikeDummy"},{"floor":48,"key":"StoneCalendar"}],"event_choices":[{"cards_removed":["Strike_P"],"damage_healed":0,"gold_gain":0,"player_choice":"Card Removal","damage_taken":7,"max_hp_gain":0,"max_hp_loss":0,"event_name":"Golden Wing","floor":2,"gold_loss":0},{"damage_healed":0,"gold_gain":75,"player_choice":"Gather Gold","damage_taken":11,"max_hp_gain":0,"max_hp_loss":0,"event_name":"World of Goop","floor":4,"gold_loss":0},{"damage_healed":0,"gold_gain":0,"player_choice":"Lose Max HP","damage_taken":0,"relics_obtained":["Golden Idol"],"max_hp_gain":0,"max_hp_loss":6,"event_name":"Golden Idol","floor":5,"gold_loss":0},{"cards_removed":["Strike_P"],"damage_healed":0,"gold_gain":0,"player_choice":"Card Removal","damage_taken":0,"max_hp_gain":0,"max_hp_loss":0,"event_name":"The Cleric","floor":10,"gold_loss":75},{"damage_healed":0,"gold_gain":0,"player_choice":"Read","damage_taken":0,"max_hp_gain":0,"max_hp_loss":0,"event_name":"The Library","floor":20,"gold_loss":0,"cards_obtained":["Reinforced Body"]},{"damage_healed":0,"gold_gain":0,"player_choice":"Obtained Book","damage_taken":21,"max_hp_gain":0,"max_hp_loss":0,"event_name":"Cursed Tome","floor":21,"gold_loss":0},{"damage_healed":0,"gold_gain":0,"player_choice":"Simplicity","damage_taken":0,"max_hp_gain":0,"max_hp_loss":0,"event_name":"Back to Basics","floor":29,"gold_loss":0,"cards_upgraded":["Strike_P","Defend_P","Defend_P","Defend_P","Defend_P"]},{"damage_healed":60,"gold_gain":0,"player_choice":"Full Heal","damage_taken":0,"max_hp_gain":0,"max_hp_loss":0,"event_name":"Wheel of Change","floor":30,"gold_loss":0},{"damage_healed":0,"gold_gain":0,"player_choice":"Ignored","damage_taken":0,"max_hp_gain":0,"max_hp_loss":0,"event_name":"Mysterious Sphere","floor":36,"gold_loss":0},{"damage_healed":0,"gold_gain":0,"player_choice":"Damaged","damage_taken":11,"max_hp_gain":0,"max_hp_loss":0,"event_name":"Wheel of Change","floor":41,"gold_loss":0}],"is_beta":false,"boss_relics":[{"not_picked":["Velvet Choker","SacredBark"],"picked":"Fusion Hammer"},{"not_picked":["Runic Dome","Coffee Dripper"],"picked":"Sozu"}],"items_purged_floors":[22],"is_endless":false,"potions_floor_spawned":[7,8,12,14,18,19,28,35,40],"killed_by":"Time Eater","ascension_level":20}}