{"host":"37dk0reb6x0du8wx","time":1609600995,"event":{"mods":["BaseMod","Colored Map","DeckTracker","Minty Spire (QoL Compilation)","Quick Restart","StSLib","The Dragon Tamer"],"gold_per_floor":[118,118,130,55,72,101,276,292,319,319,61,61,61,61,61,61,61],"floor_reached":16,"playtime":548,"items_purged":["Strike_G","Strike_G"],"score":103,"play_id":"6e89103d-8d00-4b9e-a7b8-d3b59e5a840b","local_time":"20210103002315","is_ascension_mode":true,"campfire_choices":[{"floor":10,"key":"REST"},{"floor":15,"key":"REST"}],"circlet_count":0,"master_deck":["Strike_G+1","Strike_G","Defend_G","Defend_G","Defend_G","Defend_G","Defend_G","Survivor+1","Neutralize","Poisoned Stab","Doubt","Envenom"],"relics":["Ring of the Snake","Regal Pillow","Tiny Chest"],"acts_visited":["Exordium"],"potions_floor_usage":[6,16,16,16],"damage_taken":[{"damage":0,"enemies":"Small Slimes","floor":1,"turns":4},{"damage":0,"enemies":"Cultist","floor":3,"turns":4},{"damage":1,"enemies":"Jaw Worm","floor":5,"turns":5},{"damage":42,"enemies":"Lagavulin","floor":6,"turns":11},{"damage":13,"enemies":"2 Fungi Beasts","floor":8,"turns":5},{"damage":68,"enemies":"Slime Boss","floor":16,"turns":16}],"seed_played":"-3771994341473732207","potions_obtained":[{"floor":1,"key":"Dexterity Potion"},{"floor":5,"key":"SneckoOil"},{"floor":6,"key":"DistilledChaos"},{"floor":14,"key":"Swift Potion"},{"floor":14,"key":"CultistPotion"},{"floor":14,"key":"Fire Potion"}],"is_trial":false,"path_per_floor":["M","?","M","$","M","E","?","M","T","R","$","?","$","?","R","B"],"character_chosen":"THE_SILENT","items_purchased":["Envenom"],"campfire_rested":2,"item_purchase_floors":[11],"current_hp_per_floor":[70,63,63,63,62,20,20,7,7,43,43,29,29,29,65,0,0],"gold":61,"neow_bonus":"REMOVE_CARD","is_daily":false,"chose_seed":false,"campfire_upgraded":0,"win_rate":0.0,"timestamp":1609600995,"path_taken":["M","?","M","$","?","E","?","M","T","R","?","?","$","?","R","BOSS"],"items_purchased_type":["Card"],"build_version":"2020-12-22","purchased_purges":2,"victory":false,"max_hp_per_floor":[70,70,70,70,70,70,70,70,70,70,70,70,70,70,70,70,70],"card_choices":[{"not_picked":["Finisher","Backflip","Acrobatics"],"picked":"SKIP","floor":1},{"not_picked":["Dagger Spray","Tactician"],"picked":"Poisoned Stab","floor":3},{"not_picked":["Backflip","Flechettes","Setup"],"picked":"SKIP","floor":5},{"not_picked":["Riddle With Holes","Blade Dance","Skewer"],"picked":"SKIP","floor":6},{"not_picked":["Backstab","Reflex","Dash"],"picked":"SKIP","floor":8}],"player_experience":122942,"relics_obtained":[{"floor":6,"key":"Regal Pillow"},{"floor":9,"key":"Tiny Chest"}],"event_choices":[{"damage_healed":0,"gold_gain":0,"player_choice":"Damaged","damage_taken":7,"max_hp_gain":0,"max_hp_loss":0,"event_name":"Wheel of Change","floor":2,"gold_loss":0},{"damage_healed":0,"gold_gain":175,"player_choice":"AGREE","damage_taken":0,"max_hp_gain":0,"max_hp_loss":0,"event_name":"Liars Game","floor":7,"gold_loss":0,"cards_obtained":["Doubt"]},{"damage_healed":0,"gold_gain":0,"player_choice":"Entered Light","damage_taken":14,"max_hp_gain":0,"max_hp_loss":0,"event_name":"Shining Light","floor":12,"gold_loss":0,"cards_upgraded":["Survivor","Strike_G"]},{"damage_healed":0,"gold_gain":0,"player_choice":"Got Potions","damage_taken":0,"max_hp_gain":0,"max_hp_loss":0,"event_name":"Lab","floor":14,"gold_loss":0}],"is_beta":false,"boss_relics":[],"items_purged_floors":[4,11],"is_endless":false,"potions_floor_spawned":[1,5,6],"killed_by":"Slime Boss","ascension_level":1}}