{"host":"dhyczjm99amxd3qx","time":1609548911,"event":{"mods":["BaseMod","Colored Map","Googly Eyes","Highlight Path","Minty Spire (QoL Compilation)","Quick Restart","StSLib"],"gold_per_floor":[113,123,135,151,168,168,200,200,200,231,247,422,422,455,455,559,559,573,584,1,76,76,105,105,130,130,160,178,178,178,24,24,129,129,141,16,16,31,50,50,85,85,153,181,181,212,225,225,225],"floor_reached":48,"playtime":3060,"items_purged":["Doubt","Writhe","Defend_R"],"score":876,"play_id":"212b0c19-c657-4181-aff4-9e9402dfa5b6","local_time":"20210101195511","is_ascension_mode":true,"campfire_choices":[{"data":"Clothesline","floor":6.0,"key":"SMITH"},{"data":"Demon Form","floor":8.0,"key":"SMITH"},{"data":"Iron Wave","floor":13.0,"key":"SMITH"},{"data":"Body Slam","floor":15.0,"key":"SMITH"},{"data":"Shrug It Off","floor":24.0,"key":"SMITH"},{"data":"Metallicize","floor":29.0,"key":"SMITH"},{"data":"Shrug It Off","floor":32.0,"key":"SMITH"},{"data":"Shrug It Off","floor":40.0,"key":"SMITH"},{"data":"Offering","floor":42.0,"key":"SMITH"},{"data":"Metallicize","floor":45.0,"key":"SMITH"}],"circlet_count":0,"master_deck":["Strike_R","Strike_R","Strike_R","Strike_R","Defend_R","Defend_R","Defend_R","Bash+1","Demon Form+1","Clothesline+1","Iron Wave+1","Body Slam+1","Brutality","Disarm+1","Rupture","Metallicize+1","Shrug It Off+1","Shrug It Off+1","Offering+1","Iron Wave+1","Metallicize+1","Shrug It Off+1","Hemokinesis+1","Offering"],"relics":["Black Blood","MealTicket","Happy Flower","Art of War","Paper Frog","Coffee Dripper","ClockworkSouvenir","Dead Branch","Shovel","Blood Vial","Sundial","Toy Ornithopter","Dream Catcher","Ancient Tea Set","Question Card","The Courier","Bag of Marbles"],"acts_visited":["Exordium","TheCity","TheBeyond"],"potions_floor_usage":[46],"damage_taken":[{"damage":1.0,"enemies":"Cultist","floor":1.0,"turns":3.0},{"damage":8.0,"enemies":"2 Louse","floor":2.0,"turns":2.0},{"damage":2.0,"enemies":"Jaw Worm","floor":3.0,"turns":3.0},{"damage":27.0,"enemies":"Exordium Thugs","floor":4.0,"turns":6.0},{"damage":2.0,"enemies":"Exordium Wildlife","floor":5.0,"turns":4.0},{"damage":10.0,"enemies":"Lagavulin","floor":7.0,"turns":4.0},{"damage":6.0,"enemies":"Gremlin Nob","floor":10.0,"turns":3.0},{"damage":4.0,"enemies":"Large Slime","floor":11.0,"turns":5.0},{"damage":17.0,"enemies":"3 Sentries","floor":14.0,"turns":7.0},{"damage":28.0,"enemies":"Hexaghost","floor":16.0,"turns":9.0},{"damage":22.0,"enemies":"Chosen","floor":18.0,"turns":6.0},{"damage":25.0,"enemies":"Shell Parasite","floor":19.0,"turns":6.0},{"damage":21.0,"enemies":"Book of Stabbing","floor":23.0,"turns":6.0},{"damage":19.0,"enemies":"Gremlin Leader","floor":27.0,"turns":5.0},{"damage":10.0,"enemies":"Snake Plant","floor":28.0,"turns":6.0},{"damage":76.0,"enemies":"Collector","floor":33.0,"turns":10.0},{"damage":22.0,"enemies":"3 Shapes","floor":35.0,"turns":4.0},{"damage":37.0,"enemies":"3 Darklings","floor":38.0,"turns":7.0},{"damage":6.0,"enemies":"Sphere and 2 Shapes","floor":39.0,"turns":10.0},{"damage":32.0,"enemies":"Giant Head","floor":41.0,"turns":9.0},{"damage":21.0,"enemies":"Nemesis","floor":44.0,"turns":5.0},{"damage":10,"enemies":"Giant Head","floor":46,"turns":7},{"damage":16,"enemies":"Transient","floor":47,"turns":5},{"damage":46,"enemies":"2 Orb Walkers","floor":48,"turns":4}],"seed_played":"4973336727483595166","potions_obtained":[{"floor":2.0,"key":"SpeedPotion"},{"floor":4.0,"key":"Explosive Potion"},{"floor":5.0,"key":"AttackPotion"},{"floor":7.0,"key":"SkillPotion"},{"floor":11.0,"key":"HeartOfIron"},{"floor":18.0,"key":"FairyPotion"},{"floor":33.0,"key":"PowerPotion"},{"floor":35.0,"key":"Strength Potion"},{"floor":44.0,"key":"Explosive Potion"},{"floor":46,"key":"Weak Potion"}],"is_trial":false,"path_per_floor":["M","M","M","M","M","R","E","R","T","E","M","?","R","E","R","B",null,"M","M","$","?","$","E","R","T","T","E","M","R","?","$","R","B",null,"M","$","?","M","M","R","E","R","T","E","R","E","M","?"],"character_chosen":"IRONCLAD","items_purchased":["ClockworkSouvenir","Metallicize","Dead Branch","Shrug It Off"],"campfire_rested":0,"item_purchase_floors":[20,20,20,31],"current_hp_per_floor":[77,75,79,58,62,62,58,58,58,58,60,60,60,49,49,27,67,51,32,47,39,54,39,39,39,39,28,26,26,26,41,41,14,64,56,71,71,53,61,61,43,43,43,36,36,45,43,0,0],"gold":225,"neow_bonus":"UPGRADE_CARD","is_daily":false,"chose_seed":false,"campfire_upgraded":10,"win_rate":0.0,"timestamp":1609548911,"path_taken":["M","M","M","M","?","R","E","R","T","E","M","?","R","E","R","BOSS","M","M","$","?","?","E","R","?","T","E","M","R","?","$","R","BOSS","M","$","?","M","M","R","E","R","T","E","R","E","M","?"],"items_purchased_type":["Relic","Card","Relic","Card"],"build_version":"2020-12-22","purchased_purges":3,"victory":false,"max_hp_per_floor":[80,80,80,80,80,80,80,80,80,80,80,80,80,80,80,80,80,80,80,80,80,80,80,80,80,80,80,80,80,80,80,80,80,80,80,80,80,80,80,80,80,80,80,80,80,80,80,80,80],"card_choices":[{"not_picked":["Sword Boomerang","Armaments","Warcry"],"picked":"SKIP","floor":1.0},{"not_picked":["Spot Weakness","Headbutt"],"picked":"Demon Form","floor":2.0},{"not_picked":["Headbutt","Dark Embrace","True Grit"],"picked":"SKIP","floor":3.0},{"not_picked":["Pommel Strike","Headbutt","Anger"],"picked":"SKIP","floor":4.0},{"not_picked":["Warcry","Sword Boomerang"],"picked":"Clothesline","floor":5.0},{"not_picked":["Reckless Charge","Cleave","Anger"],"picked":"SKIP","floor":7.0},{"not_picked":["Anger","Ghostly Armor"],"picked":"Iron Wave","floor":10.0},{"not_picked":["Warcry","Clash"],"picked":"Body Slam","floor":11.0},{"not_picked":["Pommel Strike","Clash","Sever Soul"],"picked":"SKIP","floor":14.0},{"not_picked":["Barricade","Double Tap"],"picked":"Brutality","floor":16.0},{"not_picked":["Clash+1","Spot Weakness"],"picked":"Disarm+1","floor":18.0},{"not_picked":["Infernal Blade","Clash"],"picked":"Rupture","floor":19.0},{"not_picked":["Twin Strike","Inflame"],"picked":"Shrug It Off","floor":23.0},{"not_picked":["Seeing Red+1","Armaments","Perfected Strike"],"picked":"SKIP","floor":27.0},{"not_picked":["Headbutt","Inflame","Perfected Strike+1"],"picked":"SKIP","floor":28.0},{"not_picked":["Berserk","Double Tap"],"picked":"Offering","floor":33.0},{"not_picked":["Cleave+1","Combust+1"],"picked":"Iron Wave+1","floor":35.0},{"not_picked":["Body Slam","Havoc"],"picked":"Metallicize","floor":38.0},{"not_picked":["Feel No Pain+1","Sword Boomerang+1"],"picked":"Shrug It Off","floor":39.0},{"not_picked":["Inflame","Dark Embrace"],"picked":"Hemokinesis+1","floor":41.0},{"not_picked":["Anger","Cleave+1","Pummel","Exhume"],"picked":"SKIP","floor":44.0},{"not_picked":["Twin Strike","Pommel Strike+1","Flex+1","Anger"],"picked":"SKIP","floor":46},{"not_picked":["Warcry","Shockwave","Dark Embrace"],"picked":"Offering","floor":47}],"player_experience":269294,"relics_obtained":[{"floor":7.0,"key":"MealTicket"},{"floor":9.0,"key":"Happy Flower"},{"floor":10.0,"key":"Art of War"},{"floor":14.0,"key":"Paper Frog"},{"floor":23.0,"key":"Shovel"},{"floor":25.0,"key":"Blood Vial"},{"floor":26.0,"key":"Sundial"},{"floor":27.0,"key":"Toy Ornithopter"},{"floor":41.0,"key":"Ancient Tea Set"},{"floor":43.0,"key":"Question Card"},{"floor":44.0,"key":"The Courier"},{"floor":46,"key":"Bag of Marbles"}],"event_choices":[{"damage_healed":0.0,"max_hp_gain":0.0,"max_hp_loss":0.0,"gold_gain":175.0,"event_name":"Liars Game","player_choice":"AGREE","floor":12.0,"gold_loss":0.0,"damage_taken":0.0,"cards_obtained":["Doubt"]},{"damage_healed":0.0,"max_hp_gain":0.0,"max_hp_loss":0.0,"gold_gain":75.0,"event_name":"FaceTrader","player_choice":"Touch","floor":21.0,"gold_loss":0.0,"damage_taken":8.0},{"damage_healed":0.0,"max_hp_gain":0.0,"max_hp_loss":0.0,"gold_gain":0.0,"event_name":"The Mausoleum","player_choice":"Opened","floor":30.0,"gold_loss":0.0,"damage_taken":0.0,"relics_obtained":["Dream Catcher"],"cards_obtained":["Writhe"]},{"cards_removed":["Strike_R"],"damage_healed":0.0,"max_hp_gain":0.0,"max_hp_loss":0.0,"gold_gain":0.0,"event_name":"Falling","player_choice":"Removed Attack","floor":37.0,"gold_loss":0.0,"damage_taken":0.0},{"damage_healed":0,"gold_gain":0,"player_choice":"Fight","damage_taken":0,"max_hp_gain":0,"max_hp_loss":0,"event_name":"Mysterious Sphere","floor":48,"gold_loss":0}],"is_beta":false,"boss_relics":[{"not_picked":["Tiny House","Runic Dome"],"picked":"Coffee Dripper"},{"not_picked":["Sozu","Snecko Eye"],"picked":"Black Blood"}],"items_purged_floors":[20,31,36],"is_endless":false,"potions_floor_spawned":[2,4,5,7,11,18,33,35,44,46],"killed_by":"2 Orb Walkers","ascension_level":8}}