{"host":"d1za9dvx43o9v494","time":1609614271,"event":{"mods":["2.2 Compatiblity","BaseMod","Better-Laid Plans","Colored Map","Downfall","Emptier Cage","Minty Spire (QoL Compilation)","Permanent Neow","StSLib"],"gold_per_floor":[99,110,110,135,147,175,238,276,188,200,242,276,306,351,384,505,517,429,465,490,511,218,238,238,238,238,138,138,138],"floor_reached":28,"playtime":1846,"items_purged":[],"score":250,"play_id":"8026bfb5-e2ec-4228-af64-cf3ddeaec3fe","local_time":"20210102220431","is_ascension_mode":true,"campfire_choices":[{"data":"bronze:OilSpill","floor":1,"key":"SMITH"},{"data":"bronze:Goto","floor":9,"key":"SMITH"},{"data":"bronze:BurnOut","floor":18,"key":"SMITH"},{"floor":25,"key":"RECALL"},{"data":"bronze:WhirlingStrike","floor":27,"key":"SMITH"}],"circlet_count":0,"master_deck":["bronze:Strike","bronze:Defend","bronze:Defend","bronze:Defend","bronze:Defend","bronze:Replicate","bronze:Goto+1","bronze:OilSpill+1","bronze:FineTuning+1","bronze:OilSpill+1","bronze:WhirlingStrike+1","bronze:ShipIt","bronze:CutThrough","bronze:BurnOut+1","bronze:OilSpill","bronze:TinkerersToolbox","bronze:FineTuning"],"relics":["bronze:BronzeCore","MawBank","Eternal Feather","downfall:HeartBlessingBlue","CeramicFish","Torii","Empty Cage","downfall:HeartBlessingGreen","bronze:SilverBullet","Strange Spoon","Lantern","downfall:HeartBlessingRed"],"acts_visited":["Exordium","TheCity"],"potions_floor_usage":[11,13,16,16,16,22],"damage_taken":[{"damage":2,"enemies":"Small Slimes","floor":2,"turns":4},{"damage":1,"enemies":"2 Louse","floor":4,"turns":2},{"damage":1,"enemies":"Cultist","floor":6,"turns":3},{"damage":16,"enemies":"Gremlin Nob","floor":8,"turns":3},{"damage":22,"enemies":"3 Sentries","floor":11,"turns":7},{"damage":0,"enemies":"Lots of Slimes","floor":12,"turns":1},{"damage":0,"enemies":"2 Fungi Beasts","floor":13,"turns":2},{"damage":26,"enemies":"Lagavulin","floor":14,"turns":5},{"damage":12,"enemies":"Large Slime","floor":15,"turns":5},{"damage":20,"enemies":"downfall:Ironclad","floor":16,"turns":4},{"damage":11,"enemies":"Chosen","floor":19,"turns":4},{"damage":42,"enemies":"3 Cultists","floor":20,"turns":5},{"damage":5,"enemies":"downfall:FleeingMerchant","floor":22,"turns":4},{"damage":10,"enemies":"Chosen and Byrds","floor":23,"turns":5},{"damage":32,"enemies":"Centurion and Healer","floor":28,"turns":2}],"seed_played":"-4919419084145769857","potions_obtained":[{"floor":6,"key":"Regen Potion"},{"floor":8,"key":"FearPotion"},{"floor":11,"key":"Block Potion"},{"floor":14,"key":"Energy Potion"},{"floor":15,"key":"Strength Potion"},{"floor":20,"key":"AttackPotion"}],"is_trial":false,"path_per_floor":["R","M","?","M","?","M","T","E","R","?","E","M","M","E","M","B",null,"R","M","M","?","$","M","T","R","?","R","M"],"character_chosen":"THE_AUTOMATON","items_purchased":["bronze:SilverBullet","Strange Spoon"],"campfire_rested":0,"item_purchase_floors":[22,22],"current_hp_per_floor":[70,68,61,60,60,59,59,43,59,59,52,52,52,26,14,14,80,80,69,27,27,22,12,12,21,21,30,0,0],"gold":138,"neow_bonus":"THREE_CARDS","is_daily":false,"chose_seed":false,"campfire_upgraded":4,"win_rate":0.0,"timestamp":1609614271,"path_taken":["R","M","?","M","?","?","T","E","R","?","E","M","?","E","M","BOSS","R","M","M","?","$","?","T","R","?","R","M"],"items_purchased_type":["Relic","Relic"],"build_version":"2020-12-22","purchased_purges":0,"victory":false,"max_hp_per_floor":[70,70,70,70,70,70,70,70,80,80,80,80,80,80,80,80,80,80,80,80,80,80,80,80,80,80,80,80,80],"card_choices":[{"not_picked":["bronze:Terminator","bronze:Deprecate"],"picked":"bronze:OilSpill","floor":0},{"not_picked":["bronze:NullPointer","bronze:RecursiveStrike"],"picked":"bronze:FineTuning","floor":2},{"not_picked":["bronze:Branch","bronze:Shield"],"picked":"bronze:OilSpill","floor":4},{"not_picked":["bronze:Frontload","bronze:BugBarrage","bronze:SpaghettiCode"],"picked":"SKIP","floor":6},{"not_picked":["bronze:Assembly","bronze:Invalidate"],"picked":"bronze:WhirlingStrike","floor":8},{"not_picked":["bronze:ChildClass","bronze:Constructor","bronze:Frontload"],"picked":"SKIP","floor":11},{"not_picked":["bronze:Turbo","bronze:Flail"],"picked":"bronze:ShipIt","floor":12},{"not_picked":["bronze:ChildClass","bronze:ClassDefault","bronze:BronzeOrb"],"picked":"SKIP","floor":13},{"not_picked":["bronze:Frontload","bronze:Turbo","bronze:WildBeam"],"picked":"SKIP","floor":14},{"not_picked":["bronze:Philosophize","bronze:Return"],"picked":"bronze:CutThrough","floor":15},{"not_picked":["bronze:ThunderWave","bronze:Format"],"picked":"bronze:BurnOut","floor":16},{"not_picked":["bronze:Deprecate","bronze:DarkDash+1"],"picked":"bronze:OilSpill","floor":19},{"not_picked":["bronze:Terminator+1","bronze:ChildClass","bronze:Return"],"picked":"SKIP","floor":20},{"not_picked":["bronze:WildBeam+1","bronze:Philosophize+1","bronze:Turbo"],"picked":"SKIP","floor":22},{"not_picked":["bronze:Return","bronze:DelayedSlice+1"],"picked":"bronze:FineTuning","floor":23}],"player_experience":617079,"relics_obtained":[{"floor":8,"key":"Eternal Feather"},{"floor":11,"key":"CeramicFish"},{"floor":14,"key":"Torii"},{"floor":24,"key":"Lantern"}],"event_choices":[{"damage_healed":0,"gold_gain":0,"player_choice":"Success","damage_taken":7,"relics_obtained":["MawBank"],"max_hp_gain":0,"max_hp_loss":0,"event_name":"Scrap Ooze","floor":3,"gold_loss":0}],"is_beta":false,"boss_relics":[{"not_picked":["Snecko Eye","Astrolabe"],"picked":"Empty Cage"}],"items_purged_floors":[],"is_endless":false,"potions_floor_spawned":[6,8,11,14,15,20],"killed_by":"Centurion and Healer","ascension_level":1}}