{"host":"h4lp0eeso8a0ssq0","time":1609623968,"event":{"mods":["2.2 Compatiblity","AchievementEnabler","BaseMod","CapriCore","Colored Map","Lobotomy","Minty Spire (QoL Compilation)","StSLib","SuperFastMode"],"gold_per_floor":[115,115,115,128,144,160,177,177,202,235,250,267,43,43,43,145,145,158,58,71,71,71,71,71,101,179,179,54,73,73,83,83,188,188,202,202,202,217,67,84,95,95,95,95,145,165,15,33,33,33],"floor_reached":51,"playtime":1330,"items_purged":["Strike_R","Defend_R","Defend_R","Defend_R"],"score":669,"play_id":"067e8fc8-23dd-475b-b037-3eb45971d944","local_time":"20210103064608","is_ascension_mode":false,"campfire_choices":[{"data":"Flex","floor":15.0,"key":"SMITH"},{"data":"Exhume","floor":23.0,"key":"SMITH"},{"data":"Spot Weakness","floor":27.0,"key":"SMITH"},{"data":"Dual Wield","floor":32.0,"key":"SMITH"},{"data":"Double Tap","floor":42.0,"key":"SMITH"},{"data":"Battle Trance","floor":44.0,"key":"SMITH"},{"data":"Sword Boomerang","floor":49.0,"key":"SMITH"}],"circlet_count":0,"master_deck":["Strike_R+1","Strike_R+1","Strike_R+1","Bash+1","Shrug It Off","Shrug It Off","Wild Strike","Dual Wield+1","Flex+1","Battle Trance+1","Reaper","Inflame+1","Exhume+1","Spot Weakness+1","Sword Boomerang+1","Double Tap+1","Sword Boomerang+1","Pummel+1"],"relics":["Burning Blood","Pen Nib","Oddly Smooth Stone","Whetstone","Chemical X","Sozu","Bag of Preparation","Charon\u0027s Ashes","Velvet Choker","Calipers","Magic Flower","Brimstone"],"acts_visited":["Exordium","TheCity","TheBeyond"],"potions_floor_usage":[],"damage_taken":[{"damage":1.0,"enemies":"Cultist","floor":1.0,"turns":3.0},{"damage":2.0,"enemies":"2 Louse","floor":4.0,"turns":4.0},{"damage":2.0,"enemies":"Small Slimes","floor":5.0,"turns":5.0},{"damage":4.0,"enemies":"Blue Slaver","floor":6.0,"turns":4.0},{"damage":6.0,"enemies":"Lots of Slimes","floor":7.0,"turns":6.0},{"damage":27.0,"enemies":"Gremlin Nob","floor":10.0,"turns":4.0},{"damage":10.0,"enemies":"Large Slime","floor":11.0,"turns":5.0},{"damage":3.0,"enemies":"Blue Slaver","floor":12.0,"turns":3.0},{"damage":28.0,"enemies":"The Guardian","floor":16.0,"turns":14.0},{"damage":20.0,"enemies":"2 Thieves","floor":18.0,"turns":3.0},{"damage":17.0,"enemies":"3 Byrds","floor":20.0,"turns":6.0},{"damage":24.0,"enemies":"Book of Stabbing","floor":25.0,"turns":4.0},{"damage":20.0,"enemies":"Centurion and Healer","floor":29.0,"turns":4.0},{"damage":15.0,"enemies":"Snecko","floor":31.0,"turns":3.0},{"damage":25.0,"enemies":"Automaton","floor":33.0,"turns":6.0},{"damage":24.0,"enemies":"3 Shapes","floor":35.0,"turns":2.0},{"damage":0.0,"enemies":"Orb Walker","floor":38.0,"turns":2.0},{"damage":11.0,"enemies":"4 Shapes","floor":40.0,"turns":4.0},{"damage":0.0,"enemies":"Transient","floor":41.0,"turns":5.0},{"damage":0.0,"enemies":"Mind Bloom Boss Battle","floor":45.0,"turns":2.0},{"damage":36.0,"enemies":"Writhing Mass","floor":46.0,"turns":3.0},{"damage":0.0,"enemies":"Maw","floor":48.0,"turns":4.0},{"damage":67.0,"enemies":"Awakened One","floor":50.0,"turns":5.0},{"damage":72.0,"enemies":"Malkuth","floor":51.0,"turns":4.0}],"seed_played":"5168377024998072157","potions_obtained":[{"floor":6.0,"key":"Regen Potion"},{"floor":7.0,"key":"ColorlessPotion"},{"floor":11.0,"key":"CultistPotion"},{"floor":12.0,"key":"Fire Potion"}],"is_trial":false,"path_per_floor":["M","?","?","M","M","M","M","?","T","E","M","M","$","?","R","B",null,"M","$","M","?","?","R","?","E","T","R","$","M","?","M","R","B",null,"M","?","?","M","$","M","M","R","T","R","?","M","$","M","R","B",null,null],"character_chosen":"IRONCLAD","items_purchased":["Chemical X","Brimstone"],"campfire_rested":0,"item_purchase_floors":[13,47],"current_hp_per_floor":[80,85,68,72,76,78,78,78,78,66,62,65,65,65,65,43,85,77,77,85,85,85,85,85,67,67,67,67,79,79,74,74,66,85,85,85,85,85,85,80,85,85,85,85,85,85,85,85,85,85],"gold":33,"neow_bonus":"THREE_CARDS","is_daily":false,"chose_seed":false,"campfire_upgraded":7,"win_rate":0.0,"timestamp":1609623968,"path_taken":["M","?","?","M","M","M","M","?","T","E","M","?","$","?","R","BOSS","M","?","M","?","?","R","?","E","T","R","$","M","?","?","R","BOSS","M","?","?","M","$","M","M","R","T","R","?","M","$","M","R","BOSS"],"items_purchased_type":["Relic","Relic"],"build_version":"2020-12-22","purchased_purges":4,"victory":true,"max_hp_per_floor":[80,85,85,85,85,85,85,85,85,85,85,85,85,85,85,85,85,85,85,85,85,85,85,85,85,85,85,85,85,85,85,85,85,85,85,85,85,85,85,85,85,85,85,85,85,85,85,85,85,85],"card_choices":[{"not_picked":["Anger","Perfected Strike"],"picked":"Shrug It Off","floor":0.0},{"not_picked":["Body Slam","Heavy Blade","Cleave"],"picked":"SKIP","floor":1.0},{"not_picked":["Bloodletting","Iron Wave"],"picked":"Shrug It Off","floor":4.0},{"not_picked":["Heavy Blade","Seeing Red"],"picked":"Sword Boomerang","floor":5.0},{"not_picked":["Twin Strike","Thunderclap"],"picked":"Wild Strike","floor":6.0},{"not_picked":["Corruption","Searing Blow","Body Slam"],"picked":"SKIP","floor":7.0},{"not_picked":["Cleave","Anger"],"picked":"Dual Wield","floor":10.0},{"not_picked":["Twin Strike","Heavy Blade"],"picked":"Flex","floor":11.0},{"not_picked":["Clash","Headbutt"],"picked":"Battle Trance","floor":12.0},{"not_picked":["Brutality","Bludgeon"],"picked":"Reaper","floor":16.0},{"not_picked":["Headbutt+1","Anger"],"picked":"Inflame+1","floor":18.0},{"not_picked":["Intimidate","Flex","Iron Wave"],"picked":"SKIP","floor":20.0},{"not_picked":["Armaments","Shrug It Off"],"picked":"Spot Weakness","floor":25.0},{"not_picked":["Flex","Havoc+1","Thunderclap"],"picked":"SKIP","floor":29.0},{"not_picked":["True Grit","Sword Boomerang+1","Anger"],"picked":"SKIP","floor":31.0},{"not_picked":["True Grit","Anger"],"picked":"Sword Boomerang+1","floor":31.0},{"not_picked":["Exhume","Corruption"],"picked":"Double Tap","floor":33.0},{"not_picked":["Anger","Armaments+1","Seeing Red+1"],"picked":"SKIP","floor":35.0},{"not_picked":["Thunderclap","Warcry+1","Iron Wave+1"],"picked":"SKIP","floor":38.0},{"not_picked":["Sever Soul+1","Burning Pact+1","Armaments+1"],"picked":"SKIP","floor":40.0},{"not_picked":["Evolve","Havoc+1","Heavy Blade"],"picked":"SKIP","floor":41.0},{"not_picked":["Shrug It Off","Battle Trance+1"],"picked":"Sword Boomerang","floor":45.0},{"not_picked":["Demon Form","Shrug It Off+1"],"picked":"Pummel+1","floor":46.0},{"not_picked":["Wild Strike+1","Perfected Strike+1","Warcry"],"picked":"SKIP","floor":48.0}],"player_experience":35673,"relics_obtained":[{"floor":9.0,"key":"Oddly Smooth Stone"},{"floor":10.0,"key":"Whetstone"},{"floor":25.0,"key":"Bag of Preparation"},{"floor":43.0,"key":"Calipers"},{"floor":45.0,"key":"Magic Flower"}],"event_choices":[{"damage_healed":0.0,"max_hp_gain":5.0,"max_hp_loss":0.0,"gold_gain":0.0,"event_name":"Big Fish","player_choice":"Donut","floor":2.0,"gold_loss":0.0,"damage_taken":0.0},{"damage_healed":0.0,"max_hp_gain":0.0,"max_hp_loss":0.0,"gold_gain":0.0,"event_name":"Shining Light","player_choice":"Entered Light","floor":3.0,"gold_loss":0.0,"damage_taken":17.0,"cards_upgraded":["Strike_R","Strike_R"]},{"damage_healed":0.0,"max_hp_gain":0.0,"max_hp_loss":0.0,"gold_gain":0.0,"event_name":"WeMeetAgain","player_choice":"Gave Potion","floor":8.0,"gold_loss":0.0,"damage_taken":0.0,"relics_obtained":["Pen Nib"]},{"cards_removed":["Strike_R"],"damage_healed":0.0,"max_hp_gain":0.0,"max_hp_loss":0.0,"gold_gain":0.0,"event_name":"Purifier","player_choice":"Purged","floor":14.0,"gold_loss":0.0,"damage_taken":0.0},{"damage_healed":0.0,"max_hp_gain":0.0,"max_hp_loss":0.0,"gold_gain":0.0,"event_name":"The Library","player_choice":"Read","floor":21.0,"gold_loss":0.0,"damage_taken":0.0,"cards_obtained":["Exhume"]},{"cards_removed":["Defend_R"],"damage_healed":0.0,"max_hp_gain":0.0,"max_hp_loss":0.0,"gold_gain":0.0,"event_name":"Back to Basics","player_choice":"Elegance","floor":24.0,"gold_loss":0.0,"damage_taken":0.0},{"damage_healed":0.0,"max_hp_gain":0.0,"max_hp_loss":0.0,"gold_gain":0.0,"event_name":"The Mausoleum","player_choice":"Opened","floor":30.0,"gold_loss":0.0,"damage_taken":0.0,"relics_obtained":["Charon\u0027s Ashes"]},{"cards_removed":["Sword Boomerang"],"damage_healed":0.0,"max_hp_gain":0.0,"max_hp_loss":0.0,"gold_gain":0.0,"event_name":"Falling","player_choice":"Removed Attack","floor":36.0,"gold_loss":0.0,"damage_taken":0.0},{"damage_healed":0.0,"max_hp_gain":0.0,"max_hp_loss":0.0,"gold_gain":0.0,"event_name":"Tomb of Lord Red Mask","player_choice":"Ignored","floor":37.0,"gold_loss":0.0,"damage_taken":0.0},{"damage_healed":0.0,"max_hp_gain":0.0,"max_hp_loss":0.0,"gold_gain":0.0,"event_name":"MindBloom","player_choice":"Fight","floor":45.0,"gold_loss":0.0,"damage_taken":0.0}],"is_beta":false,"boss_relics":[{"not_picked":["Calling Bell","Empty Cage"],"picked":"Sozu"},{"not_picked":["Black Star","Fusion Hammer"],"picked":"Velvet Choker"}],"items_purged_floors":[13,19,28,39],"is_endless":false,"potions_floor_spawned":[6,7,11,12,25,35,38,41],"ascension_level":0}}