{"host":"3iouabftir4t7z56","time":1609602093,"event":{"mods":["2.2 Compatiblity","Act Like it!","BaseMod","Colored Map","Hallownest","Minty Spire (QoL Compilation)","StSLib","The Bug Knight"],"gold_per_floor":[214,230,230,240,256,289,309,234,258,285,303,303,303,82,82,82,82],"floor_reached":16,"playtime":848,"items_purged":["HollowMod:NailStrikeStart","HollowMod:InfectionAssault"],"score":112,"play_id":"0e65a126-c116-43ba-b4fe-a102405eb80a","local_time":"20210102164133","is_ascension_mode":false,"campfire_choices":[{"data":"HollowMod:GreatSlash","floor":13,"key":"SMITH"},{"floor":15,"key":"REST"}],"circlet_count":0,"master_deck":["HollowMod:NailStrikeStart","HollowMod:NailStrikeStart","HollowMod:NailStrikeStart","HollowMod:QuickDashStart","HollowMod:QuickDashStart","HollowMod:QuickDashStart","HollowMod:QuickDashStart","HollowMod:PogoStrike","HollowMod:GreatSlash+1","HollowMod:MantisMark","HollowMod:HuntersJournal","HollowMod:VengefulVoid","HollowMod:VengefulVoid","HollowMod:SiblingsShadow","HollowMod:DescendingDark"],"relics":["HollowMod:VesselMask","Hallownest:DreamNailRelic","Singing Bowl","Bronze Scales"],"acts_visited":["Hallownest:Greenpath"],"potions_floor_usage":[5,16],"damage_taken":[{"damage":10,"enemies":"Hallownest:monsterHuskGuard","floor":1,"turns":6},{"damage":4,"enemies":"Hallownest:2_Tiktiks_and_1_Crawlid","floor":2,"turns":3},{"damage":7,"enemies":"Hallownest:2_Baldur","floor":4,"turns":3},{"damage":0,"enemies":"Hallownest:monsterAspidMother","floor":5,"turns":3},{"damage":38,"enemies":"Hallownest:eliteMossKnight","floor":6,"turns":9},{"damage":18,"enemies":"Hallownest:Guard_and_Warrior","floor":7,"turns":5},{"damage":6,"enemies":"Hallownest:eliteVengeflyKing","floor":10,"turns":5},{"damage":10,"enemies":"Hallownest:Wandering_and_Horned","floor":11,"turns":3},{"damage":66,"enemies":"Hallownest:BossFalseKnight","floor":16,"turns":6}],"seed_played":"4743836045442167862","potions_obtained":[{"floor":1,"key":"Strength Potion"},{"floor":2,"key":"Fire Potion"},{"floor":10,"key":"GamblersBrew"}],"is_trial":false,"path_per_floor":["M","M","?","M","M","E","M","$","T","E","M","?","R","$","R","B"],"character_chosen":"THE_BUGKNIGHT","items_purchased":["HollowMod:SiblingsShadow","HollowMod:DescendingDark"],"campfire_rested":1,"item_purchase_floors":[14,14],"current_hp_per_floor":[72,68,68,67,73,43,37,37,37,41,31,31,31,31,54,0,0],"gold":82,"neow_bonus":"HUNDRED_GOLD","is_daily":false,"chose_seed":false,"campfire_upgraded":1,"win_rate":0.0,"timestamp":1609602093,"path_taken":["M","M","?","M","M","E","?","$","T","E","M","?","R","$","R","BOSS"],"items_purchased_type":["Card","Card"],"build_version":"2020-12-22","purchased_purges":2,"victory":false,"max_hp_per_floor":[75,75,75,75,75,77,79,79,79,79,79,79,79,79,79,79,79],"card_choices":[{"not_picked":["HollowMod:InfectionAssault","HollowMod:SiblingsSouls"],"picked":"HollowMod:GreatSlash","floor":1},{"not_picked":["HollowMod:DreamGate","HollowMod:HeavyBlow","HollowMod:LifebloodCocoon"],"picked":"SKIP","floor":2},{"not_picked":["HollowMod:MothsMistake","HollowMod:DashSlash"],"picked":"HollowMod:MantisMark","floor":4},{"not_picked":["HollowMod:InfectedCysts","HollowMod:MothsMistake"],"picked":"HollowMod:HuntersJournal","floor":5},{"not_picked":["HollowMod:DreamGate","HollowMod:CloakDash","HollowMod:TaintedHusks"],"picked":"Singing Bowl","floor":6},{"not_picked":["HollowMod:DashSlash","HollowMod:TaintedHusks","HollowMod:SoulStrike"],"picked":"Singing Bowl","floor":7},{"not_picked":["HollowMod:SharpenedNail","HollowMod:DoubleDash"],"picked":"HollowMod:VengefulVoid","floor":10},{"not_picked":["HollowMod:SoulEater","HollowMod:CloakDash"],"picked":"HollowMod:VengefulVoid","floor":11}],"player_experience":583413,"relics_obtained":[{"floor":6,"key":"Singing Bowl"},{"floor":10,"key":"Bronze Scales"}],"event_choices":[],"is_beta":false,"boss_relics":[],"items_purged_floors":[8,14],"is_endless":false,"potions_floor_spawned":[1,2,10],"killed_by":"Hallownest:BossFalseKnight","ascension_level":0}}