{"host":"7h92ovu14wtbhddo","time":1609600131,"event":{"mods":["AchievementEnabler","BaseMod","Downfall","Minty Spire (QoL Compilation)","StSLib","SuperFastMode"],"gold_per_floor":[99,99,99,99,199,124,124,148,176,194,205,205,215,228,242,339,339,339,350,363,85,85,99,99,24,44,54,54,54,54,89,107,202,202,202,212,79,95,195,225,249,282,30,40,66,6,6,16,33,33],"floor_reached":51,"playtime":3102,"items_purged":["Guardian:Strike_Guardian"],"score":992,"play_id":"801059d0-df6a-44a1-b967-297c7af4c1a4","local_time":"20210102230851","is_ascension_mode":true,"campfire_choices":[{"floor":1.0,"key":"RECALL"},{"data":"Guardian:Suspension","floor":6.0,"key":"SMITH"},{"data":"Guardian:Orbwalk","floor":12.0,"key":"SMITH"},{"data":"Guardian:Strike_Guardian","floor":18.0,"key":"PURGE"},{"data":"Guardian:Defend_Guardian","floor":25.0,"key":"PURGE"},{"data":"Apotheosis","floor":28.0,"key":"SMITH"},{"floor":30.0,"key":"REST"},{"data":"Guardian:CompilePackage","floor":35.0,"key":"SMITH"},{"data":"Decay","floor":47,"key":"PURGE"}],"circlet_count":0,"master_deck":["Guardian:Defend_Guardian+1","Guardian:Defend_Guardian+1","Guardian:CurlUp+1","Guardian:TwinSlam","Guardian:PrimingBeam","Guardian:Suspension+1","Guardian:Orbwalk+1","Guardian:FloatingOrbs","Guardian:Clone","Guardian:StasisEngine","Guardian:CompilePackage+1","Guardian:SentryBeam","Guardian:ShieldCharger","Apotheosis+1","Guardian:PrismaticBeam","Guardian:SphericShield","Guardian:Emergency","Guardian:MultiBeam+1","Guardian:CompilePackage","Guardian:MultiBeam+1","Guardian:ShieldCharger","expansioncontent:Chronoboost","Guardian:TemporalShield+1","Guardian:Orbwalk"],"relics":["Guardian:ModeShifter","downfall:HeartsMalice","Gremlin Horn","downfall:HeartBlessingRed","Peace Pipe","Regal Pillow","Pen Nib","Busted Crown","downfall:HeartBlessingBlue","Molten Egg 2","SlaversCollar","Singing Bowl","Vajra","downfall:GremlinSack","War Paint","Guardian:DefensiveModeMoreBlock","Strawberry","Shuriken","MawBank"],"acts_visited":["Exordium","TheCity","TheBeyond"],"potions_floor_usage":[],"damage_taken":[{"damage":0.0,"enemies":"2 Louse","floor":2.0,"turns":1.0},{"damage":0.0,"enemies":"downfall:Heads","floor":5.0,"turns":1.0},{"damage":0.0,"enemies":"Lagavulin","floor":9.0,"turns":1.0},{"damage":1.0,"enemies":"Jaw Worm","floor":10.0,"turns":2.0},{"damage":0.0,"enemies":"Small Slimes","floor":11.0,"turns":2.0},{"damage":2.0,"enemies":"Exordium Wildlife","floor":13.0,"turns":3.0},{"damage":5.0,"enemies":"3 Louse","floor":14.0,"turns":2.0},{"damage":0.0,"enemies":"Lots of Slimes","floor":15.0,"turns":2.0},{"damage":23.0,"enemies":"downfall:Silent","floor":16.0,"turns":6.0},{"damage":2.0,"enemies":"Chosen","floor":19.0,"turns":4.0},{"damage":6.0,"enemies":"Shell Parasite","floor":20.0,"turns":3.0},{"damage":0.0,"enemies":"downfall:FleeingMerchant","floor":21.0,"turns":4.0},{"damage":3.0,"enemies":"Centurion and Healer","floor":23.0,"turns":3.0},{"damage":12.0,"enemies":"Chosen and Byrds","floor":26.0,"turns":5.0},{"damage":6.0,"enemies":"Shelled Parasite and Fungi","floor":27.0,"turns":4.0},{"damage":0.0,"enemies":"Centurion and Healer","floor":29.0,"turns":1.0},{"damage":20.0,"enemies":"Slavers","floor":31.0,"turns":5.0},{"damage":21.0,"enemies":"Snake Plant","floor":32.0,"turns":3.0},{"damage":18.0,"enemies":"downfall:Ironclad","floor":33.0,"turns":4.0},{"damage":0.0,"enemies":"3 Shapes","floor":36.0,"turns":3.0},{"damage":0.0,"enemies":"downfall:FleeingMerchant","floor":37.0,"turns":3.0},{"damage":0.0,"enemies":"Orb Walker","floor":38.0,"turns":2.0},{"damage":0.0,"enemies":"Orb Walker","floor":39.0,"turns":2.0},{"damage":0.0,"enemies":"Giant Head","floor":40.0,"turns":5.0},{"damage":10.0,"enemies":"Reptomancer","floor":42.0,"turns":4.0},{"damage":7.0,"enemies":"Sphere and 2 Shapes","floor":44.0,"turns":2.0},{"damage":31,"enemies":"Nemesis","floor":45,"turns":5},{"damage":3,"enemies":"Transient","floor":48,"turns":5},{"damage":7,"enemies":"Spire Growth","floor":49,"turns":4},{"damage":0,"enemies":"downfall:Defect","floor":50,"turns":4}],"seed_played":"-118729236288441591","potions_obtained":[{"floor":9.0,"key":"SpeedPotion"},{"floor":11.0,"key":"Fire Potion"},{"floor":13.0,"key":"Explosive Potion"},{"floor":20.0,"key":"SmokeBomb"},{"floor":32.0,"key":"Slimebound:ThreeZeroPotion"},{"floor":45,"key":"Explosive Potion"},{"floor":49,"key":"Fire Potion"}],"is_trial":false,"path_per_floor":["R","M","?","?","?","R","T","T","E","M","M","R","M","M","M","B",null,"R","M","M","$","?","M","T","R","M","M","R","M","R","E","M","B",null,"R","M","$","M","?","E","T","E","$","M","E","$","R","M","M","B",null],"character_chosen":"GUARDIAN","items_purchased":["Apotheosis","Guardian:MultiBeam+1","Singing Bowl","Vajra","Shuriken","Guardian:Orbwalk"],"campfire_rested":1,"item_purchase_floors":[21,37,37,37,43,46],"current_hp_per_floor":[80,80,80,73,73,73,73,73,73,72,72,72,70,65,65,42,80,80,78,72,72,72,69,69,79,67,61,61,61,90,70,49,31,90,90,90,90,92,94,96,96,93,93,86,57,57,57,56,51,51],"gold":33,"neow_bonus":"THREE_ENEMY_KILL","is_daily":false,"chose_seed":false,"campfire_upgraded":4,"win_rate":0.0,"timestamp":1609600131,"path_taken":["R","M","?","?","?","R","T","?","E","M","M","R","?","M","M","BOSS","R","M","M","$","?","M","T","R","M","M","R","?","R","E","M","BOSS","R","M","$","M","?","E","T","E","?","M","E","$","R","M","M","BOSS"],"items_purchased_type":["Card","Card","Relic","Relic","Relic","Card"],"build_version":"2020-12-22","purchased_purges":1,"victory":true,"max_hp_per_floor":[80,80,80,80,80,80,80,80,80,80,80,80,80,80,80,80,80,80,80,80,80,80,80,80,90,90,90,90,90,90,90,90,90,90,90,90,90,92,94,96,96,103,103,103,105,105,105,107,109,109],"card_choices":[{"not_picked":["Guardian:ShieldCharger","Guardian:PrismaticBarrier"],"picked":"Guardian:Gem_Crimson","floor":2.0},{"not_picked":["Guardian:BaubleBeam","Guardian:RollAttack"],"picked":"Guardian:Suspension","floor":5.0},{"not_picked":["Guardian:EvasiveProtocol","Guardian:Suspension"],"picked":"Guardian:Orbwalk","floor":9.0},{"not_picked":["Guardian:Gem_Lightblue","Guardian:PiercingHide"],"picked":"Guardian:FloatingOrbs","floor":10.0},{"not_picked":["Guardian:Planning","Guardian:PrismaticBeam"],"picked":"Guardian:Gem_Red","floor":11.0},{"not_picked":["Guardian:VentSteam","Guardian:RefractedBeam"],"picked":"Guardian:Gem_Fragmented","floor":13.0},{"not_picked":["Guardian:PiercingHide","Guardian:ChargeCore"],"picked":"Guardian:Clone","floor":14.0},{"not_picked":["Guardian:Repulse","Guardian:Gem_Red"],"picked":"Guardian:StasisEngine","floor":15.0},{"not_picked":["Guardian:GatlingBeam","Guardian:StasisStrike"],"picked":"Guardian:CompilePackage","floor":16.0},{"not_picked":[],"picked":"Guardian:SentryBeam","floor":19.0},{"not_picked":[],"picked":"Guardian:ShieldCharger","floor":20.0},{"not_picked":["Guardian:ShieldCharger"],"picked":"SKIP","floor":21.0},{"not_picked":["Guardian:FloatingOrbs"],"picked":"SKIP","floor":23.0},{"not_picked":[],"picked":"Guardian:PrismaticBeam","floor":26.0},{"not_picked":["Guardian:RefractedBeam"],"picked":"SKIP","floor":27.0},{"not_picked":["Guardian:Planning"],"picked":"SKIP","floor":31.0},{"not_picked":["Guardian:PrismaticBarrier"],"picked":"SKIP","floor":32.0},{"not_picked":[],"picked":"Guardian:SphericShield","floor":33.0},{"not_picked":[],"picked":"Guardian:Emergency","floor":36.0},{"not_picked":["Guardian:TemporalStrike+1"],"picked":"SKIP","floor":37.0},{"not_picked":["Guardian:ChargeCore+1"],"picked":"Singing Bowl","floor":38.0},{"not_picked":["Guardian:Incinerate+1"],"picked":"Singing Bowl","floor":39.0},{"not_picked":["Guardian:FloatingOrbs"],"picked":"Singing Bowl","floor":40.0},{"not_picked":[],"picked":"Guardian:TemporalShield+1","floor":42.0},{"not_picked":[],"picked":"Guardian:Gem_Crimson","floor":44.0},{"not_picked":["Guardian:PrismaticBeam+1"],"picked":"Singing Bowl","floor":45},{"not_picked":["Guardian:ChargeCore+1"],"picked":"Singing Bowl","floor":48},{"not_picked":["Guardian:BronzeOrb+1"],"picked":"Singing Bowl","floor":49}],"player_experience":325401,"relics_obtained":[{"floor":7.0,"key":"Peace Pipe"},{"floor":8.0,"key":"Regal Pillow"},{"floor":9.0,"key":"Pen Nib"},{"floor":31.0,"key":"Molten Egg 2"},{"floor":39.0,"key":"downfall:GremlinSack"},{"floor":40.0,"key":"War Paint"},{"floor":41.0,"key":"Guardian:DefensiveModeMoreBlock"},{"floor":42.0,"key":"Strawberry"},{"floor":45,"key":"MawBank"}],"event_choices":[{"cards_removed":["Guardian:Strike_Guardian"],"damage_healed":0.0,"max_hp_gain":0.0,"max_hp_loss":0.0,"gold_gain":0.0,"event_name":"The Cleric","player_choice":"Card Removal","floor":3.0,"gold_loss":0.0,"damage_taken":0.0},{"damage_healed":0.0,"max_hp_gain":0.0,"max_hp_loss":0.0,"gold_gain":0.0,"event_name":"Scrap Ooze","player_choice":"Success","floor":4.0,"gold_loss":0.0,"damage_taken":7.0,"relics_obtained":["Gremlin Horn"]}],"is_beta":false,"boss_relics":[{"not_picked":["Guardian:StasisSlotReductionRelic","Fusion Hammer"],"picked":"Busted Crown"},{"not_picked":["Cursed Key","Black Star"],"picked":"SlaversCollar"}],"items_purged_floors":[21],"is_endless":false,"potions_floor_spawned":[9,11,13,16,20,23,26,32,33,38,39,45,49],"ascension_level":2}}