{"host":"7krnriczr1b2ou5r","time":1609592686,"event":{"mods":["BaseMod","Keyboard Shortcuts","Minty Spire (QoL Compilation)","Relic Stats","StSLib"],"gold_per_floor":[112,123,137,149,39,67,67,99,99,126,126,96,96,106,106,178,178,196,33,33,43,61,94,111,111,137,165,200,300,300,329,329,400,400,418,418,49,65,83,116,116,147,170,170,203,228,228,243,243,243,243,243,243,69,95,95],"floor_reached":57,"playtime":4857,"items_purged":["Strike_R+1"],"score":4032,"play_id":"2fda902f-572e-4baf-b18d-6a4eb8d94162","local_time":"20210102220446","is_ascension_mode":true,"campfire_choices":[{"data":"Searing Blow+4","floor":7,"key":"SMITH"},{"data":"Armaments","floor":11,"key":"SMITH"},{"data":"Searing Blow+6","floor":13,"key":"SMITH"},{"data":"Searing Blow+8","floor":15,"key":"SMITH"},{"data":"Searing Blow+13","floor":25,"key":"SMITH"},{"data":"Searing Blow+19","floor":32,"key":"SMITH"},{"data":"Seeing Red","floor":41,"key":"SMITH"},{"data":"Searing Blow+24","floor":44,"key":"SMITH"},{"data":"Searing Blow+25","floor":47,"key":"SMITH"},{"data":"Searing Blow+28","floor":49,"key":"SMITH"},{"data":"Searing Blow+29","floor":53,"key":"SMITH"}],"circlet_count":0,"master_deck":["AscendersBane","Bash+1","LessonLearned+1","Searing Blow+32","Offering+1","Exhume+1","Battle Trance+1","Fire Breathing+1","Shrug It Off+1","Armaments+1","Uppercut+1","CurseOfTheBell","Second Wind+1","Seeing Red+1","Crescendo+1"],"relics":["Burning Blood","Black Star","Membership Card","TheAbacus","Happy Flower","Vajra","Mummified Hand","Potion Belt","Bottled Tornado","Self Forming Clay","Turnip","Red Skull","Calling Bell","Oddly Smooth Stone","Meat on the Bone","Runic Pyramid","TheAbacus","Tiny Chest","The Courier","Centennial Puzzle","Whetstone","Bag of Preparation","White Beast Statue","Strawberry","Nunchaku","War Paint","StoneCalendar","Kunai","Toy Ornithopter","Shuriken","Orichalcum","Coffee Dripper","PrismaticShard","Pear","Ancient Tea Set","Bottled Lightning","InkBottle","Blood Vial","Sundial","StrikeDummy","WingedGreaves","Pen Nib","PreservedInsect","Mango","Juzu Bracelet","Lantern","Pantograph","Bag of Marbles","Boot","Bronze Scales","Anchor","Paper Frog","Bottled Flame","Letter Opener","HornCleat","Ornamental Fan","Mercury Hourglass","Magic Flower","Blue Candle","Eternal Feather","Art of War","Torii","Ice Cream","Thread and Needle","FossilizedHelix","Charon\u0027s Ashes","Champion Belt","Frozen Eye","Incense Burner","Gambling Chip"],"acts_visited":["Exordium","TheCity","TheBeyond","TheEnding"],"potions_floor_usage":[6,18,24,29,56,56,56,56,56,56,56,56,56,56],"damage_taken":[{"damage":1,"enemies":"Cultist","floor":1,"turns":3},{"damage":9,"enemies":"2 Louse","floor":2,"turns":3},{"damage":7,"enemies":"Jaw Worm","floor":3,"turns":2},{"damage":6,"enemies":"Exordium Thugs","floor":4,"turns":3},{"damage":14,"enemies":"3 Sentries","floor":6,"turns":4},{"damage":6,"enemies":"Lagavulin","floor":8,"turns":3},{"damage":6,"enemies":"Gremlin Nob","floor":10,"turns":1},{"damage":6,"enemies":"3 Louse","floor":14,"turns":1},{"damage":6,"enemies":"Slime Boss","floor":16,"turns":3},{"damage":15,"enemies":"2 Thieves","floor":18,"turns":3},{"damage":9,"enemies":"3 Byrds","floor":21,"turns":5},{"damage":6,"enemies":"Snecko","floor":22,"turns":4},{"damage":6,"enemies":"Gremlin Leader","floor":23,"turns":2},{"damage":6,"enemies":"Centurion and Healer","floor":24,"turns":2},{"damage":6,"enemies":"Slavers","floor":27,"turns":4},{"damage":12,"enemies":"Gremlin Leader","floor":28,"turns":6},{"damage":12,"enemies":"Colosseum Slavers","floor":29,"turns":4},{"damage":6,"enemies":"Colosseum Nobs","floor":29,"turns":2},{"damage":0,"enemies":"Book of Stabbing","floor":31,"turns":1},{"damage":6,"enemies":"Champ","floor":33,"turns":2},{"damage":0,"enemies":"3 Shapes","floor":35,"turns":3},{"damage":11,"enemies":"3 Darklings","floor":38,"turns":3},{"damage":0,"enemies":"Writhing Mass","floor":39,"turns":1},{"damage":6,"enemies":"Giant Head","floor":40,"turns":1},{"damage":0,"enemies":"Reptomancer","floor":42,"turns":1},{"damage":15,"enemies":"Nemesis","floor":45,"turns":3},{"damage":0,"enemies":"Reptomancer","floor":46,"turns":1},{"damage":0,"enemies":"Sphere and 2 Shapes","floor":48,"turns":2},{"damage":0,"enemies":"Time Eater","floor":50,"turns":1},{"damage":12,"enemies":"Donu and Deca","floor":51,"turns":2},{"damage":6,"enemies":"Shield and Spear","floor":55,"turns":2},{"damage":0,"enemies":"The Heart","floor":56,"turns":5}],"seed_played":"-2987526897292938997","potions_obtained":[{"floor":1,"key":"Dexterity Potion"},{"floor":4,"key":"GamblersBrew"},{"floor":6,"key":"AttackPotion"},{"floor":12,"key":"FairyPotion"},{"floor":12,"key":"Explosive Potion"},{"floor":18,"key":"Fruit Juice"},{"floor":24,"key":"LiquidBronze"},{"floor":29,"key":"Weak Potion"},{"floor":55,"key":"EntropicBrew"}],"is_trial":false,"path_per_floor":["M","M","M","M","$","E","R","E","T","E","R","?","R","M","R","B",null,"M","$","?","M","M","E","M","R","T","E","E","?","T","E","R","B",null,"M","?","$","M","M","E","R","E","T","R","E","E","R","M","R","B","B",null,"R","$","E","B",null],"character_chosen":"IRONCLAD","items_purchased":["Shrug It Off","Happy Flower","TheAbacus","Tiny Chest","PrismaticShard","Pear","Ancient Tea Set","Bottled Lightning","Lantern","Pantograph","Bag of Marbles","Boot","Bronze Scales","Anchor","Paper Frog","Bottled Flame","Letter Opener","HornCleat","Ornamental Fan","Mercury Hourglass","Magic Flower","Blue Candle","Eternal Feather","Art of War","Torii","Ice Cream","Thread and Needle","FossilizedHelix","Charon\u0027s Ashes","Champion Belt","Frozen Eye"],"campfire_rested":0,"item_purchase_floors":[5,5,19,19,37,37,37,37,54,54,54,54,54,54,54,54,54,54,54,54,54,54,54,54,54,54,54,54,54,54,54],"current_hp_per_floor":[55,52,51,51,51,43,43,43,43,43,43,43,43,43,43,43,67,58,58,58,55,55,55,60,60,60,67,61,55,55,61,61,61,81,87,87,97,92,97,97,97,97,97,97,88,110,110,111,111,111,105,110,110,110,111,111],"gold":95,"neow_bonus":"REMOVE_TWO","is_daily":false,"chose_seed":false,"campfire_upgraded":11,"win_rate":0.0,"timestamp":1609592686,"path_taken":["M","M","M","M","?","E","R","E","T","E","R","?","R","M","R","BOSS","M","$","?","M","M","E","?","R","T","E","E","?","?","E","R","BOSS","M","?","?","M","M","E","R","E","T","R","E","E","R","M","R","BOSS","BOSS","R","$","E","BOSS"],"items_purchased_type":["Card","Relic","Relic","Relic","Relic","Relic","Relic","Relic","Relic","Relic","Relic","Relic","Relic","Relic","Relic","Relic","Relic","Relic","Relic","Relic","Relic","Relic","Relic","Relic","Relic","Relic","Relic","Relic","Relic","Relic","Relic"],"build_version":"2020-12-22","purchased_purges":1,"victory":true,"max_hp_per_floor":[75,75,75,75,75,75,75,75,75,75,75,75,75,75,75,75,75,75,75,75,75,75,75,80,80,80,87,87,87,87,87,87,87,87,87,87,97,97,97,97,97,97,97,97,97,111,111,111,111,111,111,111,111,111,111,111],"relic_stats":{"Torii":0,"Magic Flower":[0],"StoneCalendar":[0],"Bag of Preparation":[36],"Juzu Bracelet":0,"Whetstone":["Searing Blow"],"Boot":[0],"Burning Blood":167,"Blood Vial":4,"Centennial Puzzle":[23],"Nunchaku":[5],"TheAbacus":[474],"Mummified Hand":[29],"Sundial":[4],"Pantograph":0,"Gambling Chip":[3],"Tiny Chest":1,"Kunai":[6],"InkBottle":[2],"Happy Flower":[24],"counters":[32,83],"Self Forming Clay":[63],"Blue Candle":[1],"Eternal Feather":0,"Pen Nib":[2],"PreservedInsect":138,"Charon\u0027s Ashes":[21],"Letter Opener":[10],"War Paint":[],"Orichalcum":[24],"Mercury Hourglass":[24],"Shuriken":[6],"Ornamental Fan":[8],"Bronze Scales":[54],"Turnip":[4],"Black Star":12,"Art of War":[0],"Champion Belt":[7],"obtain_stats":[{"Ice Cream":54,"Vajra":6,"Whetstone":23,"Bottled Tornado":8,"Boot":54,"Blood Vial":40,"Centennial Puzzle":23,"HornCleat":54,"Sundial":42,"Strawberry":27,"Kunai":29,"Pear":37,"Happy Flower":5,"Dead Branch":17,"Blue Candle":54,"Oddly Smooth Stone":17,"Eternal Feather":54,"Pen Nib":45,"Charon\u0027s Ashes":54,"Letter Opener":54,"War Paint":28,"Bottled Flame":54,"Shuriken":31,"Bronze Scales":54,"Black Star":0,"StrikeDummy":42,"Meat on the Bone":17,"Lantern":54,"Torii":54,"Magic Flower":54,"StoneCalendar":29,"Mango":46,"Bag of Preparation":26,"Juzu Bracelet":46,"Incense Burner":55,"PrismaticShard":37,"Ancient Tea Set":37,"Burning Blood":0,"Frozen Eye":54,"Nunchaku":28,"TheAbacus":4,"Mummified Hand":6,"Pantograph":54,"Gambling Chip":55,"Tiny Chest":19,"WingedGreaves":0,"Red Skull":10,"InkBottle":40,"Runic Pyramid":18,"Paper Frog":54,"Potion Belt":8,"Self Forming Clay":9,"Thread and Needle":54,"The Courier":19,"PreservedInsect":45,"Orichalcum":31,"White Beast Statue":27,"Mercury Hourglass":54,"Calling Bell":17,"Anchor":54,"Ornamental Fan":54,"Turnip":10,"Coffee Dripper":34,"Bag of Marbles":54,"Art of War":54,"Membership Card":0,"Bottled Lightning":37,"Champion Belt":54,"Toy Ornithopter":30,"FossilizedHelix":54},{"Ice Cream":30,"Vajra":5,"Whetstone":13,"Bottled Tornado":6,"Boot":30,"Blood Vial":24,"Centennial Puzzle":13,"HornCleat":30,"Sundial":25,"Strawberry":15,"Kunai":18,"Pear":21,"Happy Flower":4,"Dead Branch":9,"Blue Candle":30,"Oddly Smooth Stone":9,"Eternal Feather":30,"Pen Nib":26,"Charon\u0027s Ashes":30,"Letter Opener":30,"War Paint":16,"Bottled Flame":30,"Shuriken":19,"Bronze Scales":30,"Black Star":0,"StrikeDummy":25,"Meat on the Bone":9,"Lantern":30,"Torii":30,"Magic Flower":30,"StoneCalendar":18,"Mango":27,"Bag of Preparation":14,"Juzu Bracelet":27,"Incense Burner":31,"PrismaticShard":21,"Ancient Tea Set":21,"Burning Blood":0,"Frozen Eye":30,"Nunchaku":16,"TheAbacus":4,"Mummified Hand":5,"Pantograph":30,"Gambling Chip":31,"Tiny Chest":10,"WingedGreaves":0,"Red Skull":7,"InkBottle":24,"Runic Pyramid":10,"Paper Frog":30,"Potion Belt":6,"Self Forming Clay":6,"Thread and Needle":30,"The Courier":10,"PreservedInsect":26,"Orichalcum":19,"White Beast Statue":15,"Mercury Hourglass":30,"Calling Bell":9,"Anchor":30,"Ornamental Fan":30,"Turnip":7,"Coffee Dripper":20,"Bag of Marbles":30,"Art of War":30,"Membership Card":0,"Bottled Lightning":21,"Champion Belt":30,"Toy Ornithopter":18,"FossilizedHelix":30},{"Ice Cream":76,"Vajra":15,"Whetstone":37,"Bottled Tornado":18,"Boot":76,"Blood Vial":66,"Centennial Puzzle":37,"HornCleat":76,"Sundial":67,"Strawberry":43,"Kunai":55,"Pear":61,"Happy Flower":11,"Dead Branch":23,"Blue Candle":76,"Oddly Smooth Stone":23,"Eternal Feather":76,"Pen Nib":70,"Charon\u0027s Ashes":76,"Letter Opener":76,"War Paint":49,"Bottled Flame":76,"Shuriken":56,"Bronze Scales":76,"Black Star":0,"StrikeDummy":67,"Meat on the Bone":23,"Lantern":76,"Torii":76,"Magic Flower":76,"StoneCalendar":55,"Mango":71,"Bag of Preparation":39,"Juzu Bracelet":71,"Incense Burner":78,"PrismaticShard":61,"Ancient Tea Set":61,"Burning Blood":0,"Frozen Eye":76,"Nunchaku":49,"TheAbacus":11,"Mummified Hand":15,"Pantograph":76,"Gambling Chip":78,"Tiny Chest":26,"WingedGreaves":0,"Red Skull":19,"InkBottle":66,"Runic Pyramid":24,"Paper Frog":76,"Potion Belt":18,"Self Forming Clay":18,"Thread and Needle":76,"The Courier":26,"PreservedInsect":70,"Orichalcum":56,"White Beast Statue":43,"Mercury Hourglass":76,"Calling Bell":23,"Anchor":76,"Ornamental Fan":76,"Turnip":19,"Coffee Dripper":58,"Bag of Marbles":76,"Art of War":76,"Membership Card":0,"Bottled Lightning":61,"Champion Belt":76,"Toy Ornithopter":55,"FossilizedHelix":76}],"Toy Ornithopter":0,"Meat on the Bone":0},"card_choices":[{"not_picked":["Headbutt","Cleave"],"picked":"Battle Trance","floor":1},{"not_picked":["Armaments","Infernal Blade","Warcry"],"picked":"SKIP","floor":2},{"not_picked":["Combust","Metallicize","Flex"],"picked":"SKIP","floor":3},{"not_picked":["Clothesline","Hemokinesis"],"picked":"Fire Breathing","floor":4},{"not_picked":["Combust","Anger","Havoc"],"picked":"SKIP","floor":6},{"not_picked":["Searing Blow","Brutality"],"picked":"Armaments","floor":8},{"not_picked":["Rupture","Battle Trance"],"picked":"Uppercut","floor":10},{"not_picked":["Uppercut","Rampage","Iron Wave"],"picked":"SKIP","floor":14},{"not_picked":["Second Wind","Thunderclap+1","Rage"],"picked":"SKIP","floor":18},{"not_picked":["Demon Form","Headbutt","Perfected Strike"],"picked":"SKIP","floor":21},{"not_picked":["Pummel","Fire Breathing","Dual Wield"],"picked":"SKIP","floor":22},{"not_picked":["Dark Embrace","Infernal Blade","Metallicize"],"picked":"SKIP","floor":23},{"not_picked":["Battle Trance","True Grit","Flame Barrier"],"picked":"SKIP","floor":24},{"not_picked":["Rampage","Evolve","Feel No Pain"],"picked":"SKIP","floor":27},{"not_picked":["Evolve","Heavy Blade","Clothesline"],"picked":"SKIP","floor":28},{"not_picked":["Shrug It Off","Inflame"],"picked":"Second Wind","floor":29},{"not_picked":["Iron Wave","Armaments","Fiend Fire"],"picked":"SKIP","floor":31},{"not_picked":["Anger","Flame Barrier+1"],"picked":"Seeing Red","floor":35},{"not_picked":["Gash+1","Coolheaded","Searing Blow+1"],"picked":"SKIP","floor":38},{"not_picked":["Fasting2+1","Blood for Blood","Blade Dance"],"picked":"SKIP","floor":39},{"not_picked":["Force Field","Ragnarok","EmptyFist"],"picked":"SKIP","floor":40},{"not_picked":["Defragment","Backflip+1"],"picked":"Crescendo+1","floor":42},{"not_picked":["Power Through","Hologram","Underhanded Strike+1"],"picked":"SKIP","floor":45},{"not_picked":["CrushJoints","Limit Break","Coolheaded"],"picked":"SKIP","floor":46},{"not_picked":["Prepared+1","Thunderclap+1","Dual Wield"],"picked":"SKIP","floor":48},{"not_picked":["Blizzard","Study","Stack"],"picked":"SKIP","floor":55}],"player_experience":1057524,"relics_obtained":[{"floor":6,"key":"Vajra"},{"floor":6,"key":"Mummified Hand"},{"floor":8,"key":"Potion Belt"},{"floor":8,"key":"Bottled Tornado"},{"floor":9,"key":"Self Forming Clay"},{"floor":10,"key":"Turnip"},{"floor":10,"key":"Red Skull"},{"floor":17,"key":"Oddly Smooth Stone"},{"floor":17,"key":"Meat on the Bone"},{"floor":17,"key":"Dead Branch"},{"floor":23,"key":"Centennial Puzzle"},{"floor":23,"key":"Whetstone"},{"floor":26,"key":"Bag of Preparation"},{"floor":27,"key":"White Beast Statue"},{"floor":27,"key":"Strawberry"},{"floor":28,"key":"Nunchaku"},{"floor":28,"key":"War Paint"},{"floor":29,"key":"StoneCalendar"},{"floor":29,"key":"Kunai"},{"floor":30,"key":"Toy Ornithopter"},{"floor":31,"key":"Shuriken"},{"floor":31,"key":"Orichalcum"},{"floor":40,"key":"InkBottle"},{"floor":40,"key":"Blood Vial"},{"floor":42,"key":"Sundial"},{"floor":42,"key":"StrikeDummy"},{"floor":45,"key":"Pen Nib"},{"floor":45,"key":"PreservedInsect"},{"floor":46,"key":"Mango"},{"floor":46,"key":"Juzu Bracelet"},{"floor":55,"key":"Incense Burner"},{"floor":55,"key":"Gambling Chip"}],"event_choices":[{"damage_healed":0,"gold_gain":0,"player_choice":"Bought 2 Potions","damage_taken":0,"max_hp_gain":0,"max_hp_loss":0,"event_name":"The Woman in Blue","floor":12,"gold_loss":0},{"cards_removed":["Defend_R"],"damage_healed":0,"gold_gain":0,"player_choice":"Purged","damage_taken":0,"max_hp_gain":0,"max_hp_loss":0,"event_name":"Purifier","floor":20,"gold_loss":0},{"damage_healed":0,"gold_gain":0,"player_choice":"Fight","damage_taken":0,"max_hp_gain":0,"max_hp_loss":0,"event_name":"Colosseum","floor":29,"gold_loss":0},{"damage_healed":0,"gold_gain":0,"player_choice":"Fought Nobs","damage_taken":0,"max_hp_gain":0,"max_hp_loss":0,"event_name":"Colosseum","floor":29,"gold_loss":0},{"damage_healed":0,"gold_gain":0,"player_choice":"0 cards matched","damage_taken":0,"max_hp_gain":0,"max_hp_loss":0,"event_name":"Match and Keep!","floor":36,"gold_loss":0,"cards_obtained":[]}],"is_beta":false,"boss_relics":[{"not_picked":["Ectoplasm","Snecko Eye"],"picked":"Calling Bell"},{"not_picked":["Runic Cube","Sozu"],"picked":"Coffee Dripper"}],"items_purged_floors":[37],"is_endless":false,"potions_floor_spawned":[1,4,6,16,18,24,28,29,29,31,33,35,38,39,40,42,45,46,48,55],"ascension_level":20}}