{"host":"ufl0k2so27eic2iy","time":1609584248,"event":{"mods":["BaseMod","Minty Spire (QoL Compilation)","StSLib","The Animator"],"gold_per_floor":[110,128,154,79,154,154,185,185,210,250,268,24,24,44,44,116,116,130,171,184,184,201,226,226,253,280,305,230,256,256,306,306,406,406,425,443,454,141,166,194,206,206,233,250,263,263,277,298,298,306,306,306,12,50,50,50],"floor_reached":55,"playtime":3548,"items_purged":["animator:Strike","animator:Strike","animator:Strike"],"score":1527,"play_id":"a3168c76-fb22-4f75-9f34-be4bece766ac","local_time":"20210102104408","is_ascension_mode":true,"campfire_choices":[{"data":"animator:Shigure","floor":6.0,"key":"SMITH"},{"floor":8.0,"key":"REST"},{"data":"animator:HidekiHinata","floor":13.0,"key":"SMITH"},{"data":"animator:Mikaela","floor":15.0,"key":"SMITH"},{"data":"animator:Elesis","floor":24.0,"key":"SMITH"},{"floor":32,"key":"REST"},{"floor":46,"key":"RECALL"},{"floor":49,"key":"REST"},{"data":"1","floor":52,"key":"LIFT"}],"circlet_count":0,"master_deck":["AscendersBane","animator:Strike_OwariNoSeraph+1","animator:Defend_OwariNoSeraph","animator:Defend","animator:Defend","animator:Defend+1","animator:Shinoa+1","animator:Mikaela","animator:Benimaru","animator:HidekiHinata+1","animator:Shigure+1","animator:Yuuichirou","animator:Mitsuba","animator:Mikaela+1","animator:Elesis+2","animator:Yoichi","animator:RoyMustang","animator:Chaa+1","animator:TohkaYatogami","animator:Priestess","animator:FeridBathory","animator:Priestess","animator:Shinoa","animator:HiiragiShinya","animator:Kaijin","animator:Vesta","animator:Shinoa","Injury","animator:Yusa","Parasite","animator:GuildGirl+1","animator:Guren","animator:YuriNakamura"],"relics":["animator:LivingPicture","animator:TheMissingPiece","Oddly Smooth Stone","War Paint","Bag of Preparation","animator:Hoodie","animator:ShionDessert","Cursed Key","Red Mask","Sundial","Blood Vial","Lantern","Regal Pillow","Blood Vial","Velvet Choker","animator:PurpleTeddyBear","Girya","Nunchaku"],"acts_visited":["Exordium","TheCity","TheBeyond","TheEnding"],"potions_floor_usage":[50,54],"damage_taken":[{"damage":0.0,"enemies":"Small Slimes","floor":1.0,"turns":4.0},{"damage":6.0,"enemies":"2 Louse","floor":2.0,"turns":3.0},{"damage":2.0,"enemies":"Cultist","floor":3.0,"turns":3.0},{"damage":22.0,"enemies":"Gremlin Nob","floor":7.0,"turns":4.0},{"damage":17.0,"enemies":"Lagavulin","floor":10.0,"turns":6.0},{"damage":0.0,"enemies":"Blue Slaver","floor":11.0,"turns":3.0},{"damage":0.0,"enemies":"Large Slime","floor":14.0,"turns":3.0},{"damage":0.0,"enemies":"Slime Boss","floor":16.0,"turns":8.0},{"damage":0.0,"enemies":"Chosen","floor":18.0,"turns":4.0},{"damage":0.0,"enemies":"Masked Bandits","floor":19.0,"turns":4.0},{"damage":1.0,"enemies":"3 Byrds","floor":20.0,"turns":4.0},{"damage":5.0,"enemies":"Shelled Parasite and Fungi","floor":22.0,"turns":6.0},{"damage":37.0,"enemies":"Book of Stabbing","floor":23.0,"turns":6.0},{"damage":4.0,"enemies":"Snake Plant","floor":25.0,"turns":4.0},{"damage":9.0,"enemies":"Gremlin Leader","floor":27.0,"turns":6.0},{"damage":47.0,"enemies":"animator:HornedBat","floor":29.0,"turns":8.0},{"damage":2,"enemies":"Colosseum Slavers","floor":30,"turns":3},{"damage":38,"enemies":"Automaton","floor":33,"turns":9},{"damage":26,"enemies":"3 Darklings","floor":35,"turns":6},{"damage":0,"enemies":"Orb Walker","floor":36,"turns":2},{"damage":7,"enemies":"Sphere and 2 Shapes","floor":37,"turns":4},{"damage":0,"enemies":"Mind Bloom Boss Battle","floor":39,"turns":3},{"damage":0,"enemies":"Reptomancer","floor":40,"turns":8},{"damage":4,"enemies":"Transient","floor":41,"turns":5},{"damage":1,"enemies":"3 Darklings","floor":44,"turns":5},{"damage":5,"enemies":"Writhing Mass","floor":45,"turns":7},{"damage":15,"enemies":"Maw","floor":47,"turns":7},{"damage":0,"enemies":"Spire Growth","floor":48,"turns":5},{"damage":0,"enemies":"Donu and Deca","floor":50,"turns":9},{"damage":17,"enemies":"Shield and Spear","floor":54,"turns":10},{"damage":83,"enemies":"The Heart","floor":55,"turns":6}],"seed_played":"-4658111845204355185","potions_obtained":[{"floor":1.0,"key":"animator:FalseLifePotion"},{"floor":2.0,"key":"SteroidPotion"},{"floor":10.0,"key":"Energy Potion"},{"floor":11.0,"key":"EntropicBrew"},{"floor":18.0,"key":"FairyPotion"},{"floor":36,"key":"CultistPotion"},{"floor":37,"key":"EssenceOfSteel"},{"floor":39,"key":"animator:FalseLifePotion"}],"is_trial":false,"path_per_floor":["M","M","M","$","?","R","E","R","T","E","M","$","R","M","R","B",null,"M","?","M","$","M","E","R","M","T","E","?","E","?","?","R","B",null,"M","M","M","$","?","E","M","?","T","M","M","R","M","M","R","B",null,"R","$","E","B"],"character_chosen":"THE_ANIMATOR","items_purchased":["animator:ShionDessert","animator:HiiragiShinya","animator:Kaijin","animator:Vesta","animator:Guren","animator:YuriNakamura"],"campfire_rested":3,"item_purchase_floors":[12,38,38,38,53,53],"current_hp_per_floor":[54,48,46,46,35,35,14,32,32,15,18,18,18,21,21,24,59,63,66,65,65,60,38,38,34,34,27,27,5,5,5,43,7,60,38,45,42,42,49,56,56,56,56,59,58,58,48,55,86,89,89,89,89,72,0,0],"gold":50,"neow_bonus":"RANDOM_COMMON_RELIC","is_daily":false,"chose_seed":true,"campfire_upgraded":4,"win_rate":0.0,"timestamp":1609584248,"path_taken":["M","M","M","$","?","R","E","R","T","E","M","$","R","M","R","BOSS","M","?","M","$","M","E","R","M","T","E","?","E","?","?","R","BOSS","M","M","M","$","?","E","M","?","T","M","M","R","M","M","R","BOSS","R","$","E","BOSS"],"items_purchased_type":["Relic","Card","Card","Card","Card","Card"],"build_version":"2020-12-22","purchased_purges":3,"victory":false,"max_hp_per_floor":[60,60,60,60,60,60,61,61,61,61,64,64,64,67,67,70,70,74,77,77,77,77,77,77,77,77,77,77,77,77,77,77,77,77,77,80,80,80,83,86,86,82,82,82,82,82,83,86,86,89,89,89,89,89,89,89],"card_choices":[{"not_picked":["animator:WinryRockbell","animator:Ain"],"picked":"animator:Benimaru","floor":1.0},{"not_picked":["animator:LizardPriest","animator:Shinoa"],"picked":"animator:HidekiHinata","floor":2.0},{"not_picked":["animator:ElricAlphonse","animator:MaesHughes"],"picked":"animator:Shigure","floor":3.0},{"not_picked":["animator:Shigure","animator:Mitsuba"],"picked":"animator:Yuuichirou","floor":7.0},{"not_picked":["animator:MaesHughes","animator:MikuIzayoi"],"picked":"animator:Mitsuba","floor":10.0},{"not_picked":["animator:ElricEdward","animator:Yusa"],"picked":"animator:Mikaela","floor":11.0},{"not_picked":["animator:Natsumi","animator:ElricAlphonse","animator:Benimaru"],"picked":"SKIP","floor":14.0},{"not_picked":["animator:Greed","animator:Father"],"picked":"animator:Elesis","floor":16.0},{"not_picked":["animator:Mikaela","animator:Mitsuba"],"picked":"animator:Yoichi","floor":18.0},{"not_picked":["animator:HighElfArcher","animator:DwarfShaman"],"picked":"animator:RoyMustang","floor":19.0},{"not_picked":["animator:Vesta","animator:Priestess"],"picked":"animator:Chaa+1","floor":20.0},{"not_picked":["animator:YuzuruOtonashi","animator:MaesHughes"],"picked":"animator:TohkaYatogami","floor":22.0},{"not_picked":["animator:Gluttony","animator:Ara","animator:GazelDwargon"],"picked":"SKIP","floor":23.0},{"not_picked":["animator:DwarfShaman","animator:LizardPriest"],"picked":"animator:Priestess","floor":25.0},{"not_picked":["animator:RoyMustang","animator:Laby","animator:Elesis"],"picked":"SKIP","floor":27.0},{"not_picked":["animator:Lu","animator:Millim","animator:Natsumi"],"picked":"SKIP","floor":29},{"not_picked":["animator:KurumiTokisaki","animator:Shizu"],"picked":"animator:FeridBathory","floor":33},{"not_picked":["animator:Shion","animator:CrowleyEusford","animator:Yui"],"picked":"SKIP","floor":35},{"not_picked":["animator:Witch","animator:LizardPriest"],"picked":"animator:Priestess","floor":36},{"not_picked":["animator:Shuna","animator:Yui+1"],"picked":"animator:Shinoa","floor":37},{"not_picked":["animator:Souei","animator:YoshinoHimekawa","animator:Pride"],"picked":"SKIP","floor":40},{"not_picked":["animator:Ara","animator:Yuuichirou"],"picked":"animator:Shinoa","floor":41},{"not_picked":["animator:Noda","animator:HidekiHinata"],"picked":"animator:Yusa","floor":44},{"not_picked":["animator:Yuuichirou+1","animator:Ciel+1","animator:Shinoa"],"picked":"SKIP","floor":45},{"not_picked":["animator:Mikaela+1","animator:Yoichi"],"picked":"animator:GuildGirl+1","floor":47},{"not_picked":["animator:Add","animator:DwarfShaman+1","animator:Elsword"],"picked":"SKIP","floor":48}],"player_experience":2400424,"relics_obtained":[{"floor":7.0,"key":"War Paint"},{"floor":9.0,"key":"Bag of Preparation"},{"floor":10.0,"key":"animator:Hoodie"},{"floor":19.0,"key":"Red Mask"},{"floor":23.0,"key":"Sundial"},{"floor":26.0,"key":"Blood Vial"},{"floor":27.0,"key":"Lantern"},{"floor":29,"key":"Regal Pillow"},{"floor":33,"key":"Blood Vial"},{"floor":39,"key":"animator:PurpleTeddyBear"},{"floor":40,"key":"Girya"},{"floor":54,"key":"Nunchaku"}],"event_choices":[{"damage_healed":0.0,"max_hp_gain":0.0,"max_hp_loss":0.0,"gold_gain":75.0,"event_name":"World of Goop","player_choice":"Gather Gold","floor":5.0,"gold_loss":0.0,"damage_taken":11.0},{"damage_healed":0.0,"max_hp_gain":0.0,"max_hp_loss":0.0,"gold_gain":0.0,"event_name":"Masked Bandits","player_choice":"Fought Bandits","floor":19.0,"gold_loss":0.0,"damage_taken":0.0},{"cards_removed":["Regret"],"damage_healed":0.0,"max_hp_gain":0.0,"max_hp_loss":0.0,"gold_gain":0.0,"event_name":"Beggar","player_choice":"Gave Gold","floor":28.0,"gold_loss":75.0,"damage_taken":0.0},{"damage_healed":0,"gold_gain":0,"player_choice":"Fight","damage_taken":0,"max_hp_gain":0,"max_hp_loss":0,"event_name":"Colosseum","floor":30,"gold_loss":0},{"damage_healed":0,"gold_gain":0,"player_choice":"Fled From Nobs","damage_taken":0,"max_hp_gain":0,"max_hp_loss":0,"event_name":"Colosseum","floor":30,"gold_loss":0},{"damage_healed":0,"gold_gain":100,"player_choice":"Bet on Murderer","damage_taken":0,"max_hp_gain":0,"max_hp_loss":0,"event_name":"The Joust","floor":31,"gold_loss":50},{"damage_healed":0,"gold_gain":0,"player_choice":"Fight","damage_taken":0,"max_hp_gain":0,"max_hp_loss":0,"event_name":"MindBloom","floor":39,"gold_loss":0},{"damage_healed":0,"gold_gain":0,"player_choice":"Max HP","damage_taken":0,"max_hp_gain":0,"max_hp_loss":4,"event_name":"Winding Halls","floor":42,"gold_loss":0}],"is_beta":false,"boss_relics":[{"not_picked":["Runic Dome","animator:CursedBlade"],"picked":"Cursed Key"},{"not_picked":["Mark of Pain","Coffee Dripper"],"picked":"Velvet Choker"}],"items_purged_floors":[4,12,38],"is_endless":false,"potions_floor_spawned":[1,2,10,11,16,18,19,20,30,36,37,39,45,47],"killed_by":"The Heart","ascension_level":15}}