{"host":"sc0o2qwpf9j16a4i","time":1609621727,"event":{"mods":["AchievementEnabler","BaseMod","BetterRewards","Block Reminder","Colored Map","Colored Powertips","Custom Start","Highlight Path","Minty Spire (QoL Compilation)","Relic Stats"],"gold_per_floor":[115,80,121,141,141,141,194,235,235,75,75,136,181,202,202,297,297,321,20,20,39,39,39,39,39,39],"floor_reached":25,"playtime":992,"items_purged":[],"score":447,"play_id":"be0b3d01-dfd2-4aa5-a229-71ec78468852","local_time":"20210102230847","is_ascension_mode":true,"campfire_choices":[{"data":"Wish","floor":6,"key":"SMITH"},{"floor":15,"key":"REST"},{"floor":23,"key":"REST"}],"circlet_count":0,"master_deck":["AscendersBane","Vigilance","Swivel","EmptyMind","BattleHymn","Wish+1","Devotion","Worship","Crescendo","ReachHeaven","Worship","TalkToTheHand","Protect","Wireheading","DevaForm","FlurryOfBlows+1","SpiritShield+1","PathToVictory+1","Bite","Bite","Bite","Bite","Bite","ClearTheMind","RitualDagger"],"relics":["Pandora\u0027s Box","Golden Idol","Bird Faced Urn","Torii","ClockworkSouvenir","Singing Bowl","Astrolabe","Membership Card","Pantograph"],"acts_visited":["Exordium","TheCity"],"potions_floor_usage":[12,16],"damage_taken":[{"damage":7,"enemies":"2 Louse","floor":1,"turns":3},{"damage":8,"enemies":"Small Slimes","floor":3,"turns":3},{"damage":6,"enemies":"Jaw Worm","floor":4,"turns":3},{"damage":13,"enemies":"Blue Slaver","floor":7,"turns":4},{"damage":11,"enemies":"3 Sentries","floor":8,"turns":6},{"damage":16,"enemies":"Gremlin Nob","floor":12,"turns":4},{"damage":1,"enemies":"2 Fungi Beasts","floor":13,"turns":4},{"damage":8,"enemies":"Red Slaver","floor":14,"turns":5},{"damage":27,"enemies":"The Guardian","floor":16,"turns":6},{"damage":33,"enemies":"Spheric Guardian","floor":18,"turns":6},{"damage":31,"enemies":"3 Byrds","floor":21,"turns":7},{"damage":37,"enemies":"Shelled Parasite and Fungi","floor":25,"turns":2}],"seed_played":"7232794634060023961","potions_obtained":[{"floor":7,"key":"Ancient Potion"},{"floor":8,"key":"Regen Potion"},{"floor":12,"key":"Strength Potion"}],"is_trial":false,"path_per_floor":["M","?","M","M","?","R","M","E","T","$","?","E","M","M","R","B",null,"M","$","?","M","?","R","?","M"],"character_chosen":"WATCHER","items_purchased":["ClockworkSouvenir","Membership Card","Pantograph"],"campfire_rested":2,"item_purchase_floors":[10,19,19],"current_hp_per_floor":[54,68,60,54,54,54,41,30,30,30,30,32,35,29,48,27,55,32,32,32,19,19,32,26,0,0],"gold":39,"neow_bonus":"BOSS_RELIC","is_daily":false,"chose_seed":false,"campfire_upgraded":1,"win_rate":0.0,"timestamp":1609621727,"path_taken":["M","?","M","M","?","R","M","E","T","$","?","E","M","M","R","BOSS","M","$","?","M","?","R","?","M"],"items_purchased_type":["Relic","Relic","Relic"],"build_version":"2020-12-22","purchased_purges":0,"victory":false,"max_hp_per_floor":[68,68,68,68,62,62,62,62,62,62,62,64,64,64,64,64,64,66,66,46,46,46,46,46,46,46],"relic_stats":{"Torii":17,"Singing Bowl":4,"counters":[12,53],"Golden Idol":54,"Bird Faced Urn":[32],"Astrolabe":["FlurryOfBlows","SpiritShield","PathToVictory"],"Pantograph":0,"Pandora\u0027s Box":["Swivel","EmptyMind","BattleHymn","Consecrate","Wish","Devotion","Worship","Crescendo"],"obtain_stats":[{"Torii":9,"Singing Bowl":12,"Golden Idol":5,"Bird Faced Urn":8,"Astrolabe":17,"Pantograph":19,"Pandora\u0027s Box":0,"Membership Card":19,"PureWater":0,"ClockworkSouvenir":10},{"Torii":5,"Singing Bowl":6,"Golden Idol":3,"Bird Faced Urn":5,"Astrolabe":9,"Pantograph":10,"Pandora\u0027s Box":0,"Membership Card":10,"PureWater":0,"ClockworkSouvenir":5},{"Torii":19,"Singing Bowl":23,"Golden Idol":9,"Bird Faced Urn":19,"Astrolabe":38,"Pantograph":44,"Pandora\u0027s Box":0,"Membership Card":44,"PureWater":0,"ClockworkSouvenir":19}]},"card_choices":[{"not_picked":["CrushJoints","Evaluate"],"picked":"BowlingBash","floor":1},{"not_picked":["PathToVictory","JustLucky"],"picked":"ReachHeaven","floor":3},{"not_picked":["ForeignInfluence","Consecrate","WreathOfFlame"],"picked":"SKIP","floor":4},{"not_picked":["Halt","Evaluate"],"picked":"Worship","floor":7},{"not_picked":["Nirvana","FlyingSleeves"],"picked":"TalkToTheHand","floor":8},{"not_picked":["Prostrate","SignatureMove","Swivel"],"picked":"Singing Bowl","floor":12},{"not_picked":["ThirdEye","Vengeance"],"picked":"Protect","floor":13},{"not_picked":["Weave","Perseverance"],"picked":"Wireheading","floor":14},{"not_picked":["Brilliance","Alpha"],"picked":"DevaForm","floor":16},{"not_picked":["Conclude","SashWhip","Fasting2"],"picked":"Singing Bowl","floor":18},{"not_picked":["Nirvana","FlurryOfBlows"],"picked":"ClearTheMind","floor":21}],"player_experience":525648,"relics_obtained":[{"floor":8,"key":"Bird Faced Urn"},{"floor":9,"key":"Torii"},{"floor":12,"key":"Singing Bowl"}],"event_choices":[{"damage_healed":17,"gold_gain":0,"player_choice":"Healed","damage_taken":0,"max_hp_gain":0,"max_hp_loss":0,"event_name":"The Cleric","floor":2,"gold_loss":35},{"damage_healed":0,"gold_gain":0,"player_choice":"Lose Max HP","damage_taken":0,"relics_obtained":["Golden Idol"],"max_hp_gain":0,"max_hp_loss":6,"event_name":"Golden Idol","floor":5,"gold_loss":0},{"damage_healed":0,"gold_gain":0,"player_choice":"Fled","damage_taken":0,"max_hp_gain":0,"max_hp_loss":0,"event_name":"Scrap Ooze","floor":11,"gold_loss":0},{"damage_healed":0,"gold_gain":0,"player_choice":"Became a vampire","damage_taken":0,"max_hp_gain":0,"max_hp_loss":20,"event_name":"Vampires","floor":20,"gold_loss":0,"cards_obtained":["Bite","Bite","Bite","Bite","Bite"]},{"damage_healed":0,"gold_gain":0,"player_choice":"Joined the Cult","damage_taken":6,"max_hp_gain":0,"max_hp_loss":0,"event_name":"Nest","floor":24,"gold_loss":0,"cards_obtained":["RitualDagger"]}],"is_beta":false,"boss_relics":[{"not_picked":["Calling Bell","Runic Dome"],"picked":"Astrolabe"}],"items_purged_floors":[],"is_endless":false,"potions_floor_spawned":[7,8,12],"killed_by":"Shelled Parasite and Fungi","ascension_level":20}}