{"host":"4vq2xwkpdrxril92","time":1609572400,"event":{"mods":["BaseMod","Card Forge","Energized Spire","Hubris","Infinite Spire","Minty Spire (QoL Compilation)","Quick Restart","Shop Mod","StSLib","The Cursed"],"gold_per_floor":[147,147,147,147,21,102,180,282,282,360,360,447,546,606,606,897,897,927,927,927,927,852,951,1029,1128,1151,1151,1151],"floor_reached":27,"playtime":3563,"items_purged":[],"score":659,"play_id":"7495f816-a696-4e3a-96c9-c0ebdccac91c","local_time":"20210102162640","daily_mods":["SealedDeck","Vintage","Heirloom","Time Dilation","Flight","Cursed Run","Elite Swarm","Lethality","Midas"],"is_ascension_mode":false,"campfire_choices":[{"data":"1","floor":15.0,"key":"LIFT"}],"circlet_count":0,"master_deck":["infinitespire:Menacing+1","infinitespire:Collect+1","infinitespire:FutureSight+1","Adrenaline+1","Adrenaline+1","Dagger Spray+1","Dagger Spray+1","Genetic Algorithm+1","BecomeAlmighty+1","Riddle With Holes+1","TheCursedMod:NeowsMight+1","TheCursedMod:NeowsMight+1"],"relics":["Cursed Key","Darkstone Periapt","Du-Vu Doll","Hammer of Thor","Seething Fire","Anvil of the Gods","hubris:Spice","infinitespire:Lychee Nut","MerchantsRug","hubris:Metronome","Girya","Gremlin Horn","FossilizedHelix","Tiny Chest","MealTicket","Odd Mushroom","Singing Bowl","hubris:OldNail","infinitespire:ShieldingShard","Mummified Hand","Lantern","Blue Candle","Bag of Marbles"],"acts_visited":["Exordium","TheCity"],"potions_floor_usage":[],"damage_taken":[{"damage":0.0,"enemies":"Small Slimes","floor":1.0,"turns":1.0},{"damage":0.0,"enemies":"Lagavulin","floor":6.0,"turns":1.0},{"damage":0.0,"enemies":"3 Sentries","floor":7.0,"turns":1.0},{"damage":0.0,"enemies":"Lagavulin","floor":8.0,"turns":1.0},{"damage":0.0,"enemies":"3 Sentries","floor":10.0,"turns":1.0},{"damage":0.0,"enemies":"Gremlin Nob","floor":12.0,"turns":1.0},{"damage":0.0,"enemies":"3 Sentries","floor":13.0,"turns":1.0},{"damage":0.0,"enemies":"The Mushroom Lair","floor":14.0,"turns":1.0},{"damage":0.0,"enemies":"Slime Boss","floor":16.0,"turns":1.0},{"damage":0.0,"enemies":"Chosen","floor":18.0,"turns":1.0},{"damage":0,"enemies":"Slavers","floor":23,"turns":1},{"damage":0,"enemies":"Gremlin Leader","floor":24,"turns":1},{"damage":0,"enemies":"Book of Stabbing","floor":25,"turns":1},{"damage":0,"enemies":"Gremlin Leader","floor":27,"turns":1}],"seed_played":"2787377413899934507","potions_obtained":[{"floor":1.0,"key":"SpeedPotion"},{"floor":6.0,"key":"SmokeBomb"},{"floor":10.0,"key":"BlessingOfTheForge"},{"floor":14.0,"key":"Regen Potion"},{"floor":24,"key":"FearPotion"}],"is_trial":true,"path_per_floor":["M","?","?","?","$","E","E","E","T","E","?","E","E","?","R","B",null,"M","AVR","?","?","$","E","E","E","T","E"],"character_chosen":"THE_SILENT","items_purchased":["MerchantsRug","Mummified Hand"],"campfire_rested":0,"item_purchase_floors":[5,22],"current_hp_per_floor":[58,58,58,63,63,63,63,63,69,69,69,69,69,69,69,75,75,75,75,81,81,81,83,85,95,101,101,101],"gold":1151,"neow_bonus":"","is_daily":false,"chose_seed":false,"campfire_upgraded":0,"win_rate":0.0,"timestamp":1609572400,"path_taken":["M","?","?","?","?","E","E","E","T","E","?","E","E","?","R","BOSS","M","AVR","?","?","$","E","E","E","T","E"],"items_purchased_type":["Relic","Relic"],"build_version":"2020-12-22","purchased_purges":0,"victory":false,"max_hp_per_floor":[58,58,58,63,63,63,63,63,69,69,69,69,69,69,69,75,75,75,75,81,81,81,83,85,95,101,101,101],"card_choices":[{"not_picked":["Die Die Die","Night Terror","Adrenaline"],"picked":"SKIP","floor":6.0},{"not_picked":["Die Die Die","Doppelganger","Corpse Explosion"],"picked":"SKIP","floor":7.0},{"not_picked":["Burst","Venomology","Glass Knife"],"picked":"SKIP","floor":8.0},{"not_picked":["Malaise","After Image","Grand Finale"],"picked":"SKIP","floor":10.0},{"not_picked":["Malaise","After Image","Envenom"],"picked":"SKIP","floor":12.0},{"not_picked":["Malaise","Bullet Time","Glass Knife"],"picked":"SKIP","floor":13.0},{"not_picked":["Venomology","Doppelganger","Night Terror"],"picked":"Singing Bowl","floor":23},{"not_picked":["Night Terror","Phantasmal Killer","Tools of the Trade"],"picked":"Singing Bowl","floor":24},{"not_picked":["A Thousand Cuts","Adrenaline","Wraith Form v2"],"picked":"Singing Bowl","floor":25}],"player_experience":1157748,"relics_obtained":[{"floor":1.0,"key":"infinitespire:Lychee Nut"},{"floor":6.0,"key":"hubris:Metronome"},{"floor":7.0,"key":"Girya"},{"floor":8.0,"key":"Gremlin Horn"},{"floor":9.0,"key":"hubris:CrystalStatue"},{"floor":10.0,"key":"FossilizedHelix"},{"floor":11.0,"key":"Tiny Chest"},{"floor":12.0,"key":"hubris:AncientText"},{"floor":13.0,"key":"MealTicket"},{"floor":14.0,"key":"Odd Mushroom"},{"floor":18.0,"key":"Singing Bowl"},{"floor":23,"key":"Lantern"},{"floor":24,"key":"Blue Candle"},{"floor":25,"key":"hubris:Spice"},{"floor":26,"key":"Bag of Marbles"}],"event_choices":[{"damage_healed":0.0,"max_hp_gain":0.0,"max_hp_loss":0.0,"gold_gain":0.0,"event_name":"Shining Light","player_choice":"Ignored","floor":2.0,"gold_loss":0.0,"damage_taken":0.0},{"damage_healed":0.0,"max_hp_gain":0.0,"max_hp_loss":0.0,"gold_gain":0.0,"event_name":"Golden Wing","player_choice":"Ignored","floor":3.0,"gold_loss":0.0,"damage_taken":0.0},{"damage_healed":0.0,"max_hp_gain":5.0,"max_hp_loss":0.0,"gold_gain":0.0,"event_name":"Big Fish","player_choice":"Donut","floor":4.0,"gold_loss":0.0,"damage_taken":0.0},{"damage_healed":0.0,"max_hp_gain":0.0,"max_hp_loss":0.0,"gold_gain":0.0,"event_name":"Mushrooms","player_choice":"Fought Mushrooms","floor":14.0,"gold_loss":0.0,"damage_taken":0.0},{"damage_healed":0,"gold_gain":0,"player_choice":"Opened","damage_taken":0,"relics_obtained":["infinitespire:ShieldingShard"],"max_hp_gain":0,"max_hp_loss":0,"event_name":"The Mausoleum","floor":20,"gold_loss":0,"cards_obtained":["Writhe"]},{"damage_healed":0,"gold_gain":0,"player_choice":"Simplicity","damage_taken":0,"max_hp_gain":0,"max_hp_loss":0,"event_name":"Back to Basics","floor":21,"gold_loss":0,"cards_upgraded":[]}],"is_beta":false,"boss_relics":[{"not_picked":["energizedSpire:HighHeels","energizedSpire:PogoStick","energizedSpire:RedRose"]}],"items_purged_floors":[],"is_endless":false,"potions_floor_spawned":[1,6,10,14,16,18,24],"killed_by":"Gremlin Leader","ascension_level":0}}