{"host":"be3r5d8qs4ku9xfy","time":1609631093,"event":{"mods":["2.2 Compatiblity","AchievementEnabler","Act Like it!","Aspiration","BaseMod","Better Altar","Better Note","Better Sensory Stone","Better Skull","Better Third Choice","BetterRewards","Card Forge","Colored Map","Colored Powertips","DNKmod","DeckTracker","Defuse TimeMaze Blight","Downfall","Friendly Minions","Gensokyo","Hallownest","Highlight Path","Hubris","Infinite Spire","Keyboard Shortcuts","Lobotomy","Minty Spire (QoL Compilation)","Quick Restart","Rare Cards Sparkle","Replay The Spire","Shop Mod","StSLib","SuperFastMode","Synergy Search","The Animator","The Construct","The Jungle"],"gold_per_floor":[1015,1015,1034,1084,827,827,827,862,862,862,893,453,482,500,500,604,604,619,630,630,640,837,837,866,866,866,877,894,910,920,920,920,1020,1020,1032,1032,629,677,677,677,677],"floor_reached":40,"playtime":12454,"items_purged":[],"score":497,"play_id":"198ac086-85da-48a0-a981-4db4bb98e7d8","local_time":"20210102184453","is_ascension_mode":false,"campfire_choices":[{"data":"Strike_B","floor":6.0,"key":"SMITH"},{"data":"Doom and Gloom","floor":10.0,"key":"SMITH"},{"floor":15.0,"key":"RECALL"},{"floor":23.0,"key":"REST"},{"floor":32.0,"key":"REST"}],"circlet_count":0,"master_deck":["Strike_B+1","Strike_B","Strike_B","Strike_B","Defend_B","Defend_B","Defend_B+1","Defend_B","Zap","Dualcast","Barrage","Doom and Gloom+1","Sweeping Beam","Rip and Tear","Rebound","Darkness","Compile Driver+1","Ball Lightning","Compile Driver","Rainbow","Sweeping Beam","Self Repair+1","FollowUp","Go for the Eyes+1","Double Energy","infinitespire:FinalStrike","Melter+1","Streamline","Chill","Conserve Battery+1","Coolheaded","hubris:SpecializedCircuitry+1","Cold Snap","Echo Form+1","ReplayTheSpireMod:Trickstab"],"relics":["Cracked Core","Hammer of Thor","Seething Fire","Anvil of the Gods","NeowsBlessing","Pen Nib","Replay:WaspNest","Bronze Scales","ReplayFunnel","Frozen Egg 2","Orichalcum","White Beast Statue","Ring of Chaos","infinitespire:PuzzleCube","aspiration:RitualStick","aspiration:Stellarator","Juzu Bracelet","aspiration:EnhancedActuators","Nunchaku"],"acts_visited":["Hallownest:Greenpath","TheCity","Gensokyo:Gensokyoest"],"potions_floor_usage":[],"damage_taken":[{"damage":0.0,"enemies":"Hallownest:2_Baldur","floor":1.0,"turns":1.0},{"damage":0.0,"enemies":"Hallownest:monsterHuskWarrior","floor":3.0,"turns":1.0},{"damage":0.0,"enemies":"Hallownest:eliteVengeflyKing","floor":8.0,"turns":1.0},{"damage":11.0,"enemies":"Hallownest:eliteCrystalGuardian","floor":11.0,"turns":3.0},{"damage":2.0,"enemies":"Hallownest:eliteVengeflyKing","floor":13.0,"turns":3.0},{"damage":6.0,"enemies":"Hallownest:2_Tiktiks_and_1_Crawlid","floor":14.0,"turns":2.0},{"damage":13.0,"enemies":"Hallownest:BossBrokenVessel","floor":16.0,"turns":5.0},{"damage":15.0,"enemies":"2 Thieves","floor":18.0,"turns":3.0},{"damage":4.0,"enemies":"Chosen","floor":19.0,"turns":3.0},{"damage":16.0,"enemies":"Snake Plant","floor":21.0,"turns":3.0},{"damage":17.0,"enemies":"Nightmare","floor":24.0,"turns":6.0},{"damage":13.0,"enemies":"Shelled Parasite and Fungi","floor":27.0,"turns":3.0},{"damage":0.0,"enemies":"Sentry and Sphere","floor":28.0,"turns":2.0},{"damage":6.0,"enemies":"Snecko","floor":29.0,"turns":3.0},{"damage":6.0,"enemies":"3 Cultists","floor":30.0,"turns":3.0},{"damage":23.0,"enemies":"hubris:MusketHawk","floor":33.0,"turns":6.0},{"damage":16,"enemies":"Gensokyo:AncientGuardian","floor":35,"turns":5},{"damage":74,"enemies":"Nightmare","floor":40,"turns":5}],"seed_played":"5639789612874454258","potions_obtained":[{"floor":3.0,"key":"Fire Potion"},{"floor":11.0,"key":"Ancient Potion"},{"floor":13.0,"key":"SkillPotion"},{"floor":14.0,"key":"AttackPotion"},{"floor":19.0,"key":"Death Potion"},{"floor":27.0,"key":"sneckomod:MuddlingPotion"}],"is_trial":false,"path_per_floor":["M","?","M","?","$","R","?","E","T","R","E","$","E","M","R","B",null,"M","M","?","M","?","R","NM","?","T","M","M","M","M","AVR","R","B",null,"M","?","$","T","?","NM"],"character_chosen":"DEFECT","items_purchased":["Pen Nib","Sweeping Beam","Rip and Tear","Frozen Egg 2","Orichalcum","Compile Driver","Juzu Bracelet","aspiration:EnhancedActuators","ReplayTheSpireMod:Trickstab"],"campfire_rested":2,"item_purchase_floors":[5,5,5,12,12,12,37,37,37],"current_hp_per_floor":[100,100,100,100,100,100,91,91,91,91,80,80,78,72,72,59,100,85,81,81,75,50,80,73,53,53,40,50,44,48,48,78,65,100,94,74,74,74,74,0,0],"gold":677,"neow_bonus":"THREE_ENEMY_KILL","is_daily":false,"chose_seed":false,"campfire_upgraded":2,"win_rate":0.0,"timestamp":1609631093,"path_taken":["M","?","M","?","$","R","?","E","T","R","E","?","E","?","R","BOSS","M","M","?","M","?","R","NM","?","T","M","M","M","M","AVR","R","BOSS","M","?","?","?","?","NM"],"items_purchased_type":["Relic","Card","Card","Relic","Relic","Card","Relic","Relic","Card"],"build_version":"2020-12-22","purchased_purges":0,"victory":false,"max_hp_per_floor":[100,100,100,100,100,100,100,100,100,100,100,100,100,100,100,100,100,100,100,100,100,100,100,100,100,100,100,100,100,100,100,100,100,100,100,100,100,100,100,100,100],"card_choices":[{"not_picked":["Streamline","Genetic Algorithm"],"picked":"Barrage","floor":1.0},{"not_picked":["Ball Lightning","ReplayTheSpireMod:Reroute Power"],"picked":"Doom and Gloom","floor":3.0},{"not_picked":["ReplayTheSpireMod:GoodbyeWorld","Gash"],"picked":"Rebound","floor":8.0},{"not_picked":["Coolheaded","Leap"],"picked":"Darkness","floor":11.0},{"not_picked":["Heatsinks+1","ReplaySort"],"picked":"Ball Lightning","floor":13.0},{"not_picked":["Gash","BootSequence","Compile Driver"],"picked":"SKIP","floor":14.0},{"not_picked":["Gash","BootSequence"],"picked":"Compile Driver","floor":14.0},{"not_picked":["Machine Learning+1","Electrodynamics+1"],"picked":"Rainbow","floor":16.0},{"not_picked":["Heatsinks+1","Conserve Battery+1"],"picked":"Sweeping Beam","floor":18.0},{"not_picked":["Force Field","BasicCrystalCard"],"picked":"Self Repair+1","floor":19.0},{"not_picked":["aspiration:Polymerization+1","Blizzard"],"picked":"Go for the Eyes+1","floor":21.0},{"not_picked":["Ball Lightning","ReplaySolidLightProjector"],"picked":"Double Energy","floor":22.0},{"not_picked":["infinitespire:Fortify","infinitespire:FutureSight"],"picked":"infinitespire:FinalStrike","floor":24.0},{"not_picked":["hubris:PowerSurge+1","Darkness"],"picked":"Melter+1","floor":24.0},{"not_picked":["BootSequence","Panic Button+1"],"picked":"Streamline","floor":27.0},{"not_picked":["Chill","Force Field","Stack"],"picked":"SKIP","floor":28.0},{"not_picked":["Force Field","Stack"],"picked":"Chill","floor":28.0},{"not_picked":["ReplayTheSpireMod:GoodbyeWorld+1","Glacier"],"picked":"Conserve Battery+1","floor":29.0},{"not_picked":["Reprogram","ReplayTheSpireMod:Fabricate Wheel"],"picked":"Coolheaded","floor":30.0},{"not_picked":["ReplayTheSpireMod:Fabricate Wheel","Buffer+1"],"picked":"hubris:SpecializedCircuitry+1","floor":33.0},{"not_picked":["Compile Driver+1","Hello World+1"],"picked":"Cold Snap","floor":35}],"player_experience":28302,"relics_obtained":[{"floor":8.0,"key":"Replay:WaspNest"},{"floor":9.0,"key":"Bronze Scales"},{"floor":11.0,"key":"ReplayFunnel"},{"floor":13.0,"key":"White Beast Statue"},{"floor":24.0,"key":"infinitespire:PuzzleCube"},{"floor":38,"key":"Nunchaku"}],"event_choices":[{"damage_healed":0.0,"max_hp_gain":0.0,"max_hp_loss":0.0,"gold_gain":0.0,"event_name":"The Library","player_choice":"Read","floor":20.0,"gold_loss":0.0,"damage_taken":0.0,"cards_obtained":["FollowUp"]},{"damage_healed":0,"gold_gain":3,"player_choice":"2","damage_taken":0,"max_hp_gain":0,"max_hp_loss":20,"event_name":"betterStone:BetterStone","floor":36,"gold_loss":0}],"is_beta":false,"boss_relics":[{"not_picked":["Ectoplasm","aspiration:FutureDiary"],"picked":"Ring of Chaos"},{"not_picked":["Replay:Drink Me","aspiration:RunicSpoon"],"picked":"aspiration:Stellarator"}],"items_purged_floors":[],"is_endless":false,"potions_floor_spawned":[3,11,13,14,16,18,19,21,27,28,29,30,33,35],"killed_by":"Nightmare","ascension_level":0}}