{"host":"ktoxvvst1mwxww91","time":1609620541,"event":{"mods":["BaseMod","Hermit","Minty Spire (QoL Compilation)","StSLib","The Hierophant"],"gold_per_floor":[112,130,130,130,19,19,19,54,54,0,24,62,62,132,132,257,257,270,143,143,157,157,157,168,168,194,194,194],"floor_reached":27,"playtime":538,"items_purged":["Strike_R","Strike_R"],"score":351,"play_id":"6370d018-982b-4564-927e-da0990d47da7","local_time":"20210102214901","is_ascension_mode":true,"campfire_choices":[{"data":"Fire Breathing","floor":6.0,"key":"SMITH"},{"data":"Evolve","floor":13.0,"key":"SMITH"},{"data":"Demon Form","floor":15.0,"key":"SMITH"},{"data":"Fire Breathing","floor":23.0,"key":"SMITH"},{"data":"Flame Barrier","floor":25.0,"key":"SMITH"}],"circlet_count":0,"master_deck":["Defend_R","Defend_R","Defend_R","Defend_R","Bash","Clothesline","Wild Strike","Fire Breathing+1","Demon Form+1","Wild Strike","Flame Barrier+1","Evolve+1","Juggernaut","Fire Breathing+1","Rupture","Infernal Blade","Burning Pact+1","Doubt"],"relics":["Burning Blood","NeowsBlessing","Bloody Idol","Smiling Mask","Self Forming Clay","Sundial","Darkstone Periapt","Cursed Key","MealTicket"],"acts_visited":["Exordium","TheCity"],"potions_floor_usage":[27],"damage_taken":[{"damage":0.0,"enemies":"Jaw Worm","floor":1.0,"turns":1.0},{"damage":0.0,"enemies":"Small Slimes","floor":2.0,"turns":1.0},{"damage":0.0,"enemies":"3 Sentries","floor":8.0,"turns":2.0},{"damage":3.0,"enemies":"2 Louse","floor":11.0,"turns":3.0},{"damage":21.0,"enemies":"Gremlin Nob","floor":12.0,"turns":4.0},{"damage":23.0,"enemies":"Slime Boss","floor":16.0,"turns":7.0},{"damage":20.0,"enemies":"2 Thieves","floor":18.0,"turns":4.0},{"damage":18.0,"enemies":"Spheric Guardian","floor":21.0,"turns":4.0},{"damage":12.0,"enemies":"Cultist and Chosen","floor":24.0,"turns":6.0},{"damage":51,"enemies":"Slavers","floor":27,"turns":3}],"seed_played":"-2220011292973559024","potions_obtained":[{"floor":2.0,"key":"Regen Potion"},{"floor":11.0,"key":"Explosive Potion"},{"floor":21.0,"key":"DuplicationPotion"}],"is_trial":false,"path_per_floor":["M","M","?","?","$","R","$","E","T","$","M","E","R","T","R","B",null,"M","$","?","M","?","R","M","R","T","E"],"character_chosen":"IRONCLAD","items_purchased":["Fire Breathing","Wild Strike","Fire Breathing"],"campfire_rested":0,"item_purchase_floors":[5,10,19],"current_hp_per_floor":[78,80,73,73,73,73,73,74,74,74,74,64,64,64,64,47,67,53,53,53,41,41,41,40,40,51,0,0],"gold":194,"neow_bonus":"THREE_ENEMY_KILL","is_daily":false,"chose_seed":false,"campfire_upgraded":5,"win_rate":0.0,"timestamp":1609620541,"path_taken":["M","M","?","?","$","R","$","E","T","?","M","E","R","?","R","BOSS","M","$","?","M","?","R","M","R","T","E"],"items_purchased_type":["Card","Card","Card"],"build_version":"2020-12-22","purchased_purges":2,"victory":false,"max_hp_per_floor":[80,80,80,74,74,74,74,74,74,74,74,74,74,74,74,74,74,74,74,74,74,74,74,74,74,80,80,80],"card_choices":[{"not_picked":["Cleave","True Grit"],"picked":"Clothesline","floor":1.0},{"not_picked":["Shockwave","Cleave"],"picked":"Wild Strike","floor":2.0},{"not_picked":["Shrug It Off","Battle Trance"],"picked":"Demon Form","floor":8.0},{"not_picked":["Bloodletting","Twin Strike"],"picked":"Flame Barrier","floor":11.0},{"not_picked":["Thunderclap","Cleave"],"picked":"Evolve","floor":12.0},{"not_picked":["Barricade","Double Tap"],"picked":"Juggernaut","floor":16.0},{"not_picked":["Thunderclap","Combust","Rupture"],"picked":"SKIP","floor":18.0},{"not_picked":["Hemokinesis+1","Sentinel","Body Slam"],"picked":"SKIP","floor":21.0},{"not_picked":["Cleave","Sever Soul"],"picked":"Burning Pact+1","floor":24.0}],"player_experience":882555,"relics_obtained":[{"floor":8.0,"key":"Smiling Mask"},{"floor":9.0,"key":"Self Forming Clay"},{"floor":12.0,"key":"Sundial"},{"floor":14.0,"key":"Darkstone Periapt"},{"floor":26.0,"key":"MealTicket"}],"event_choices":[{"cards_removed":["Strike_R"],"damage_healed":0.0,"max_hp_gain":0.0,"max_hp_loss":0.0,"gold_gain":0.0,"event_name":"Golden Wing","player_choice":"Card Removal","floor":3.0,"gold_loss":0.0,"damage_taken":7.0},{"damage_healed":0.0,"max_hp_gain":0.0,"max_hp_loss":6.0,"gold_gain":0.0,"event_name":"Golden Idol","player_choice":"Lose Max HP","floor":4.0,"gold_loss":0.0,"damage_taken":0.0,"relics_obtained":["Golden Idol"]},{"damage_healed":0.0,"max_hp_gain":0.0,"max_hp_loss":0.0,"gold_gain":0.0,"cards_transformed":["Strike_R","Strike_R"],"event_name":"Drug Dealer","player_choice":"Became Test Subject","floor":20.0,"gold_loss":0.0,"damage_taken":0.0,"cards_obtained":["Rupture","Infernal Blade"]},{"damage_healed":0.0,"max_hp_gain":0.0,"max_hp_loss":0.0,"gold_gain":0.0,"event_name":"Forgotten Altar","player_choice":"Gave Idol","floor":22.0,"relics_lost":["Golden Idol"],"gold_loss":0.0,"damage_taken":0.0,"relics_obtained":["Bloody Idol"]}],"is_beta":false,"boss_relics":[{"not_picked":["SlaversCollar","Velvet Choker"],"picked":"Cursed Key"}],"items_purged_floors":[5,19],"is_endless":false,"potions_floor_spawned":[2,11,21],"killed_by":"Slavers","ascension_level":9}}