{"host":"alk2ftu785mujiir","time":1609612946,"event":{"mods":["BaseMod","Colored Map","Downfall","Minty Spire (QoL Compilation)","StSLib"],"gold_per_floor":[112,129,139,139,17,46,46,46,46,66,66,66,94,113,113,214,214,228,14,14,14,14,46,63,63,112,128,163,88,88,104,104,200,200,214,225,82,6,19,19,49,49,49,69,84,84,116,135,135,135,135],"floor_reached":50,"playtime":2890,"items_purged":["Regret"],"score":600,"play_id":"6c6172aa-8b95-4008-b204-4cdf199b9816","local_time":"20210102134226","is_ascension_mode":false,"campfire_choices":[{"data":"Noxious Fumes","floor":7.0,"key":"SMITH"},{"data":"Bouncing Flask","floor":11.0,"key":"SMITH"},{"floor":15.0,"key":"REST"},{"floor":25.0,"key":"REST"},{"floor":32.0,"key":"REST"},{"data":"Footwork","floor":40,"key":"SMITH"},{"floor":42,"key":"REST"},{"floor":49,"key":"REST"}],"circlet_count":0,"master_deck":["Strike_G","Strike_G","Strike_G","Strike_G","Defend_G","Defend_G","Defend_G","Defend_G","Defend_G","Survivor","Noxious Fumes+1","Terror+1","Cloak And Dagger","Dagger Spray","Bouncing Flask+1","Deadly Poison","Catalyst","Venomology","Footwork+1","Deflect+1","Catalyst","Cloak And Dagger+1","Footwork+1","Cloak And Dagger+1","Dash+1","Poisoned Stab+1","Deflect"],"relics":["expansioncontent:StudyCardRelic","White Beast Statue","Meat on the Bone","Bag of Marbles","Orichalcum","HoveringKite","TwistedFunnel","MealTicket","Paper Crane","Cursed Key","ClockworkSouvenir","Ornamental Fan","Frozen Egg 2","Pear"],"acts_visited":["Exordium","TheCity","TheBeyond"],"potions_floor_usage":[36,39,41,41,41,45,47,47,47,47,50,50,50],"damage_taken":[{"damage":0.0,"enemies":"Small Slimes","floor":1.0,"turns":3.0},{"damage":0.0,"enemies":"Jaw Worm","floor":2.0,"turns":3.0},{"damage":0.0,"enemies":"2 Louse","floor":3.0,"turns":2.0},{"damage":8.0,"enemies":"Lagavulin","floor":6.0,"turns":7.0},{"damage":5.0,"enemies":"Large Slime","floor":10.0,"turns":4.0},{"damage":22.0,"enemies":"Gremlin Nob","floor":13.0,"turns":4.0},{"damage":8.0,"enemies":"3 Louse","floor":14.0,"turns":2.0},{"damage":43.0,"enemies":"Hexaghost","floor":16.0,"turns":8.0},{"damage":8.0,"enemies":"3 Byrds","floor":18.0,"turns":6.0},{"damage":20.0,"enemies":"Slavers","floor":23.0,"turns":7.0},{"damage":3.0,"enemies":"Shell Parasite","floor":24.0,"turns":3.0},{"damage":1.0,"enemies":"Snake Plant","floor":27.0,"turns":4.0},{"damage":16.0,"enemies":"Gremlin Leader","floor":28.0,"turns":6.0},{"damage":4.0,"enemies":"Cultist and Chosen","floor":31.0,"turns":4.0},{"damage":53.0,"enemies":"Champ","floor":33.0,"turns":14.0},{"damage":30.0,"enemies":"3 Darklings","floor":35.0,"turns":3.0},{"damage":8,"enemies":"Orb Walker","floor":36,"turns":3},{"damage":5,"enemies":"Spire Growth","floor":39,"turns":5},{"damage":52,"enemies":"Nemesis","floor":41,"turns":7},{"damage":17,"enemies":"3 Darklings","floor":44,"turns":4},{"damage":0,"enemies":"4 Shapes","floor":45,"turns":3},{"damage":13,"enemies":"Giant Head","floor":47,"turns":6},{"damage":12,"enemies":"Jaw Worm Horde","floor":48,"turns":4},{"damage":97,"enemies":"Awakened One","floor":50,"turns":13}],"seed_played":"7404996723996259779","potions_obtained":[{"floor":1.0,"key":"PowerPotion"},{"floor":3.0,"key":"Weak Potion"},{"floor":6.0,"key":"FearPotion"},{"floor":10.0,"key":"Ancient Potion"},{"floor":14.0,"key":"Dexterity Potion"},{"floor":18.0,"key":"Dexterity Potion"},{"floor":23.0,"key":"Block Potion"},{"floor":33.0,"key":"SkillPotion"},{"floor":35.0,"key":"DistilledChaos"},{"floor":41,"key":"DistilledChaos"},{"floor":44,"key":"Block Potion"},{"floor":45,"key":"Fire Potion"},{"floor":47,"key":"Dexterity Potion"},{"floor":48,"key":"sneckomod:MuddlingPotion"}],"is_trial":false,"path_per_floor":["M","M","M","?","$","E","R","$","T","M","R","?","E","M","R","B",null,"M","$","?","T","$","E","M","R","T","M","E","?","?","M","R","B",null,"M","M","$","?","M","R","E","R","T","M","M","?","E","M","R","B"],"character_chosen":"THE_SILENT","items_purchased":["Cloak And Dagger","TwistedFunnel","Footwork","ClockworkSouvenir"],"campfire_rested":5,"item_purchase_floors":[5,19,19,37],"current_hp_per_floor":[70,70,70,70,70,62,62,62,62,57,57,57,47,39,60,29,70,62,62,62,62,62,42,39,60,60,59,43,43,30,38,60,19,75,45,49,64,64,59,59,19,41,41,36,48,48,57,45,70,0,0],"gold":135,"neow_bonus":"BOSS_RELIC","is_daily":false,"chose_seed":false,"campfire_upgraded":3,"win_rate":0.0,"timestamp":1609612946,"path_taken":["M","M","M","?","$","E","R","$","T","M","R","?","E","M","R","BOSS","M","$","?","?","?","E","M","R","T","M","E","?","?","M","R","BOSS","M","M","$","?","M","R","E","R","T","?","?","?","E","M","R","BOSS"],"items_purchased_type":["Card","Relic","Card","Relic"],"build_version":"2020-12-22","purchased_purges":1,"victory":false,"max_hp_per_floor":[70,70,70,70,70,70,70,70,70,70,70,70,70,70,70,70,70,70,70,70,70,70,70,70,70,70,70,70,70,75,75,75,75,75,75,75,75,75,75,75,75,75,75,75,75,75,85,85,85,85,85],"card_choices":[{"not_picked":["Slice","Deadly Poison"],"picked":"Noxious Fumes","floor":1.0},{"not_picked":["Catalyst","Distraction","Infinite Blades"],"picked":"SKIP","floor":2.0},{"not_picked":["Blade Dance","Dagger Throw"],"picked":"Terror","floor":3.0},{"not_picked":["Prepared","Acrobatics"],"picked":"Dagger Spray","floor":6.0},{"not_picked":["Die Die Die","Concentrate"],"picked":"Bouncing Flask","floor":10.0},{"not_picked":["Deadly Poison","Sucker Punch","Dagger Spray"],"picked":"SKIP","floor":13.0},{"not_picked":["Sucker Punch","Dagger Spray"],"picked":"Deadly Poison","floor":13.0},{"not_picked":["Sucker Punch","Riddle With Holes"],"picked":"Catalyst","floor":14.0},{"not_picked":["Wraith Form v2","Tools of the Trade"],"picked":"Venomology","floor":16.0},{"not_picked":["Slice","Quick Slash","Flying Knee"],"picked":"SKIP","floor":18.0},{"not_picked":["Backflip","Underhanded Strike"],"picked":"Deflect+1","floor":23.0},{"not_picked":["Outmaneuver","Dagger Spray","All Out Attack"],"picked":"SKIP","floor":24.0},{"not_picked":["Skewer","Choke","Heel Hook"],"picked":"SKIP","floor":27.0},{"not_picked":["Dagger Spray","Masterful Stab","Setup+1"],"picked":"SKIP","floor":28.0},{"not_picked":["Prepared","Poisoned Stab"],"picked":"Catalyst","floor":31.0},{"not_picked":["Dagger Throw","Backflip+1"],"picked":"Cloak And Dagger+1","floor":35.0},{"not_picked":["Dagger Throw+1","Cloak And Dagger"],"picked":"Footwork+1","floor":36},{"not_picked":["Infinite Blades","Calculated Gamble"],"picked":"Cloak And Dagger+1","floor":39},{"not_picked":["A Thousand Cuts+1","Acrobatics+1"],"picked":"Dash+1","floor":41},{"not_picked":["Deadly Poison","Expertise"],"picked":"Poisoned Stab+1","floor":44},{"not_picked":["Quick Slash+1","Sucker Punch+1"],"picked":"Deflect","floor":45},{"not_picked":["Calculated Gamble+1","Sucker Punch+1","Quick Slash"],"picked":"SKIP","floor":47},{"not_picked":["Cloak And Dagger","All Out Attack","Prepared+1"],"picked":"SKIP","floor":48}],"player_experience":1729465,"relics_obtained":[{"floor":6.0,"key":"Meat on the Bone"},{"floor":9.0,"key":"Bag of Marbles"},{"floor":13.0,"key":"Orichalcum"},{"floor":26.0,"key":"MealTicket"},{"floor":28.0,"key":"Paper Crane"},{"floor":41,"key":"Frozen Egg 2"},{"floor":47,"key":"Pear"}],"event_choices":[{"damage_healed":0.0,"max_hp_gain":0.0,"max_hp_loss":0.0,"gold_gain":0.0,"event_name":"Big Fish","player_choice":"Box","floor":4.0,"gold_loss":0.0,"damage_taken":0.0,"relics_obtained":["White Beast Statue"],"cards_obtained":["Regret"]},{"damage_healed":0.0,"max_hp_gain":0.0,"max_hp_loss":0.0,"gold_gain":0.0,"event_name":"Living Wall","player_choice":"Grow","floor":12.0,"gold_loss":0.0,"damage_taken":0.0,"cards_upgraded":["Terror"]},{"damage_healed":0.0,"max_hp_gain":0.0,"max_hp_loss":0.0,"gold_gain":0.0,"event_name":"Cursed Tome","player_choice":"Ignored","floor":20.0,"gold_loss":0.0,"damage_taken":0.0},{"cards_removed":["Strike_G"],"damage_healed":0.0,"max_hp_gain":0.0,"max_hp_loss":0.0,"gold_gain":0.0,"event_name":"Beggar","player_choice":"Gave Gold","floor":29.0,"gold_loss":75.0,"damage_taken":0.0},{"damage_healed":0.0,"max_hp_gain":5.0,"max_hp_loss":0.0,"gold_gain":0.0,"event_name":"Forgotten Altar","player_choice":"Shed Blood","floor":30.0,"gold_loss":0.0,"damage_taken":18.0},{"damage_healed":0,"gold_gain":0,"player_choice":"Paid Gold","damage_taken":0,"relics_obtained":["Ornamental Fan"],"max_hp_gain":0,"max_hp_loss":0,"event_name":"WeMeetAgain","floor":38,"gold_loss":76},{"cards_removed":["Neutralize"],"damage_healed":0,"gold_gain":0,"player_choice":"Removed Attack","damage_taken":0,"max_hp_gain":0,"max_hp_loss":0,"event_name":"Falling","floor":46,"gold_loss":0}],"is_beta":false,"boss_relics":[{"not_picked":["Tiny House","Snecko Eye"],"picked":"HoveringKite"},{"not_picked":["SlaversCollar","Calling Bell"],"picked":"Cursed Key"}],"items_purged_floors":[5],"is_endless":false,"potions_floor_spawned":[1,3,6,10,13,14,16,18,23,24,27,28,31,33,35,36,39,41,44,45,47,48],"killed_by":"Awakened One","ascension_level":0}}