{"host":"ja297la2wpvv1dvv","time":1609613790,"event":{"mods":["AchievementEnabler","BaseMod","Bestiary","Colored Map","Colored Powertips","Curses Come First","Minty Spire (QoL Compilation)","StSLib"],"gold_per_floor":[109,123,73,90,90,117,117,151,176,196,207,218,0,58,58,154,154,173,185,185,203,220,220,245,256,256,256,256],"floor_reached":27,"playtime":3441,"items_purged":["Defend_G"],"score":364,"play_id":"1ee9887b-3bc4-40f3-a6e8-3442bf91c958","local_time":"20210102125630","is_ascension_mode":true,"campfire_choices":[{"floor":7,"key":"REST"},{"floor":15,"key":"REST"},{"floor":23,"key":"REST"}],"circlet_count":0,"master_deck":["Strike_G","Strike_G","Strike_G","Strike_G","Defend_G","Defend_G","Defend_G","Defend_G","Survivor","Neutralize","Deadly Poison","Dagger Spray","Infinite Blades","Crippling Poison","Catalyst","Deadly Poison","Bane","Backflip","Prepared","A Thousand Cuts","Noxious Fumes","Acrobatics","Deadly Poison","PiercingWail","Leg Sweep+1","Tactician"],"relics":["Ring of the Snake","Bag of Marbles","Centennial Puzzle","Potion Belt","Omamori","Pear","HoveringKite","Nloth\u0027s Gift","Akabeko","Ninja Scroll"],"acts_visited":["TheCity"],"potions_floor_usage":[14,16,16,16,16,21,24],"damage_taken":[{"damage":4,"enemies":"Cultist","floor":1,"turns":4},{"damage":0,"enemies":"2 Louse","floor":2,"turns":3},{"damage":0,"enemies":"Jaw Worm","floor":4,"turns":3},{"damage":25,"enemies":"Lagavulin","floor":6,"turns":8},{"damage":10,"enemies":"3 Sentries","floor":8,"turns":6},{"damage":6,"enemies":"2 Fungi Beasts","floor":10,"turns":3},{"damage":20,"enemies":"Gremlin Gang","floor":11,"turns":4},{"damage":4,"enemies":"Looter","floor":12,"turns":3},{"damage":2,"enemies":"3 Sentries","floor":14,"turns":5},{"damage":5,"enemies":"The Guardian","floor":16,"turns":6},{"damage":1,"enemies":"Chosen","floor":18,"turns":4},{"damage":19,"enemies":"Spheric Guardian","floor":19,"turns":4},{"damage":12,"enemies":"Snake Plant","floor":21,"turns":4},{"damage":21,"enemies":"Centurion and Healer","floor":22,"turns":5},{"damage":24,"enemies":"Book of Stabbing","floor":24,"turns":6},{"damage":16,"enemies":"Cultist and Chosen","floor":25,"turns":5},{"damage":23,"enemies":"Snecko","floor":27,"turns":3}],"seed_played":"-8279758591296844690","potions_obtained":[{"floor":1,"key":"BlessingOfTheForge"},{"floor":2,"key":"Fire Potion"},{"floor":6,"key":"Swift Potion"},{"floor":10,"key":"AttackPotion"},{"floor":11,"key":"DistilledChaos"},{"floor":18,"key":"ColorlessPotion"},{"floor":21,"key":"Weak Potion"},{"floor":24,"key":"FearPotion"}],"is_trial":false,"path_per_floor":["M","M","?","M","?","E","R","E","T","M","M","M","$","?","R","B",null,"M","M","?","M","M","R","E","M","T","M"],"character_chosen":"THE_SILENT","items_purchased":["Vajra"],"campfire_rested":3,"item_purchase_floors":[13],"current_hp_per_floor":[66,66,66,66,66,41,62,52,52,46,26,22,22,30,54,49,80,79,60,60,48,27,51,27,11,11,0,0],"gold":256,"neow_bonus":"RANDOM_COMMON_RELIC","is_daily":false,"chose_seed":false,"campfire_upgraded":0,"win_rate":0.0,"timestamp":1609613790,"path_taken":["M","?","?","M","?","E","R","E","T","M","M","M","$","?","R","BOSS","M","M","?","M","?","R","E","M","T","M"],"items_purchased_type":["Relic"],"build_version":"2020-12-22","purchased_purges":1,"victory":false,"max_hp_per_floor":[70,70,70,70,70,70,70,70,70,70,70,70,70,80,80,80,80,80,80,80,80,80,80,80,80,80,80,80],"card_choices":[{"not_picked":["Dash","All Out Attack"],"picked":"Deadly Poison","floor":1},{"not_picked":["Slice","Heel Hook"],"picked":"Dagger Spray","floor":2},{"not_picked":["Dodge and Roll","Underhanded Strike"],"picked":"Infinite Blades","floor":4},{"not_picked":["Outmaneuver","Backflip"],"picked":"Crippling Poison","floor":6},{"not_picked":["Skewer","Tactician"],"picked":"Catalyst","floor":8},{"not_picked":["Eviscerate","Slice"],"picked":"Deadly Poison","floor":10},{"not_picked":["Dodge and Roll","Die Die Die"],"picked":"Bane","floor":11},{"not_picked":["PiercingWail","Slice"],"picked":"Backflip","floor":12},{"not_picked":["Finisher","Dodge and Roll"],"picked":"Prepared","floor":14},{"not_picked":["Glass Knife","Venomology"],"picked":"A Thousand Cuts","floor":16},{"not_picked":["Endless Agony","Flechettes"],"picked":"Noxious Fumes","floor":18},{"not_picked":["Underhanded Strike","Predator+1"],"picked":"Acrobatics","floor":19},{"not_picked":["Acrobatics","Die Die Die"],"picked":"Deadly Poison","floor":21},{"not_picked":["Skewer+1","Choke"],"picked":"PiercingWail","floor":22},{"not_picked":["Skewer","Slice"],"picked":"Leg Sweep+1","floor":24},{"not_picked":["Underhanded Strike","Backstab"],"picked":"Tactician","floor":25}],"player_experience":186680,"relics_obtained":[{"floor":6,"key":"Centennial Puzzle"},{"floor":8,"key":"Potion Belt"},{"floor":9,"key":"Omamori"},{"floor":14,"key":"Pear"},{"floor":24,"key":"Akabeko"},{"floor":26,"key":"Ninja Scroll"}],"event_choices":[{"cards_removed":["Strike_G"],"damage_healed":0,"gold_gain":0,"player_choice":"Card Removal","damage_taken":0,"max_hp_gain":0,"max_hp_loss":0,"event_name":"The Cleric","floor":3,"gold_loss":50},{"damage_healed":0,"gold_gain":0,"player_choice":"Ignored","damage_taken":0,"max_hp_gain":0,"max_hp_loss":0,"event_name":"Liars Game","floor":5,"gold_loss":0},{"damage_healed":0,"gold_gain":0,"player_choice":"Searched \u00271\u0027 times","damage_taken":0,"max_hp_gain":0,"max_hp_loss":0,"event_name":"Dead Adventurer","floor":14,"gold_loss":0},{"damage_healed":0,"gold_gain":0,"player_choice":"Traded Relic","damage_taken":0,"relics_obtained":["Nloth\u0027s Gift"],"max_hp_gain":0,"max_hp_loss":0,"event_name":"N\u0027loth","floor":20,"relics_lost":["Vajra"],"gold_loss":0}],"is_beta":false,"boss_relics":[{"not_picked":["Fusion Hammer","Ectoplasm"],"picked":"HoveringKite"}],"items_purged_floors":[13],"is_endless":false,"potions_floor_spawned":[1,2,6,10,11,12,18,21,24],"killed_by":"Snecko","ascension_level":1}}