{"host":"7z347kdhnquy3q4q","time":1609563048,"event":{"mods":["Act Like it!","Aspiration","BaseMod","Downfall","Hubris","Infinite Spire","Minty Spire (QoL Compilation)","MostiFishMod","Pale of the Ancients","Permanent Neow","Potionbrewer","Replay The Spire","Robot Space Explorer","Spicy Shops","StSLib","Wandering Minibosses","vexMod"],"gold_per_floor":[99,118,128,128,128,128,128,172,472,472,495,29,65,21,36,127,793,793,819,819,850,396,402,402],"floor_reached":23,"playtime":1694,"items_purged":["Slimebound:Icky","Slimebound:Icky"],"score":375,"play_id":"dc0a27fd-f8dc-487d-bef5-43cb2923719f","local_time":"20210101225048","is_ascension_mode":true,"campfire_choices":[{"floor":1,"key":"REST"},{"data":"RobotSpaceExplorer:Fix","floor":6,"key":"SMITH"},{"floor":18,"key":"DIG"}],"circlet_count":0,"master_deck":["AscendersBane","RobotSpaceExplorer:Strike","RobotSpaceExplorer:Strike","RobotSpaceExplorer:Strike","RobotSpaceExplorer:Strike","RobotSpaceExplorer:Defend","RobotSpaceExplorer:Defend","RobotSpaceExplorer:Defend","RobotSpaceExplorer:Defend","RobotSpaceExplorer:Scan","RobotSpaceExplorer:MiniLasers","RobotSpaceExplorer:TrailblazerForm","RobotSpaceExplorer:BigMissile","RobotSpaceExplorer:Fix+1","RobotSpaceExplorer:Reload","Slimebound:Icky","RobotSpaceExplorer:Blaster","RobotSpaceExplorer:MiniDrones","RobotSpaceExplorer:GlueShot","RobotSpaceExplorer:MiniBoosters","RobotSpaceExplorer:Discharger","RobotSpaceExplorer:StarLightning","RobotSpaceExplorer:Autoloader","RobotSpaceExplorer:GlueShot","RobotSpaceExplorer:ScrapMissile","RobotSpaceExplorer:BlastShield"],"relics":["RobotSpaceExplorer:RoboCore","DaveBox","DaCapo","Replay:Bandana","Ornamental Fan","Shovel","hubris:TenFootPole","vexMod:ScavengeHelm","Replay:Rubber Ducky","vexMod:RockOfEvil","hubris:Spice","FaceOfCleric","Strange Spoon"],"acts_visited":["Exordium","TheCity"],"potions_floor_usage":[13,16,21,23],"damage_taken":[{"damage":1,"enemies":"2 Louse","floor":2,"turns":5},{"damage":15,"enemies":"Small Slimes","floor":3,"turns":4},{"damage":1,"enemies":"Replay:BlueRogue","floor":8,"turns":11},{"damage":18,"enemies":"Jaw Worm","floor":11,"turns":6},{"damage":0,"enemies":"downfall:FleeingMerchant","floor":12,"turns":6},{"damage":4,"enemies":"Lots of Slimes","floor":13,"turns":5},{"damage":1,"enemies":"downfall:FleeingMerchant","floor":14,"turns":4},{"damage":1,"enemies":"Blue Slaver","floor":15,"turns":5},{"damage":24,"enemies":"downfall:Silent","floor":16,"turns":17},{"damage":11,"enemies":"Spheric Guardian","floor":19,"turns":4},{"damage":51,"enemies":"3 Cultists","floor":21,"turns":7},{"damage":0,"enemies":"downfall:FleeingMerchant","floor":22,"turns":6},{"damage":49,"enemies":"Book of Stabbing","floor":23,"turns":9}],"seed_played":"5040454113103815498","potions_obtained":[{"floor":11,"key":"SpeedPotion"},{"floor":15,"key":"Toxic Potion"},{"floor":16,"key":"potionbrewer:DiscountPotion"}],"is_trial":false,"path_per_floor":["R","M","M","?","?","R","T","E","?","T","M","$","M","$","M","B",null,"R","M","?","M","$","E"],"character_chosen":"RobotSpaceExplorer","items_purchased":["vexMod:ScavengeHelm","Replay:Rubber Ducky","RobotSpaceExplorer:Discharger","Strange Spoon","CultistPotion"],"campfire_rested":1,"item_purchase_floors":[12,12,14,22,22],"current_hp_per_floor":[67,66,51,25,46,46,46,51,51,51,39,45,47,46,51,33,62,70,65,65,21,28,0,0],"gold":402,"neow_bonus":"THREE_RARE_CARDS","is_daily":false,"chose_seed":false,"campfire_upgraded":1,"win_rate":0.0,"timestamp":1609563048,"path_taken":["R","M","M","?","?","R","T","E","?","?","M","?","M","$","M","BOSS","R","M","?","?","$","E"],"items_purchased_type":["Relic","Relic","Card","Relic","Potion"],"build_version":"2020-12-22","purchased_purges":2,"victory":false,"max_hp_per_floor":[71,71,71,71,71,71,71,71,71,71,71,71,71,71,71,71,71,79,79,79,80,81,81,81],"card_choices":[{"not_picked":["RobotSpaceExplorer:Wormhole","RobotSpaceExplorer:Multitool"],"picked":"RobotSpaceExplorer:TrailblazerForm","floor":0},{"not_picked":["RobotSpaceExplorer:GlueShot","RobotSpaceExplorer:ScrapMissile"],"picked":"RobotSpaceExplorer:BigMissile","floor":2},{"not_picked":["RobotSpaceExplorer:GearShield","RobotSpaceExplorer:FreezeRay"],"picked":"RobotSpaceExplorer:Fix","floor":3},{"not_picked":["RobotSpaceExplorer:JunkDive","RobotSpaceExplorer:ToxicBomb"],"picked":"RobotSpaceExplorer:Reload","floor":8},{"not_picked":["RobotSpaceExplorer:SurgingShield","RobotSpaceExplorer:SlimeMissile"],"picked":"RobotSpaceExplorer:Blaster","floor":11},{"not_picked":["RobotSpaceExplorer:Pulsar","RobotSpaceExplorer:GearShield"],"picked":"RobotSpaceExplorer:MiniDrones","floor":12},{"not_picked":["RobotSpaceExplorer:Ammunition","RobotSpaceExplorer:FranticSearch"],"picked":"RobotSpaceExplorer:GlueShot","floor":13},{"not_picked":["RobotSpaceExplorer:SwiftStep","RobotSpaceExplorer:SlimeMissile"],"picked":"RobotSpaceExplorer:MiniBoosters","floor":14},{"not_picked":["RobotSpaceExplorer:Accelerator","RobotSpaceExplorer:FreezeRay"],"picked":"RobotSpaceExplorer:StarLightning","floor":15},{"not_picked":["RobotSpaceExplorer:Exploration","RobotSpaceExplorer:Wormhole"],"picked":"RobotSpaceExplorer:Autoloader","floor":16},{"not_picked":["RobotSpaceExplorer:Pulsar","RobotSpaceExplorer:ToxicBomb"],"picked":"RobotSpaceExplorer:GlueShot","floor":19},{"not_picked":["RobotSpaceExplorer:GlueShot+1","RobotSpaceExplorer:ScrapShield"],"picked":"RobotSpaceExplorer:ScrapMissile","floor":21},{"not_picked":["RobotSpaceExplorer:Discharger","RobotSpaceExplorer:MetalStrike"],"picked":"RobotSpaceExplorer:BlastShield","floor":22}],"player_experience":1933024,"relics_obtained":[{"floor":7,"key":"Ornamental Fan"},{"floor":8,"key":"Shovel"},{"floor":10,"key":"hubris:TenFootPole"},{"floor":18,"key":"hubris:Spice"}],"event_choices":[{"damage_healed":0,"gold_gain":0,"player_choice":"Success","damage_taken":26,"relics_obtained":["Replay:Bandana"],"max_hp_gain":0,"max_hp_loss":0,"event_name":"Scrap Ooze","floor":4,"gold_loss":0},{"damage_healed":0,"gold_gain":0,"player_choice":"Trade","damage_taken":0,"relics_obtained":["FaceOfCleric"],"max_hp_gain":0,"max_hp_loss":0,"event_name":"FaceTrader","floor":20,"gold_loss":0}],"is_beta":false,"boss_relics":[{"not_picked":["hubris:VirtuousBlindfold","Replay:Drink Me"],"picked":"vexMod:RockOfEvil"}],"items_purged_floors":[22,22],"is_endless":false,"potions_floor_spawned":[11,15,16],"killed_by":"Book of Stabbing","ascension_level":17}}