{"host":"yer03dsd277nstsn","time":1609613813,"event":{"mods":["BaseMod","Colored Powertips","Minty Spire (QoL Compilation)"],"gold_per_floor":[117,134,147,163,180,213,213,232,232,157,157,171,171,186,186,186,186],"floor_reached":16,"playtime":574,"items_purged":["Strike_B"],"score":148,"play_id":"3dd19238-6e35-426a-b235-088f333da1ba","local_time":"20210102125653","is_ascension_mode":true,"campfire_choices":[{"data":"Zap","floor":7,"key":"SMITH"},{"floor":13,"key":"REST"},{"floor":15,"key":"REST"}],"circlet_count":0,"master_deck":["Strike_B","Strike_B","Defend_B","Defend_B","Defend_B","Defend_B","Zap+1","Dualcast","Multi-Cast","Cold Snap","Ball Lightning","Cold Snap","Electrodynamics","Genetic Algorithm","Turbo","Rebound"],"relics":["Cracked Core","Question Card","Shuriken"],"acts_visited":["Exordium"],"potions_floor_usage":[6,16,16],"damage_taken":[{"damage":10,"enemies":"Small Slimes","floor":1,"turns":3},{"damage":3,"enemies":"Cultist","floor":2,"turns":4},{"damage":5,"enemies":"2 Louse","floor":3,"turns":2},{"damage":6,"enemies":"Exordium Thugs","floor":4,"turns":4},{"damage":9,"enemies":"Large Slime","floor":5,"turns":4},{"damage":10,"enemies":"3 Sentries","floor":6,"turns":2},{"damage":0,"enemies":"2 Fungi Beasts","floor":8,"turns":2},{"damage":23,"enemies":"Lots of Slimes","floor":12,"turns":3},{"damage":0,"enemies":"3 Louse","floor":14,"turns":3},{"damage":55,"enemies":"Hexaghost","floor":16,"turns":11}],"seed_played":"7070575938255026977","potions_obtained":[{"floor":1,"key":"Block Potion"},{"floor":2,"key":"Regen Potion"},{"floor":8,"key":"SpeedPotion"},{"floor":14,"key":"EssenceOfDarkness"}],"is_trial":false,"path_per_floor":["M","M","M","M","M","E","R","M","T","$","?","M","R","M","R","B"],"character_chosen":"DEFECT","items_purchased":[],"campfire_rested":2,"item_purchase_floors":[],"current_hp_per_floor":[58,55,50,44,35,30,30,30,30,30,30,7,29,29,51,0,0],"gold":186,"neow_bonus":"ONE_RANDOM_RARE_CARD","is_daily":false,"chose_seed":false,"campfire_upgraded":1,"win_rate":0.0,"timestamp":1609613813,"path_taken":["M","M","M","M","M","E","R","M","T","$","?","?","R","M","R","BOSS"],"items_purchased_type":[],"build_version":"2020-12-22","purchased_purges":1,"victory":false,"max_hp_per_floor":[75,75,75,75,75,75,75,75,75,75,75,75,75,75,75,75,75],"card_choices":[{"not_picked":["Melter","Leap"],"picked":"Cold Snap","floor":1},{"not_picked":["Aggregate","Reprogram"],"picked":"Ball Lightning","floor":2},{"not_picked":["Go for the Eyes","Streamline"],"picked":"Cold Snap","floor":3},{"not_picked":["Steam","Loop"],"picked":"Electrodynamics","floor":4},{"not_picked":["Stack","Undo"],"picked":"Genetic Algorithm","floor":5},{"not_picked":["Aggregate","Double Energy","Go for the Eyes"],"picked":"SKIP","floor":6},{"not_picked":["Sweeping Beam","Lockon","Compile Driver","Scrape"],"picked":"SKIP","floor":8},{"not_picked":["Recycle","Melter","Force Field"],"picked":"Turbo","floor":12},{"not_picked":["Streamline","Steam Power","Steam"],"picked":"Rebound","floor":14}],"player_experience":441216,"relics_obtained":[{"floor":6,"key":"Question Card"},{"floor":9,"key":"Shuriken"}],"event_choices":[{"cards_removed":["Strike_B"],"damage_healed":0,"gold_gain":0,"player_choice":"Purged","damage_taken":0,"max_hp_gain":0,"max_hp_loss":0,"event_name":"Purifier","floor":11,"gold_loss":0}],"is_beta":false,"boss_relics":[],"items_purged_floors":[10],"is_endless":false,"potions_floor_spawned":[1,2,8,14],"killed_by":"Hexaghost","ascension_level":8}}