{"host":"cwp0xoxch9uxtnfk","time":1609599158,"event":{"mods":["AchievementEnabler","BaseMod","Bestiary","Colored Map","Colored Powertips","DeckTracker","Highlight Path","Minty Spire (QoL Compilation)","Rare Cards Sparkle","Relic Sorter","Relic Stats"],"gold_per_floor":[117,117,117,127,146,175,199,199,199,209,209,209],"floor_reached":11,"playtime":761,"items_purged":[],"score":73,"play_id":"06b28144-0c21-4490-9985-30c9d56df62c","local_time":"20210102145238","is_ascension_mode":false,"campfire_choices":[],"circlet_count":0,"master_deck":["Strike_B+1","Strike_B","Strike_B","Defend_B","Defend_B+1","Defend_B","Defend_B","Zap+1","Dualcast","Streamline","Fusion","Fusion","Auto Shields","Defragment"],"relics":["Cracked Core","MealTicket","Pen Nib"],"acts_visited":["Exordium"],"potions_floor_usage":[],"damage_taken":[{"damage":0,"enemies":"Jaw Worm","floor":1,"turns":5},{"damage":0,"enemies":"Small Slimes","floor":4,"turns":3},{"damage":0,"enemies":"Cultist","floor":5,"turns":3},{"damage":43,"enemies":"Lagavulin","floor":6,"turns":7},{"damage":8,"enemies":"Exordium Thugs","floor":10,"turns":5},{"damage":13,"enemies":"Gremlin Nob","floor":11,"turns":2}],"seed_played":"4483992720752802495","potions_obtained":[{"floor":4,"key":"DuplicationPotion"},{"floor":5,"key":"FocusPotion"}],"is_trial":false,"path_per_floor":["M","?","?","M","M","E","T","?","T","M","E"],"character_chosen":"DEFECT","items_purchased":[],"campfire_rested":0,"item_purchase_floors":[],"current_hp_per_floor":[75,60,60,60,60,17,17,17,17,9,0,0],"gold":209,"neow_bonus":"REMOVE_CARD","is_daily":false,"chose_seed":false,"campfire_upgraded":0,"win_rate":0.0,"timestamp":1609599158,"path_taken":["M","?","?","?","M","E","?","?","T","M","E"],"items_purchased_type":[],"build_version":"2020-12-22","purchased_purges":0,"victory":false,"max_hp_per_floor":[75,75,75,75,75,75,75,75,75,75,75,75],"relic_stats":{"counters":[6,25],"MealTicket":0,"Pen Nib":[0],"obtain_stats":[{"MealTicket":6,"Pen Nib":9,"Cracked Core":0},{"MealTicket":4,"Pen Nib":4,"Cracked Core":0},{"MealTicket":18,"Pen Nib":18,"Cracked Core":0}]},"card_choices":[{"not_picked":["Beam Cell","Hello World"],"picked":"Streamline","floor":1},{"not_picked":["Hologram","Compile Driver"],"picked":"Fusion","floor":4},{"not_picked":["Double Energy","Blizzard"],"picked":"Fusion","floor":5},{"not_picked":["Beam Cell","Static Discharge"],"picked":"Auto Shields","floor":6},{"not_picked":["Coolheaded","Loop"],"picked":"Defragment","floor":10}],"player_experience":130314,"relics_obtained":[{"floor":6,"key":"MealTicket"},{"floor":9,"key":"Pen Nib"}],"event_choices":[{"damage_healed":0,"gold_gain":0,"player_choice":"Entered Light","damage_taken":15,"max_hp_gain":0,"max_hp_loss":0,"event_name":"Shining Light","floor":2,"gold_loss":0,"cards_upgraded":["Defend_B","Strike_B"]},{"damage_healed":0,"gold_gain":0,"player_choice":"Ignored","damage_taken":0,"max_hp_gain":0,"max_hp_loss":0,"event_name":"WeMeetAgain","floor":3,"gold_loss":0},{"damage_healed":0,"gold_gain":0,"player_choice":"Forge","damage_taken":0,"max_hp_gain":0,"max_hp_loss":0,"event_name":"Accursed Blacksmith","floor":8,"gold_loss":0,"cards_upgraded":["Zap"]}],"is_beta":false,"boss_relics":[],"items_purged_floors":[],"is_endless":false,"potions_floor_spawned":[4,5],"killed_by":"Gremlin Nob","ascension_level":0}}