{"host":"31s8hzukbhz1k6i6","time":1609618519,"event":{"mods":["AchievementEnabler","BaseMod","Bestiary","Colored Map","Filter the Spire","Minty Spire (QoL Compilation)","Relic Stats","UnlockEverythingMod","ojb\u0027s Info Mod"],"gold_per_floor":[110,127,127,202,218,218,253,528,528,14,14,14],"floor_reached":11,"playtime":316,"items_purged":["Regret"],"score":107,"play_id":"3e5b4e5e-0a26-4c3d-8475-22e42854cf23","local_time":"20210102121519","is_ascension_mode":true,"campfire_choices":[{"data":"Rip and Tear","floor":6,"key":"SMITH"}],"circlet_count":0,"master_deck":["AscendersBane","Strike_B","Strike_B","Defend_B","Defend_B","Defend_B","Zap","Dualcast","Consume+1","All For One+1","Aggregate+1","Cold Snap","Rip and Tear+1","Defragment+1"],"relics":["Astrolabe","Golden Idol","Symbiotic Virus","Omamori","Runic Capacitor","Frozen Egg 2"],"acts_visited":["Exordium"],"potions_floor_usage":[11],"damage_taken":[{"damage":7,"enemies":"Jaw Worm","floor":1,"turns":3},{"damage":12,"enemies":"Small Slimes","floor":2,"turns":4},{"damage":4,"enemies":"Cultist","floor":5,"turns":3},{"damage":25,"enemies":"Lagavulin","floor":7,"turns":6},{"damage":16,"enemies":"3 Sentries","floor":11,"turns":2}],"seed_played":"-6949972548427868880","potions_obtained":[{"floor":1,"key":"LiquidBronze"}],"is_trial":false,"path_per_floor":["M","M","?","?","M","R","E","?","T","$","E"],"character_chosen":"DEFECT","items_purchased":["Runic Capacitor","Frozen Egg 2","Defragment+1"],"campfire_rested":0,"item_purchase_floors":[10,10,10],"current_hp_per_floor":[61,49,49,38,34,34,9,9,9,9,0,0],"gold":14,"neow_bonus":"BOSS_RELIC","is_daily":false,"chose_seed":false,"campfire_upgraded":1,"win_rate":0.0,"timestamp":1609618519,"path_taken":["M","M","?","?","M","R","E","?","T","$","E"],"items_purchased_type":["Relic","Relic","Card"],"build_version":"2020-12-22","purchased_purges":1,"victory":false,"max_hp_per_floor":[75,75,69,69,69,69,69,69,69,69,69,69],"relic_stats":{"counters":[5,18],"Golden Idol":10,"Astrolabe":["Consume","All For One","Aggregate"],"obtain_stats":[{"Golden Idol":3,"Astrolabe":0,"Omamori":9,"Runic Capacitor":10,"Frozen Egg 2":10,"Cracked Core":0,"Symbiotic Virus":7},{"Golden Idol":2,"Astrolabe":0,"Omamori":4,"Runic Capacitor":4,"Frozen Egg 2":4,"Cracked Core":0,"Symbiotic Virus":4},{"Golden Idol":7,"Astrolabe":0,"Omamori":16,"Runic Capacitor":16,"Frozen Egg 2":16,"Cracked Core":0,"Symbiotic Virus":16}]},"card_choices":[{"not_picked":["Leap","Hello World"],"picked":"Cold Snap","floor":1},{"not_picked":["Rebound","Static Discharge"],"picked":"Rip and Tear","floor":2},{"not_picked":["Rip and Tear","Hologram","Barrage"],"picked":"SKIP","floor":5},{"not_picked":["Thunder Strike","Steam","Turbo"],"picked":"SKIP","floor":7}],"player_experience":133033,"relics_obtained":[{"floor":7,"key":"Symbiotic Virus"},{"floor":9,"key":"Omamori"}],"event_choices":[{"damage_healed":0,"gold_gain":0,"player_choice":"Lose Max HP","damage_taken":0,"relics_obtained":["Golden Idol"],"max_hp_gain":0,"max_hp_loss":6,"event_name":"Golden Idol","floor":3,"gold_loss":0},{"damage_healed":0,"gold_gain":75,"player_choice":"Gather Gold","damage_taken":11,"max_hp_gain":0,"max_hp_loss":0,"event_name":"World of Goop","floor":4,"gold_loss":0},{"damage_healed":0,"gold_gain":275,"player_choice":"Desecrate","damage_taken":0,"max_hp_gain":0,"max_hp_loss":0,"event_name":"Golden Shrine","floor":8,"gold_loss":0,"cards_obtained":["Regret"]}],"is_beta":false,"boss_relics":[],"items_purged_floors":[10],"is_endless":false,"potions_floor_spawned":[1],"killed_by":"3 Sentries","ascension_level":10}}