{"host":"ynimr9ugvc6f046i","time":1609570475,"event":{"mods":["2.2 Compatiblity","BaseMod","Colored Map","DeckTracker","Highlight Path","Keyboard Shortcuts","Minty Spire (QoL Compilation)","Permanent Neow","Quick Restart","StSLib","SuperFastMode"],"gold_per_floor":[113,113,123,140,159,159,173,173,173,173,173],"floor_reached":10,"playtime":205,"items_purged":[],"score":120,"play_id":"0d7c48fd-28ff-4263-965c-a0802ba5d532","local_time":"20210102155435","is_ascension_mode":true,"campfire_choices":[{"data":"Apotheosis","floor":6.0,"key":"SMITH"},{"floor":8,"key":"REST"}],"circlet_count":0,"master_deck":["AscendersBane","Strike_G","Strike_G","Strike_G","Strike_G","Defend_G","Defend_G","Defend_G","Defend_G","Defend_G","Survivor","Neutralize","Apotheosis+1","Acrobatics","Skewer","Masterful Stab","Accuracy","Noxious Fumes"],"relics":["Ring of the Snake"],"acts_visited":["Exordium"],"potions_floor_usage":[],"damage_taken":[{"damage":7.0,"enemies":"2 Louse","floor":1.0,"turns":3.0},{"damage":0.0,"enemies":"Cultist","floor":3.0,"turns":4.0},{"damage":2.0,"enemies":"Jaw Worm","floor":4.0,"turns":5.0},{"damage":13.0,"enemies":"Exordium Wildlife","floor":5.0,"turns":5.0},{"damage":11,"enemies":"Gremlin Gang","floor":7,"turns":6},{"damage":0,"enemies":"Gremlin Nob","floor":10,"turns":1}],"seed_played":"2318039439343058944","potions_obtained":[{"floor":3.0,"key":"Ancient Potion"},{"floor":5.0,"key":"DuplicationPotion"}],"is_trial":false,"path_per_floor":["M","?","M","M","M","R","M","R","T","E"],"character_chosen":"THE_SILENT","items_purchased":[],"campfire_rested":1,"item_purchase_floors":[],"current_hp_per_floor":[37,37,37,35,22,22,11,30,30,30,30],"gold":173,"neow_bonus":"RANDOM_COLORLESS_2","is_daily":false,"chose_seed":false,"campfire_upgraded":1,"win_rate":0.0,"timestamp":1609570475,"path_taken":["M","?","?","M","M","R","M","R","T","E"],"items_purchased_type":[],"build_version":"2020-12-22","purchased_purges":0,"victory":false,"max_hp_per_floor":[66,66,66,66,66,66,66,66,66,66,66],"card_choices":[{"not_picked":["HandOfGreed","The Bomb"],"picked":"Apotheosis","floor":0.0},{"not_picked":["Deadly Poison","Choke"],"picked":"Acrobatics","floor":1.0},{"not_picked":["PiercingWail","Escape Plan"],"picked":"Skewer","floor":3.0},{"not_picked":["Predator","Endless Agony"],"picked":"Masterful Stab","floor":4.0},{"not_picked":["Cloak And Dagger","Catalyst"],"picked":"Accuracy","floor":5.0},{"not_picked":["Acrobatics","Backstab"],"picked":"Noxious Fumes","floor":7}],"player_experience":532363,"relics_obtained":[],"event_choices":[{"cards_removed":["Strike_G"],"damage_healed":0.0,"max_hp_gain":0.0,"max_hp_loss":0.0,"gold_gain":0.0,"event_name":"Purifier","player_choice":"Purged","floor":2.0,"gold_loss":0.0,"damage_taken":0.0}],"is_beta":false,"boss_relics":[],"items_purged_floors":[],"is_endless":false,"potions_floor_spawned":[3,5,7],"killed_by":"Gremlin Nob","ascension_level":20}}