{"host":"Kdaddybrian","time":1609547240,"event":{"mods":["AchievementEnabler","BaseMod","Bestiary","Colored Powertips","Minty Spire (QoL Compilation)","Potion Indicator Mod","Quick Restart","Rare Cards Sparkle","Relic Stats","StSLib","Uncapped"],"gold_per_floor":[109,126,13,28,96,122,152,177,177,209,209,20,20,46,46,147,147,159,177,177,177,193,228,228,228,228],"floor_reached":25,"playtime":844,"items_purged":[],"score":356,"play_id":"bef4505d-021b-49e3-9ea8-1a4aa4abf3be","local_time":"20210101192720","is_ascension_mode":true,"campfire_choices":[{"floor":11,"key":"REST"},{"data":"Demon Form","floor":15,"key":"SMITH"},{"floor":24,"key":"REST"}],"circlet_count":0,"master_deck":["AscendersBane","Strike_R","Strike_R","Strike_R","Strike_R","Strike_R","Defend_R","Defend_R","Defend_R+1","Defend_R+1","Bash","Cleave","Anger","Hemokinesis","Rupture","Pommel Strike","Heavy Blade","True Grit","Clothesline","Demon Form+1","True Grit","Reaper","True Grit","Thunderclap","Bash","Metallicize+1","Bloodletting"],"relics":["Burning Blood","War Paint","Ginger","Happy Flower","Art of War","Ancient Tea Set","Snecko Eye","Regal Pillow"],"acts_visited":["Exordium","TheCity"],"potions_floor_usage":[1,6,10,10,10,16,19,23,23],"damage_taken":[{"damage":13,"enemies":"Jaw Worm","floor":1,"turns":4},{"damage":5,"enemies":"2 Louse","floor":2,"turns":3},{"damage":12,"enemies":"Small Slimes","floor":4,"turns":3},{"damage":30,"enemies":"Gremlin Nob","floor":6,"turns":4},{"damage":24,"enemies":"3 Sentries","floor":8,"turns":6},{"damage":10,"enemies":"Gremlin Nob","floor":10,"turns":3},{"damage":37,"enemies":"The Guardian","floor":16,"turns":9},{"damage":18,"enemies":"Chosen","floor":18,"turns":5},{"damage":0,"enemies":"Spheric Guardian","floor":19,"turns":3},{"damage":10,"enemies":"Cultist and Chosen","floor":22,"turns":5},{"damage":65,"enemies":"Slavers","floor":23,"turns":5},{"damage":62,"enemies":"Book of Stabbing","floor":25,"turns":4}],"seed_played":"-7132857158938231224","potions_obtained":[{"floor":0,"key":"FearPotion"},{"floor":0,"key":"SneckoOil"},{"floor":0,"key":"Energy Potion"},{"floor":2,"key":"Strength Potion"},{"floor":8,"key":"FearPotion"},{"floor":10,"key":"EntropicBrew"},{"floor":16,"key":"Fire Potion"},{"floor":22,"key":"LiquidMemories"}],"is_trial":false,"path_per_floor":["M","M","$","M","?","E","?","E","T","E","R","$","$","T","R","B",null,"M","M","?","?","M","E","R","E"],"character_chosen":"IRONCLAD","items_purchased":["Hemokinesis","Rupture","Demon Form","Regen Potion","True Grit"],"campfire_rested":2,"item_purchase_floors":[3,3,12,12,12],"current_hp_per_floor":[65,66,66,60,60,36,36,18,18,14,38,38,38,38,38,22,66,54,60,60,60,66,19,58,0,0],"gold":228,"neow_bonus":"THREE_SMALL_POTIONS","is_daily":false,"chose_seed":false,"campfire_upgraded":1,"win_rate":0.0,"timestamp":1609547240,"path_taken":["M","M","$","M","?","E","?","E","T","E","R","?","$","?","R","BOSS","M","M","?","?","?","E","R","E"],"items_purchased_type":["Card","Card","Card","Potion","Card"],"build_version":"2020-12-18","purchased_purges":0,"victory":false,"max_hp_per_floor":[80,80,80,80,80,80,80,80,80,80,80,80,80,80,80,80,80,80,80,80,80,80,80,80,80,80],"relic_stats":{"Regal Pillow":15,"Happy Flower":[11],"counters":[12,54],"Snecko Eye":[38,28,40,37],"Art of War":[3],"Ginger":[2],"War Paint":["Defend_R","Defend_R"],"obtain_stats":[{"Regal Pillow":23,"Happy Flower":8,"Snecko Eye":17,"Art of War":10,"Ginger":7,"War Paint":6,"Ancient Tea Set":14,"Burning Blood":0},{"Regal Pillow":11,"Happy Flower":5,"Snecko Eye":7,"Art of War":6,"Ginger":4,"War Paint":4,"Ancient Tea Set":6,"Burning Blood":0},{"Regal Pillow":50,"Happy Flower":20,"Snecko Eye":32,"Art of War":23,"Ginger":14,"War Paint":14,"Ancient Tea Set":23,"Burning Blood":0}],"Burning Blood":66},"card_choices":[{"not_picked":["Rage","True Grit"],"picked":"Cleave","floor":1},{"not_picked":["Thunderclap","Iron Wave"],"picked":"Anger","floor":2},{"not_picked":["Flex","Warcry"],"picked":"Pommel Strike","floor":4},{"not_picked":["Searing Blow","Wild Strike"],"picked":"Heavy Blade","floor":6},{"not_picked":["Headbutt","Thunderclap"],"picked":"True Grit","floor":8},{"not_picked":["Anger","Sword Boomerang"],"picked":"Clothesline","floor":10},{"not_picked":["Immolate","Limit Break"],"picked":"Reaper","floor":16},{"not_picked":["Heavy Blade","Headbutt"],"picked":"True Grit","floor":18},{"not_picked":["Armaments","Twin Strike"],"picked":"Thunderclap","floor":19},{"not_picked":["Hemokinesis","Dropkick"],"picked":"Metallicize+1","floor":22},{"not_picked":["Pommel Strike","Fiend Fire"],"picked":"Bloodletting","floor":23}],"player_experience":2917011,"relics_obtained":[{"floor":6,"key":"War Paint"},{"floor":8,"key":"Happy Flower"},{"floor":10,"key":"Art of War"},{"floor":14,"key":"Ancient Tea Set"},{"floor":23,"key":"Regal Pillow"}],"event_choices":[{"damage_healed":0,"gold_gain":68,"player_choice":"Gained Gold","damage_taken":0,"max_hp_gain":0,"max_hp_loss":0,"event_name":"Golden Wing","floor":5,"gold_loss":0},{"damage_healed":0,"gold_gain":30,"player_choice":"Searched \u00272\u0027 times","damage_taken":0,"relics_obtained":["Ginger"],"max_hp_gain":0,"max_hp_loss":0,"event_name":"Dead Adventurer","floor":7,"gold_loss":0},{"damage_healed":0,"gold_gain":0,"player_choice":"Ignored","damage_taken":0,"max_hp_gain":0,"max_hp_loss":0,"event_name":"Vampires","floor":20,"gold_loss":0},{"damage_healed":0,"gold_gain":0,"player_choice":"1 cards matched","damage_taken":0,"max_hp_gain":0,"max_hp_loss":0,"event_name":"Match and Keep!","floor":21,"gold_loss":0,"cards_obtained":["Bash"]}],"is_beta":true,"boss_relics":[{"not_picked":["SlaversCollar","Runic Cube"],"picked":"Snecko Eye"}],"items_purged_floors":[],"is_endless":false,"potions_floor_spawned":[2,8,10,16,22],"killed_by":"Book of Stabbing","ascension_level":10}}