{"host":"uxq2rly8rxtwffuf","time":1609571515,"event":{"mods":["BaseMod","Koishi","Minty Spire (QoL Compilation)","StSLib","The Judge","The Servant 0.9.4"],"gold_per_floor":[118,44,61,81,81,81,6,6,6,22,50,50,50,77,77,77,77],"floor_reached":16,"playtime":452,"items_purged":["Strike_R"],"score":157,"play_id":"ffbd3d69-5d0e-447c-8dee-e4b3ba5e0926","local_time":"20210102101155","is_ascension_mode":true,"campfire_choices":[{"data":"Bash","floor":6,"key":"SMITH"},{"floor":8,"key":"RECALL"},{"floor":13,"key":"DIG"},{"floor":15,"key":"REST"}],"circlet_count":0,"master_deck":["Strike_R","Strike_R","Defend_R","Defend_R","Bash+1","Rage","Dropkick","Thunderclap","Pummel","Rampage"],"relics":["Burning Blood","Anchor","Shovel","Meat on the Bone","Toxic Egg 2"],"acts_visited":["Exordium"],"potions_floor_usage":[11],"damage_taken":[{"damage":1,"enemies":"Cultist","floor":1,"turns":3},{"damage":7,"enemies":"Jaw Worm","floor":3,"turns":3},{"damage":0,"enemies":"2 Louse","floor":4,"turns":3},{"damage":8,"enemies":"Red Slaver","floor":10,"turns":4},{"damage":22,"enemies":"Lagavulin","floor":11,"turns":5},{"damage":37,"enemies":"3 Sentries","floor":14,"turns":6},{"damage":50,"enemies":"Slime Boss","floor":16,"turns":7}],"seed_played":"4862775083688274176","potions_obtained":[{"floor":1,"key":"SpeedPotion"},{"floor":4,"key":"Strength Potion"},{"floor":14,"key":"SpeedPotion"}],"is_trial":false,"path_per_floor":["M","$","M","M","?","R","$","R","T","M","E","?","R","E","R","B"],"character_chosen":"IRONCLAD","items_purchased":["Dropkick"],"campfire_rested":1,"item_purchase_floors":[2],"current_hp_per_floor":[56,56,55,61,61,61,61,61,61,59,43,43,43,24,48,0,0],"gold":77,"neow_bonus":"REMOVE_TWO","is_daily":false,"chose_seed":false,"campfire_upgraded":1,"win_rate":0.0,"timestamp":1609571515,"path_taken":["M","$","?","M","?","R","$","R","T","?","E","?","R","E","R","BOSS"],"items_purchased_type":["Card"],"build_version":"2020-12-22","purchased_purges":1,"victory":false,"max_hp_per_floor":[80,80,80,80,80,80,80,80,80,80,80,80,80,80,80,80,80],"card_choices":[{"not_picked":["Bloodletting","Heavy Blade"],"picked":"Rage","floor":1},{"not_picked":["Power Through","Heavy Blade"],"picked":"Thunderclap","floor":3},{"not_picked":["Rage","True Grit","Blood for Blood"],"picked":"SKIP","floor":4},{"not_picked":["Heavy Blade","Warcry","Thunderclap"],"picked":"SKIP","floor":10},{"not_picked":["Flame Barrier","Twin Strike"],"picked":"Rampage","floor":11},{"not_picked":["Sword Boomerang","Perfected Strike","Brutality"],"picked":"SKIP","floor":14}],"player_experience":1372581,"relics_obtained":[{"floor":9,"key":"Anchor"},{"floor":11,"key":"Shovel"},{"floor":13,"key":"Meat on the Bone"},{"floor":14,"key":"Toxic Egg 2"}],"event_choices":[{"damage_healed":0,"gold_gain":0,"cards_transformed":["Defend_R"],"player_choice":"Transformed","damage_taken":0,"max_hp_gain":0,"max_hp_loss":0,"event_name":"Transmorgrifier","floor":5,"gold_loss":0,"cards_obtained":["Pummel"]},{"cards_removed":["Strike_R"],"damage_healed":0,"gold_gain":0,"player_choice":"Offered Basic","damage_taken":0,"max_hp_gain":0,"max_hp_loss":0,"event_name":"Bonfire Elementals","floor":12,"gold_loss":0}],"is_beta":false,"boss_relics":[],"items_purged_floors":[7],"is_endless":false,"potions_floor_spawned":[1,4,14],"killed_by":"Slime Boss","ascension_level":9}}