{"host":"i0avyit1s6jb1siw","time":1609574371,"event":{"mods":["BaseMod","DeckTracker","Dota2Spire","Highlight Path","Minty Spire (QoL Compilation)","Quick Restart","Replay The Spire","StSLib","SuperFastMode"],"gold_per_floor":[117,117,117,136,17,45,60,60,87,119,137,162,162,180,180,252,252,267,267,192,30,40,40,40],"floor_reached":23,"playtime":606,"items_purged":["Strike_P"],"score":618,"play_id":"64538b25-d1ef-4985-ad66-e022ee939910","local_time":"20210102085931","is_ascension_mode":true,"campfire_choices":[{"data":"Eruption","floor":8,"key":"SMITH"},{"data":"Defend_P","floor":15,"key":"PURGE"}],"circlet_count":0,"master_deck":["AscendersBane","Defend_P","Eruption+1","Vigilance","CrushJoints","SandsOfTime","Swivel","CarveReality","MasterReality"],"relics":["PureWater","NeowsBlessing","Oddly Smooth Stone","Simple Rune","Dota2Spire:PowerTreads","Thread and Needle","Durian","Empty Cage","MutagenicStrength","TheAbacus"],"acts_visited":["Exordium","TheCity"],"potions_floor_usage":[22,23,23],"damage_taken":[{"damage":0,"enemies":"Small Slimes","floor":1,"turns":1},{"damage":0,"enemies":"Jaw Worm","floor":4,"turns":1},{"damage":0,"enemies":"3 Sentries","floor":6,"turns":2},{"damage":0,"enemies":"2 Louse","floor":7,"turns":2},{"damage":0,"enemies":"Lagavulin","floor":10,"turns":4},{"damage":0,"enemies":"2 Fungi Beasts","floor":11,"turns":2},{"damage":16,"enemies":"3 Sentries","floor":12,"turns":6},{"damage":0,"enemies":"Looter","floor":14,"turns":3},{"damage":0,"enemies":"Slime Boss","floor":16,"turns":3},{"damage":17,"enemies":"2 Thieves","floor":18,"turns":3},{"damage":0,"enemies":"3 Byrds","floor":22,"turns":4},{"damage":49,"enemies":"Slavers","floor":23,"turns":4}],"seed_played":"7663420617466519875","potions_obtained":[{"floor":4,"key":"Explosive Potion"},{"floor":7,"key":"Languid Potion"},{"floor":11,"key":"AttackPotion"},{"floor":16,"key":"Strength Potion"},{"floor":22,"key":"Dota2Spire:Clarity"}],"is_trial":false,"path_per_floor":["M","?","?","M","$","E","M","R","T","E","M","E","?","M","R","B",null,"M","?","?","$","M","E"],"character_chosen":"WATCHER","items_purchased":["Swivel","TheAbacus"],"campfire_rested":0,"item_purchase_floors":[5,21],"current_hp_per_floor":[61,61,50,50,50,50,50,50,50,50,50,39,32,32,32,32,63,46,46,46,46,46,0,0],"gold":40,"neow_bonus":"THREE_ENEMY_KILL","is_daily":false,"chose_seed":false,"campfire_upgraded":1,"win_rate":0.0,"timestamp":1609574371,"path_taken":["M","?","?","M","?","E","M","R","T","E","M","E","?","M","R","BOSS","M","?","?","$","M","E"],"items_purchased_type":["Card","Relic"],"build_version":"2020-12-22","purchased_purges":1,"victory":false,"max_hp_per_floor":[68,68,68,68,68,68,68,68,68,68,68,73,73,73,73,73,73,73,73,73,73,73,73,73],"card_choices":[{"not_picked":["Prostrate","CutThroughFate"],"picked":"CrushJoints","floor":1},{"not_picked":["WindmillStrike","FollowUp"],"picked":"SandsOfTime","floor":4},{"not_picked":["Replay:LoomingThreat","Replay:ManipulateFuture"],"picked":"CarveReality","floor":6},{"not_picked":["Nirvana","Sanctity","BowlingBash"],"picked":"SKIP","floor":7},{"not_picked":["LikeWater","Weave","Protect"],"picked":"SKIP","floor":10},{"not_picked":["EmptyBody","Replay:Vibes","Prostrate"],"picked":"SKIP","floor":11},{"not_picked":["EmptyBody","Replay:AllIn","WheelKick"],"picked":"SKIP","floor":12},{"not_picked":["Replay:Anticipation","PathToVictory","SashWhip"],"picked":"SKIP","floor":14},{"not_picked":["Judgement","Wish"],"picked":"MasterReality","floor":16},{"not_picked":["CrushJoints","Collect+1","ClearTheMind"],"picked":"SKIP","floor":18},{"not_picked":["EmptyFist","Nirvana+1","BowlingBash"],"picked":"SKIP","floor":22}],"player_experience":2158615,"relics_obtained":[{"floor":6,"key":"Simple Rune"},{"floor":9,"key":"Dota2Spire:PowerTreads"},{"floor":10,"key":"Thread and Needle"},{"floor":12,"key":"Durian"}],"event_choices":[{"damage_healed":0,"gold_gain":0,"player_choice":"Success","damage_taken":11,"relics_obtained":["Oddly Smooth Stone"],"max_hp_gain":0,"max_hp_loss":0,"event_name":"Scrap Ooze","floor":3,"gold_loss":0},{"cards_removed":["Strike_P"],"damage_healed":0,"gold_gain":0,"player_choice":"Card Removal","damage_taken":7,"max_hp_gain":0,"max_hp_loss":0,"event_name":"Golden Wing","floor":13,"gold_loss":0},{"damage_healed":0,"gold_gain":0,"player_choice":"Inject Mutagens","damage_taken":0,"relics_obtained":["MutagenicStrength"],"max_hp_gain":0,"max_hp_loss":0,"event_name":"Drug Dealer","floor":19,"gold_loss":0},{"cards_removed":["Strike_P"],"damage_healed":0,"gold_gain":0,"player_choice":"Gave Gold","damage_taken":0,"max_hp_gain":0,"max_hp_loss":0,"event_name":"Beggar","floor":20,"gold_loss":75}],"is_beta":false,"boss_relics":[{"not_picked":["Replay:Bronze Core","Replay:Drink Me"],"picked":"Empty Cage"}],"items_purged_floors":[5],"is_endless":false,"potions_floor_spawned":[4,7,11,12,16,18,22],"killed_by":"Slavers","ascension_level":20}}