{"host":"akjsb4vg7478j4ls","time":1609628307,"event":{"mods":["BaseMod","Colored Powertips","Minty Spire (QoL Compilation)","Rare Cards Sparkle"],"gold_per_floor":[117,117,117,117,21,55,55,81,81,94,106,106,122,150,150,248,248,261,276,293,311,52,52,65,75,153,153,165,16,16,16,16],"floor_reached":31,"playtime":2099,"items_purged":[],"score":282,"play_id":"46b7cc01-d6e8-4b11-8efd-ae256d4abe30","local_time":"20210102205827","is_ascension_mode":false,"campfire_choices":[{"floor":7,"key":"REST"},{"floor":15,"key":"REST"},{"floor":23,"key":"REST"}],"circlet_count":0,"master_deck":["Strike_G","Defend_G","Defend_G","Defend_G","Defend_G","Survivor","Neutralize","Catalyst+1","Dagger Spray+1","Underhanded Strike+1","Flying Knee","Night Terror","Discovery","Poisoned Stab","Sucker Punch","Infinite Blades","Poisoned Stab","Malaise","Slice","Poisoned Stab","Corpse Explosion","Envenom","Blade Dance","Poisoned Stab","Flechettes+1","Choke+1","Prepared","Deflect","Skewer+1","Die Die Die","Riddle With Holes"],"relics":["Astrolabe","Snake Skull","Mango","Gremlin Horn","Ninja Scroll","Unceasing Top","Runic Pyramid","Frozen Egg 2","Question Card","Strange Spoon"],"acts_visited":["Exordium","TheCity"],"potions_floor_usage":[8,14,16,20,20,25,27],"damage_taken":[{"damage":0,"enemies":"Small Slimes","floor":1,"turns":3},{"damage":8,"enemies":"Lagavulin","floor":6,"turns":7},{"damage":10,"enemies":"Gremlin Nob","floor":8,"turns":3},{"damage":0,"enemies":"2 Louse","floor":10,"turns":2},{"damage":0,"enemies":"Cultist","floor":11,"turns":3},{"damage":0,"enemies":"Blue Slaver","floor":13,"turns":1},{"damage":10,"enemies":"3 Sentries","floor":14,"turns":5},{"damage":24,"enemies":"Slime Boss","floor":16,"turns":6},{"damage":21,"enemies":"Shell Parasite","floor":18,"turns":4},{"damage":20,"enemies":"Spheric Guardian","floor":19,"turns":4},{"damage":11,"enemies":"Centurion and Healer","floor":20,"turns":5},{"damage":8,"enemies":"Chosen and Byrds","floor":21,"turns":5},{"damage":6,"enemies":"Snecko","floor":24,"turns":4},{"damage":26,"enemies":"Sentry and Sphere","floor":25,"turns":4},{"damage":0,"enemies":"Colosseum Slavers","floor":27,"turns":2},{"damage":15,"enemies":"Cultist and Chosen","floor":28,"turns":5},{"damage":6,"enemies":"Centurion and Healer","floor":31,"turns":1}],"seed_played":"-5701062278299964814","potions_obtained":[{"floor":6,"key":"DistilledChaos"},{"floor":12,"key":"SkillPotion"},{"floor":12,"key":"GhostInAJar"},{"floor":12,"key":"CunningPotion"},{"floor":14,"key":"Fire Potion"},{"floor":16,"key":"SkillPotion"},{"floor":21,"key":"AttackPotion"},{"floor":28,"key":"LiquidMemories"}],"is_trial":false,"path_per_floor":["M","$","?","?","$","E","R","E","T","M","M","?","M","E","R","B",null,"M","M","M","M","$","R","M","M","T","?","M","$","?","M"],"character_chosen":"THE_SILENT","items_purchased":["Poisoned Stab","Sucker Punch","Frozen Egg 2","Strange Spoon"],"campfire_rested":3,"item_purchase_floors":[5,5,22,29],"current_hp_per_floor":[70,70,45,45,45,51,76,66,66,66,66,66,66,56,81,57,84,63,43,32,24,24,49,43,17,17,17,2,2,2,0,0],"gold":16,"neow_bonus":"BOSS_RELIC","is_daily":false,"chose_seed":false,"campfire_upgraded":0,"win_rate":0.0,"timestamp":1609628307,"path_taken":["M","$","?","?","$","E","R","E","T","M","?","?","M","E","R","BOSS","M","M","?","M","$","R","M","M","T","?","M","?","?","M"],"items_purchased_type":["Card","Card","Relic","Relic"],"build_version":"2020-12-22","purchased_purges":0,"victory":false,"max_hp_per_floor":[70,70,70,70,70,84,84,84,84,84,84,84,84,84,84,84,84,84,84,84,84,84,84,84,84,84,84,84,84,84,84,84],"card_choices":[{"not_picked":["Quick Slash","Sucker Punch"],"picked":"Flying Knee","floor":1},{"not_picked":["Deadly Poison","Poisoned Stab"],"picked":"Infinite Blades","floor":6},{"not_picked":["Caltrops","Endless Agony"],"picked":"Poisoned Stab","floor":8},{"not_picked":["Prepared","Sucker Punch"],"picked":"Malaise","floor":10},{"not_picked":["Dagger Spray","Distraction"],"picked":"Slice","floor":11},{"not_picked":["Bane","Flying Knee"],"picked":"Poisoned Stab","floor":13},{"not_picked":["Slice","Expertise"],"picked":"Corpse Explosion","floor":14},{"not_picked":["Night Terror","Adrenaline"],"picked":"Envenom","floor":16},{"not_picked":["Flying Knee","Sucker Punch"],"picked":"Blade Dance","floor":18},{"not_picked":["Eviscerate","Underhanded Strike"],"picked":"Poisoned Stab","floor":19},{"not_picked":["Dash+1","Bouncing Flask"],"picked":"Flechettes+1","floor":20},{"not_picked":["Deflect","Expertise"],"picked":"Choke+1","floor":21},{"not_picked":["Heel Hook","PiercingWail"],"picked":"Prepared","floor":24},{"not_picked":["Eviscerate","Choke+1"],"picked":"Deflect","floor":25},{"not_picked":["Outmaneuver","Blade Dance","Endless Agony"],"picked":"Skewer+1","floor":28}],"player_experience":70181,"relics_obtained":[{"floor":6,"key":"Mango"},{"floor":8,"key":"Gremlin Horn"},{"floor":9,"key":"Ninja Scroll"},{"floor":14,"key":"Unceasing Top"},{"floor":26,"key":"Question Card"}],"event_choices":[{"damage_healed":0,"gold_gain":0,"player_choice":"Success","damage_taken":25,"relics_obtained":["Snake Skull"],"max_hp_gain":0,"max_hp_loss":0,"event_name":"Scrap Ooze","floor":3,"gold_loss":0},{"damage_healed":0,"gold_gain":0,"player_choice":"2 cards matched","damage_taken":0,"max_hp_gain":0,"max_hp_loss":0,"event_name":"Match and Keep!","floor":4,"gold_loss":0,"cards_obtained":["Night Terror","Discovery"]},{"damage_healed":0,"gold_gain":0,"player_choice":"Got Potions","damage_taken":0,"max_hp_gain":0,"max_hp_loss":0,"event_name":"Lab","floor":12,"gold_loss":0},{"damage_healed":0,"gold_gain":0,"player_choice":"Fight","damage_taken":0,"max_hp_gain":0,"max_hp_loss":0,"event_name":"Colosseum","floor":27,"gold_loss":0},{"damage_healed":0,"gold_gain":0,"player_choice":"Fled From Nobs","damage_taken":0,"max_hp_gain":0,"max_hp_loss":0,"event_name":"Colosseum","floor":27,"gold_loss":0},{"damage_healed":0,"gold_gain":0,"cards_transformed":["Strike_G","Strike_G"],"player_choice":"Became Test Subject","damage_taken":0,"max_hp_gain":0,"max_hp_loss":0,"event_name":"Drug Dealer","floor":30,"gold_loss":0,"cards_obtained":["Die Die Die","Riddle With Holes"]}],"is_beta":false,"boss_relics":[{"not_picked":["Empty Cage","Ectoplasm"],"picked":"Runic Pyramid"}],"items_purged_floors":[],"is_endless":false,"potions_floor_spawned":[6,14,16,19,21,27,28],"killed_by":"Centurion and Healer","ascension_level":0}}