{"host":"e1d4pmcf31bpmsqo","time":1609558122,"event":{"mods":["BaseMod","Better Note","Better Third Choice","Colored Powertips","Disable Question Mark Monsters","Minty Spire (QoL Compilation)","Relic Stats","StSLib"],"gold_per_floor":[109,120,135,145,155,184,184,198,198,224,224,31,63,63,63,139,139,153,153,163,11,11,11,11],"floor_reached":23,"playtime":731,"items_purged":["Strike_P","Strike_P"],"score":472,"play_id":"36459b1c-cc76-47d8-8587-eb024bea7cb6","local_time":"20210102142842","is_ascension_mode":true,"campfire_choices":[{"floor":11,"key":"REST"},{"data":"CrushJoints","floor":15,"key":"SMITH"}],"circlet_count":0,"master_deck":["AscendersBane","Strike_P","Strike_P","Defend_P","Defend_P","Defend_P","Defend_P","Eruption+1","Vigilance","Conclude","WindmillStrike","Wallop","CutThroughFate","FlyingSleeves","Sanctity","MentalFortress","CarveReality","CrushJoints+1","Establishment","ClearTheMind","Prostrate+1","Halt","Shame"],"relics":["Philosopher\u0027s Stone","Akabeko","Shuriken","HornCleat","VioletLotus","Bag of Marbles"],"acts_visited":["Exordium","TheCity"],"potions_floor_usage":[13,23],"damage_taken":[{"damage":0.0,"enemies":"2 Louse","floor":1.0,"turns":3.0},{"damage":0.0,"enemies":"Cultist","floor":2.0,"turns":3.0},{"damage":0.0,"enemies":"Jaw Worm","floor":3.0,"turns":4.0},{"damage":2.0,"enemies":"Looter","floor":4.0,"turns":3.0},{"damage":10.0,"enemies":"Blue Slaver","floor":5.0,"turns":3.0},{"damage":9.0,"enemies":"Gremlin Nob","floor":6.0,"turns":3.0},{"damage":13.0,"enemies":"3 Louse","floor":8.0,"turns":3.0},{"damage":9,"enemies":"3 Sentries","floor":10,"turns":4},{"damage":0,"enemies":"Gremlin Nob","floor":13,"turns":3},{"damage":17,"enemies":"The Guardian","floor":16,"turns":7},{"damage":0,"enemies":"Chosen","floor":18,"turns":3},{"damage":21,"enemies":"Shell Parasite","floor":20,"turns":4},{"damage":89,"enemies":"Slavers","floor":23,"turns":3}],"seed_played":"-8809357112231483766","potions_obtained":[{"floor":2.0,"key":"GamblersBrew"},{"floor":3.0,"key":"SkillPotion"},{"floor":5.0,"key":"SmokeBomb"},{"floor":10,"key":"AttackPotion"},{"floor":18,"key":"Regen Potion"},{"floor":20,"key":"FairyPotion"}],"is_trial":false,"path_per_floor":["M","M","M","M","M","E","?","M","T","E","R","$","E","?","R","B",null,"M","?","M","$","?","E"],"character_chosen":"WATCHER","items_purchased":["MentalFortress","CarveReality","Halt"],"campfire_rested":1,"item_purchase_floors":[12,12,21],"current_hp_per_floor":[61,61,61,59,49,40,40,27,27,18,38,38,38,43,43,26,61,61,61,40,40,40,0,0],"gold":11,"neow_bonus":"BOSS_RELIC","is_daily":false,"chose_seed":false,"campfire_upgraded":1,"win_rate":0.0,"timestamp":1609558122,"path_taken":["M","M","M","M","M","E","?","?","T","E","R","$","E","?","R","BOSS","M","?","M","$","?","E"],"items_purchased_type":["Card","Card","Card"],"build_version":"2020-12-22","purchased_purges":2,"victory":false,"max_hp_per_floor":[68,68,68,68,68,68,68,68,68,68,68,68,68,73,73,73,73,73,73,73,73,73,73,73],"relic_stats":{"counters":[13,46],"Shuriken":[10],"VioletLotus":[2],"obtain_stats":[{"HornCleat":13,"Shuriken":10,"Philosopher\u0027s Stone":0,"VioletLotus":17,"Bag of Marbles":22,"PureWater":0,"Akabeko":6},{"HornCleat":9,"Shuriken":8,"Philosopher\u0027s Stone":0,"VioletLotus":10,"Bag of Marbles":12,"PureWater":0,"Akabeko":6},{"HornCleat":29,"Shuriken":26,"Philosopher\u0027s Stone":0,"VioletLotus":36,"Bag of Marbles":43,"PureWater":0,"Akabeko":19}]},"card_choices":[{"not_picked":["EmptyFist","FollowUp"],"picked":"Conclude","floor":1.0},{"not_picked":["Evaluate","JustLucky","EmptyBody"],"picked":"SKIP","floor":2.0},{"not_picked":["Evaluate","Crescendo","Alpha"],"picked":"SKIP","floor":3.0},{"not_picked":["EmptyBody","BowlingBash"],"picked":"WindmillStrike","floor":4.0},{"not_picked":["Halt","EmptyFist"],"picked":"Wallop","floor":5.0},{"not_picked":["Judgement","Collect"],"picked":"CutThroughFate","floor":6.0},{"not_picked":["Meditate","Protect"],"picked":"FlyingSleeves","floor":8.0},{"not_picked":["WreathOfFlame","Weave"],"picked":"Sanctity","floor":10},{"not_picked":["Fasting2","FlurryOfBlows"],"picked":"CrushJoints","floor":13},{"not_picked":["Blasphemy","ConjureBlade"],"picked":"Establishment","floor":16},{"not_picked":["TalkToTheHand","Protect"],"picked":"ClearTheMind","floor":18},{"not_picked":["Worship","CarveReality"],"picked":"Prostrate+1","floor":20}],"player_experience":1002560,"relics_obtained":[{"floor":6.0,"key":"Akabeko"},{"floor":10,"key":"Shuriken"},{"floor":13,"key":"HornCleat"}],"event_choices":[{"damage_healed":0.0,"max_hp_gain":0.0,"max_hp_loss":0.0,"gold_gain":0.0,"event_name":"Upgrade Shrine","player_choice":"Upgraded","floor":7.0,"gold_loss":0.0,"damage_taken":0.0,"cards_upgraded":["Eruption"]},{"damage_healed":0,"gold_gain":0,"player_choice":"Donut","damage_taken":0,"max_hp_gain":5,"max_hp_loss":0,"event_name":"Big Fish","floor":14,"gold_loss":0},{"damage_healed":0,"gold_gain":0,"player_choice":"Ignored","damage_taken":0,"max_hp_gain":0,"max_hp_loss":0,"event_name":"Vampires","floor":19,"gold_loss":0},{"damage_healed":0,"gold_gain":0,"player_choice":"Stole Relic","damage_taken":0,"relics_obtained":["Bag of Marbles"],"max_hp_gain":0,"max_hp_loss":0,"event_name":"Addict","floor":22,"gold_loss":0,"cards_obtained":["Shame"]}],"is_beta":false,"boss_relics":[{"not_picked":["Velvet Choker","Coffee Dripper"],"picked":"VioletLotus"}],"items_purged_floors":[12,21],"is_endless":false,"potions_floor_spawned":[2,3,5,10,18,20],"killed_by":"Slavers","ascension_level":20}}