{"host":"uu1krv5qijnewumw","time":1609555273,"event":{"mods":["BaseMod","Minty Spire (QoL Compilation)","The Disciple"],"gold_per_floor":[117,133,143,143,143,172,185,203,255,265,279,279,292,304,304,400,400,417,428,440,7,7,7,7,7,34,34,134,162,10,29,29,130,130,149,163,163,212,212,212,212,212,237,237,264,264,278,298,298,298],"floor_reached":51,"playtime":10148,"items_purged":["Strike_R","Strike_R"],"score":649,"play_id":"67434396-8932-4ece-8fb1-f4dedc3ef08a","local_time":"20210101214113","is_ascension_mode":false,"campfire_choices":[{"floor":12.0,"key":"REST"},{"data":"Inflame","floor":15.0,"key":"SMITH"},{"data":"Armaments","floor":23.0,"key":"SMITH"},{"data":"Metallicize","floor":25.0,"key":"SMITH"},{"floor":32.0,"key":"REST"},{"data":"Pommel Strike","floor":40,"key":"SMITH"},{"data":"Thinking Ahead","floor":44,"key":"SMITH"},{"floor":46,"key":"REST"},{"data":"Limit Break","floor":49,"key":"SMITH"}],"circlet_count":0,"master_deck":["Strike_R","Strike_R","Defend_R","Defend_R","Bash","Barricade+1","Cleave","Armaments+1","Iron Wave","Anger","Headbutt","Intimidate","Sword Boomerang","Inflame+1","Pommel Strike+1","Bludgeon","Exhume","Ghostly Armor","Flex","Metallicize+1","Pommel Strike","Thinking Ahead+1","Iron Wave","Flex","Metallicize","Limit Break+1","Blood for Blood","Bandage Up","Swift Strike","Sword Boomerang+1","Madness","Madness","Body Slam+1"],"relics":["Burning Blood","Pen Nib","Mummified Hand","Bag of Preparation","Mark of Pain","ClockworkSouvenir","MutagenicStrength","Ancient Tea Set","Pocketwatch","White Beast Statue","Lantern","Empty Cage","Unceasing Top","Darkstone Periapt","Happy Flower","Calipers"],"acts_visited":["Exordium","TheCity","TheBeyond"],"potions_floor_usage":[38,38,45,48,50,50],"damage_taken":[{"damage":7.0,"enemies":"Cultist","floor":1.0,"turns":5.0},{"damage":3.0,"enemies":"Jaw Worm","floor":2.0,"turns":4.0},{"damage":0.0,"enemies":"Small Slimes","floor":3.0,"turns":3.0},{"damage":49.0,"enemies":"Gremlin Nob","floor":6.0,"turns":6.0},{"damage":5.0,"enemies":"2 Fungi Beasts","floor":7.0,"turns":4.0},{"damage":3.0,"enemies":"3 Louse","floor":8.0,"turns":3.0},{"damage":7.0,"enemies":"Blue Slaver","floor":10.0,"turns":4.0},{"damage":2.0,"enemies":"Large Slime","floor":11.0,"turns":6.0},{"damage":8.0,"enemies":"2 Fungi Beasts","floor":13.0,"turns":3.0},{"damage":7.0,"enemies":"Blue Slaver","floor":14.0,"turns":3.0},{"damage":24.0,"enemies":"Hexaghost","floor":16.0,"turns":9.0},{"damage":12.0,"enemies":"Shell Parasite","floor":18.0,"turns":3.0},{"damage":0.0,"enemies":"Spheric Guardian","floor":19.0,"turns":1.0},{"damage":27.0,"enemies":"Centurion and Healer","floor":20.0,"turns":5.0},{"damage":6.0,"enemies":"Colosseum Slavers","floor":28.0,"turns":5.0},{"damage":10.0,"enemies":"Colosseum Nobs","floor":28.0,"turns":4.0},{"damage":30.0,"enemies":"Slavers","floor":29.0,"turns":6.0},{"damage":0.0,"enemies":"Snake Plant","floor":31.0,"turns":2.0},{"damage":4.0,"enemies":"Champ","floor":33.0,"turns":10.0},{"damage":0,"enemies":"3 Shapes","floor":35,"turns":4},{"damage":0,"enemies":"Orb Walker","floor":36,"turns":2},{"damage":13,"enemies":"2 Orb Walkers","floor":38,"turns":3},{"damage":27,"enemies":"Reptomancer","floor":45,"turns":5},{"damage":11,"enemies":"Writhing Mass","floor":47,"turns":4},{"damage":9,"enemies":"Sphere and 2 Shapes","floor":48,"turns":4},{"damage":65,"enemies":"Awakened One","floor":50,"turns":7}],"seed_played":"3340861299330275363","potions_obtained":[{"floor":3.0,"key":"DistilledChaos"},{"floor":6.0,"key":"BlessingOfTheForge"},{"floor":11.0,"key":"SkillPotion"},{"floor":13.0,"key":"SpeedPotion"},{"floor":16.0,"key":"LiquidMemories"},{"floor":20.0,"key":"Dexterity Potion"},{"floor":28.0,"key":"GamblersBrew"},{"floor":29.0,"key":"Regen Potion"},{"floor":31.0,"key":"BlessingOfTheForge"},{"floor":33.0,"key":"DuplicationPotion"},{"floor":38,"key":"LiquidMemories"},{"floor":45,"key":"AttackPotion"},{"floor":47,"key":"DuplicationPotion"},{"floor":48,"key":"Explosive Potion"}],"is_trial":false,"path_per_floor":["M","M","M","?","?","E","M","M","T","M","M","R","M","M","R","B",null,"M","M","M","$","?","R","$","R","T","?","?","E","$","M","R","B",null,"M","M","?","?","T","R","?","?","T","R","E","R","M","M","R","B",null],"character_chosen":"IRONCLAD","items_purchased":["Pommel Strike","ClockworkSouvenir","Thinking Ahead","Flex"],"campfire_rested":3,"item_purchase_floors":[21,21,21,30],"current_hp_per_floor":[55,58,64,61,61,18,19,22,22,21,25,49,47,46,46,28,80,74,80,59,59,59,59,59,59,59,80,76,52,52,58,80,80,80,80,80,75,77,77,77,77,67,67,67,54,78,80,80,80,29],"gold":298,"neow_bonus":"THREE_RARE_CARDS","is_daily":false,"chose_seed":false,"campfire_upgraded":6,"win_rate":0.0,"timestamp":1609555273,"path_taken":["M","M","M","?","?","E","M","M","T","M","M","R","M","M","R","BOSS","M","M","M","$","?","R","$","R","T","?","?","E","$","M","R","BOSS","M","M","?","?","?","R","?","?","T","R","E","R","M","M","R","BOSS"],"items_purchased_type":["Card","Relic","Card","Card"],"build_version":"2020-12-22","purchased_purges":2,"victory":true,"max_hp_per_floor":[80,80,80,80,80,80,80,80,80,80,80,80,80,80,80,80,80,80,80,80,80,80,80,80,80,80,80,80,80,80,80,80,80,80,80,80,80,80,80,80,80,80,80,80,80,80,80,80,80,80],"card_choices":[{"not_picked":["Limit Break","Immolate"],"picked":"Barricade","floor":0.0},{"not_picked":["Body Slam","Infernal Blade"],"picked":"Cleave","floor":1.0},{"not_picked":["Headbutt","Fire Breathing"],"picked":"Armaments","floor":2.0},{"not_picked":["Rage","Dark Embrace"],"picked":"Iron Wave","floor":3.0},{"not_picked":["Thunderclap","Seeing Red"],"picked":"Anger","floor":6.0},{"not_picked":["Flame Barrier","Fire Breathing"],"picked":"Headbutt","floor":7.0},{"not_picked":["Havoc","Armaments"],"picked":"Intimidate","floor":8.0},{"not_picked":["Warcry","Burning Pact"],"picked":"Sword Boomerang","floor":10.0},{"not_picked":["Cleave","Rupture"],"picked":"Inflame","floor":11.0},{"not_picked":["Armaments","Thunderclap"],"picked":"Pommel Strike","floor":13.0},{"not_picked":["Clothesline","Shockwave"],"picked":"Bludgeon","floor":14.0},{"not_picked":["Brutality","Bludgeon"],"picked":"Exhume","floor":16.0},{"not_picked":["Wild Strike","Thunderclap"],"picked":"Ghostly Armor","floor":18.0},{"not_picked":["Body Slam+1","Cleave"],"picked":"Flex","floor":19.0},{"not_picked":["Limit Break","Perfected Strike"],"picked":"Metallicize","floor":20.0},{"not_picked":["Heavy Blade+1","Clothesline"],"picked":"Iron Wave","floor":29.0},{"not_picked":["Feel No Pain","Anger"],"picked":"Metallicize","floor":31.0},{"not_picked":["Offering","Double Tap"],"picked":"Limit Break","floor":33.0},{"not_picked":["Iron Wave","Clash"],"picked":"Blood for Blood","floor":35},{"not_picked":["Clash+1","Blood for Blood","Headbutt"],"picked":"SKIP","floor":36},{"not_picked":["Forethought","Good Instincts"],"picked":"Bandage Up","floor":37},{"not_picked":["Jack Of All Trades","Mayhem"],"picked":"Swift Strike","floor":37},{"not_picked":["Iron Wave","Anger"],"picked":"Sword Boomerang+1","floor":38},{"not_picked":["Rupture+1","Sword Boomerang","Anger"],"picked":"SKIP","floor":45},{"not_picked":["Burning Pact","Anger","Perfected Strike+1"],"picked":"SKIP","floor":47},{"not_picked":["Blood for Blood","Clash+1"],"picked":"Body Slam+1","floor":48}],"player_experience":208150,"relics_obtained":[{"floor":6.0,"key":"Mummified Hand"},{"floor":9.0,"key":"Bag of Preparation"},{"floor":26.0,"key":"Ancient Tea Set"},{"floor":28.0,"key":"Pocketwatch"},{"floor":28.0,"key":"White Beast Statue"},{"floor":29.0,"key":"Lantern"},{"floor":38,"key":"Unceasing Top"},{"floor":39,"key":"Darkstone Periapt"},{"floor":43,"key":"Happy Flower"},{"floor":45,"key":"Calipers"}],"event_choices":[{"damage_healed":0.0,"max_hp_gain":0.0,"max_hp_loss":0.0,"gold_gain":0.0,"event_name":"Scrap Ooze","player_choice":"Success","floor":4.0,"gold_loss":0.0,"damage_taken":3.0,"relics_obtained":["Pen Nib"]},{"damage_healed":0.0,"max_hp_gain":0.0,"max_hp_loss":0.0,"gold_gain":0.0,"event_name":"Accursed Blacksmith","player_choice":"Forge","floor":5.0,"gold_loss":0.0,"damage_taken":0.0,"cards_upgraded":["Barricade"]},{"damage_healed":0.0,"max_hp_gain":0.0,"max_hp_loss":0.0,"gold_gain":0.0,"event_name":"Drug Dealer","player_choice":"Inject Mutagens","floor":22.0,"gold_loss":0.0,"damage_taken":0.0,"relics_obtained":["MutagenicStrength"]},{"damage_healed":26.0,"max_hp_gain":0.0,"max_hp_loss":0.0,"gold_gain":0.0,"event_name":"The Library","player_choice":"Heal","floor":27.0,"gold_loss":0.0,"damage_taken":0.0},{"damage_healed":0.0,"max_hp_gain":0.0,"max_hp_loss":0.0,"gold_gain":0.0,"event_name":"Colosseum","player_choice":"Fight","floor":28.0,"gold_loss":0.0,"damage_taken":0.0},{"damage_healed":0.0,"max_hp_gain":0.0,"max_hp_loss":0.0,"gold_gain":0.0,"event_name":"Colosseum","player_choice":"Fought Nobs","floor":28.0,"gold_loss":0.0,"damage_taken":0.0},{"damage_healed":0,"gold_gain":0,"player_choice":"Memory 2","damage_taken":5,"max_hp_gain":0,"max_hp_loss":0,"event_name":"SensoryStone","floor":37,"gold_loss":0},{"damage_healed":0,"gold_gain":0,"player_choice":"Fight","damage_taken":0,"max_hp_gain":0,"max_hp_loss":0,"event_name":"Mysterious Sphere","floor":38,"gold_loss":0},{"cards_removed":["Defend_R"],"damage_healed":0,"gold_gain":0,"player_choice":"Removed Skill","damage_taken":0,"max_hp_gain":0,"max_hp_loss":0,"event_name":"Falling","floor":41,"gold_loss":0},{"damage_healed":0,"gold_gain":0,"player_choice":"Embrace Madness","damage_taken":10,"max_hp_gain":0,"max_hp_loss":0,"event_name":"Winding Halls","floor":42,"gold_loss":0,"cards_obtained":["Madness","Madness"]}],"is_beta":false,"boss_relics":[{"not_picked":["Tiny House","Runic Dome"],"picked":"Mark of Pain"},{"not_picked":["Busted Crown","Snecko Eye"],"picked":"Empty Cage"}],"items_purged_floors":[21,30],"is_endless":false,"potions_floor_spawned":[3,6,11,13,16,20,28,28,29,31,33,35,36,38,45,47,48],"ascension_level":0}}