{"host":"0azimyi6n3ugndj4","time":1609611884,"event":{"mods":["2.2 Compatiblity","BaseMod","Bestiary","Conspire","Curses Come First","Defuse TimeMaze Blight","Hermit","Hyrulean Relics","Infinite Spire","Minty Spire (QoL Compilation)","Relic Stats","Replay The Spire","StSLib","SuperFastMode","The Cursed","Uncapped","¡¼?Úª?ø«¡½REMEMod"],"gold_per_floor":[135,135,135,174,174,174,74,224,224,254,254],"floor_reached":10,"playtime":117,"items_purged":[],"score":233,"play_id":"30d8b9a5-b5b0-4492-b465-3f08cb0f2fc5","local_time":"20210103032444","daily_mods":["SealedDeck","Hoarder","Insanity","Chimera","Specialized","Vintage","ControlledChaos","Allstar","Diverse","Colorless Cards","Heirloom","Time Dilation","Flight","Elite Swarm","Lethality","Midas","Binary"],"is_ascension_mode":true,"campfire_choices":[{"floor":6,"key":"DIG"}],"circlet_count":0,"master_deck":["Demon Form","Wraith Form v2","Echo Form","DevaForm","AscendersBane","Bash","Survivor","Zap","Eruption","Strike_R+1","Strike_G","Strike_B","Defend_R","Defend_G","Defend_P","Jack Of All Trades","Perfected Strike","hermit:HoleUp","Beam Cell","hermit:WideOpen","hermit:ItchyTrigger","Poisoned Stab","TheCursedMod:ManaBullet","Sucker Punch","TheCursedMod:Wield","Sneak Up","Hemokinesis","conspire:Banana","Blade Dance","PiercingWail","Loop","Scrape","REME_TwoStrings","hermit:Feint","Hologram","Searing Blow","Slice","Concentrate","Slice","hermit:Coalescence","TheCursedMod:SaltUponWound","hermit:LoneWolf","TheCursedMod:FleshFromBone","Acrobatics","Beam Cell","JustLucky","ThirdEye","Protect","TheCursedMod:VitalStrike","Second Wind","Cold Snap","TheCursedMod:Stretching","Battle Trance+1","Thunderclap","Sweeping Beam","Evolve","Headbutt","Dash","Protect","TheCursedMod:CircleOfWindfury","hermit:Snipe","hermit:Deadeye","Tactician","hermit:Feint","hermit:GhostlyPresence","hermit:GhostlyPresence","hermit:GhostlyPresence","hermit:GhostlyPresence","hermit:GhostlyPresence","hermit:GhostlyPresence","hermit:GhostlyPresence","hermit:GhostlyPresence","hermit:GhostlyPresence","hermit:GhostlyPresence","hermit:GhostlyPresence","hermit:GhostlyPresence","hermit:GhostlyPresence","hermit:GhostlyPresence","hermit:GhostlyPresence","conspire:ExplosiveBarrier","conspire:ExplosiveBarrier","conspire:ExplosiveBarrier","TheCursedMod:SoulReap","TheCursedMod:SoulReap","TheCursedMod:SoulReap","Dodge and Roll","Dodge and Roll","Dodge and Roll","Purity","Purity","Purity","TheCursedMod:RavingStaff","TheCursedMod:RavingStaff","TheCursedMod:RavingStaff","TheCursedMod:CursedBlade","TheCursedMod:CursedBlade","TheCursedMod:CursedBlade","hermit:Manifest","hermit:Manifest","hermit:Manifest","Acrobatics","Acrobatics","Acrobatics","Poisoned Stab","Poisoned Stab","Poisoned Stab","Entrench","Entrench","Entrench","REME_CRH","REME_CRH","REME_CRH","Ghostly","Ghostly","Ghostly","Doubt","Doubt","Doubt"],"relics":["PureWater","Frozen Eye","Busted Crown","REME_ComplimentaryCards","infinitespire:Lychee Nut","Shovel","Meat on the Bone","Bronze Scales","infinitespire:ShieldingShard","zeldaRelics:CouragePiece"],"acts_visited":["Exordium"],"potions_floor_usage":[10],"damage_taken":[{"damage":0,"enemies":"Cultist","floor":1,"turns":2},{"damage":0,"enemies":"Small Slimes","floor":4,"turns":3},{"damage":55,"enemies":"Gremlin Nob","floor":10,"turns":3}],"seed_played":"-4499517129838365791","potions_obtained":[{"floor":1,"key":"REME_GoldPotion"}],"is_trial":true,"path_per_floor":["M","$","?","M","?","R","?","?","T","E"],"character_chosen":"WATCHER","items_purchased":[],"campfire_rested":0,"item_purchase_floors":[],"current_hp_per_floor":[52,52,52,52,36,36,36,36,36,0,0],"gold":254,"neow_bonus":"","is_daily":false,"chose_seed":false,"campfire_upgraded":0,"win_rate":0.0,"timestamp":1609611884,"path_taken":["M","?","?","?","?","R","?","?","T","E"],"items_purchased_type":[],"build_version":"2020-12-22","purchased_purges":0,"victory":false,"max_hp_per_floor":[52,52,52,52,52,52,52,52,52,52,52],"relic_stats":{"Busted Crown":0,"Shovel":1,"counters":[3,8],"Bronze Scales":[3],"obtain_stats":[{"Frozen Eye":0,"Busted Crown":0,"Shovel":1,"infinitespire:ShieldingShard":6,"infinitespire:Lychee Nut":0,"Bronze Scales":4,"zeldaRelics:CouragePiece":9,"PureWater":0,"REME_ComplimentaryCards":0,"Meat on the Bone":3},{"Frozen Eye":0,"Busted Crown":0,"Shovel":1,"infinitespire:ShieldingShard":2,"infinitespire:Lychee Nut":0,"Bronze Scales":2,"zeldaRelics:CouragePiece":2,"PureWater":0,"REME_ComplimentaryCards":0,"Meat on the Bone":1},{"Frozen Eye":0,"Busted Crown":0,"Shovel":2,"infinitespire:ShieldingShard":5,"infinitespire:Lychee Nut":0,"Bronze Scales":5,"zeldaRelics:CouragePiece":5,"PureWater":0,"REME_ComplimentaryCards":0,"Meat on the Bone":2}],"Meat on the Bone":0},"card_choices":[],"player_experience":1502149,"relics_obtained":[{"floor":1,"key":"Shovel"},{"floor":4,"key":"Bronze Scales"},{"floor":6,"key":"infinitespire:ShieldingShard"},{"floor":9,"key":"zeldaRelics:CouragePiece"}],"event_choices":[{"cards_removed":["FlyingSleeves"],"damage_healed":0,"gold_gain":0,"player_choice":"Gave Card","damage_taken":0,"relics_obtained":["Meat on the Bone"],"max_hp_gain":0,"max_hp_loss":0,"event_name":"WeMeetAgain","floor":3,"gold_loss":0},{"damage_healed":0,"gold_gain":0,"player_choice":"Entered Light","damage_taken":16,"max_hp_gain":0,"max_hp_loss":0,"event_name":"Shining Light","floor":5,"gold_loss":0,"cards_upgraded":["Battle Trance","Strike_R"]},{"damage_healed":0,"gold_gain":0,"player_choice":"Argue","damage_taken":0,"max_hp_gain":0,"max_hp_loss":0,"event_name":"conspire:LoneGhost","floor":7,"gold_loss":0},{"damage_healed":0,"gold_gain":150,"player_choice":"AGREE","damage_taken":0,"max_hp_gain":0,"max_hp_loss":0,"event_name":"Liars Game","floor":8,"gold_loss":0,"cards_obtained":["Doubt"]}],"is_beta":false,"boss_relics":[],"items_purged_floors":[],"is_endless":false,"potions_floor_spawned":[1],"killed_by":"Gremlin Nob","ascension_level":20}}