{"host":"wy5pcbg592uilh9l","time":1609567771,"event":{"mods":["AchievementEnabler","BaseMod","BetterRewards","Hubris","Infinite Spire","Minty Spire (QoL Compilation)","Permanent Neow","Replay The Spire","StSLib"],"gold_per_floor":[117,117,136,150,150,150,178,178,178,191,206,239,253,253,253,357,357,376,475,495,495,508,538,548,61,85,102,102,102],"floor_reached":28,"playtime":2604,"items_purged":["Strike_B"],"score":458,"play_id":"012c9c18-cedd-4bcd-807e-d1a0f5b430a7","local_time":"20210102000931","is_ascension_mode":true,"campfire_choices":[{"floor":6.0,"key":"REST"},{"data":"Zap","floor":8.0,"key":"SMITH"},{"data":"ReplayTheSpireMod:Calculation Training","floor":15,"key":"SMITH"}],"circlet_count":0,"master_deck":["Strike_B","Strike_B","Strike_B","Defend_B","Defend_B","Defend_B","Defend_B","Zap+1","Dualcast","Ball Lightning","Compile Driver","Redo","Conserve Battery","Blizzard","Heatsinks","Coolheaded+1","Capacitor","ReplayTheSpireMod:Calculation Training+1","Cold Snap+1","infinitespire:DeathsTouch+1","Machine Learning+1","Tempest","Hologram","Static Discharge","Cold Snap+1","Flash of Steel+1"],"relics":["Cracked Core","Akabeko","infinitespire:ShieldingShard","Molten Egg 2","Golden Egg","infinitespire:Broken Mirror","SacredBark","Lee\u0027s Waffle","Replay:Bottled Eggs","Runic Capacitor","ReplayTheSpireMod:TigerMarble"],"acts_visited":["Exordium","TheCity"],"potions_floor_usage":[16,16,23,27,28,28,28],"damage_taken":[{"damage":10.0,"enemies":"Small Slimes","floor":1.0,"turns":2.0},{"damage":0.0,"enemies":"Cultist","floor":3.0,"turns":2.0},{"damage":0.0,"enemies":"2 Louse","floor":4.0,"turns":2.0},{"damage":8.0,"enemies":"Lagavulin","floor":7.0,"turns":6.0},{"damage":10.0,"enemies":"Exordium Wildlife","floor":10.0,"turns":4.0},{"damage":12.0,"enemies":"Exordium Thugs","floor":11.0,"turns":4.0},{"damage":32,"enemies":"3 Sentries","floor":12,"turns":7},{"damage":0,"enemies":"Looter","floor":13,"turns":2},{"damage":18,"enemies":"Fading Forest","floor":16,"turns":11},{"damage":3,"enemies":"Spheric Guardian","floor":18,"turns":3},{"damage":1,"enemies":"Chosen","floor":20,"turns":4},{"damage":17,"enemies":"Centurion and Healer","floor":22,"turns":2},{"damage":25,"enemies":"Nightmare","floor":23,"turns":11},{"damage":19,"enemies":"3 Cultists","floor":24,"turns":4},{"damage":4,"enemies":"Sentry and Sphere","floor":27,"turns":4},{"damage":14,"enemies":"Centurion and Healer","floor":28,"turns":2}],"seed_played":"-3854125180884523760","potions_obtained":[{"floor":3.0,"key":"Block Potion"},{"floor":4.0,"key":"Dexterity Potion"},{"floor":5.0,"key":"PotionOfCapacity"},{"floor":10.0,"key":"PowerPotion"},{"floor":12,"key":"GamblersBrew"},{"floor":13,"key":"Strength Potion"},{"floor":24,"key":"Weak Potion"},{"floor":27,"key":"Fire Potion"}],"is_trial":false,"path_per_floor":["M","?","M","M","?","R","E","R","T","M","M","E","M","AVR","R","B",null,"M","?","M","?","M","NM","M","$","T","M","M"],"character_chosen":"DEFECT","items_purchased":["Akabeko","Ball Lightning","Compile Driver","Redo","Runic Capacitor","ReplayTheSpireMod:TigerMarble","Flash of Steel+1","BlessingOfTheForge","FocusPotion"],"campfire_rested":1,"item_purchase_floors":[0,0,0,0,25,25,25,25,25],"current_hp_per_floor":[49,49,49,49,49,71,63,63,63,53,41,9,9,82,82,69,79,76,76,75,75,58,33,14,14,14,10,0,0],"gold":102,"neow_bonus":"","is_daily":false,"chose_seed":false,"campfire_upgraded":2,"win_rate":0.0,"timestamp":1609567771,"path_taken":["M","?","M","?","?","R","E","R","T","?","M","E","M","AVR","R","BOSS","M","?","M","?","M","NM","M","$","T","M","?"],"items_purchased_type":["Relic","Card","Card","Card","Relic","Relic","Card","Potion","Potion"],"build_version":"2020-12-22","purchased_purges":1,"victory":false,"max_hp_per_floor":[75,75,75,75,75,75,75,75,75,75,75,75,75,82,82,82,82,82,82,82,82,82,82,82,82,82,82,82,82],"card_choices":[{"not_picked":["Go for the Eyes","Panic Button"],"picked":"Compile Driver","floor":1.0},{"not_picked":["Hologram","ReplaySort"],"picked":"Conserve Battery","floor":3.0},{"not_picked":["Hologram","BasicCrystalCard"],"picked":"Blizzard","floor":4.0},{"not_picked":["Force Field","Redo"],"picked":"Heatsinks","floor":7.0},{"not_picked":["Barrage+1","Steam"],"picked":"Coolheaded","floor":10.0},{"not_picked":["Recycle","Compile Driver+1"],"picked":"Capacitor","floor":11.0},{"not_picked":["Turbo","Steam Power"],"picked":"ReplayTheSpireMod:Calculation Training","floor":12},{"not_picked":["Chill","Double Energy"],"picked":"Cold Snap+1","floor":13},{"not_picked":["All For One+1","Buffer"],"picked":"Machine Learning","floor":16},{"not_picked":["Redo+1","Barrage+1"],"picked":"Tempest","floor":18},{"not_picked":["Rebound+1","Turbo","Self Repair+1"],"picked":"SKIP","floor":20},{"not_picked":["hubris:Prefetch","Ball Lightning+1"],"picked":"Hologram","floor":22},{"not_picked":["ReplayTheSpireMod:Black Plague","infinitespire:Oblivion"],"picked":"infinitespire:SealOfDarkness+","floor":23},{"not_picked":["Rebound+1","Heatsinks"],"picked":"Static Discharge","floor":23},{"not_picked":["ReplayTheSpireMod:Reroute Power","Ball Lightning+1"],"picked":"Cold Snap+1","floor":24},{"not_picked":["Barrage+1","Darkness+1","hubris:SpecializedCircuitry"],"picked":"SKIP","floor":27}],"player_experience":185439,"relics_obtained":[{"floor":2.0,"key":"infinitespire:ShieldingShard"},{"floor":7.0,"key":"Molten Egg 2"},{"floor":9.0,"key":"Golden Egg"},{"floor":12,"key":"infinitespire:Broken Mirror"},{"floor":23,"key":"Replay:Bottled Eggs"}],"event_choices":[{"damage_healed":0.0,"max_hp_gain":0.0,"max_hp_loss":0.0,"gold_gain":0.0,"event_name":"Wheel of Change","player_choice":"Relic","floor":2.0,"gold_loss":0.0,"damage_taken":0.0},{"damage_healed":0.0,"max_hp_gain":0.0,"max_hp_loss":0.0,"gold_gain":0.0,"event_name":"Lab","player_choice":"Got Potions","floor":5.0,"gold_loss":0.0,"damage_taken":0.0},{"damage_healed":0,"gold_gain":99,"player_choice":"Stole From Cult","damage_taken":0,"max_hp_gain":0,"max_hp_loss":0,"event_name":"Nest","floor":19,"gold_loss":0},{"cards_removed":["Compile Driver"],"damage_healed":0,"gold_gain":0,"player_choice":"Card Removal","damage_taken":0,"max_hp_gain":0,"max_hp_loss":0,"event_name":"Wheel of Change","floor":21,"gold_loss":0}],"is_beta":false,"boss_relics":[{"not_picked":["Velvet Choker","hubris:HollowSoul","ReplayTheSpireMod:DimensionalGlitch"]}],"items_purged_floors":[14],"is_endless":true,"potions_floor_spawned":[3,4,10,12,13,24,27],"killed_by":"Centurion and Healer","ascension_level":6}}