{"host":"a99cgagtsic7fuyb","time":1609602532,"event":{"mods":["BaseMod","Downfall","Hermit","Lobotomy","Minty Spire (QoL Compilation)","Replay The Spire","StSLib","The Cursed"],"gold_per_floor":[99,114,114,114,129,144,159,44,44,44,74,89,89,14,29,44,59,159,159,159,174,189,27,27,27,102,202,232,282,282],"floor_reached":29,"playtime":1966,"items_purged":[],"score":395,"play_id":"ae224f87-6068-4e4b-bb61-706bacb22230","local_time":"20210102234852","daily_mods":["Insanity","Colorless Cards","Binary"],"is_ascension_mode":false,"campfire_choices":[{"floor":1,"key":"RECALL"},{"data":"Mind Blast","floor":14,"key":"SMITH"},{"data":"ReplayTheSpireMod:Necrogeddon","floor":20,"key":"SMITH"}],"circlet_count":0,"master_deck":["Replay:SS_fish_3","Wild Strike","Replay:Undeath\u0027s Touch","Body Slam","ReplayTheSpireMod:Strike From Hell","Purity","Armaments","Rampage","Replay:Undeath\u0027s Touch","Perfected Strike","Fire Breathing","Infernal Blade","Flex","Flex","ReplayTheSpireMod:Muscle Training","Headbutt","expansioncontent:Hexaburn","expansioncontent:PrepareCrush","Armaments","Run Through","Dark Shackles","Body Slam","expansioncontent:GuardianWhirl","Carnage","Massacre","Blood for Blood","Cleave","Shrug It Off","Heavy Blade","Thunderclap","Wild Strike","Warcry","Headbutt","expansioncontent:Torchfire","ReplayTheSpireMod:Strike From Hell","Sword Boomerang","Armaments","Replay:Undeath\u0027s Touch","Run Through","Perfected Strike","expansioncontent:PolyBeam","Sword Boomerang","Mind Blast+1","Armaments","True Grit","Replay:Undeath\u0027s Touch","Armaments","Abandon","Wild Strike","Twin Strike","Warcry","Replay:Bootleg Shield Generator","Master of Strategy","Clash","Clumsy","Delirium","ReplayTheSpireMod:Private Reserves","Seeing Red","ReplayTheSpireMod:Necrogeddon+1","Bloodletting","Anger","Madness","Double Tap"],"relics":["Burning Blood","ReplayTheSpireMod:CursedCoin","Kunai","Letter Opener","ReplayTheSpireMod:Ring of Collecting","ReplayTheSpireMod:Ring of Addiction","Toy Ornithopter","Potion Belt","Oddly Smooth Stone","Ring of Misfortune","Ornamental Fan","downfall:HeartBlessingRed","Black Star","ReplayTheSpireMod:Ring of Exchange","Shuriken","downfall:CloakOfManyFaces","CultistMask","FaceOfCleric","NlothsMask","GremlinMask","SsserpentHead","StoneCalendar","Replay:Arrowhead"],"acts_visited":["Exordium","TheCity"],"potions_floor_usage":[11,18,18,18,27,28],"damage_taken":[{"damage":0,"enemies":"Cultist","floor":2,"turns":1},{"damage":0,"enemies":"Jaw Worm","floor":5,"turns":1},{"damage":0,"enemies":"2 Louse","floor":6,"turns":3},{"damage":0,"enemies":"Blue Slaver","floor":7,"turns":1},{"damage":13,"enemies":"downfall:FleeingMerchant","floor":8,"turns":4},{"damage":9,"enemies":"Replay:BlueRogue","floor":11,"turns":2},{"damage":0,"enemies":"2 Fungi Beasts","floor":12,"turns":2},{"damage":14,"enemies":"Lots of Slimes","floor":15,"turns":3},{"damage":0,"enemies":"Looter","floor":16,"turns":1},{"damage":0,"enemies":"Blue Slaver","floor":17,"turns":1},{"damage":0,"enemies":"Slime Boss","floor":18,"turns":3},{"damage":0,"enemies":"Spheric Guardian","floor":21,"turns":2},{"damage":0,"enemies":"Shelled Parasite and Fungi","floor":22,"turns":2},{"damage":0,"enemies":"downfall:FleeingMerchant","floor":23,"turns":4},{"damage":15,"enemies":"downfall:FaceTrader","floor":27,"turns":3},{"damage":71,"enemies":"Gremlin Leader","floor":28,"turns":8},{"damage":12,"enemies":"Snecko","floor":29,"turns":2}],"seed_played":"-4486375853315586652","potions_obtained":[{"floor":2,"key":"SneckoOil"},{"floor":7,"key":"Strength Potion"},{"floor":10,"key":"champ:CounterPotion"},{"floor":10,"key":"Doom Potion"},{"floor":10,"key":"champ:CounterPotion"},{"floor":15,"key":"ColorlessPotion"},{"floor":18,"key":"SpeedPotion"}],"is_trial":false,"path_per_floor":["R","M","PTL","PTL","M","M","M","$","T","?","E","M","T","R","M","M","M","B",null,"R","M","M","$","?","?","T","?","E","M"],"character_chosen":"IRONCLAD","items_purchased":["ReplayTheSpireMod:CursedCoin","Kunai","Fruit Juice","Anger"],"campfire_rested":0,"item_purchase_floors":[8,8,23,23],"current_hp_per_floor":[80,80,80,80,80,80,80,73,73,73,75,80,80,80,70,76,78,76,76,76,76,74,74,74,72,72,68,9,0,0],"gold":282,"neow_bonus":"","is_daily":true,"chose_seed":false,"campfire_upgraded":2,"win_rate":0.0,"timestamp":1609602532,"path_taken":["R","M","PTL","PTL","M","M","?","$","T","?","E","M","?","R","M","?","M","BOSS","R","M","M","$","?","?","T","?","E","?"],"items_purchased_type":["Relic","Relic","Potion","Card"],"build_version":"2020-12-22","purchased_purges":0,"victory":false,"max_hp_per_floor":[80,80,80,80,80,80,80,80,80,80,80,80,80,80,78,78,78,76,76,76,76,74,74,74,72,72,77,78,78,78],"card_choices":[{"not_picked":["Twin Strike"],"picked":"Warcry","floor":2},{"not_picked":["Iron Wave"],"picked":"Replay:Bootleg Shield Generator","floor":5},{"not_picked":["Sword Boomerang","Replay:Undeath\u0027s Touch"],"picked":"SKIP","floor":6},{"not_picked":["True Grit"],"picked":"Master of Strategy","floor":7},{"not_picked":["Pommel Strike"],"picked":"Clash","floor":8},{"not_picked":["Reaper","Run Through"],"picked":"SKIP","floor":11},{"not_picked":["Wild Strike"],"picked":"ReplayTheSpireMod:Private Reserves","floor":12},{"not_picked":["Iron Wave","Clothesline"],"picked":"SKIP","floor":15},{"not_picked":["expansioncontent:Flail","expansioncontent:GoopSpray"],"picked":"SKIP","floor":16},{"not_picked":["Feel No Pain"],"picked":"Seeing Red","floor":17},{"not_picked":["Impervious"],"picked":"ReplayTheSpireMod:Necrogeddon","floor":18},{"not_picked":["Shrug It Off","Havoc"],"picked":"SKIP","floor":21},{"not_picked":["Replay:Sssssssssshield+1"],"picked":"Bloodletting","floor":22},{"not_picked":["Thunderclap","Perfected Strike"],"picked":"SKIP","floor":23},{"not_picked":["Replay:SS_fish_2"],"picked":"Double Tap","floor":28}],"player_experience":118025,"relics_obtained":[{"floor":9,"key":"Letter Opener"},{"floor":10,"key":"ReplayTheSpireMod:Ring of Collecting"},{"floor":10,"key":"ReplayTheSpireMod:Ring of Addiction"},{"floor":10,"key":"Toy Ornithopter"},{"floor":10,"key":"Potion Belt"},{"floor":11,"key":"Oddly Smooth Stone"},{"floor":13,"key":"Ring of Misfortune"},{"floor":13,"key":"Ornamental Fan"},{"floor":26,"key":"ReplayTheSpireMod:Ring of Exchange"},{"floor":26,"key":"Shuriken"},{"floor":27,"key":"downfall:CloakOfManyFaces"},{"floor":28,"key":"StoneCalendar"},{"floor":28,"key":"Replay:Arrowhead"}],"event_choices":[{"damage_healed":0,"gold_gain":0,"player_choice":"Read","damage_taken":0,"max_hp_gain":0,"max_hp_loss":0,"event_name":"The Library","floor":24,"gold_loss":0,"cards_obtained":["Madness"]},{"damage_healed":0,"gold_gain":0,"player_choice":"Ignored","damage_taken":0,"max_hp_gain":0,"max_hp_loss":0,"event_name":"Vampires","floor":25,"gold_loss":0}],"is_beta":false,"boss_relics":[{"not_picked":["Philosopher\u0027s Stone","Velvet Choker"],"picked":"Black Star"}],"items_purged_floors":[],"is_endless":false,"potions_floor_spawned":[2,7,15,18],"killed_by":"Snecko","ascension_level":0}}