{"host":"d8hh7rr4yzitjeuj","time":1609558663,"event":{"mods":["2.2 Compatiblity","AchievementEnabler","BaseMod","CapriCore","Colored Map","Colored Powertips","Highlight Path","Keyboard Shortcuts","Minty Spire (QoL Compilation)","Permanent Neow","Quick Restart","StSLib","SuperFastMode"],"gold_per_floor":[17,17,37,56,74,74,115,140,140,140,140,140,140],"floor_reached":12,"playtime":283,"items_purged":[],"score":160,"play_id":"3e2d7773-0a71-45c1-b57c-e373184d51b0","local_time":"20210102123743","is_ascension_mode":true,"campfire_choices":[{"data":"Reprogram","floor":6.0,"key":"SMITH"}],"circlet_count":0,"master_deck":["AscendersBane","Strike_B","Strike_B","Strike_B","Strike_B","Defend_B","Defend_B","Defend_B","Defend_B","Zap","Dualcast","Beam Cell","Go for the Eyes","Rebound","Reprogram+1","Ball Lightning","Conserve Battery"],"relics":["Cracked Core","Incense Burner","Golden Idol","DataDisk","White Beast Statue","InkBottle"],"acts_visited":[],"potions_floor_usage":[],"damage_taken":[{"damage":2.0,"enemies":"Jaw Worm","floor":1.0,"turns":3.0},{"damage":4.0,"enemies":"Small Slimes","floor":3.0,"turns":3.0},{"damage":0.0,"enemies":"Cultist","floor":4.0,"turns":3.0},{"damage":4.0,"enemies":"Looter","floor":5.0,"turns":3.0},{"damage":29.0,"enemies":"Gremlin Nob","floor":7.0,"turns":4.0},{"damage":3.0,"enemies":"Blue Slaver","floor":8.0,"turns":3.0},{"damage":43,"enemies":"3 Sentries","floor":12,"turns":6}],"seed_played":"-8070650122916910332","potions_obtained":[{"floor":5.0,"key":"Weak Potion"},{"floor":8.0,"key":"Strength Potion"}],"is_trial":false,"path_per_floor":["M","?","M","M","M","R","E","M","T","?","T","E"],"character_chosen":"DEFECT","items_purchased":[],"campfire_rested":0,"item_purchase_floors":[],"current_hp_per_floor":[62,62,58,58,54,54,25,22,22,43,43,0,0],"gold":140,"neow_bonus":"ONE_RARE_RELIC","is_daily":false,"chose_seed":false,"campfire_upgraded":1,"win_rate":0.0,"timestamp":1609558663,"path_taken":["M","?","M","M","M","R","E","M","T","?","?","E"],"items_purchased_type":[],"build_version":"2020-12-22","purchased_purges":0,"victory":false,"max_hp_per_floor":[71,64,64,64,64,64,64,64,64,64,64,64,64],"card_choices":[{"not_picked":["Gash","Static Discharge"],"picked":"Beam Cell","floor":1.0},{"not_picked":["Stack","Double Energy"],"picked":"Go for the Eyes","floor":3.0},{"not_picked":["Compile Driver","Redo"],"picked":"Rebound","floor":4.0},{"not_picked":["Leap","Genetic Algorithm"],"picked":"Reprogram","floor":5.0},{"not_picked":["Consume","Lockon"],"picked":"Ball Lightning","floor":7.0},{"not_picked":["Ball Lightning","Go for the Eyes"],"picked":"Conserve Battery","floor":8.0}],"player_experience":1393142,"relics_obtained":[{"floor":7.0,"key":"DataDisk"},{"floor":9.0,"key":"White Beast Statue"},{"floor":11.0,"key":"InkBottle"}],"event_choices":[{"damage_healed":0.0,"max_hp_gain":0.0,"max_hp_loss":7.0,"gold_gain":0.0,"event_name":"Golden Idol","player_choice":"Lose Max HP","floor":2.0,"gold_loss":0.0,"damage_taken":0.0,"relics_obtained":["Golden Idol"]},{"damage_healed":21.0,"max_hp_gain":0.0,"max_hp_loss":0.0,"gold_gain":0.0,"event_name":"Big Fish","player_choice":"Banana","floor":10.0,"gold_loss":0.0,"damage_taken":0.0}],"is_beta":false,"boss_relics":[],"items_purged_floors":[],"is_endless":false,"potions_floor_spawned":[5,8],"killed_by":"3 Sentries","ascension_level":20}}