{"host":"pfy6u49v5s5r680p","time":1609586832,"event":{"mods":["BaseMod","Colored Map","DeckTracker","Highlight Path","Keyboard Shortcuts","Minty Spire (QoL Compilation)","Permanent Neow","Quick Restart","StSLib","SuperFastMode","everything is the same but u backflip on backflip"],"gold_per_floor":[19,38,57,77,88,88,121,121,145,145,165,178,212,9,9,108,108,121,134,58,58,58,58,74,92,92,107,107,124,135,153,153,257,257,277,293,311,322,334,334,362,362,388,388,79,39,39,71,71,71],"floor_reached":51,"playtime":4520,"items_purged":[],"score":960,"play_id":"cc3001bf-e70c-4e26-83dd-200160779f12","local_time":"20210102202712","is_ascension_mode":true,"campfire_choices":[{"data":"ClearTheMind","floor":6.0,"key":"SMITH"},{"data":"WheelKick","floor":8.0,"key":"SMITH"},{"data":"Eruption","floor":10.0,"key":"SMITH"},{"data":"Omniscience","floor":15.0,"key":"SMITH"},{"data":"Adaptation","floor":23.0,"key":"SMITH"},{"data":"Omniscience","floor":32,"key":"SMITH"},{"data":"CrushJoints","floor":40,"key":"SMITH"},{"data":"Scrawl","floor":42,"key":"SMITH"},{"data":"Indignation","floor":47,"key":"SMITH"},{"data":"Prostrate","floor":49,"key":"SMITH"}],"circlet_count":0,"master_deck":["Defend_P","Eruption+1","Vigilance","Indignation+1","WheelKick+1","ClearTheMind+1","Crescendo","CrushJoints+1","Omniscience+1","Omniscience+1","EmptyBody+1","Prostrate+1","FollowUp+1","Prostrate+1","Adaptation+1","Scrawl+1","Halt","Indignation+1"],"relics":["PureWater","Juzu Bracelet","Damaru","Strawberry","Akabeko","Astrolabe","Boot","Frozen Egg 2","Empty Cage","Ancient Tea Set","Bag of Marbles","Ice Cream","Torii"],"acts_visited":["Exordium","TheCity","TheBeyond"],"potions_floor_usage":[33,38,41,41,50,50,50],"damage_taken":[{"damage":3.0,"enemies":"2 Louse","floor":1.0,"turns":3.0},{"damage":9.0,"enemies":"Jaw Worm","floor":2.0,"turns":10.0},{"damage":0.0,"enemies":"Cultist","floor":3.0,"turns":2.0},{"damage":10.0,"enemies":"Red Slaver","floor":4.0,"turns":6.0},{"damage":0.0,"enemies":"Exordium Thugs","floor":5.0,"turns":2.0},{"damage":14.0,"enemies":"Gremlin Nob","floor":7.0,"turns":3.0},{"damage":14.0,"enemies":"Large Slime","floor":11.0,"turns":5.0},{"damage":3.0,"enemies":"Blue Slaver","floor":12.0,"turns":3.0},{"damage":0.0,"enemies":"Lagavulin","floor":13.0,"turns":2.0},{"damage":0.0,"enemies":"The Guardian","floor":16.0,"turns":2.0},{"damage":2.0,"enemies":"Chosen","floor":18.0,"turns":4.0},{"damage":0.0,"enemies":"Spheric Guardian","floor":19.0,"turns":2.0},{"damage":0.0,"enemies":"Centurion and Healer","floor":24.0,"turns":4.0},{"damage":0.0,"enemies":"Chosen and Byrds","floor":25.0,"turns":1.0},{"damage":0,"enemies":"Snake Plant","floor":27,"turns":1},{"damage":0,"enemies":"Centurion and Healer","floor":29,"turns":3},{"damage":6,"enemies":"Cultist and Chosen","floor":30,"turns":3},{"damage":7,"enemies":"Chosen and Byrds","floor":31,"turns":3},{"damage":12,"enemies":"Collector","floor":33,"turns":4},{"damage":0,"enemies":"3 Shapes","floor":35,"turns":1},{"damage":0,"enemies":"Orb Walker","floor":36,"turns":1},{"damage":0,"enemies":"Writhing Mass","floor":37,"turns":2},{"damage":0,"enemies":"3 Darklings","floor":38,"turns":2},{"damage":0,"enemies":"Spire Growth","floor":39,"turns":2},{"damage":27,"enemies":"Nemesis","floor":41,"turns":5},{"damage":0,"enemies":"Giant Head","floor":48,"turns":3},{"damage":29,"enemies":"Time Eater","floor":50,"turns":4}],"seed_played":"-8354918518061341590","potions_obtained":[{"floor":1.0,"key":"Swift Potion"},{"floor":2.0,"key":"Swift Potion"},{"floor":3.0,"key":"PowerPotion"},{"floor":11.0,"key":"SpeedPotion"},{"floor":16.0,"key":"Weak Potion"},{"floor":24.0,"key":"Fire Potion"},{"floor":30,"key":"ColorlessPotion"},{"floor":33,"key":"Strength Potion"},{"floor":35,"key":"PowerPotion"},{"floor":37,"key":"Block Potion"},{"floor":39,"key":"DistilledChaos"},{"floor":46,"key":"Regen Potion"},{"floor":46,"key":"Strength Potion"}],"is_trial":false,"path_per_floor":["M","M","M","M","M","R","E","R","T","R","M","M","E","$","R","B",null,"M","M","$","?","?","R","M","M","T","M","$","M","M","M","R","B",null,"M","M","M","M","M","R","E","R","T","?","$","?","R","E","R","B",null],"character_chosen":"WATCHER","items_purchased":["Akabeko","AttackPotion","Adaptation","Ice Cream"],"campfire_rested":0,"item_purchase_floors":[14,14,20,45],"current_hp_per_floor":[69,60,60,50,50,50,36,36,36,36,22,19,26,26,26,26,79,77,77,77,77,77,77,77,77,77,77,77,77,71,64,64,52,79,79,79,79,79,79,79,52,52,52,52,52,52,52,52,52,23],"gold":71,"neow_bonus":"REMOVE_TWO","is_daily":false,"chose_seed":false,"campfire_upgraded":10,"win_rate":0.0,"timestamp":1609586832,"path_taken":["M","M","M","M","M","R","E","R","T","R","M","M","E","$","R","BOSS","M","M","$","?","?","R","M","M","T","M","$","M","M","M","R","BOSS","M","M","M","M","M","R","E","R","T","?","$","?","R","E","R","BOSS"],"items_purchased_type":["Relic","Potion","Card","Relic"],"build_version":"2020-12-22","purchased_purges":0,"victory":true,"max_hp_per_floor":[72,72,72,72,72,72,72,72,72,72,72,72,79,79,79,79,79,79,79,79,79,79,79,79,79,79,79,79,79,79,79,79,79,79,79,79,79,79,79,79,79,79,79,79,79,79,79,79,79,79],"card_choices":[{"not_picked":["InnerPeace","ThirdEye","FearNoEvil"],"picked":"SKIP","floor":1.0},{"not_picked":["Consecrate","EmptyFist"],"picked":"Indignation","floor":2.0},{"not_picked":["PathToVictory","FollowUp","Prostrate"],"picked":"SKIP","floor":3.0},{"not_picked":["FearNoEvil","PathToVictory"],"picked":"WheelKick","floor":4.0},{"not_picked":["Halt","FlyingSleeves"],"picked":"ClearTheMind","floor":5.0},{"not_picked":["Indignation","EmptyMind","Prostrate"],"picked":"SKIP","floor":7.0},{"not_picked":["Halt","EmptyBody"],"picked":"Crescendo","floor":11.0},{"not_picked":["Collect","EmptyFist"],"picked":"CrushJoints","floor":12.0},{"not_picked":["ThirdEye","BowlingBash"],"picked":"Omniscience","floor":13.0},{"not_picked":["DevaForm","Devotion"],"picked":"Omniscience","floor":16.0},{"not_picked":["SignatureMove","WaveOfTheHand"],"picked":"Prostrate","floor":18.0},{"not_picked":["FlyingSleeves","Crescendo+1"],"picked":"Prostrate","floor":19.0},{"not_picked":["FlyingSleeves","EmptyFist+1","SashWhip"],"picked":"SKIP","floor":24.0},{"not_picked":["Weave","FlyingSleeves+1","Worship+1"],"picked":"SKIP","floor":25.0},{"not_picked":["SashWhip","JustLucky+1","Consecrate"],"picked":"SKIP","floor":27},{"not_picked":["DevaForm+1","CrushJoints","Collect"],"picked":"SKIP","floor":29},{"not_picked":["EmptyMind","SashWhip","DeceiveReality+1"],"picked":"SKIP","floor":30},{"not_picked":["FlyingSleeves","Evaluate","FlurryOfBlows+1"],"picked":"SKIP","floor":31},{"not_picked":["ConjureBlade","Wish"],"picked":"Scrawl","floor":33},{"not_picked":["Evaluate","CarveReality+1","JustLucky"],"picked":"SKIP","floor":35},{"not_picked":["FollowUp","ClearTheMind"],"picked":"Halt","floor":36},{"not_picked":["ThirdEye+1","FearNoEvil","Consecrate+1"],"picked":"SKIP","floor":37},{"not_picked":["Protect","JustLucky+1","Sanctity"],"picked":"SKIP","floor":38},{"not_picked":["CutThroughFate+1","WheelKick+1"],"picked":"Indignation+1","floor":39},{"not_picked":["EmptyFist","Weave+1","Collect"],"picked":"SKIP","floor":41},{"not_picked":["JustLucky","Worship","Evaluate"],"picked":"SKIP","floor":48}],"player_experience":116473,"relics_obtained":[{"floor":7.0,"key":"Juzu Bracelet"},{"floor":9.0,"key":"Damaru"},{"floor":13.0,"key":"Strawberry"},{"floor":26.0,"key":"Frozen Egg 2"},{"floor":41,"key":"Ancient Tea Set"},{"floor":43,"key":"Bag of Marbles"},{"floor":48,"key":"Torii"}],"event_choices":[{"damage_healed":0.0,"max_hp_gain":0.0,"max_hp_loss":0.0,"gold_gain":0.0,"event_name":"The Mausoleum","player_choice":"Opened","floor":21.0,"gold_loss":0.0,"damage_taken":0.0,"relics_obtained":["Boot"]},{"damage_healed":0.0,"max_hp_gain":0.0,"max_hp_loss":0.0,"gold_gain":0.0,"event_name":"Vampires","player_choice":"Ignored","floor":22.0,"gold_loss":0.0,"damage_taken":0.0},{"cards_removed":["Prostrate"],"damage_healed":0,"gold_gain":0,"player_choice":"Removed Skill","damage_taken":0,"max_hp_gain":0,"max_hp_loss":0,"event_name":"Falling","floor":44,"gold_loss":0},{"damage_healed":0,"gold_gain":0,"player_choice":"Bought 3 Potions","damage_taken":0,"max_hp_gain":0,"max_hp_loss":0,"event_name":"The Woman in Blue","floor":46,"gold_loss":0}],"is_beta":false,"boss_relics":[{"not_picked":["Philosopher\u0027s Stone","Fusion Hammer"],"picked":"Astrolabe"},{"not_picked":["Sozu","Runic Dome"],"picked":"Empty Cage"}],"items_purged_floors":[],"is_endless":false,"potions_floor_spawned":[1,2,3,11,16,24,30,33,35,37,39],"ascension_level":4}}