{"host":"1hyzy7ndnud2osw4","time":1609618762,"event":{"mods":["2.2 Compatiblity","Act Like it!","Arknights The Spire","Art Attack!","Aspiration","Astrologer","Bard","BaseMod","Beaked The Cultist","Better Third Choice","BetterRewards","Colored Powertips","Conspire","Decade(èÝá³Ù¥)","Dota2Spire","Elementarium","Gensokyo","GifTheSpireLib","GungeonMod","Hallownest","Hermit","Highlight Path","Hubris","Infinite Spire","Jorbs\u0027s Wanderer Trilogy","KinomotoSakuraMod(ÙÊñýÜâ?)","Koishi","KomeijiMod","Lobotomy","Menagerie","Minty Spire (QoL Compilation)","Quick Restart","SOS£¨ÞÙ÷é?ñýí­£©","Shop Mod","Spicy Shops","StSLib","The Administrix","The Bladedancer","The Bug Knight","The Construct","The Cursed","The Death Knight","The Disciple","The Dragon Tamer","The Factory","The Forsaken","The Gatherer","The Hierophant","The Jungle","The Marked","The Poker Player","The Runesmith","The Sage","The Senshi","The Wild Card","Uncapped","WarShipGirlsR/??á´Ò³R mod","Yuri Mod","Yuyuko","[IsaacMod]ì¤ß®ôÓ÷²"],"gold_per_floor":[116,291,191,216,216,216,248,274,328,328,360,390,416,428,428,542,542,557,634,669,669,682,682,716,743,743,743,743,756,146,188,188,286,286,306,0,14,41,41,99,165,215,270,270,270,301,301,301,414,414,426,439,56,128,173,173,193,193,220,250,255,255],"floor_reached":62,"playtime":5138,"items_purged":["Doubt","Pain","Writhe"],"score":1262,"play_id":"147a94ac-aede-4d3f-a3a8-542a0ebfd86e","local_time":"20210103051922","daily_mods":["Draft","Heirloom","Time Dilation","DeadlyEvents","Elite Swarm"],"is_ascension_mode":true,"campfire_choices":[{"data":"Storm","floor":6,"key":"SMITH"},{"data":"Genetic Algorithm","floor":10,"key":"SMITH"},{"data":"Genetic Algorithm","floor":15,"key":"SMITH"},{"data":"Fission","floor":23,"key":"SMITH"},{"data":"Fission","floor":27,"key":"SMITH"},{"data":"Defragment","floor":32,"key":"SMITH"},{"data":"infinitespire:Punishment","floor":40,"key":"SMITH"},{"data":"BettingIsNotGood","floor":46,"key":"SMITH"},{"data":"Fission","floor":49,"key":"SMITH"},{"data":"Buffer","floor":57,"key":"SMITH"},{"data":"Double Energy","floor":59,"key":"SMITH"}],"circlet_count":0,"master_deck":["BettingIsNotGood+1","Conserve Battery","Sunder","conspire:SharedLibrary","Storm+1","Hologram","Turbo","Sunder","Capacitor","Hello World","Hologram","Genetic Algorithm+1","Hologram","Turbo","Ghostly","Echo Form","Heatsinks","Fission+1","Creative AI","Fission+1","Genetic Algorithm+1","Creative AI","Defragment+1","Multi-Cast","infinitespire:Punishment+1","Fission","Thunder Strike","Cold Snap+1","Capacitor","Fission+1","Echo Form","Machine Learning+1","Steam Power+1","Pulse+1","Turbo+1","Barrage+1","Buffer","Buffer","Buffer+1","All For One","infinitespire:Punishment","infinitespire:FutureSight","Reboot","Double Energy+1","Static Discharge","Capacitor","Creative AI","bard:CuttingWords"],"relics":["Cracked Core","HushsDoor","Dota2Spire:HeartOfTarrasque","SatanicBible","hubris:Teleporter","MealTicket","UnicornStump","yuri:PortableGlitches","Regal Pillow","infinitespire:Cupcake","aspiration:FrozenJewel","Potion Belt","Runic Capacitor","aspiration:BursterCore","TheBean","Eternal Feather","DemoMod:MeltedRock","Bottled Flame","SalivaCoin","hubris:EmptyBottle","BookOfRevelations","Astrolabe","Dota2Spire:UrnOfShadows","Chemical X","construct:FoamFinger","aspiration:TomeofQuesting","Dota2Spire:EchoSabre","hubris:CrystalStatue","theSenshi:SuperSailorFukuRelic","theForsaken:PaleLantern","aspiration:BardSkillbook","Dota2Spire:HandOfMidas","Symbiotic Virus","DemoMod:MemoryAlloy","Dota2Spire:LotusOrb"],"acts_visited":["Exordium","TheCity","TheBeyond","Exordium"],"potions_floor_usage":[13,16,16,29,50,50],"damage_taken":[{"damage":3,"enemies":"conspire:RoseBush","floor":1,"turns":1},{"damage":0,"enemies":"Small Slimes","floor":4,"turns":3},{"damage":12,"enemies":"Gremlin Nob","floor":7,"turns":4},{"damage":10,"enemies":"Jaw Worm","floor":8,"turns":3},{"damage":5,"enemies":"HollowMod:MossKnight","floor":11,"turns":5},{"damage":16,"enemies":"3 Sentries","floor":12,"turns":6},{"damage":0,"enemies":"HollowMod:MossKnight","floor":13,"turns":3},{"damage":0,"enemies":"Red Slaver","floor":14,"turns":1},{"damage":0,"enemies":"Slime Boss","floor":16,"turns":4},{"damage":4,"enemies":"conspire:FuzzyDice","floor":18,"turns":4},{"damage":7,"enemies":"Book of Stabbing","floor":20,"turns":5},{"damage":0,"enemies":"Chosen","floor":22,"turns":3},{"damage":7,"enemies":"Nightmare","floor":24,"turns":4},{"damage":6,"enemies":"Gremlin Leader","floor":25,"turns":3},{"damage":0,"enemies":"Centurion and Healer","floor":29,"turns":2},{"damage":0,"enemies":"Slavers","floor":31,"turns":2},{"damage":0,"enemies":"Collector","floor":33,"turns":3},{"damage":0,"enemies":"3 Shapes","floor":35,"turns":2},{"damage":0,"enemies":"Orb Walker","floor":37,"turns":1},{"damage":3,"enemies":"4 Shapes","floor":38,"turns":1},{"damage":10,"enemies":"Nightmare","floor":42,"turns":6},{"damage":7,"enemies":"HollowMod:StalkingDevout","floor":44,"turns":3},{"damage":0,"enemies":"Reptomancer","floor":47,"turns":1},{"damage":14,"enemies":"hubris:GrandSnecko","floor":50,"turns":3},{"damage":0,"enemies":"Small Slimes","floor":52,"turns":2},{"damage":0,"enemies":"Cultist","floor":53,"turns":1},{"damage":0,"enemies":"conspire:RoseBush","floor":56,"turns":1},{"damage":0,"enemies":"Gremlin Nob","floor":58,"turns":2},{"damage":0,"enemies":"Exordium Wildlife","floor":61,"turns":2},{"damage":8,"enemies":"Nightmare_Alpha","floor":62,"turns":2}],"seed_played":"1574423547652600992","potions_obtained":[{"floor":1,"key":"Block Potion"},{"floor":7,"key":"Fire Potion"},{"floor":13,"key":"LiquidMemories"},{"floor":14,"key":"Energy Potion"},{"floor":22,"key":"LiquidBronze"},{"floor":24,"key":"Energy Potion"},{"floor":33,"key":"LiquidBronze"},{"floor":38,"key":"SteroidPotion"},{"floor":44,"key":"Energy Potion"},{"floor":50,"key":"EssenceOfSteel"},{"floor":58,"key":"FocusPotion"}],"is_trial":true,"path_per_floor":["M","?","?","M","$","R","E","M","T","R","E","E","E","M","R","B",null,"M","T","E","AVR","M","R","NM","E","T","R","?","M","$","E","R","B",null,"M","$","M","M","R","?","NM","T","E","?","R","E","AVR","R","B",null,"M","M","$","?","M","R","E","R","T","M","NM"],"character_chosen":"DEFECT","items_purchased":["Bottled Flame","SalivaCoin","hubris:EmptyBottle","Capacitor","Dota2Spire:UrnOfShadows","Chemical X","Dota2Spire:HandOfMidas","Symbiotic Virus"],"campfire_rested":0,"item_purchase_floors":[30,30,30,30,36,36,54,54],"current_hp_per_floor":[80,80,80,80,80,80,68,58,58,58,58,47,47,47,47,51,83,79,79,81,81,83,83,76,80,80,83,83,83,83,83,83,83,83,83,83,83,80,83,68,64,64,57,60,81,81,81,86,75,86,86,86,86,86,86,86,86,86,86,86,78,78],"gold":255,"neow_bonus":"","is_daily":false,"chose_seed":false,"campfire_upgraded":11,"win_rate":0.0,"timestamp":1609618762,"path_taken":["M","?","?","?","$","R","E","M","T","R","E","?","E","M","R","BOSS","M","?","?","AVR","M","R","NM","?","T","R","?","?","$","?","R","BOSS","M","$","M","M","R","?","NM","T","E","?","R","E","AVR","R","BOSS","M","?","$","?","M","R","E","R","T","M","NM"],"items_purchased_type":["Relic","Relic","Relic","Card","Relic","Relic","Relic","Relic"],"build_version":"2020-12-22","purchased_purges":3,"victory":false,"max_hp_per_floor":[83,83,83,83,83,83,83,83,83,83,83,83,83,83,83,83,83,83,83,83,83,83,83,83,83,83,83,83,83,83,83,83,83,83,83,83,83,83,83,83,83,83,83,86,86,86,86,86,86,86,86,86,86,86,86,86,86,86,86,86,86,86],"card_choices":[{"not_picked":[],"picked":"BettingIsNotGood","floor":0},{"not_picked":["Beam Cell","Gash"],"picked":"Conserve Battery","floor":0},{"not_picked":["Leap","Fusion"],"picked":"Sunder","floor":0},{"not_picked":["Glacier","hubris:Ukulele"],"picked":"conspire:SharedLibrary","floor":0},{"not_picked":["Leap","Self Repair"],"picked":"Storm","floor":0},{"not_picked":["Melter","Go for the Eyes"],"picked":"conspire:Rain","floor":0},{"not_picked":["Sweeping Beam","Rebound"],"picked":"Hologram","floor":0},{"not_picked":["Cold Snap","Coolheaded"],"picked":"Turbo","floor":0},{"not_picked":["Darkness","Ball Lightning"],"picked":"Sunder","floor":0},{"not_picked":["Go for the Eyes","Compile Driver"],"picked":"Beam Cell","floor":0},{"not_picked":["Go for the Eyes","Recycle"],"picked":"Capacitor","floor":0},{"not_picked":["Conserve Battery","Rebound"],"picked":"Hello World","floor":0},{"not_picked":["Steam","Rip and Tear"],"picked":"Hologram","floor":0},{"not_picked":["Compile Driver","Hello World"],"picked":"Genetic Algorithm","floor":0},{"not_picked":["Streamline","Go for the Eyes"],"picked":"Hologram","floor":0},{"not_picked":["Rebound","Go for the Eyes"],"picked":"Cold Snap","floor":0},{"not_picked":["Go for the Eyes","Reinforced Body"],"picked":"Turbo","floor":1},{"not_picked":["Compile Driver","Doom and Gloom"],"picked":"Bomb","floor":4},{"not_picked":["All For One","Creative AI"],"picked":"Echo Form","floor":7},{"not_picked":["Skim","Go for the Eyes"],"picked":"Heatsinks","floor":8},{"not_picked":["Hyperbeam","ElectricPowerLearning"],"picked":"Fission","floor":11},{"not_picked":["Hyperbeam","hubris:SpecializedCircuitry"],"picked":"Creative AI","floor":12},{"not_picked":["ElectricPowerLearning","Thunder Strike"],"picked":"Fission","floor":13},{"not_picked":["Gash","Turbo"],"picked":"Genetic Algorithm","floor":14},{"not_picked":["Multi-Cast","Core Surge"],"picked":"Creative AI","floor":16},{"not_picked":["Coolheaded","Steam"],"picked":"Defragment","floor":18},{"not_picked":["Core Surge","hubris:Prefetch"],"picked":"Multi-Cast","floor":20},{"not_picked":["Steam Power","Stack","Redo"],"picked":"SKIP","floor":22},{"not_picked":["Amplify","ElectricPowerLearning"],"picked":"Fission","floor":24},{"not_picked":["hubris:Prefetch","Biased Cognition"],"picked":"Thunder Strike","floor":25},{"not_picked":["Steam","Doom and Gloom"],"picked":"Cold Snap+1","floor":29},{"not_picked":["Meteor Strike","Core Surge"],"picked":"Fission","floor":31},{"not_picked":["Hyperbeam","Fission"],"picked":"Echo Form","floor":33},{"not_picked":["Glacier+1","Darkness+1"],"picked":"Turbo+1","floor":35},{"not_picked":["Beam Cell","hubris:DoWhile"],"picked":"Barrage+1","floor":37},{"not_picked":["Rebound+1","Conserve Battery+1"],"picked":"Buffer","floor":38},{"not_picked":["Meteor Strike","Fission"],"picked":"Buffer","floor":42},{"not_picked":["Reboot","Biased Cognition"],"picked":"Buffer","floor":44},{"not_picked":["Rainbow","ElectricPowerLearning"],"picked":"All For One","floor":47},{"not_picked":["hubris:Prefetch","Hyperbeam"],"picked":"Reboot","floor":50},{"not_picked":["bard:Sift","Rebound","White Noise"],"picked":"Double Energy","floor":52},{"not_picked":["Go for the Eyes","bard:BucklerBash","bard:InspiringSong"],"picked":"Static Discharge","floor":53},{"not_picked":["bard:Silence","bard:Blink","bard:ReverseGravity"],"picked":"Capacitor","floor":56},{"not_picked":["bard:Improv","bard:BottledSong","bard:Rhapsody"],"picked":"Creative AI","floor":58},{"not_picked":["bard:Sift","bard:FeastOnFear","Beam Cell"],"picked":"bard:CuttingWords","floor":61}],"player_experience":1006273,"relics_obtained":[{"floor":7,"key":"hubris:Teleporter"},{"floor":9,"key":"MealTicket"},{"floor":11,"key":"UnicornStump"},{"floor":12,"key":"yuri:PortableGlitches"},{"floor":13,"key":"Regal Pillow"},{"floor":19,"key":"aspiration:FrozenJewel"},{"floor":20,"key":"Potion Belt"},{"floor":24,"key":"TheBean"},{"floor":25,"key":"Eternal Feather"},{"floor":26,"key":"DemoMod:MeltedRock"},{"floor":31,"key":"BookOfRevelations"},{"floor":42,"key":"construct:FoamFinger"},{"floor":43,"key":"aspiration:TomeofQuesting"},{"floor":44,"key":"Dota2Spire:EchoSabre"},{"floor":47,"key":"hubris:CrystalStatue"},{"floor":58,"key":"DemoMod:MemoryAlloy"},{"floor":60,"key":"Dota2Spire:LotusOrb"}],"event_choices":[{"damage_healed":0,"gold_gain":175,"player_choice":"AGREE","damage_taken":116,"max_hp_gain":0,"max_hp_loss":0,"event_name":"betterThird:BetterSerpent","floor":2,"gold_loss":0},{"damage_healed":0,"gold_gain":0,"player_choice":"Argue","damage_taken":0,"max_hp_gain":0,"max_hp_loss":0,"event_name":"conspire:LoneGhost","floor":3,"gold_loss":0},{"damage_healed":0,"gold_gain":72,"player_choice":"Gained Gold","damage_taken":0,"max_hp_gain":0,"max_hp_loss":0,"event_name":"Golden Wing","floor":55,"gold_loss":0}],"is_beta":false,"boss_relics":[{"not_picked":["hubris:CrackedHourglass","Runic Pyramid"],"picked":"infinitespire:Cupcake"},{"not_picked":[]},{"not_picked":["conspire:RunicOctahedron","aspiration:RunicSpoon"],"picked":"Astrolabe"},{"not_picked":[]},{"not_picked":["conspire:RoyalGoblet","Sozu"],"picked":"aspiration:BardSkillbook"},{"not_picked":[]}],"items_purged_floors":[21,30,36],"is_endless":true,"potions_floor_spawned":[1,7,13,14,22,24,33,38,44,50,58,61],"killed_by":"Nightmare_Alpha","ascension_level":1}}