{"host":"44cj7v9849ev3ii0","time":1609555501,"event":{"mods":["BaseMod","Colored Powertips","Marisa£®ÏF”Í°°ƒß¿Ì…≥£©","Minty Spire (QoL Compilation)","Replay The Spire","Shop Mod","StSLib","The Cursed"],"gold_per_floor":[119,119,119,130,130,130,150,150,150,160,4,30,60,35,35,150,150,153,180,208,208,238,311,311,323,323],"floor_reached":25,"playtime":1149,"items_purged":[],"score":258,"play_id":"988a21bf-31bb-4fbe-a06b-345884644f35","local_time":"20210102104501","is_ascension_mode":true,"campfire_choices":[{"data":"ReplayTheSpireMod:LeadingStrike","floor":6,"key":"SMITH"},{"data":"Flex","floor":8,"key":"SMITH"},{"floor":15,"key":"REST"},{"floor":24,"key":"REST"}],"circlet_count":0,"master_deck":["Strike_R+1","Strike_R","Strike_R","Strike_R+1","Strike_R","Defend_R","Defend_R","Defend_R","Defend_R","Bash","ReplayTheSpireMod:Stacked","Self Repair+1","ReplayTheSpireMod:LeadingStrike+1","Regret","Flex+1","Rampage","Bludgeon","Rupture","Fiend Fire","Perfected Strike","Whirlwind","Massacre+1","Flex","Massacre+1"],"relics":["StoneCalendar","Iron Core","Blue Doll","HornCleat","Pet Ghost","Replay:Bandana","Pocketwatch","SlaversCollar","ReplayTheSpireMod:TigerMarble"],"acts_visited":["Exordium","TheCity"],"potions_floor_usage":[],"damage_taken":[{"damage":1,"enemies":"Jaw Worm","floor":1,"turns":5},{"damage":7,"enemies":"2 Louse","floor":4,"turns":3},{"damage":8,"enemies":"Small Slimes","floor":7,"turns":4},{"damage":1,"enemies":"2 Fungi Beasts","floor":10,"turns":4},{"damage":36,"enemies":"Lagavulin","floor":12,"turns":7},{"damage":68,"enemies":"Fading Forest","floor":16,"turns":11},{"damage":15,"enemies":"2 Thieves","floor":18,"turns":4},{"damage":23,"enemies":"Chosen","floor":19,"turns":5},{"damage":34,"enemies":"Snake Plant","floor":20,"turns":3},{"damage":23,"enemies":"Sentry and Sphere","floor":22,"turns":4},{"damage":0,"enemies":"Gremlin Leader","floor":23,"turns":3},{"damage":60,"enemies":"Book of Stabbing","floor":25,"turns":5}],"seed_played":"8039838924863133331","potions_obtained":[{"floor":1,"key":"ColorlessPotion"},{"floor":4,"key":"Block Potion"},{"floor":10,"key":"Strength Potion"},{"floor":22,"key":"Elixir"}],"is_trial":false,"path_per_floor":["M","?","?","M","?","R","M","R","T","M","$","E","?","$","R","B",null,"M","M","M","?","M","E","R","E"],"character_chosen":"IRONCLAD","items_purchased":["Pet Ghost","Rupture"],"campfire_rested":2,"item_purchase_floors":[11,14],"current_hp_per_floor":[61,45,45,48,48,48,50,50,50,59,59,33,33,33,57,23,80,75,62,38,38,25,35,59,0,0],"gold":323,"neow_bonus":"ONE_RARE_RELIC","is_daily":false,"chose_seed":false,"campfire_upgraded":2,"win_rate":0.0,"timestamp":1609555501,"path_taken":["M","?","?","M","?","R","M","R","T","M","$","E","?","$","R","BOSS","M","M","M","?","M","E","R","E"],"items_purchased_type":["Relic","Card"],"build_version":"2020-12-22","purchased_purges":0,"victory":false,"max_hp_per_floor":[80,80,80,80,80,80,80,80,80,80,80,80,80,80,80,80,80,80,80,80,80,80,80,80,80,80],"card_choices":[{"not_picked":["Anger","Armaments"],"picked":"ReplayTheSpireMod:Stacked","floor":1},{"not_picked":["Headbutt","Body Slam"],"picked":"ReplayTheSpireMod:LeadingStrike","floor":4},{"not_picked":["Anger","Steam Power"],"picked":"Flex","floor":7},{"not_picked":["Defy Death","Beam Cell"],"picked":"Rampage","floor":10},{"not_picked":["Cold Snap","Hologram"],"picked":"Bludgeon","floor":12},{"not_picked":["Corruption","Reaper"],"picked":"Fiend Fire","floor":16},{"not_picked":["Heavy Blade+1","Rupture"],"picked":"Perfected Strike","floor":18},{"not_picked":["Thunderclap","Flame Barrier"],"picked":"Whirlwind","floor":19},{"not_picked":["Body Slam","Sword Boomerang+1"],"picked":"Massacre+1","floor":20},{"not_picked":["Headbutt","Uppercut"],"picked":"Flex","floor":22},{"not_picked":["True Grit","Eclipse"],"picked":"Massacre+1","floor":23}],"player_experience":41710,"relics_obtained":[{"floor":9,"key":"HornCleat"},{"floor":12,"key":"Replay:Bandana"},{"floor":23,"key":"ReplayTheSpireMod:TigerMarble"}],"event_choices":[{"damage_healed":0,"gold_gain":0,"player_choice":"Entered Light","damage_taken":16,"max_hp_gain":0,"max_hp_loss":0,"event_name":"Shining Light","floor":2,"gold_loss":0,"cards_upgraded":["Strike_R","Strike_R"]},{"damage_healed":0,"gold_gain":0,"player_choice":"Box","damage_taken":0,"relics_obtained":["Blue Doll"],"max_hp_gain":0,"max_hp_loss":0,"event_name":"Big Fish","floor":5,"gold_loss":0,"cards_obtained":["Regret"]},{"damage_healed":0,"gold_gain":30,"player_choice":"Searched \u00272\u0027 times","damage_taken":0,"relics_obtained":["Pocketwatch"],"max_hp_gain":0,"max_hp_loss":0,"event_name":"Dead Adventurer","floor":13,"gold_loss":0},{"damage_healed":0,"gold_gain":0,"player_choice":"Ignored","damage_taken":0,"max_hp_gain":0,"max_hp_loss":0,"event_name":"Ghosts","floor":21,"gold_loss":0}],"is_beta":false,"boss_relics":[{"not_picked":["Velvet Choker","Ectoplasm"],"picked":"SlaversCollar"}],"items_purged_floors":[],"is_endless":false,"potions_floor_spawned":[1,4,10,12,19,22,23],"killed_by":"Book of Stabbing","ascension_level":1}}