{"host":"jlioisuqr94vbevf","time":1609604344,"event":{"mods":["BaseMod","Colored Powertips","Minty Spire (QoL Compilation)","StSLib"],"gold_per_floor":[18,33,46,61,61,90,102,130,205,215,18,51,51,81,81,176,176,192,210,56,74,87,87,115,132,159,171,171,171,27,46,46,149,149,167,187,187,187,187],"floor_reached":38,"playtime":2713,"items_purged":["Regret"],"score":627,"play_id":"2cc2435c-f8b9-433c-9b2d-fc0923524b20","local_time":"20210102171904","is_ascension_mode":true,"campfire_choices":[{"data":"Rage","floor":13,"key":"SMITH"},{"floor":15,"key":"REST"},{"data":"Shrug It Off","floor":23,"key":"SMITH"},{"data":"Iron Wave","floor":29,"key":"SMITH"},{"data":"Juggernaut","floor":32,"key":"SMITH"}],"circlet_count":0,"master_deck":["Strike_R","Strike_R","Strike_R","Strike_R","Defend_R","Defend_R","Defend_R","Defend_R","Bash","Juggernaut+1","Fire Breathing","Metallicize","Bloodletting","Clothesline","Intimidate","Reckless Charge","Wild Strike","Spot Weakness","Cleave","Rage+1","Blood for Blood","Reaper","Shrug It Off+1","Uppercut","Metallicize","Anger","Shockwave+1","Spot Weakness+1","Iron Wave+1","Feel No Pain","Pommel Strike","Double Tap","Ghostly Armor+1","Metallicize+1","Dual Wield+1","Flex+1","Madness","Madness"],"relics":["Burning Blood","Akabeko","Pen Nib","Magic Flower","HornCleat","Juzu Bracelet","Oddly Smooth Stone","Cursed Key","Omamori","Lantern","Bronze Scales","Astrolabe"],"acts_visited":["Exordium","TheCity","TheBeyond"],"potions_floor_usage":[6,6,8,12,18,24,25,27,33],"damage_taken":[{"damage":6,"enemies":"Cultist","floor":1,"turns":5},{"damage":10,"enemies":"Small Slimes","floor":2,"turns":4},{"damage":3,"enemies":"2 Louse","floor":3,"turns":4},{"damage":4,"enemies":"2 Fungi Beasts","floor":4,"turns":5},{"damage":10,"enemies":"3 Sentries","floor":6,"turns":5},{"damage":11,"enemies":"Large Slime","floor":7,"turns":5},{"damage":7,"enemies":"Gremlin Nob","floor":8,"turns":4},{"damage":18,"enemies":"Exordium Thugs","floor":10,"turns":3},{"damage":14,"enemies":"3 Sentries","floor":12,"turns":4},{"damage":30,"enemies":"Gremlin Nob","floor":14,"turns":5},{"damage":39,"enemies":"The Guardian","floor":16,"turns":10},{"damage":17,"enemies":"3 Byrds","floor":18,"turns":5},{"damage":28,"enemies":"2 Thieves","floor":19,"turns":5},{"damage":26,"enemies":"Cultist and Chosen","floor":21,"turns":7},{"damage":11,"enemies":"Centurion and Healer","floor":22,"turns":8},{"damage":18,"enemies":"Gremlin Leader","floor":24,"turns":6},{"damage":7,"enemies":"Snecko","floor":25,"turns":4},{"damage":14,"enemies":"3 Cultists","floor":27,"turns":6},{"damage":10,"enemies":"Shelled Parasite and Fungi","floor":31,"turns":6},{"damage":74,"enemies":"Automaton","floor":33,"turns":11},{"damage":29,"enemies":"3 Shapes","floor":35,"turns":2},{"damage":0,"enemies":"Orb Walker","floor":36,"turns":3},{"damage":74,"enemies":"Transient","floor":38,"turns":4}],"seed_played":"-4514870826394320052","potions_obtained":[{"floor":1,"key":"DistilledChaos"},{"floor":4,"key":"ColorlessPotion"},{"floor":7,"key":"Strength Potion"},{"floor":10,"key":"Regen Potion"},{"floor":16,"key":"Swift Potion"},{"floor":19,"key":"ColorlessPotion"},{"floor":21,"key":"GamblersBrew"},{"floor":22,"key":"GamblersBrew"},{"floor":27,"key":"Block Potion"}],"is_trial":false,"path_per_floor":["M","M","M","M","?","E","M","E","T","M","$","E","R","E","R","B",null,"M","M","$","M","M","R","E","M","T","M","?","R","$","M","R","B",null,"M","M","?","M"],"character_chosen":"IRONCLAD","items_purchased":["Cleave","Rage","Blood for Blood","Metallicize","Bronze Scales"],"campfire_rested":1,"item_purchase_floors":[11,11,11,20,30],"current_hp_per_floor":[72,68,71,73,73,69,64,63,63,54,54,57,57,42,66,42,71,72,61,61,56,54,54,63,74,74,75,75,75,75,80,80,30,68,48,57,47,0,0],"gold":187,"neow_bonus":"THREE_RARE_CARDS","is_daily":false,"chose_seed":false,"campfire_upgraded":4,"win_rate":0.0,"timestamp":1609604344,"path_taken":["M","M","?","M","?","E","M","E","T","M","$","E","R","E","R","BOSS","M","M","$","M","M","R","E","M","T","M","?","R","$","M","R","BOSS","M","M","?","M"],"items_purchased_type":["Card","Card","Card","Card","Relic"],"build_version":"2020-12-22","purchased_purges":1,"victory":false,"max_hp_per_floor":[80,80,80,80,80,80,80,80,80,80,80,80,80,80,80,80,80,80,80,80,80,80,80,80,80,80,80,80,80,80,80,80,80,80,80,80,80,80,80],"card_choices":[{"not_picked":["Reaper","Feed"],"picked":"Juggernaut","floor":0},{"not_picked":["Armaments","Headbutt"],"picked":"Fire Breathing","floor":1},{"not_picked":["Shockwave","Rampage"],"picked":"Metallicize","floor":2},{"not_picked":["Whirlwind","Headbutt"],"picked":"Bloodletting","floor":3},{"not_picked":["Pummel","Pommel Strike"],"picked":"Clothesline","floor":4},{"not_picked":["Clothesline","Exhume"],"picked":"Intimidate","floor":6},{"not_picked":["Searing Blow","Pommel Strike"],"picked":"Reckless Charge","floor":7},{"not_picked":["Heavy Blade","Feel No Pain"],"picked":"Wild Strike","floor":8},{"not_picked":["Body Slam","True Grit"],"picked":"Spot Weakness","floor":10},{"not_picked":["Wild Strike","Sword Boomerang"],"picked":"Reaper","floor":12},{"not_picked":["Sword Boomerang","Burning Pact"],"picked":"Armaments","floor":14},{"not_picked":["Rupture","Headbutt"],"picked":"Shrug It Off","floor":18},{"not_picked":["Dark Embrace+1","Clash"],"picked":"Uppercut","floor":19},{"not_picked":["Combust","Heavy Blade+1"],"picked":"Anger","floor":21},{"not_picked":["Pummel","Spot Weakness"],"picked":"Shockwave+1","floor":22},{"not_picked":["Fire Breathing","Perfected Strike+1"],"picked":"Warcry","floor":24},{"not_picked":["Heavy Blade","Perfected Strike+1"],"picked":"Spot Weakness+1","floor":25},{"not_picked":["Disarm","True Grit+1"],"picked":"Iron Wave","floor":27},{"not_picked":["Heavy Blade+1","Feel No Pain+1"],"picked":"Pommel Strike","floor":31},{"not_picked":["Limit Break","Bludgeon"],"picked":"Double Tap","floor":33},{"not_picked":["Perfected Strike","Sever Soul"],"picked":"Flex+1","floor":35},{"not_picked":["Searing Blow","Feel No Pain+1","Sword Boomerang"],"picked":"SKIP","floor":36}],"player_experience":368179,"relics_obtained":[{"floor":6,"key":"Pen Nib"},{"floor":8,"key":"Magic Flower"},{"floor":9,"key":"HornCleat"},{"floor":12,"key":"Juzu Bracelet"},{"floor":14,"key":"Oddly Smooth Stone"},{"floor":24,"key":"Omamori"},{"floor":26,"key":"Lantern"}],"event_choices":[{"damage_healed":0,"gold_gain":0,"player_choice":"Box","damage_taken":0,"relics_obtained":["Akabeko"],"max_hp_gain":0,"max_hp_loss":0,"event_name":"Big Fish","floor":5,"gold_loss":0,"cards_obtained":["Regret"]},{"damage_healed":0,"gold_gain":0,"player_choice":"Read","damage_taken":0,"max_hp_gain":0,"max_hp_loss":0,"event_name":"The Library","floor":28,"gold_loss":0,"cards_obtained":["Feel No Pain"]},{"damage_healed":0,"gold_gain":0,"player_choice":"Embrace Madness","damage_taken":10,"max_hp_gain":0,"max_hp_loss":0,"event_name":"Winding Halls","floor":37,"gold_loss":0,"cards_obtained":["Madness","Madness"]}],"is_beta":false,"boss_relics":[{"not_picked":["SlaversCollar","Empty Cage"],"picked":"Cursed Key"},{"not_picked":["Coffee Dripper","Pandora\u0027s Box"],"picked":"Astrolabe"}],"items_purged_floors":[20],"is_endless":false,"potions_floor_spawned":[1,4,7,10,16,19,21,22,27],"killed_by":"Transient","ascension_level":8}}