{"host":"lhth1efayex2023z","time":1609559953,"event":{"mods":["BaseMod","Colored Map","Googly Eyes","Minty Spire (QoL Compilation)","StSLib"],"gold_per_floor":[119,119,132,132,57,88,88,122,147,147,163,177,177,202,202,279,279,295,312,32,42,53,87,117,151,178,178,189,189,199,229,229,306,306,324,163,174,187,198,225,225,225,297,329,24,35,47,73,73,73,73],"floor_reached":50,"playtime":2896,"items_purged":["Strike_G","Strike_G","Strike_G"],"score":1125,"play_id":"baa197f7-c30e-4e7a-bfc4-1e3f233eb11e","local_time":"20210101205913","is_ascension_mode":true,"campfire_choices":[{"data":"Neutralize","floor":7,"key":"SMITH"},{"data":"Adrenaline","floor":10,"key":"SMITH"},{"data":"Footwork","floor":13,"key":"SMITH"},{"data":"Night Terror","floor":15,"key":"SMITH"},{"data":"Caltrops","floor":27,"key":"SMITH"},{"data":"Dodge and Roll","floor":29,"key":"SMITH"},{"data":"After Image","floor":32,"key":"SMITH"},{"data":"Envenom","floor":42,"key":"SMITH"},{"floor":49,"key":"RECALL"}],"circlet_count":0,"master_deck":["AscendersBane","Defend_G","Defend_G","Defend_G","Defend_G","Defend_G","Survivor","Neutralize+1","Blade Dance","Dagger Spray","Adrenaline+1","Footwork+1","Dodge and Roll","Night Terror+1","After Image+1","Caltrops+1","Prepared+1","Dodge and Roll+1","Poisoned Stab+1","Prepared+1","Envenom+1","Acrobatics+1","Noxious Fumes","Blur","Doubt","Parasite","Blade Dance","Blur"],"relics":["Ring of the Snake","NeowsBlessing","Pen Nib","Vajra","Anchor","Regal Pillow","Coffee Dripper","Lee\u0027s Waffle","Shuriken","Red Mask","Matryoshka","Oddly Smooth Stone","Centennial Puzzle","Sozu","Potion Belt","Nunchaku","Bottled Flame","The Specimen","Ice Cream","Thread and Needle"],"acts_visited":["Exordium","TheCity","TheBeyond"],"potions_floor_usage":[8,12,16,18,23,24],"damage_taken":[{"damage":0,"enemies":"Small Slimes","floor":1,"turns":1},{"damage":0,"enemies":"2 Louse","floor":3,"turns":1},{"damage":0,"enemies":"Gremlin Nob","floor":6,"turns":1},{"damage":16,"enemies":"Lagavulin","floor":8,"turns":8},{"damage":0,"enemies":"Jaw Worm","floor":11,"turns":2},{"damage":0,"enemies":"Exordium Thugs","floor":12,"turns":3},{"damage":6,"enemies":"3 Sentries","floor":14,"turns":6},{"damage":19,"enemies":"The Guardian","floor":16,"turns":15},{"damage":6,"enemies":"Chosen","floor":18,"turns":10},{"damage":1,"enemies":"Shell Parasite","floor":19,"turns":8},{"damage":0,"enemies":"Sentry and Sphere","floor":21,"turns":6},{"damage":5,"enemies":"Snecko","floor":22,"turns":9},{"damage":16,"enemies":"Gremlin Leader","floor":23,"turns":12},{"damage":35,"enemies":"Masked Bandits","floor":24,"turns":7},{"damage":1,"enemies":"Book of Stabbing","floor":25,"turns":9},{"damage":3,"enemies":"Centurion and Healer","floor":28,"turns":7},{"damage":0,"enemies":"Snake Plant","floor":30,"turns":6},{"damage":0,"enemies":"Gremlin Leader","floor":31,"turns":8},{"damage":1,"enemies":"Champ","floor":33,"turns":15},{"damage":6,"enemies":"3 Shapes","floor":35,"turns":5},{"damage":0,"enemies":"Orb Walker","floor":37,"turns":5},{"damage":1,"enemies":"Sphere and 2 Shapes","floor":38,"turns":8},{"damage":0,"enemies":"Maw","floor":39,"turns":9},{"damage":31,"enemies":"Reptomancer","floor":40,"turns":7},{"damage":7,"enemies":"Giant Head","floor":44,"turns":8},{"damage":6,"enemies":"Transient","floor":46,"turns":5},{"damage":8,"enemies":"Writhing Mass","floor":47,"turns":6},{"damage":47,"enemies":"Reptomancer","floor":48,"turns":5},{"damage":10,"enemies":"Donu and Deca","floor":50,"turns":7}],"seed_played":"-3752650844905674451","potions_obtained":[{"floor":6,"key":"Fire Potion"},{"floor":8,"key":"SteroidPotion"},{"floor":14,"key":"EssenceOfSteel"},{"floor":16,"key":"AttackPotion"},{"floor":19,"key":"SpeedPotion"},{"floor":21,"key":"Block Potion"},{"floor":31,"key":"FearPotion"},{"floor":33,"key":"Strength Potion"}],"is_trial":false,"path_per_floor":["M","?","M","?","$","E","R","E","T","R","M","M","R","E","R","B",null,"M","M","$","M","M","E","?","E","T","R","M","R","M","E","R","B",null,"M","$","M","M","M","E","?","R","T","E","$","M","M","E","R","B"],"character_chosen":"THE_SILENT","items_purchased":["Caltrops","Lee\u0027s Waffle","Noxious Fumes","Ice Cream"],"campfire_rested":0,"item_purchase_floors":[20,20,36,45],"current_hp_per_floor":[59,52,52,52,52,52,52,36,36,36,36,36,36,30,30,11,52,46,45,73,73,68,52,17,16,16,16,13,13,13,13,13,12,58,52,52,52,51,51,20,73,73,73,66,66,60,52,5,5,0,0],"gold":73,"neow_bonus":"THREE_ENEMY_KILL","is_daily":false,"chose_seed":false,"campfire_upgraded":8,"win_rate":0.0,"timestamp":1609559953,"path_taken":["M","?","M","?","?","E","R","E","T","R","M","?","R","E","R","BOSS","M","M","$","M","M","E","?","E","T","R","M","R","M","E","R","BOSS","M","$","M","M","M","E","?","R","T","E","$","M","M","E","R","BOSS"],"items_purchased_type":["Card","Relic","Card","Relic"],"build_version":"2020-12-22","purchased_purges":3,"victory":false,"max_hp_per_floor":[66,66,66,66,66,66,66,66,66,66,66,66,66,66,66,66,66,66,66,73,73,73,73,73,73,73,73,73,73,73,73,73,73,73,73,73,73,73,73,73,73,73,73,73,73,73,73,73,73,73,73],"card_choices":[{"not_picked":["All Out Attack","Flechettes"],"picked":"Blade Dance","floor":1},{"not_picked":["Skewer","Outmaneuver"],"picked":"Dagger Spray","floor":3},{"not_picked":["Backstab","Grand Finale","Heel Hook"],"picked":"SKIP","floor":6},{"not_picked":["Deadly Poison","Underhanded Strike"],"picked":"Adrenaline","floor":8},{"not_picked":["Expertise","Acrobatics"],"picked":"Footwork","floor":11},{"not_picked":["Flying Knee","Quick Slash"],"picked":"Dodge and Roll","floor":12},{"not_picked":["Setup","Calculated Gamble"],"picked":"Night Terror","floor":14},{"not_picked":["Glass Knife","Bullet Time"],"picked":"After Image","floor":16},{"not_picked":["Acrobatics","Deflect","Sucker Punch"],"picked":"SKIP","floor":18},{"not_picked":["Predator","Calculated Gamble","Flechettes+1"],"picked":"SKIP","floor":19},{"not_picked":["Dagger Spray","Concentrate+1"],"picked":"Prepared+1","floor":21},{"not_picked":["Poisoned Stab","Skewer","Dodge and Roll"],"picked":"SKIP","floor":22},{"not_picked":["Poisoned Stab","Skewer"],"picked":"Dodge and Roll","floor":22},{"not_picked":["Dodge and Roll","Doppelganger","Flying Knee"],"picked":"SKIP","floor":23},{"not_picked":["Dodge and Roll","Doppelganger","Flying Knee"],"picked":"SKIP","floor":23},{"not_picked":["All Out Attack","Riddle With Holes"],"picked":"Poisoned Stab+1","floor":24},{"not_picked":["Sucker Punch","Underhanded Strike","Heel Hook"],"picked":"SKIP","floor":25},{"not_picked":["PiercingWail","Quick Slash"],"picked":"Prepared+1","floor":28},{"not_picked":["Dodge and Roll","Prepared+1","Dagger Throw"],"picked":"SKIP","floor":30},{"not_picked":["Deflect","Flying Knee+1","Backstab+1"],"picked":"SKIP","floor":31},{"not_picked":["Phantasmal Killer","Venomology"],"picked":"Envenom","floor":33},{"not_picked":["PiercingWail","Poisoned Stab"],"picked":"Acrobatics+1","floor":35},{"not_picked":["Unload","Dash"],"picked":"Blur","floor":37},{"not_picked":["Bane+1","Deflect","Noxious Fumes"],"picked":"SKIP","floor":38},{"not_picked":["Finisher","Leg Sweep","Dagger Spray"],"picked":"SKIP","floor":39},{"not_picked":["Bouncing Flask","Dagger Throw","Prepared+1"],"picked":"SKIP","floor":40},{"not_picked":["Underhanded Strike+1","Quick Slash","Flechettes+1"],"picked":"SKIP","floor":44},{"not_picked":["Dash","Slice","Footwork"],"picked":"SKIP","floor":46},{"not_picked":["Doppelganger","Quick Slash"],"picked":"Blade Dance","floor":47},{"not_picked":["Choke","Dagger Spray"],"picked":"Blur","floor":48}],"player_experience":442762,"relics_obtained":[{"floor":6,"key":"Pen Nib"},{"floor":8,"key":"Vajra"},{"floor":9,"key":"Anchor"},{"floor":14,"key":"Regal Pillow"},{"floor":23,"key":"Shuriken"},{"floor":24,"key":"Red Mask"},{"floor":25,"key":"Matryoshka"},{"floor":26,"key":"Oddly Smooth Stone"},{"floor":31,"key":"Centennial Puzzle"},{"floor":40,"key":"Potion Belt"},{"floor":43,"key":"Nunchaku"},{"floor":43,"key":"Bottled Flame"},{"floor":44,"key":"The Specimen"},{"floor":48,"key":"Thread and Needle"}],"event_choices":[{"cards_removed":["Strike_G"],"damage_healed":0,"gold_gain":0,"player_choice":"Card Removal","damage_taken":7,"max_hp_gain":0,"max_hp_loss":0,"event_name":"Golden Wing","floor":2,"gold_loss":0},{"cards_removed":["Strike_G"],"damage_healed":0,"gold_gain":0,"player_choice":"Forget","damage_taken":0,"max_hp_gain":0,"max_hp_loss":0,"event_name":"Living Wall","floor":4,"gold_loss":0},{"damage_healed":0,"gold_gain":0,"player_choice":"Fought Bandits","damage_taken":0,"max_hp_gain":0,"max_hp_loss":0,"event_name":"Masked Bandits","floor":24,"gold_loss":0},{"damage_healed":53,"gold_gain":0,"player_choice":"Heal","damage_taken":0,"max_hp_gain":0,"max_hp_loss":0,"event_name":"MindBloom","floor":41,"gold_loss":0,"cards_obtained":["Doubt"]}],"is_beta":false,"boss_relics":[{"not_picked":["SlaversCollar","Ectoplasm"],"picked":"Coffee Dripper"},{"not_picked":["Runic Dome","Pandora\u0027s Box"],"picked":"Sozu"}],"items_purged_floors":[5,20,36],"is_endless":false,"potions_floor_spawned":[6,8,14,16,19,21,22,31,33,35,39,40],"killed_by":"Donu and Deca","ascension_level":14}}