{"host":"lklj3eidp7g5an38","time":1609595257,"event":{"mods":["BaseMod","Minty Spire (QoL Compilation)","Relic Stats","StSLib"],"gold_per_floor":[118,118,268,343,343,343,359,359,359,387,406,434,28,43,43,117,117,133,54,54,54,69,97,97,113,113,113,113],"floor_reached":27,"playtime":2255,"items_purged":[],"score":475,"play_id":"35904c43-3389-47c6-9c07-648f6ad77d9b","local_time":"20210102134737","is_ascension_mode":true,"campfire_choices":[{"data":"Bloodletting","floor":6,"key":"SMITH"},{"data":"Dual Wield","floor":8,"key":"SMITH"},{"floor":15,"key":"REST"},{"data":"Dark Embrace","floor":24,"key":"SMITH"}],"circlet_count":0,"master_deck":["AscendersBane","Strike_R+1","Strike_R","Strike_R","Defend_R","Defend_R","Defend_R","Defend_R","Bash+1","Bloodletting+1","Doubt","Dual Wield+1","Shrug It Off","Sever Soul","Blood for Blood","Dropkick","Evolve","Offering","Dark Embrace+1","Flame Barrier","Metallicize","Exhume","Ghostly","Ghostly","Ghostly","Thunderclap","Havoc"],"relics":["Burning Blood","NeowsBlessing","Centennial Puzzle","Ginger","Bronze Scales","Orichalcum","Kunai","Philosopher\u0027s Stone","Bag of Preparation","Question Card"],"acts_visited":["Exordium","TheCity"],"potions_floor_usage":[12,12,16,23,27],"damage_taken":[{"damage":0,"enemies":"Jaw Worm","floor":1,"turns":1},{"damage":0,"enemies":"2 Louse","floor":7,"turns":1},{"damage":0,"enemies":"Gremlin Nob","floor":10,"turns":1},{"damage":0,"enemies":"Small Slimes","floor":11,"turns":4},{"damage":29,"enemies":"3 Sentries","floor":12,"turns":12},{"damage":6,"enemies":"2 Fungi Beasts","floor":14,"turns":3},{"damage":50,"enemies":"The Guardian","floor":16,"turns":11},{"damage":22,"enemies":"3 Byrds","floor":18,"turns":3},{"damage":9,"enemies":"2 Thieves","floor":22,"turns":4},{"damage":12,"enemies":"Book of Stabbing","floor":23,"turns":5},{"damage":13,"enemies":"Centurion and Healer","floor":25,"turns":6},{"damage":23,"enemies":"Gremlin Leader","floor":27,"turns":4}],"seed_played":"-2031991476408358550","potions_obtained":[{"floor":1,"key":"SpeedPotion"},{"floor":10,"key":"Explosive Potion"},{"floor":14,"key":"AttackPotion"},{"floor":18,"key":"SneckoOil"},{"floor":25,"key":"Energy Potion"}],"is_trial":false,"path_per_floor":["M","?","?","?","?","R","M","R","T","E","M","E","$","M","R","B",null,"M","$","?","?","M","E","R","M","T","E"],"character_chosen":"IRONCLAD","items_purchased":["Kunai","Dropkick","Evolve","Flame Barrier"],"campfire_rested":1,"item_purchase_floors":[13,13,13,19],"current_hp_per_floor":[74,51,51,40,35,35,41,41,41,47,53,30,30,30,52,8,58,42,42,42,37,34,28,28,21,21,0,0],"gold":113,"neow_bonus":"THREE_ENEMY_KILL","is_daily":false,"chose_seed":false,"campfire_upgraded":3,"win_rate":0.0,"timestamp":1609595257,"path_taken":["M","?","?","?","?","R","M","R","T","E","M","E","$","M","R","BOSS","M","$","?","?","M","E","R","M","T","E"],"items_purchased_type":["Relic","Card","Card","Card"],"build_version":"2020-12-22","purchased_purges":0,"victory":false,"max_hp_per_floor":[75,75,75,75,75,75,75,75,75,75,75,75,75,75,75,75,75,75,75,75,37,37,37,37,37,37,37,37],"relic_stats":{"Centennial Puzzle":[24],"counters":[12,55],"Bronze Scales":[166],"Bag of Preparation":[4],"Ginger":[14],"Kunai":[19],"Orichalcum":[66],"Question Card":0,"obtain_stats":[{"Centennial Puzzle":5,"NeowsBlessing":0,"Bronze Scales":10,"Philosopher\u0027s Stone":17,"Bag of Preparation":23,"Ginger":9,"Kunai":13,"Orichalcum":12,"Question Card":26,"Burning Blood":0},{"Centennial Puzzle":1,"NeowsBlessing":0,"Bronze Scales":3,"Philosopher\u0027s Stone":7,"Bag of Preparation":10,"Ginger":2,"Kunai":5,"Orichalcum":5,"Question Card":11,"Burning Blood":0},{"Centennial Puzzle":1,"NeowsBlessing":0,"Bronze Scales":3,"Philosopher\u0027s Stone":33,"Bag of Preparation":45,"Ginger":2,"Kunai":19,"Orichalcum":19,"Question Card":51,"Burning Blood":0}],"Burning Blood":66},"card_choices":[{"not_picked":["Infernal Blade","Heavy Blade"],"picked":"Bloodletting","floor":1},{"not_picked":["Power Through","Thunderclap"],"picked":"Dual Wield","floor":7},{"not_picked":["True Grit","Thunderclap"],"picked":"Shrug It Off","floor":10},{"not_picked":["Intimidate","Heavy Blade"],"picked":"Sever Soul","floor":11},{"not_picked":["Havoc","Intimidate"],"picked":"Blood for Blood","floor":12},{"not_picked":["Rampage","Sentinel","Clash"],"picked":"SKIP","floor":14},{"not_picked":["Exhume","Demon Form"],"picked":"Offering","floor":16},{"not_picked":["Warcry","Wild Strike"],"picked":"Dark Embrace","floor":18},{"not_picked":["Clothesline","Pommel Strike"],"picked":"Thunderclap","floor":22},{"not_picked":["Sentinel","Warcry"],"picked":"Havoc","floor":23},{"not_picked":["Carnage","Sever Soul","Pommel Strike"],"picked":"SKIP","floor":25}],"player_experience":888352,"relics_obtained":[{"floor":9,"key":"Ginger"},{"floor":10,"key":"Bronze Scales"},{"floor":12,"key":"Orichalcum"},{"floor":23,"key":"Bag of Preparation"},{"floor":26,"key":"Question Card"}],"event_choices":[{"damage_healed":0,"gold_gain":0,"player_choice":"Entered Light","damage_taken":23,"max_hp_gain":0,"max_hp_loss":0,"event_name":"Shining Light","floor":2,"gold_loss":0,"cards_upgraded":["Bash","Strike_R"]},{"damage_healed":0,"gold_gain":150,"player_choice":"AGREE","damage_taken":0,"max_hp_gain":0,"max_hp_loss":0,"event_name":"Liars Game","floor":3,"gold_loss":0,"cards_obtained":["Doubt"]},{"damage_healed":0,"gold_gain":75,"player_choice":"Gather Gold","damage_taken":11,"max_hp_gain":0,"max_hp_loss":0,"event_name":"World of Goop","floor":4,"gold_loss":0},{"damage_healed":0,"gold_gain":0,"player_choice":"Success","damage_taken":5,"relics_obtained":["Centennial Puzzle"],"max_hp_gain":0,"max_hp_loss":0,"event_name":"Scrap Ooze","floor":5,"gold_loss":0},{"damage_healed":0,"gold_gain":0,"cards_transformed":["Strike_R","Strike_R"],"player_choice":"Became Test Subject","damage_taken":0,"max_hp_gain":0,"max_hp_loss":0,"event_name":"Drug Dealer","floor":20,"gold_loss":0,"cards_obtained":["Metallicize","Exhume"]},{"damage_healed":0,"gold_gain":0,"player_choice":"Became a Ghost","damage_taken":0,"max_hp_gain":0,"max_hp_loss":38,"event_name":"Ghosts","floor":21,"gold_loss":0,"cards_obtained":["Ghostly","Ghostly","Ghostly"]}],"is_beta":false,"boss_relics":[{"not_picked":["Busted Crown","Black Star"],"picked":"Philosopher\u0027s Stone"}],"items_purged_floors":[],"is_endless":false,"potions_floor_spawned":[1,10,11,14,18,25],"killed_by":"Gremlin Leader","ascension_level":16}}