{"host":"2se5dq1do2gp0x9k","time":1609629587,"event":{"mods":["AchievementEnabler","BaseMod","Block Reminder","Colored Map","Colored Powertips","Minty Spire (QoL Compilation)","Relic Stats","StSLib","SuperFastMode"],"gold_per_floor":[111,128,128,138,154,189,22,22,22,22,51,51,51,21,21,116,116,132,152,166,166,186,218,218,238,289,289,321,335,245,255,255,350,350,366,382,395,415,415,415,415,415,415,415,444,461,496,516,516,516,516,516,356,383,383,383],"floor_reached":55,"playtime":2228,"items_purged":["Strike_P"],"score":1045,"play_id":"9f355a2f-1039-4cdc-b138-311272ed5bf2","local_time":"20210102151947","is_ascension_mode":true,"campfire_choices":[{"data":"Apotheosis","floor":8.0,"key":"SMITH"},{"floor":10.0,"key":"REST"},{"floor":12.0,"key":"REST"},{"data":"CutThroughFate","floor":15.0,"key":"SMITH"},{"data":"SandsOfTime","floor":24.0,"key":"SMITH"},{"data":"ClearTheMind","floor":27.0,"key":"SMITH"},{"floor":32.0,"key":"REST"},{"data":"DeusExMachina","floor":40.0,"key":"SMITH"},{"floor":42.0,"key":"RECALL"},{"data":"Nirvana","floor":44,"key":"SMITH"},{"data":"Adaptation","floor":49,"key":"SMITH"},{"data":"Vault","floor":52,"key":"SMITH"}],"circlet_count":0,"master_deck":["Eruption","Vigilance","CutThroughFate+1","FlurryOfBlows","FearNoEvil","EmptyFist","FlurryOfBlows","Apotheosis+1","Tantrum","Weave","Scrawl+1","FlurryOfBlows+1","Weave","CutThroughFate","Crescendo+1","SandsOfTime+1","ClearTheMind+1","EmptyFist+1","ThirdEye+1","Adaptation+1","DeusExMachina","Swivel","DeusExMachina+1","LessonLearned","Swivel","Nirvana+1","Perseverance","Vault+1","ClearTheMind+1","CutThroughFate+1","Dark Shackles","Dark Shackles","Deep Breath","WaveOfTheHand+1","Protect","Sanctity","TalkToTheHand","Halt","WaveOfTheHand+1","LikeWater+1","Halt","CutThroughFate+1","JustLucky"],"relics":["PureWater","NeowsBlessing","Ice Cream","The Courier","Mercury Hourglass","VioletLotus","Eternal Feather","Pen Nib","Boot","Pandora\u0027s Box","Letter Opener","Frozen Egg 2","Question Card","Orrery","Happy Flower"],"acts_visited":["Exordium","TheCity","TheBeyond","TheEnding"],"potions_floor_usage":[55],"damage_taken":[{"damage":0.0,"enemies":"Cultist","floor":1.0,"turns":1.0},{"damage":0.0,"enemies":"2 Louse","floor":2.0,"turns":2.0},{"damage":0.0,"enemies":"Small Slimes","floor":4.0,"turns":1.0},{"damage":10.0,"enemies":"Gremlin Gang","floor":5.0,"turns":2.0},{"damage":33.0,"enemies":"Lagavulin","floor":6.0,"turns":8.0},{"damage":0.0,"enemies":"Gremlin Nob","floor":11.0,"turns":2.0},{"damage":34.0,"enemies":"Hexaghost","floor":16.0,"turns":5.0},{"damage":0.0,"enemies":"Spheric Guardian","floor":18.0,"turns":2.0},{"damage":0.0,"enemies":"Chosen","floor":19.0,"turns":3.0},{"damage":35.0,"enemies":"Snake Plant","floor":20.0,"turns":4.0},{"damage":4.0,"enemies":"Cultist and Chosen","floor":22.0,"turns":3.0},{"damage":0.0,"enemies":"Gremlin Leader","floor":23.0,"turns":3.0},{"damage":0.0,"enemies":"Centurion and Healer","floor":25.0,"turns":2.0},{"damage":28.0,"enemies":"Book of Stabbing","floor":28.0,"turns":4.0},{"damage":0.0,"enemies":"Snecko","floor":29.0,"turns":2.0},{"damage":4.0,"enemies":"Chosen and Byrds","floor":31.0,"turns":2.0},{"damage":19.0,"enemies":"Champ","floor":33.0,"turns":4.0},{"damage":0.0,"enemies":"Orb Walker","floor":35.0,"turns":2.0},{"damage":0.0,"enemies":"3 Shapes","floor":36.0,"turns":2.0},{"damage":0.0,"enemies":"Jaw Worm Horde","floor":37.0,"turns":3.0},{"damage":0.0,"enemies":"3 Darklings","floor":38.0,"turns":3.0},{"damage":13,"enemies":"Giant Head","floor":45,"turns":3},{"damage":0,"enemies":"Maw","floor":46,"turns":4},{"damage":0,"enemies":"Reptomancer","floor":47,"turns":3},{"damage":0,"enemies":"Sphere and 2 Shapes","floor":48,"turns":2},{"damage":29,"enemies":"Awakened One","floor":50,"turns":9},{"damage":29,"enemies":"Shield and Spear","floor":54,"turns":5},{"damage":99,"enemies":"The Heart","floor":55,"turns":3}],"seed_played":"-8169041380826806733","potions_obtained":[{"floor":1.0,"key":"LiquidBronze"},{"floor":6.0,"key":"SkillPotion"},{"floor":20.0,"key":"Dexterity Potion"},{"floor":23.0,"key":"BottledMiracle"},{"floor":28.0,"key":"LiquidMemories"},{"floor":33.0,"key":"AttackPotion"},{"floor":45,"key":"BottledMiracle"},{"floor":46,"key":"DuplicationPotion"}],"is_trial":false,"path_per_floor":["M","M","?","M","M","E","$","R","T","R","E","R","?","$","R","B",null,"M","M","M","?","M","E","R","M","T","R","E","M","$","M","R","B",null,"M","M","M","M","T","R","?","R","T","R","E","M","E","M","R","B",null,"R","$","E","B"],"character_chosen":"WATCHER","items_purchased":["Apotheosis","Weave","Adaptation","Halt","Orrery"],"campfire_rested":3,"item_purchase_floors":[7,14,30,53,53],"current_hp_per_floor":[72,72,65,65,55,22,22,22,22,43,43,64,50,50,50,16,72,72,72,37,37,33,33,45,45,45,60,32,32,32,28,64,45,72,72,72,72,72,72,72,62,72,72,72,59,59,59,59,72,43,72,72,72,43,0,0],"gold":383,"neow_bonus":"THREE_ENEMY_KILL","is_daily":false,"chose_seed":false,"campfire_upgraded":8,"win_rate":0.0,"timestamp":1609629587,"path_taken":["M","M","?","M","M","E","?","R","T","R","E","R","?","$","R","BOSS","M","M","M","?","?","E","R","?","T","R","E","M","$","M","R","BOSS","M","M","M","M","?","R","?","R","T","R","E","M","E","M","R","BOSS","R","$","E","BOSS"],"items_purchased_type":["Card","Card","Card","Card","Relic"],"build_version":"2020-12-22","purchased_purges":1,"victory":false,"max_hp_per_floor":[72,72,72,72,72,72,72,72,72,72,72,72,72,72,72,72,72,72,72,72,72,72,72,72,72,72,72,72,72,72,72,72,72,72,72,72,72,72,72,72,72,72,72,72,72,72,72,72,72,72,72,72,72,72,72,72],"relic_stats":{"Happy Flower":[1],"counters":[28,89],"Eternal Feather":65,"Pandora\u0027s Box":["Swivel","DeusExMachina","LessonLearned","Swivel","Nirvana","Perseverance","Vault"],"VioletLotus":[27],"Pen Nib":[27],"Letter Opener":[140],"Boot":[166],"Question Card":7,"obtain_stats":[{"Ice Cream":6,"NeowsBlessing":0,"Happy Flower":54,"Eternal Feather":23,"The Courier":9,"Pen Nib":26,"Letter Opener":39,"Frozen Egg 2":45,"Boot":28,"Question Card":47,"Mercury Hourglass":11,"Orrery":53,"Pandora\u0027s Box":34,"VioletLotus":17,"PureWater":0},{"Ice Cream":5,"NeowsBlessing":0,"Happy Flower":27,"Eternal Feather":12,"The Courier":5,"Pen Nib":13,"Letter Opener":21,"Frozen Egg 2":22,"Boot":14,"Question Card":24,"Mercury Hourglass":6,"Orrery":26,"Pandora\u0027s Box":17,"VioletLotus":7,"PureWater":0},{"Ice Cream":14,"NeowsBlessing":0,"Happy Flower":86,"Eternal Feather":36,"The Courier":14,"Pen Nib":38,"Letter Opener":60,"Frozen Egg 2":63,"Boot":42,"Question Card":70,"Mercury Hourglass":16,"Orrery":81,"Pandora\u0027s Box":50,"VioletLotus":21,"PureWater":0}],"Mercury Hourglass":[288]},"card_choices":[{"not_picked":["Worship","Prostrate"],"picked":"CutThroughFate","floor":1.0},{"not_picked":["BattleHymn","Prostrate"],"picked":"FlurryOfBlows","floor":2.0},{"not_picked":["Nirvana","ClearTheMind"],"picked":"FearNoEvil","floor":4.0},{"not_picked":["Crescendo","Prostrate"],"picked":"EmptyFist","floor":5.0},{"not_picked":["Alpha","EmptyBody"],"picked":"FlurryOfBlows","floor":6.0},{"not_picked":["ReachHeaven","CrushJoints"],"picked":"Tantrum","floor":11.0},{"not_picked":["Alpha","MasterReality"],"picked":"Scrawl","floor":16.0},{"not_picked":["EmptyFist","SashWhip+1"],"picked":"FlurryOfBlows+1","floor":18.0},{"not_picked":["JustLucky+1","Consecrate"],"picked":"Weave","floor":19.0},{"not_picked":["LikeWater","CrushJoints"],"picked":"CutThroughFate","floor":20.0},{"not_picked":["CrushJoints+1","EmptyBody+1"],"picked":"Crescendo+1","floor":22.0},{"not_picked":["WindmillStrike","FollowUp"],"picked":"SandsOfTime","floor":23.0},{"not_picked":["FollowUp","FlurryOfBlows"],"picked":"ClearTheMind","floor":25.0},{"not_picked":["Judgement","EmptyBody"],"picked":"EmptyFist+1","floor":28.0},{"not_picked":["PathToVictory+1","SashWhip"],"picked":"ThirdEye","floor":29.0},{"not_picked":["FlurryOfBlows","PathToVictory"],"picked":"DeusExMachina","floor":31.0},{"not_picked":["Adaptation+1","CrushJoints+1"],"picked":"ClearTheMind+1","floor":35.0},{"not_picked":["Consecrate","SandsOfTime+1","FollowUp"],"picked":"SKIP","floor":36.0},{"not_picked":["Consecrate","EmptyFist","PathToVictory"],"picked":"SKIP","floor":37.0},{"not_picked":["FlyingSleeves+1","BowlingBash+1"],"picked":"CutThroughFate+1","floor":38.0},{"not_picked":["Apotheosis","The Bomb"],"picked":"Dark Shackles","floor":41.0},{"not_picked":["Bandage Up","Jack Of All Trades"],"picked":"Dark Shackles","floor":41.0},{"not_picked":["Enlightenment","Mayhem"],"picked":"Deep Breath","floor":41.0},{"not_picked":["WreathOfFlame","Protect+1"],"picked":"WaveOfTheHand+1","floor":45},{"not_picked":["BowlingBash","Conclude+1"],"picked":"Protect","floor":46},{"not_picked":["FollowUp+1","Vengeance+1"],"picked":"Sanctity","floor":47},{"not_picked":["FlyingSleeves","PathToVictory","Indignation"],"picked":"TalkToTheHand","floor":48},{"not_picked":["Tantrum","ThirdEye","LessonLearned"],"picked":"WaveOfTheHand+1","floor":53},{"not_picked":["EmptyFist","CrushJoints+1","SashWhip"],"picked":"LikeWater+1","floor":53},{"not_picked":["InnerPeace+1","ForeignInfluence","DeceiveReality+1"],"picked":"Halt","floor":53},{"not_picked":["SignatureMove","Crescendo","ForeignInfluence+1"],"picked":"CutThroughFate+1","floor":53},{"not_picked":["PathToVictory+1","Judgement","Consecrate+1"],"picked":"JustLucky","floor":54}],"player_experience":3718202,"relics_obtained":[{"floor":6.0,"key":"Ice Cream"},{"floor":9.0,"key":"The Courier"},{"floor":11.0,"key":"Mercury Hourglass"},{"floor":23.0,"key":"Eternal Feather"},{"floor":26.0,"key":"Pen Nib"},{"floor":28.0,"key":"Boot"},{"floor":39.0,"key":"Letter Opener"},{"floor":45,"key":"Frozen Egg 2"},{"floor":47,"key":"Question Card"},{"floor":54,"key":"Happy Flower"}],"event_choices":[{"damage_healed":0.0,"max_hp_gain":0.0,"max_hp_loss":0.0,"gold_gain":0.0,"event_name":"Wheel of Change","player_choice":"Damaged","floor":3.0,"gold_loss":0.0,"damage_taken":7.0},{"damage_healed":0.0,"max_hp_gain":0.0,"max_hp_loss":0.0,"gold_gain":0.0,"event_name":"Shining Light","player_choice":"Entered Light","floor":13.0,"gold_loss":0.0,"damage_taken":14.0,"cards_upgraded":["Defend_P","Defend_P"]},{"damage_healed":0.0,"max_hp_gain":0.0,"max_hp_loss":0.0,"gold_gain":0.0,"event_name":"Upgrade Shrine","player_choice":"Upgraded","floor":21.0,"gold_loss":0.0,"damage_taken":0.0,"cards_upgraded":["Scrawl"]},{"damage_healed":0.0,"max_hp_gain":0.0,"max_hp_loss":0.0,"gold_gain":0.0,"event_name":"SensoryStone","player_choice":"Memory 3","floor":41.0,"gold_loss":0.0,"damage_taken":10.0}],"is_beta":false,"boss_relics":[{"not_picked":["Sozu","Empty Cage"],"picked":"VioletLotus"},{"not_picked":["Busted Crown","Tiny House"],"picked":"Pandora\u0027s Box"}],"items_purged_floors":[30],"is_endless":false,"potions_floor_spawned":[1,6,20,23,28,29,33,35,36,45,46],"killed_by":"The Heart","ascension_level":4}}