{"host":"tfkz8stxzb1up54p","time":1609629687,"event":{"mods":["AchievementEnabler","Ascension Unlocker","BaseMod","Better Note","Block Reminder","Colored Powertips","Curses Come First","Disable Question Mark Monsters","Displayed Cursed Tome","Emptier Cage","Gold Saver","Gremlin Skip","Highlight Path","Minty Spire (QoL Compilation)","Permanent Neow","StSLib"],"gold_per_floor":[888,900,341,357,357,386,39,39,39,39,72,85,115,135,135,212,212,228,228,228,228,263,289,13,13,85,113,128,146,166,186,186,260,260,272,272,297,222,232,232,264,264,289,301,329,373,433,457,469,481,493],"floor_reached":52,"playtime":4860,"items_purged":["Writhe"],"score":1986,"play_id":"844702ae-0d3d-4b22-ab3c-163694d339d2","local_time":"20210102232127","is_ascension_mode":true,"campfire_choices":[{"data":"Apotheosis","floor":10,"key":"SMITH"},{"floor":15,"key":"REST"},{"floor":25,"key":"REST"},{"data":"Infernal Blade","floor":32,"key":"SMITH"},{"floor":40,"key":"REST"},{"floor":42,"key":"REST"},{"floor":49,"key":"REST"}],"circlet_count":0,"master_deck":["AscendersBane","Strike_R","Strike_R","Strike_R","Defend_R","Defend_R","Defend_R","Defend_R","Bash","Rampage","Disarm","Apotheosis+1","Feed","Intimidate","Infernal Blade+1","Pommel Strike+1","Body Slam","Anger+1","Anger","Immolate","Cleave","Body Slam","Shrug It Off+1","Rage+1","Demon Form+1","Shrug It Off+1","Intimidate+1","Shrug It Off+1","Limit Break+1","Intimidate+1"],"relics":["Burning Blood","Strawberry","Gremlin Horn","GremlinMask","InkBottle","Mercury Hourglass","Bottled Lightning","Centennial Puzzle","Frozen Egg 2","Black Star","Nilry\u0027s Codex","Red Mask","Toxic Egg 2","Blood Vial","Matryoshka","Akabeko","Singing Bowl","Pear","Lizard Tail","Fusion Hammer","Thread and Needle","Anchor","Molten Egg 2","Oddly Smooth Stone","MawBank","Boot","Vajra","Whetstone"],"acts_visited":["Exordium","TheCity","TheBeyond"],"potions_floor_usage":[6,6,11,16,22,27,28,28,30,31,31,33,45,46,48],"damage_taken":[{"damage":8,"enemies":"2 Louse","floor":1,"turns":4},{"damage":1,"enemies":"Cultist","floor":2,"turns":3},{"damage":0,"enemies":"Small Slimes","floor":4,"turns":5},{"damage":19,"enemies":"Lagavulin","floor":6,"turns":9},{"damage":6,"enemies":"Gremlin Nob","floor":11,"turns":3},{"damage":10,"enemies":"Blue Slaver","floor":12,"turns":2},{"damage":2,"enemies":"3 Sentries","floor":13,"turns":5},{"damage":0,"enemies":"3 Louse","floor":14,"turns":2},{"damage":13,"enemies":"The Guardian","floor":16,"turns":9},{"damage":9,"enemies":"Chosen","floor":18,"turns":3},{"damage":0,"enemies":"Masked Bandits","floor":22,"turns":2},{"damage":23,"enemies":"Slavers","floor":23,"turns":5},{"damage":8,"enemies":"Gremlin Leader","floor":27,"turns":5},{"damage":6,"enemies":"2 Thieves","floor":28,"turns":3},{"damage":6,"enemies":"Snake Plant","floor":29,"turns":4},{"damage":7,"enemies":"Cultist and Chosen","floor":30,"turns":5},{"damage":8,"enemies":"Shelled Parasite and Fungi","floor":31,"turns":3},{"damage":84,"enemies":"Champ","floor":33,"turns":12},{"damage":8,"enemies":"Orb Walker","floor":35,"turns":2},{"damage":55,"enemies":"Mind Bloom Boss Battle","floor":37,"turns":6},{"damage":0,"enemies":"3 Darklings","floor":39,"turns":4},{"damage":35,"enemies":"Nemesis","floor":41,"turns":7},{"damage":11,"enemies":"Spire Growth","floor":45,"turns":5},{"damage":8,"enemies":"Reptomancer","floor":46,"turns":3},{"damage":15,"enemies":"Jaw Worm Horde","floor":48,"turns":4},{"damage":12,"enemies":"Awakened One","floor":50,"turns":11},{"damage":21,"enemies":"Time Eater","floor":51,"turns":11}],"seed_played":"8892040201243380254","potions_obtained":[{"floor":1,"key":"EssenceOfSteel"},{"floor":4,"key":"GamblersBrew"},{"floor":8,"key":"Energy Potion"},{"floor":8,"key":"LiquidMemories"},{"floor":14,"key":"LiquidBronze"},{"floor":16,"key":"SkillPotion"},{"floor":23,"key":"DistilledChaos"},{"floor":27,"key":"EntropicBrew"},{"floor":29,"key":"Fire Potion"},{"floor":41,"key":"Fruit Juice"},{"floor":45,"key":"SneckoOil"},{"floor":46,"key":"SkillPotion"}],"is_trial":false,"path_per_floor":["M","M","$","M","?","E","$","?","T","R","E","M","E","M","R","B",null,"M","?","?","?","?","E","$","R","T","E","M","M","M","M","R","B",null,"M","?","?","$","M","R","E","R","T","?","M","E","T","M","R","B","B",null],"character_chosen":"IRONCLAD","items_purchased":["Apotheosis","Gremlin Horn","Feed","Mercury Hourglass","Pommel Strike","Body Slam","Matryoshka"],"campfire_rested":5,"item_purchase_floors":[3,3,3,7,7,7,24],"current_hp_per_floor":[73,78,78,85,85,72,72,72,72,72,72,68,76,86,93,86,91,88,60,39,39,45,32,32,62,62,74,78,80,85,87,87,11,94,94,118,71,71,79,115,88,122,122,122,124,124,124,123,135,129,116],"gold":505,"neow_bonus":"RANDOM_COMMON_RELIC","is_daily":false,"chose_seed":false,"campfire_upgraded":2,"win_rate":0.0,"timestamp":1609629687,"path_taken":["M","M","$","M","?","E","?","?","T","R","E","M","E","?","R","BOSS","M","?","?","?","?","E","?","R","T","E","?","M","M","M","R","BOSS","M","?","?","$","M","R","E","R","T","?","M","E","?","M","R","BOSS","BOSS"],"items_purchased_type":["Card","Relic","Card","Relic","Card","Card","Relic"],"build_version":"2020-12-22","purchased_purges":1,"victory":true,"max_hp_per_floor":[82,82,82,85,85,85,85,85,85,85,85,85,89,93,93,93,93,93,98,98,98,98,102,102,102,102,114,116,116,120,122,122,122,122,122,122,122,122,122,122,122,122,122,122,129,129,129,135,135,135,135],"card_choices":[{"not_picked":["True Grit","Warcry"],"picked":"Rampage","floor":1},{"not_picked":["Thunderclap","Whirlwind"],"picked":"Disarm","floor":2},{"not_picked":["Evolve","Twin Strike"],"picked":"Intimidate","floor":4},{"not_picked":["Thunderclap","Sword Boomerang"],"picked":"Infernal Blade","floor":6},{"not_picked":["True Grit","Exhume","Juggernaut"],"picked":"SKIP","floor":11},{"not_picked":["Whirlwind","True Grit","Power Through"],"picked":"SKIP","floor":12},{"not_picked":["Warcry","Flex"],"picked":"Anger","floor":13},{"not_picked":["Clothesline","Body Slam"],"picked":"Anger","floor":14},{"not_picked":["Juggernaut+1","Offering"],"picked":"Immolate","floor":16},{"not_picked":["Heavy Blade+1","Searing Blow"],"picked":"Cleave","floor":18},{"not_picked":["Cleave","Havoc+1"],"picked":"Body Slam","floor":22},{"not_picked":["Iron Wave","Sentinel+1","Bludgeon"],"picked":"SKIP","floor":23},{"not_picked":["Headbutt","Cleave","True Grit+1"],"picked":"Singing Bowl","floor":27},{"not_picked":["Metallicize+1","Anger","Iron Wave+1"],"picked":"Singing Bowl","floor":28},{"not_picked":["Searing Blow","Clothesline"],"picked":"Shrug It Off+1","floor":29},{"not_picked":["Clash","Flex+1"],"picked":"Rage+1","floor":30},{"not_picked":["Headbutt","Juggernaut+1","Iron Wave"],"picked":"Singing Bowl","floor":31},{"not_picked":["Exhume+1","Juggernaut+1"],"picked":"Demon Form+1","floor":33},{"not_picked":["Combust+1","Uppercut"],"picked":"Shrug It Off+1","floor":35},{"not_picked":["Perfected Strike+1","Wild Strike"],"picked":"Intimidate+1","floor":37},{"not_picked":["Bloodletting+1","Body Slam"],"picked":"Shrug It Off+1","floor":39},{"not_picked":["Inflame+1","Dropkick+1"],"picked":"Limit Break+1","floor":41},{"not_picked":["Iron Wave+1","Entrench+1","Perfected Strike+1"],"picked":"Singing Bowl","floor":45},{"not_picked":["Sword Boomerang+1","Sever Soul+1"],"picked":"Intimidate+1","floor":46},{"not_picked":["Headbutt+1","Perfected Strike+1","Sword Boomerang+1"],"picked":"Singing Bowl","floor":48}],"player_experience":1303560,"relics_obtained":[{"floor":6,"key":"InkBottle"},{"floor":9,"key":"Bottled Lightning"},{"floor":11,"key":"Centennial Puzzle"},{"floor":13,"key":"Frozen Egg 2"},{"floor":22,"key":"Red Mask"},{"floor":23,"key":"Toxic Egg 2"},{"floor":23,"key":"Blood Vial"},{"floor":26,"key":"Akabeko"},{"floor":26,"key":"Singing Bowl"},{"floor":27,"key":"Pear"},{"floor":27,"key":"Lizard Tail"},{"floor":37,"key":"Thread and Needle"},{"floor":41,"key":"Anchor"},{"floor":41,"key":"Molten Egg 2"},{"floor":43,"key":"Oddly Smooth Stone"},{"floor":43,"key":"MawBank"},{"floor":46,"key":"Boot"},{"floor":46,"key":"Vajra"},{"floor":47,"key":"Whetstone"}],"event_choices":[{"damage_healed":0,"gold_gain":0,"player_choice":"Trade","damage_taken":0,"relics_obtained":["GremlinMask"],"max_hp_gain":0,"max_hp_loss":0,"event_name":"FaceTrader","floor":5,"gold_loss":0},{"damage_healed":0,"gold_gain":0,"player_choice":"Got Potions","damage_taken":0,"max_hp_gain":0,"max_hp_loss":0,"event_name":"Lab","floor":8,"gold_loss":0},{"damage_healed":0,"gold_gain":0,"player_choice":"Shed Blood","damage_taken":33,"max_hp_gain":5,"max_hp_loss":0,"event_name":"Forgotten Altar","floor":19,"gold_loss":0},{"damage_healed":0,"gold_gain":0,"player_choice":"Obtained Book","damage_taken":21,"max_hp_gain":0,"max_hp_loss":0,"event_name":"Cursed Tome","floor":20,"gold_loss":0},{"cards_removed":["Strike_R"],"damage_healed":0,"gold_gain":0,"player_choice":"Elegance","damage_taken":0,"max_hp_gain":0,"max_hp_loss":0,"event_name":"Back to Basics","floor":21,"gold_loss":0},{"damage_healed":0,"gold_gain":0,"player_choice":"Fought Bandits","damage_taken":0,"max_hp_gain":0,"max_hp_loss":0,"event_name":"Masked Bandits","floor":22,"gold_loss":0},{"damage_healed":24,"gold_gain":0,"player_choice":"Writhe","damage_taken":0,"max_hp_gain":0,"max_hp_loss":0,"event_name":"Winding Halls","floor":36,"gold_loss":0,"cards_obtained":["Writhe"]},{"damage_healed":0,"gold_gain":0,"player_choice":"Fight","damage_taken":0,"max_hp_gain":0,"max_hp_loss":0,"event_name":"MindBloom","floor":37,"gold_loss":0},{"cards_removed":["Strike_R"],"damage_healed":0,"gold_gain":0,"player_choice":"Removed Attack","damage_taken":0,"max_hp_gain":0,"max_hp_loss":0,"event_name":"Falling","floor":44,"gold_loss":0}],"is_beta":false,"boss_relics":[{"not_picked":["SacredBark","Astrolabe"],"picked":"Black Star"},{"not_picked":["Cursed Key","Velvet Choker"],"picked":"Fusion Hammer"}],"items_purged_floors":[38],"is_endless":false,"potions_floor_spawned":[1,4,14,16,23,27,29,41,45,46],"ascension_level":20}}