{"host":"u7lm8z2rvb4dg2oo","time":1609565688,"event":{"mods":["AchievementEnabler","BaseMod","Colored Map","Colored Powertips","Curses Come First","Googly Eyes","Highlight Path","Minty Spire (QoL Compilation)","Quick Restart","StSLib"],"gold_per_floor":[113,131,146,156,169,169,194,194,194,214,229,229,133,133,133,232,232,245,245,160,179,193,193,220,220,220],"floor_reached":25,"playtime":1108,"items_purged":[],"score":281,"play_id":"c8f21a60-ccc2-4d2c-8f69-6bc4d5f79d04","local_time":"20210102003448","is_ascension_mode":true,"campfire_choices":[{"data":"WindmillStrike","floor":6.0,"key":"SMITH"},{"data":"MasterReality","floor":8,"key":"SMITH"},{"data":"ReachHeaven","floor":12,"key":"SMITH"},{"data":"Eruption","floor":15,"key":"SMITH"},{"floor":23,"key":"REST"}],"circlet_count":0,"master_deck":["Strike_P","Strike_P","Strike_P","Strike_P","Defend_P","Defend_P","Defend_P","Defend_P","Eruption+1","Vigilance","InnerPeace","FollowUp","Wallop","WindmillStrike+1","MasterReality+1","ReachHeaven+1","Bandage Up","Ragnarok","WreathOfFlame"],"relics":["PureWater","Pen Nib","Kunai","Philosopher\u0027s Stone","MutagenicStrength","StrikeDummy","Potion Belt"],"acts_visited":["Exordium","TheCity"],"potions_floor_usage":[11,21,22,22],"damage_taken":[{"damage":1.0,"enemies":"Cultist","floor":1.0,"turns":4.0},{"damage":0.0,"enemies":"2 Louse","floor":2.0,"turns":1.0},{"damage":0.0,"enemies":"Small Slimes","floor":3.0,"turns":3.0},{"damage":0.0,"enemies":"Blue Slaver","floor":4.0,"turns":3.0},{"damage":0.0,"enemies":"2 Fungi Beasts","floor":5.0,"turns":2.0},{"damage":24.0,"enemies":"Gremlin Nob","floor":7.0,"turns":3.0},{"damage":0,"enemies":"Large Slime","floor":10,"turns":3},{"damage":7,"enemies":"Exordium Wildlife","floor":11,"turns":4},{"damage":6,"enemies":"Slime Boss","floor":16,"turns":6},{"damage":26,"enemies":"2 Thieves","floor":18,"turns":3},{"damage":18,"enemies":"Shell Parasite","floor":21,"turns":4},{"damage":7,"enemies":"Snake Plant","floor":22,"turns":2},{"damage":39,"enemies":"Gremlin Leader","floor":24,"turns":4},{"damage":21,"enemies":"3 Cultists","floor":25,"turns":3}],"seed_played":"-7481300796039087926","potions_obtained":[{"floor":2.0,"key":"GamblersBrew"},{"floor":3.0,"key":"Weak Potion"},{"floor":10,"key":"EssenceOfSteel"},{"floor":11,"key":"Ancient Potion"},{"floor":18,"key":"BlessingOfTheForge"},{"floor":21,"key":"StancePotion"}],"is_trial":false,"path_per_floor":["M","M","M","M","M","R","E","R","T","M","M","R","$","?","R","B",null,"M","?","?","M","M","R","E","M"],"character_chosen":"WATCHER","items_purchased":["Bandage Up"],"campfire_rested":1,"item_purchase_floors":[13],"current_hp_per_floor":[71,71,71,71,71,71,47,47,47,47,40,40,40,64,64,62,70,44,44,44,30,23,44,9,0,0],"gold":220,"neow_bonus":"THREE_CARDS","is_daily":false,"chose_seed":false,"campfire_upgraded":4,"win_rate":0.0,"timestamp":1609565688,"path_taken":["M","?","M","M","M","R","E","R","T","M","M","R","$","?","R","BOSS","M","?","?","M","M","R","E","M"],"items_purchased_type":["Card"],"build_version":"2020-12-22","purchased_purges":0,"victory":false,"max_hp_per_floor":[72,72,72,72,72,72,72,72,72,72,72,72,72,72,72,72,72,72,72,72,72,72,72,72,72,72],"card_choices":[{"not_picked":["BowlingBash","SignatureMove"],"picked":"InnerPeace","floor":0.0},{"not_picked":["Evaluate","Nirvana"],"picked":"FollowUp","floor":1.0},{"not_picked":["FlurryOfBlows","Consecrate","FollowUp"],"picked":"SKIP","floor":2.0},{"not_picked":["CrushJoints","CutThroughFate"],"picked":"Wallop","floor":3.0},{"not_picked":["Prostrate","ThirdEye"],"picked":"WindmillStrike","floor":4.0},{"not_picked":["CrushJoints","Halt","CarveReality"],"picked":"SKIP","floor":5.0},{"not_picked":["FollowUp","WreathOfFlame"],"picked":"MasterReality","floor":7},{"not_picked":["FlyingSleeves","FlurryOfBlows"],"picked":"ReachHeaven","floor":10},{"not_picked":["Wallop","JustLucky","PathToVictory"],"picked":"SKIP","floor":11},{"not_picked":["DeusExMachina","Wish"],"picked":"Ragnarok","floor":16},{"not_picked":["EmptyFist","Weave","BowlingBash"],"picked":"SKIP","floor":18},{"not_picked":["FlurryOfBlows","Study","Evaluate+1"],"picked":"SKIP","floor":21},{"not_picked":["FollowUp","CutThroughFate"],"picked":"WreathOfFlame","floor":22},{"not_picked":["Evaluate+1","FollowUp","Crescendo"],"picked":"SKIP","floor":24}],"player_experience":1033051,"relics_obtained":[{"floor":7,"key":"Pen Nib"},{"floor":9,"key":"Kunai"},{"floor":24,"key":"Potion Belt"}],"event_choices":[{"damage_healed":24,"gold_gain":0,"player_choice":"Banana","damage_taken":0,"max_hp_gain":0,"max_hp_loss":0,"event_name":"Big Fish","floor":14,"gold_loss":0},{"damage_healed":0,"gold_gain":0,"player_choice":"Inject Mutagens","damage_taken":0,"relics_obtained":["MutagenicStrength"],"max_hp_gain":0,"max_hp_loss":0,"event_name":"Drug Dealer","floor":19,"gold_loss":0},{"damage_healed":0,"gold_gain":0,"player_choice":"Obtained Relic","damage_taken":0,"relics_obtained":["StrikeDummy"],"max_hp_gain":0,"max_hp_loss":0,"event_name":"Addict","floor":20,"gold_loss":85}],"is_beta":false,"boss_relics":[{"not_picked":["Tiny House","Sozu"],"picked":"Philosopher\u0027s Stone"}],"items_purged_floors":[],"is_endless":false,"potions_floor_spawned":[2,3,10,11,18,21],"killed_by":"3 Cultists","ascension_level":5}}