{"host":"kjehzzhcyp0nyrrl","time":1609600158,"event":{"mods":["AchievementEnabler","BaseMod","Custom Start","Hermit","Keyboard Shortcuts","Koishi","Minty Spire (QoL Compilation)","StSLib","SuperFastMode","The Dragon Tamer","The Gatherer","everything is the same but u backflip on backflip"],"gold_per_floor":[112,132,148,34,34,65,65,77,122,141,141,141,141,166,166,290,290,306,306,183,201,116,116,151,175,198,297,168,182,216,216,216,216,216],"floor_reached":33,"playtime":788,"items_purged":["Strike_R","Fiend Fire","Bash+1"],"score":419,"play_id":"882edbad-9273-45be-9313-35a88693841c","local_time":"20210103000918","is_ascension_mode":true,"campfire_choices":[{"data":"Battle Trance","floor":7,"key":"SMITH"},{"data":"Spot Weakness","floor":12,"key":"SMITH"},{"data":"Heavy Blade","floor":15,"key":"SMITH"},{"data":"Sword Boomerang","floor":23,"key":"SMITH"},{"floor":32,"key":"REST"}],"circlet_count":0,"master_deck":["Strike_R+1","Strike_R+1","Strike_R+1","Strike_R+1","Defend_R+1","Defend_R+1","Defend_R+1","Defend_R+1","Spot Weakness+1","Shockwave","Battle Trance+1","Heavy Blade+1","Sword Boomerang+1","Cleave+1","Thunderclap","Evolve","True Grit+1","Dropkick"],"relics":["Burning Blood","Meat on the Bone","Oddly Smooth Stone","Golden Idol","Black Star","Smiling Mask","Bottled Lightning","Whetstone","Ancient Tea Set","White Beast Statue","Ginger"],"acts_visited":["Exordium","TheCity"],"potions_floor_usage":[14,24,29,30,30,33],"damage_taken":[{"damage":5,"enemies":"2 Louse","floor":1,"turns":2},{"damage":2,"enemies":"Jaw Worm","floor":2,"turns":3},{"damage":6,"enemies":"Cultist","floor":3,"turns":3},{"damage":35,"enemies":"3 Sentries","floor":6,"turns":8},{"damage":4,"enemies":"Large Slime","floor":8,"turns":5},{"damage":18,"enemies":"3 Louse","floor":10,"turns":4},{"damage":2,"enemies":"Blue Slaver","floor":14,"turns":2},{"damage":8,"enemies":"The Guardian","floor":16,"turns":9},{"damage":8,"enemies":"Shell Parasite","floor":18,"turns":3},{"damage":2,"enemies":"Spheric Guardian","floor":21,"turns":3},{"damage":28,"enemies":"Book of Stabbing","floor":24,"turns":5},{"damage":9,"enemies":"Cultist and Chosen","floor":25,"turns":4},{"damage":41,"enemies":"Centurion and Healer","floor":29,"turns":8},{"damage":12,"enemies":"Slavers","floor":30,"turns":3},{"damage":81,"enemies":"Champ","floor":33,"turns":11}],"seed_played":"-685488893767760460","potions_obtained":[{"floor":1,"key":"GamblersBrew"},{"floor":8,"key":"LiquidMemories"},{"floor":10,"key":"BloodPotion"},{"floor":16,"key":"Strength Potion"},{"floor":21,"key":"Block Potion"},{"floor":24,"key":"Explosive Potion"},{"floor":29,"key":"DistilledChaos"}],"is_trial":false,"path_per_floor":["M","M","M","$","?","E","R","M","T","M","?","R","?","M","R","B",null,"M","?","$","M","?","R","E","M","T","?","$","M","E","?","R","B"],"character_chosen":"IRONCLAD","items_purchased":["Battle Trance","Cleave","Evolve"],"campfire_rested":1,"item_purchase_floors":[4,20,28],"current_hp_per_floor":[73,77,77,77,82,53,53,55,55,55,43,43,43,47,47,57,74,72,72,72,76,76,76,54,51,51,51,51,28,34,34,57,0,0],"gold":216,"neow_bonus":"ONE_RANDOM_RARE_CARD","is_daily":false,"chose_seed":false,"campfire_upgraded":4,"win_rate":0.0,"timestamp":1609600158,"path_taken":["M","M","M","$","?","E","R","M","T","M","?","R","?","M","R","BOSS","M","?","$","M","?","R","E","M","T","?","?","?","E","?","R","BOSS"],"items_purchased_type":["Card","Card","Card"],"build_version":"2020-12-22","purchased_purges":3,"victory":false,"max_hp_per_floor":[80,80,80,80,85,85,85,85,85,85,85,85,79,79,79,79,79,79,79,79,79,79,79,79,79,79,79,79,79,79,79,79,79,79],"card_choices":[{"not_picked":["Burning Pact","Spot Weakness","True Grit"],"picked":"SKIP","floor":1},{"not_picked":["Burning Pact","True Grit"],"picked":"Spot Weakness","floor":1},{"not_picked":["Rupture","Body Slam","Warcry"],"picked":"SKIP","floor":2},{"not_picked":["Perfected Strike","Rupture"],"picked":"Shockwave","floor":3},{"not_picked":["Cleave","Flame Barrier"],"picked":"Heavy Blade","floor":6},{"not_picked":["Searing Blow","Iron Wave","Flex"],"picked":"SKIP","floor":8},{"not_picked":["Juggernaut","Heavy Blade","Flex"],"picked":"SKIP","floor":10},{"not_picked":["True Grit","Thunderclap"],"picked":"Sword Boomerang","floor":14},{"not_picked":["Fire Breathing","Clothesline","Anger"],"picked":"SKIP","floor":18},{"not_picked":["Cleave","Clothesline+1","Havoc+1"],"picked":"SKIP","floor":21},{"not_picked":["Entrench","Intimidate","Feel No Pain"],"picked":"SKIP","floor":24},{"not_picked":["Burning Pact","Armaments+1"],"picked":"Thunderclap","floor":25},{"not_picked":["Anger","Heavy Blade"],"picked":"True Grit+1","floor":29},{"not_picked":["Battle Trance","Cleave"],"picked":"Dropkick","floor":30}],"player_experience":384963,"relics_obtained":[{"floor":6,"key":"Meat on the Bone"},{"floor":24,"key":"Bottled Lightning"},{"floor":24,"key":"Whetstone"},{"floor":26,"key":"Ancient Tea Set"},{"floor":30,"key":"White Beast Statue"},{"floor":30,"key":"Ginger"}],"event_choices":[{"damage_healed":0,"gold_gain":0,"player_choice":"Donut","damage_taken":0,"max_hp_gain":5,"max_hp_loss":0,"event_name":"Big Fish","floor":5,"gold_loss":0},{"damage_healed":0,"gold_gain":0,"player_choice":"Success","damage_taken":12,"relics_obtained":["Oddly Smooth Stone"],"max_hp_gain":0,"max_hp_loss":0,"event_name":"Scrap Ooze","floor":11,"gold_loss":0},{"damage_healed":0,"gold_gain":0,"player_choice":"Lose Max HP","damage_taken":0,"relics_obtained":["Golden Idol"],"max_hp_gain":0,"max_hp_loss":6,"event_name":"Golden Idol","floor":13,"gold_loss":0},{"damage_healed":0,"gold_gain":0,"player_choice":"Simplicity","damage_taken":0,"max_hp_gain":0,"max_hp_loss":0,"event_name":"Back to Basics","floor":19,"gold_loss":0,"cards_upgraded":["Strike_R","Strike_R","Strike_R","Strike_R","Defend_R","Defend_R","Defend_R","Defend_R"]},{"damage_healed":0,"gold_gain":0,"player_choice":"Obtained Relic","damage_taken":0,"relics_obtained":["Smiling Mask"],"max_hp_gain":0,"max_hp_loss":0,"event_name":"Addict","floor":22,"gold_loss":85},{"damage_healed":0,"gold_gain":99,"player_choice":"Stole From Cult","damage_taken":0,"max_hp_gain":0,"max_hp_loss":0,"event_name":"Nest","floor":27,"gold_loss":0},{"damage_healed":0,"gold_gain":0,"player_choice":"Ignored","damage_taken":0,"max_hp_gain":0,"max_hp_loss":0,"event_name":"Ghosts","floor":31,"gold_loss":0}],"is_beta":false,"boss_relics":[{"not_picked":["Runic Pyramid","Runic Dome"],"picked":"Black Star"}],"items_purged_floors":[4,20,28],"is_endless":false,"potions_floor_spawned":[1,8,10,16,21,24,29],"killed_by":"Champ","ascension_level":7}}