{"host":"dd2mx3pm3ovi0t1n","time":1609626277,"event":{"mods":["2.2 Compatiblity","AchievementEnabler","Aspiration","BaseMod","Beaked The Cultist","Better Altar","Better Match","Better Note","Better Sensory Stone","Better Skull","Better Third Choice","BetterRewards","Colored Map","Colored Powertips","Conspire","Defuse TimeMaze Blight","Downfall","Energized Spire","Friendly Minions","GifTheSpireLib","Glutton Mod","Gold Saver","Halation","Hermit","Highlight Path","HololiveMod","Hubris","Infinite Spire","Jedi Mod","Jorbs\u0027s Wanderer Trilogy","KomeijiMod","Marisa????????","Marked Mod","Mimic Mod","Minty Spire (QoL Compilation)","Permanent Neow","Quick Restart","Replay The Spire","Robot Space Explorer","Shop Mod","Spicy Shops","Spikes Relics","StSLib","Stuff the Spire","TestMod","The Construct","The Cursed","The Disciple","The Hierophant","The Necromancer","The Runesmith","The Sage","The Servant 0.9.4","Uncapped","Wandering Minibosses","Yuri Mod","vexMod","????"],"gold_per_floor":[2283,2301,2301,2314,2328,2363,2363,2391,2391,2407,2382,2382,2400,2412,2412,2495,2495,2506,2516,1463,1373,1373,1373,1391,1391,1547,1612,1609,1609,1659,1659,1064,1183,1183,1183],"floor_reached":34,"playtime":1263,"items_purged":[],"score":416,"play_id":"b8f5a23b-8677-4af5-ac79-e92a2c702875","local_time":"20210102142437","is_ascension_mode":false,"campfire_choices":[{"data":"Glutton:GnawingHunger","floor":7,"key":"SMITH"},{"data":"Glutton:PainMeditation","floor":12,"key":"SMITH"},{"data":"Glutton:GuardStance","floor":12,"key":"SMITH"},{"data":"Glutton:Strike","floor":15,"key":"SMITH"},{"data":"Glutton:Strike","floor":15,"key":"SMITH"},{"data":"Glutton:Strike","floor":23,"key":"SMITH"},{"data":"Glutton:Strike","floor":23,"key":"SMITH"},{"data":"Glutton:Strike","floor":25,"key":"SMITH"},{"data":"Glutton:Defend","floor":25,"key":"SMITH"},{"data":"Glutton:Defend","floor":32,"key":"SMITH"}],"circlet_count":0,"master_deck":["Glutton:Strike+1","Glutton:Strike+1","Glutton:Strike+1","Glutton:Defend+1","Glutton:Defend+1","Glutton:Defend+1","Glutton:Flail+1","Glutton:Borborygmi+1","Glutton:GnawingHunger+1","Glutton:GuardStance+1","Glutton:PainMeditation+1","Glutton:Chrysosphagy+1","Glutton:Scab+1","Glutton:Migraine+1","Glutton:Fast+1","Glutton:ShareWeakness+1","Glutton:Hoard+1","Glutton:Hoard+1","Glutton:GuardStance+1","Glutton:Toxicity+1","Glutton:PainMeditation+1","Glutton:GnawingHunger+1","Glutton:Vitality+1"],"relics":["Glutton:EternalHunger","testmod-TestBox","Rawhide","Toxic Egg 2","halation:PenCase","vexMod:MysteryBossChallenge","RampagingMagicTools","Iron Hammer","Frozen Egg 2","MerchantsRug","NitorisBag","Bottled Lightning","infinitespire:BottledMercury","Gambling Chip","halation:LettersToHer","Sling","StuffTheSpire:DarkSteelAnvil","DollysMirror","Empty Cage"],"acts_visited":["Exordium","TheCity","TheBeyond"],"potions_floor_usage":[16,27,28,33,33,33],"damage_taken":[{"damage":1,"enemies":"Small Slimes","floor":1,"turns":1},{"damage":1,"enemies":"Cultist","floor":2,"turns":1},{"damage":1,"enemies":"Jaw Worm","floor":4,"turns":1},{"damage":1,"enemies":"Looter","floor":5,"turns":1},{"damage":12,"enemies":"Lagavulin","floor":6,"turns":2},{"damage":1,"enemies":"3 Sentries","floor":8,"turns":1},{"damage":1,"enemies":"Large Slime","floor":10,"turns":1},{"damage":1,"enemies":"Exordium Wildlife","floor":13,"turns":1},{"damage":1,"enemies":"3 Louse","floor":14,"turns":1},{"damage":85,"enemies":"Fading Forest","floor":16,"turns":11},{"damage":1,"enemies":"3 Byrds","floor":18,"turns":1},{"damage":1,"enemies":"Spheric Guardian","floor":19,"turns":1},{"damage":1,"enemies":"3 Cultists","floor":24,"turns":1},{"damage":22,"enemies":"Snake Plant","floor":26,"turns":5},{"damage":64,"enemies":"Snake Plant","floor":27,"turns":7},{"damage":23,"enemies":"Shelled Parasite and Fungi","floor":28,"turns":4},{"damage":117,"enemies":"Sentry and Sphere","floor":30,"turns":6},{"damage":172,"enemies":"Champ","floor":33,"turns":8}],"seed_played":"-295261149601063431","potions_obtained":[{"floor":1,"key":"Strength Potion"},{"floor":8,"key":"LiquidMemories"},{"floor":10,"key":"testmod-TimePotion"},{"floor":16,"key":"BlessingOfTheForge"},{"floor":27,"key":"Block Potion"},{"floor":30,"key":"EntropicBrew"}],"is_trial":false,"path_per_floor":["M","M","?","M","M","E","R","E","T","M","?","R","M","M","R","B",null,"M","M","$","?","?","R","M","R","MIM","M","M","?","M","T","R","B",null],"character_chosen":"GLUTTON","items_purchased":["Iron Hammer","Frozen Egg 2","Glutton:Hoard+1","MerchantsRug","NitorisBag","Bottled Lightning","Sling","StuffTheSpire:DarkSteelAnvil","DollysMirror"],"campfire_rested":0,"item_purchase_floors":[20,20,20,20,20,20,32,32,32],"current_hp_per_floor":[119,118,118,117,116,104,104,103,103,102,102,102,101,100,100,73,120,119,118,118,118,118,118,117,117,107,113,120,120,71,71,71,13,120,120],"gold":1183,"neow_bonus":"RANDOM_EVENT","is_daily":false,"chose_seed":false,"campfire_upgraded":10,"win_rate":0.0,"timestamp":1609626277,"path_taken":["M","M","?","?","M","E","R","E","T","?","?","R","M","M","R","BOSS","M","M","$","?","?","R","M","R","MIM","M","M","?","M","?","R","BOSS"],"items_purchased_type":["Relic","Relic","Card","Relic","Relic","Relic","Relic","Relic","Relic"],"build_version":"2020-12-22","purchased_purges":0,"victory":false,"max_hp_per_floor":[120,120,120,120,120,120,120,120,120,120,120,120,120,120,120,120,120,120,120,120,120,120,120,120,120,120,120,120,120,120,120,120,120,120,120],"card_choices":[{"not_picked":["Glutton:Devour","Glutton:Misery","Glutton:GoldenArmor"],"picked":"SKIP","floor":1},{"not_picked":["Glutton:Demolish","Glutton:Salivate"],"picked":"Glutton:Borborygmi","floor":2},{"not_picked":["Glutton:Chomp","Glutton:Torment"],"picked":"Glutton:GnawingHunger","floor":4},{"not_picked":["Glutton:Yearn","Glutton:Salivate"],"picked":"Glutton:GuardStance","floor":5},{"not_picked":["Glutton:Hemophilia","Glutton:SelfFlagellate"],"picked":"Glutton:PainMeditation","floor":6},{"not_picked":["Glutton:ObsessiveGreed+1","Glutton:Vitality"],"picked":"Glutton:Chrysosphagy+1","floor":8},{"not_picked":["Glutton:GuardStance+1","Glutton:GnawingHunger"],"picked":"Glutton:Scab+1","floor":10},{"not_picked":["Glutton:GoldenArmor+1","Glutton:Fever+1","Glutton:Tumor+1"],"picked":"SKIP","floor":13},{"not_picked":["Glutton:Clot+1","Glutton:BloodyKnuckle"],"picked":"Glutton:Migraine+1","floor":14},{"not_picked":["Glutton:Malignancy+1","Glutton:Megrim"],"picked":"Glutton:Fast+1","floor":16},{"not_picked":["Glutton:BellySlam","Glutton:Bite"],"picked":"Glutton:ShareWeakness+1","floor":18},{"not_picked":["Glutton:Chomp+1","Glutton:Scab+1","Glutton:Overreach"],"picked":"SKIP","floor":19},{"not_picked":["Glutton:Feast+1","Glutton:Strain"],"picked":"Glutton:Hoard+1","floor":24},{"not_picked":["Glutton:LashOut","Glutton:Strain"],"picked":"Glutton:GuardStance+1","floor":26},{"not_picked":["Glutton:Feed+1","Glutton:Salivate+1"],"picked":"Glutton:Toxicity+1","floor":27},{"not_picked":["Glutton:BloodyKnuckle+1","Glutton:GuardStance+1"],"picked":"Glutton:PainMeditation+1","floor":28},{"not_picked":["Glutton:Devour","Glutton:Feed+1","Glutton:Loot"],"picked":"SKIP","floor":30},{"not_picked":["Glutton:Nostalgia+1","Glutton:Malignancy+1"],"picked":"Glutton:Vitality+1","floor":33}],"player_experience":496427,"relics_obtained":[{"floor":6,"key":"Rawhide"},{"floor":8,"key":"Toxic Egg 2"},{"floor":9,"key":"halation:PenCase"},{"floor":26,"key":"infinitespire:BottledMercury"},{"floor":31,"key":"halation:LettersToHer"}],"event_choices":[{"damage_healed":0,"gold_gain":0,"player_choice":"Upgraded","damage_taken":0,"max_hp_gain":0,"max_hp_loss":0,"event_name":"Upgrade Shrine","floor":3,"gold_loss":0,"cards_upgraded":["Glutton:Borborygmi"]},{"cards_removed":["Glutton:Strike"],"damage_healed":0,"gold_gain":0,"player_choice":"Upgrade and Remove","damage_taken":0,"max_hp_gain":0,"max_hp_loss":0,"event_name":"Designer","floor":21,"gold_loss":90,"cards_upgraded":["Glutton:Defend"]},{"damage_healed":0,"gold_gain":0,"player_choice":"Copied","damage_taken":0,"max_hp_gain":0,"max_hp_loss":0,"event_name":"Duplicator","floor":22,"gold_loss":0,"cards_obtained":["Glutton:Hoard"]},{"cards_removed":["Glutton:Hoard"],"damage_healed":0,"gold_gain":0,"player_choice":"Gave Card","damage_taken":0,"relics_obtained":["Gambling Chip"],"max_hp_gain":0,"max_hp_loss":0,"event_name":"WeMeetAgain","floor":29,"gold_loss":0}],"is_beta":false,"boss_relics":[{"not_picked":["Tiny House","StuffTheSpire:RunicConfusion"],"picked":"vexMod:MysteryBossChallenge"},{"not_picked":["energizedSpire:OgreHead","Velvet Choker"],"picked":"Empty Cage"}],"items_purged_floors":[],"is_endless":false,"potions_floor_spawned":[1,8,10,14,16,18,27,30],"ascension_level":0}}