{"host":"w9yruvs4bqht6bhw","time":1609615988,"event":{"mods":["BaseMod","Colored Powertips","Minty Spire (QoL Compilation)"],"gold_per_floor":[110,124,124,124,94,125,125,160,160,160,184,184,209,240,240,369,369,383,383,402,423,423,423,464,464,487,487,487,0,18,42,42,42,42],"floor_reached":33,"playtime":1177,"items_purged":["Defend_R"],"score":434,"play_id":"1ec16566-8286-47cb-9e1c-04dbb7ba8054","local_time":"20210102143308","is_ascension_mode":true,"campfire_choices":[{"data":"Dramatic Entrance","floor":7,"key":"SMITH"},{"data":"Thunderclap","floor":10,"key":"SMITH"},{"data":"Shrug It Off","floor":12,"key":"SMITH"},{"floor":15,"key":"REST"},{"floor":23,"key":"REST"},{"data":"J.A.X.","floor":25,"key":"SMITH"},{"floor":27,"key":"REST"},{"floor":32,"key":"REST"}],"circlet_count":0,"master_deck":["Strike_R","Strike_R","Strike_R","Strike_R","Strike_R","Defend_R","Defend_R","Defend_R","Dramatic Entrance+1","Thunderclap+1","Spot Weakness","Shrug It Off","Shrug It Off+1","Clash","Reaper","J.A.X.+1","Shrug It Off","Headbutt+1","Writhe","Heavy Blade+1","Shrug It Off","Rampage"],"relics":["Burning Blood","Golden Idol","Ornamental Fan","Art of War","Gremlin Horn","Paper Frog","Black Star","Singing Bowl","Happy Flower","Dream Catcher","Anchor","Shuriken"],"acts_visited":["Exordium","TheCity"],"potions_floor_usage":[6,16,16,24,28,30,33],"damage_taken":[{"damage":0,"enemies":"2 Louse","floor":1,"turns":2},{"damage":2,"enemies":"Jaw Worm","floor":2,"turns":3},{"damage":67,"enemies":"Lagavulin","floor":6,"turns":9},{"damage":6,"enemies":"3 Sentries","floor":8,"turns":5},{"damage":0,"enemies":"Small Slimes","floor":11,"turns":1},{"damage":1,"enemies":"Exordium Wildlife","floor":13,"turns":2},{"damage":22,"enemies":"Lagavulin","floor":14,"turns":6},{"damage":20,"enemies":"Slime Boss","floor":16,"turns":9},{"damage":10,"enemies":"3 Byrds","floor":18,"turns":4},{"damage":31,"enemies":"2 Thieves","floor":20,"turns":3},{"damage":51,"enemies":"Cultist and Chosen","floor":21,"turns":9},{"damage":18,"enemies":"Gremlin Leader","floor":24,"turns":6},{"damage":0,"enemies":"Slavers","floor":28,"turns":1},{"damage":28,"enemies":"Centurion and Healer","floor":30,"turns":4},{"damage":49,"enemies":"Snecko","floor":31,"turns":7},{"damage":74,"enemies":"Automaton","floor":33,"turns":8}],"seed_played":"5988776181083510870","potions_obtained":[{"floor":1,"key":"BloodPotion"},{"floor":6,"key":"Ancient Potion"},{"floor":13,"key":"Dexterity Potion"},{"floor":14,"key":"ColorlessPotion"},{"floor":21,"key":"AttackPotion"},{"floor":24,"key":"SmokeBomb"},{"floor":30,"key":"Dexterity Potion"}],"is_trial":false,"path_per_floor":["M","M","?","?","?","E","R","E","T","R","M","R","M","E","R","B",null,"M","?","M","M","?","R","E","R","T","R","E","$","M","M","R","B"],"character_chosen":"IRONCLAD","items_purchased":["Shuriken","FairyPotion","AttackPotion"],"campfire_rested":4,"item_purchase_floors":[29,29,29],"current_hp_per_floor":[78,80,73,73,73,26,26,26,26,26,32,32,37,21,43,29,63,69,69,62,17,17,39,33,33,33,55,61,61,39,30,54,0,0],"gold":42,"neow_bonus":"RANDOM_COLORLESS","is_daily":false,"chose_seed":false,"campfire_upgraded":4,"win_rate":0.0,"timestamp":1609615988,"path_taken":["M","M","?","?","?","E","R","E","T","R","M","R","M","E","R","BOSS","M","?","M","M","?","R","E","R","T","R","E","$","M","M","R","BOSS"],"items_purchased_type":["Relic","Potion","Potion"],"build_version":"2020-12-22","purchased_purges":1,"victory":false,"max_hp_per_floor":[80,80,80,74,74,74,74,74,74,74,74,74,74,74,74,74,74,74,74,74,74,74,74,74,74,74,74,74,74,74,76,78,78,78],"card_choices":[{"not_picked":["Deep Breath","Trip"],"picked":"Dramatic Entrance","floor":0},{"not_picked":["Whirlwind","Body Slam"],"picked":"Thunderclap","floor":1},{"not_picked":["Inflame","True Grit"],"picked":"Spot Weakness","floor":2},{"not_picked":["Anger","Shockwave"],"picked":"Shrug It Off","floor":6},{"not_picked":["Searing Blow","Pommel Strike"],"picked":"Shrug It Off","floor":8},{"not_picked":["Sword Boomerang","Bloodletting","Clash"],"picked":"SKIP","floor":11},{"not_picked":["Headbutt","Burning Pact"],"picked":"Clash","floor":13},{"not_picked":["Sword Boomerang","Thunderclap","Evolve"],"picked":"SKIP","floor":14},{"not_picked":["Barricade","Feed"],"picked":"Reaper","floor":16},{"not_picked":["Body Slam","Armaments","Bloodletting"],"picked":"SKIP","floor":18},{"not_picked":["Metallicize","Twin Strike"],"picked":"Shrug It Off","floor":20},{"not_picked":["Shockwave+1","Wild Strike"],"picked":"Headbutt+1","floor":21},{"not_picked":["Warcry","Clothesline"],"picked":"Heavy Blade+1","floor":24},{"not_picked":["Fire Breathing","Havoc"],"picked":"Shrug It Off","floor":27},{"not_picked":["Immolate","Clothesline"],"picked":"Rampage","floor":30},{"not_picked":["Shrug It Off+1","Inflame","Sword Boomerang"],"picked":"Singing Bowl","floor":31},{"not_picked":["Searing Blow","Iron Wave","Blood for Blood+1"],"picked":"Singing Bowl","floor":32}],"player_experience":261464,"relics_obtained":[{"floor":6,"key":"Ornamental Fan"},{"floor":8,"key":"Art of War"},{"floor":9,"key":"Gremlin Horn"},{"floor":14,"key":"Paper Frog"},{"floor":24,"key":"Happy Flower"},{"floor":24,"key":"Dream Catcher"},{"floor":26,"key":"Anchor"}],"event_choices":[{"cards_removed":["Bash"],"damage_healed":0,"gold_gain":0,"player_choice":"Card Removal","damage_taken":7,"max_hp_gain":0,"max_hp_loss":0,"event_name":"Golden Wing","floor":3,"gold_loss":0},{"damage_healed":0,"gold_gain":0,"player_choice":"Lose Max HP","damage_taken":0,"relics_obtained":["Golden Idol"],"max_hp_gain":0,"max_hp_loss":6,"event_name":"Golden Idol","floor":4,"gold_loss":0},{"damage_healed":0,"gold_gain":0,"player_choice":"Left Gold","damage_taken":0,"max_hp_gain":0,"max_hp_loss":0,"event_name":"World of Goop","floor":5,"gold_loss":30},{"damage_healed":0,"gold_gain":0,"player_choice":"Obtain J.A.X.","damage_taken":0,"max_hp_gain":0,"max_hp_loss":0,"event_name":"Drug Dealer","floor":19,"gold_loss":0,"cards_obtained":["J.A.X."]},{"damage_healed":0,"gold_gain":0,"player_choice":"Opened","damage_taken":0,"relics_obtained":["Singing Bowl"],"max_hp_gain":0,"max_hp_loss":0,"event_name":"The Mausoleum","floor":22,"gold_loss":0,"cards_obtained":["Writhe"]}],"is_beta":false,"boss_relics":[{"not_picked":["Busted Crown","Astrolabe"],"picked":"Black Star"}],"items_purged_floors":[29],"is_endless":false,"potions_floor_spawned":[1,6,13,14,21,24,30],"killed_by":"Automaton","ascension_level":7}}