{"host":"baymyijz6sxaqj5s","time":1609619662,"event":{"mods":["AchievementEnabler","BaseMod","Colored Map","Colored Powertips","DeckTracker","Highlight Path","KOR Keyword Fix","Keyboard Shortcuts","Minty Spire (QoL Compilation)","Quick Restart","StSLib","SuperFastMode"],"gold_per_floor":[115,115,115,126,49,49,65,65,143,163,163,181,181,191,191,286,286,299,329,342,342,358,358,131,144,171,171,181,181,100,115,115,219,219,233,233,253,273,273,273,292,292,316,329,341,341,360,360,360,360],"floor_reached":51,"playtime":2303,"items_purged":["Strike_B"],"score":643,"play_id":"6a2be817-b03c-494c-a8b8-41bf5aa74424","local_time":"20210103053422","is_ascension_mode":false,"campfire_choices":[{"data":"Zap","floor":6,"key":"SMITH"},{"data":"Hologram","floor":11,"key":"SMITH"},{"data":"Conserve Battery","floor":13,"key":"SMITH"},{"data":"Redo","floor":15,"key":"SMITH"},{"data":"Chaos","floor":23,"key":"SMITH"},{"data":"Defragment","floor":27,"key":"SMITH"},{"data":"Self Repair","floor":29,"key":"SMITH"},{"data":"Echo Form","floor":32,"key":"SMITH"},{"floor":40,"key":"REST"},{"floor":42,"key":"REST"},{"floor":49,"key":"REST"}],"circlet_count":0,"master_deck":["Strike_B","Strike_B+1","Defend_B","Defend_B","Defend_B","Defend_B","Zap+1","Dualcast+1","Hologram+1","Conserve Battery+1","Self Repair+1","Stack","Compile Driver+1","Redo+1","Multi-Cast","Defragment+1","Chaos+1","Sweeping Beam+1","Echo Form+1","Doom and Gloom","Machine Learning","Steam+1","Steam+1","Leap+1","Capacitor","Parasite"],"relics":["FrozenCore","White Beast Statue","Red Mask","Oddly Smooth Stone","Potion Belt","Inserter","Whetstone"],"acts_visited":["Exordium","TheCity","TheBeyond"],"potions_floor_usage":[14,16,16,19,19,19,19,22,25,25,28,28,31,33,38,45,47,50,50,50,50,50],"damage_taken":[{"damage":6,"enemies":"2 Louse","floor":1,"turns":2},{"damage":0,"enemies":"Cultist","floor":4,"turns":3},{"damage":0,"enemies":"Small Slimes","floor":7,"turns":3},{"damage":2,"enemies":"2 Fungi Beasts","floor":10,"turns":3},{"damage":7,"enemies":"Large Slime","floor":12,"turns":7},{"damage":8,"enemies":"Lots of Slimes","floor":14,"turns":4},{"damage":64,"enemies":"Slime Boss","floor":16,"turns":16},{"damage":3,"enemies":"Shell Parasite","floor":18,"turns":9},{"damage":31,"enemies":"Masked Bandits","floor":19,"turns":5},{"damage":7,"enemies":"Spheric Guardian","floor":20,"turns":10},{"damage":23,"enemies":"Chosen and Byrds","floor":22,"turns":7},{"damage":3,"enemies":"3 Cultists","floor":25,"turns":6},{"damage":4,"enemies":"Centurion and Healer","floor":28,"turns":8},{"damage":2,"enemies":"Snake Plant","floor":31,"turns":6},{"damage":19,"enemies":"Automaton","floor":33,"turns":12},{"damage":36,"enemies":"3 Shapes","floor":35,"turns":5},{"damage":5,"enemies":"Orb Walker","floor":37,"turns":5},{"damage":29,"enemies":"Jaw Worm Horde","floor":38,"turns":8},{"damage":35,"enemies":"Sphere and 2 Shapes","floor":41,"turns":8},{"damage":14,"enemies":"Spire Growth","floor":44,"turns":9},{"damage":27,"enemies":"Transient","floor":45,"turns":5},{"damage":0,"enemies":"Writhing Mass","floor":47,"turns":8},{"damage":11,"enemies":"Donu and Deca","floor":50,"turns":10}],"seed_played":"2908665646354805078","potions_obtained":[{"floor":1,"key":"SmokeBomb"},{"floor":7,"key":"FocusPotion"},{"floor":10,"key":"Weak Potion"},{"floor":12,"key":"Block Potion"},{"floor":14,"key":"PotionOfCapacity"},{"floor":16,"key":"Ancient Potion"},{"floor":18,"key":"EntropicBrew"},{"floor":19,"key":"PotionOfCapacity"},{"floor":20,"key":"Block Potion"},{"floor":22,"key":"Energy Potion"},{"floor":25,"key":"DistilledChaos"},{"floor":28,"key":"ColorlessPotion"},{"floor":31,"key":"ColorlessPotion"},{"floor":33,"key":"EssenceOfDarkness"},{"floor":35,"key":"Dexterity Potion"},{"floor":37,"key":"Ancient Potion"},{"floor":38,"key":"Weak Potion"},{"floor":41,"key":"SpeedPotion"},{"floor":44,"key":"DistilledChaos"},{"floor":45,"key":"FocusPotion"},{"floor":47,"key":"AttackPotion"},{"floor":48,"key":"Fruit Juice"},{"floor":48,"key":"Explosive Potion"}],"is_trial":false,"path_per_floor":["M","?","?","M","$","R","M","?","T","M","R","M","R","M","R","B",null,"M","?","M","?","M","R","$","M","T","R","M","R","$","M","R","B",null,"M","?","M","M","?","R","M","R","T","M","M","?","M","?","R","B",null],"character_chosen":"DEFECT","items_purchased":["Self Repair","Oddly Smooth Stone","Echo Form"],"campfire_rested":3,"item_purchase_floors":[5,24,30],"current_hp_per_floor":[76,76,76,76,76,76,82,82,82,82,82,82,82,81,81,24,82,82,58,58,82,66,66,66,70,70,70,73,73,73,82,82,73,82,56,56,61,42,42,66,41,65,65,61,44,44,54,54,78,82],"gold":360,"neow_bonus":"TEN_PERCENT_HP_BONUS","is_daily":false,"chose_seed":false,"campfire_upgraded":8,"win_rate":0.0,"timestamp":1609619662,"path_taken":["M","?","?","M","$","R","?","?","T","M","R","M","R","M","R","BOSS","M","?","M","?","M","R","$","M","T","R","M","R","$","M","R","BOSS","M","?","M","M","?","R","M","R","T","M","?","?","M","?","R","BOSS"],"items_purchased_type":["Card","Relic","Card"],"build_version":"2020-12-22","purchased_purges":1,"victory":true,"max_hp_per_floor":[82,82,82,82,82,82,82,82,82,82,82,82,82,82,82,82,82,82,82,82,82,82,82,82,82,82,82,82,82,82,82,82,82,82,82,82,82,82,82,82,82,82,82,82,82,82,82,82,82,87],"card_choices":[{"not_picked":["Fusion","Sunder"],"picked":"Hologram","floor":1},{"not_picked":["Compile Driver","Tempest"],"picked":"Conserve Battery","floor":4},{"not_picked":["Cold Snap","Recycle","Aggregate"],"picked":"SKIP","floor":7},{"not_picked":["Beam Cell","Chill"],"picked":"Stack","floor":10},{"not_picked":["Reprogram","Meteor Strike"],"picked":"Compile Driver","floor":12},{"not_picked":["Undo","Lockon"],"picked":"Redo","floor":14},{"not_picked":["Buffer","Core Surge"],"picked":"Multi-Cast","floor":16},{"not_picked":["Blizzard","Turbo","Streamline+1"],"picked":"SKIP","floor":18},{"not_picked":["Chill+1","Stack+1"],"picked":"Defragment","floor":19},{"not_picked":["Hologram+1","Coolheaded+1"],"picked":"Chaos","floor":20},{"not_picked":["Beam Cell","Heatsinks","Sunder"],"picked":"SKIP","floor":22},{"not_picked":["Compile Driver+1","Gash+1","Cold Snap"],"picked":"SKIP","floor":25},{"not_picked":["BootSequence","Fission"],"picked":"Sweeping Beam+1","floor":28},{"not_picked":["Conserve Battery","Recycle"],"picked":"Doom and Gloom","floor":31},{"not_picked":["Meteor Strike","Hyperbeam"],"picked":"Machine Learning","floor":33},{"not_picked":["Beam Cell","Redo","Loop"],"picked":"SKIP","floor":35},{"not_picked":["Panacea","Discovery"],"picked":"Finesse","floor":36},{"not_picked":["Aggregate+1","Turbo","Reinforced Body"],"picked":"SKIP","floor":37},{"not_picked":["Coolheaded+1","Hologram"],"picked":"Steam","floor":38},{"not_picked":["Defragment","Reinforced Body+1"],"picked":"Steam+1","floor":41},{"not_picked":["Doom and Gloom","Beam Cell+1"],"picked":"Leap+1","floor":44},{"not_picked":["Defragment","Sweeping Beam"],"picked":"Capacitor","floor":45},{"not_picked":["Turbo+1","Go for the Eyes+1","Heatsinks"],"picked":"SKIP","floor":47}],"player_experience":302488,"relics_obtained":[{"floor":9,"key":"White Beast Statue"},{"floor":19,"key":"Red Mask"},{"floor":26,"key":"Potion Belt"},{"floor":43,"key":"Whetstone"}],"event_choices":[{"damage_healed":0,"gold_gain":0,"player_choice":"Grow","damage_taken":0,"max_hp_gain":0,"max_hp_loss":0,"event_name":"Living Wall","floor":2,"gold_loss":0,"cards_upgraded":["Dualcast"]},{"cards_removed":["Strike_B"],"damage_healed":0,"gold_gain":0,"player_choice":"Card Removal","damage_taken":0,"max_hp_gain":0,"max_hp_loss":0,"event_name":"Wheel of Change","floor":3,"gold_loss":0},{"damage_healed":0,"gold_gain":0,"player_choice":"Ignored","damage_taken":0,"max_hp_gain":0,"max_hp_loss":0,"event_name":"Liars Game","floor":8,"gold_loss":0},{"damage_healed":0,"gold_gain":0,"player_choice":"Fought Bandits","damage_taken":0,"max_hp_gain":0,"max_hp_loss":0,"event_name":"Masked Bandits","floor":19,"gold_loss":0},{"damage_healed":27,"gold_gain":0,"player_choice":"Heal","damage_taken":0,"max_hp_gain":0,"max_hp_loss":0,"event_name":"The Library","floor":21,"gold_loss":0},{"damage_healed":0,"gold_gain":0,"player_choice":"Memory 1","damage_taken":0,"max_hp_gain":0,"max_hp_loss":0,"event_name":"SensoryStone","floor":36,"gold_loss":0},{"damage_healed":0,"gold_gain":0,"player_choice":"Forge","damage_taken":0,"max_hp_gain":0,"max_hp_loss":0,"event_name":"Accursed Blacksmith","floor":39,"gold_loss":0,"cards_upgraded":["Steam"]},{"cards_removed":["Finesse"],"damage_healed":0,"gold_gain":0,"player_choice":"Removed Skill","damage_taken":0,"max_hp_gain":0,"max_hp_loss":0,"event_name":"Falling","floor":46,"gold_loss":0},{"damage_healed":0,"gold_gain":0,"player_choice":"Got Potions","damage_taken":0,"max_hp_gain":0,"max_hp_loss":0,"event_name":"Lab","floor":48,"gold_loss":0}],"is_beta":false,"boss_relics":[{"not_picked":["Runic Pyramid","Tiny House"],"picked":"FrozenCore"},{"not_picked":["Busted Crown","Calling Bell"],"picked":"Inserter"}],"items_purged_floors":[24],"is_endless":false,"potions_floor_spawned":[1,7,10,12,14,16,18,19,20,22,25,28,31,33,35,37,38,41,44,45,47],"ascension_level":0}}