{"host":"6pgtslebjnyv5xmi","time":1609592978,"event":{"mods":["AchievementEnabler","BaseMod","Colored Map","Minty Spire (QoL Compilation)","Rare Cards Sparkle","StSLib","SuperFastMode","Td1madao Mod","everything is the same but u backflip on backflip"],"gold_per_floor":[111,77,88,88,101,101,121,121,121,137,137,165,185,215,215,320,320,330,347,377,388,400,400,400,400,425,439,439,449,449,194,194,299,299,299,299],"floor_reached":35,"playtime":1430,"items_purged":["Defend_R"],"score":384,"play_id":"049a8e50-22ab-4209-b32c-af26367c5386","local_time":"20210102220938","is_ascension_mode":false,"campfire_choices":[{"data":"Searing Blow","floor":6.0,"key":"SMITH"},{"data":"Searing Blow+1","floor":8.0,"key":"SMITH"},{"data":"Searing Blow+2","floor":11.0,"key":"SMITH"},{"data":"Searing Blow+3","floor":15.0,"key":"SMITH"},{"data":"Searing Blow+4","floor":23.0,"key":"SMITH"},{"data":"Searing Blow+5","floor":25.0,"key":"SMITH"},{"data":"Searing Blow+6","floor":28.0,"key":"SMITH"},{"data":"Searing Blow+7","floor":30.0,"key":"SMITH"},{"data":"Searing Blow+8","floor":32.0,"key":"SMITH"}],"circlet_count":0,"master_deck":["Strike_R","Strike_R","Strike_R","Defend_R","Defend_R","Defend_R","Bash","Limit Break","Searing Blow+9","Shockwave","Dual Wield","Flex","Armaments","Seeing Red+1","Battle Trance+1","Flex+1","Seeing Red+1","Double Tap","Headbutt"],"relics":["Burning Blood","Du-Vu Doll","Lizard Tail","Odd Mushroom","Empty Cage","Red Mask","Boot","SacredBark"],"acts_visited":["Exordium","TheCity","TheBeyond"],"potions_floor_usage":[],"damage_taken":[{"damage":1.0,"enemies":"Cultist","floor":1.0,"turns":3.0},{"damage":6.0,"enemies":"Small Slimes","floor":3.0,"turns":3.0},{"damage":11.0,"enemies":"Jaw Worm","floor":5.0,"turns":4.0},{"damage":12.0,"enemies":"Large Slime","floor":7.0,"turns":8.0},{"damage":12.0,"enemies":"Red Slaver","floor":10.0,"turns":5.0},{"damage":31.0,"enemies":"3 Sentries","floor":12.0,"turns":6.0},{"damage":13.0,"enemies":"2 Fungi Beasts","floor":13.0,"turns":3.0},{"damage":27.0,"enemies":"The Mushroom Lair","floor":14.0,"turns":6.0},{"damage":12.0,"enemies":"Slime Boss","floor":16.0,"turns":7.0},{"damage":15.0,"enemies":"Chosen","floor":18.0,"turns":5.0},{"damage":31.0,"enemies":"2 Thieves","floor":19.0,"turns":4.0},{"damage":18.0,"enemies":"Masked Bandits","floor":20.0,"turns":5.0},{"damage":20.0,"enemies":"3 Cultists","floor":21.0,"turns":6.0},{"damage":6.0,"enemies":"Cultist and Chosen","floor":22.0,"turns":4.0},{"damage":7.0,"enemies":"Snecko","floor":27.0,"turns":4.0},{"damage":29.0,"enemies":"Sentry and Sphere","floor":29.0,"turns":7.0},{"damage":16.0,"enemies":"Champ","floor":33.0,"turns":4.0},{"damage":0,"enemies":"3 Shapes","floor":35,"turns":1}],"seed_played":"4523143158182091520","potions_obtained":[{"floor":3.0,"key":"ElixirPotion"},{"floor":5.0,"key":"LiquidBronze"},{"floor":7.0,"key":"BloodPotion"},{"floor":10.0,"key":"FearPotion"},{"floor":14.0,"key":"Fire Potion"},{"floor":18.0,"key":"Swift Potion"},{"floor":21.0,"key":"FearPotion"},{"floor":22.0,"key":"Fire Potion"},{"floor":29.0,"key":"Energy Potion"}],"is_trial":false,"path_per_floor":["M","$","M","$","M","R","M","R","T","M","R","E","M","?","R","B",null,"M","M","?","M","M","R","?","R","T","M","R","M","R","$","R","B",null,"M"],"character_chosen":"IRONCLAD","items_purchased":["Searing Blow","Double Tap","Headbutt"],"campfire_rested":0,"item_purchase_floors":[2,31,31],"current_hp_per_floor":[80,80,80,80,75,75,69,69,69,63,63,38,31,26,26,20,80,71,46,34,20,20,20,20,20,20,19,19,37,37,37,37,27,80,80,80],"gold":299,"neow_bonus":"ONE_RANDOM_RARE_CARD","is_daily":false,"chose_seed":false,"campfire_upgraded":9,"win_rate":0.0,"timestamp":1609592978,"path_taken":["M","$","?","?","M","R","M","R","T","M","R","E","M","?","R","BOSS","M","M","?","M","M","R","?","R","T","?","R","M","R","?","R","BOSS","M"],"items_purchased_type":["Card","Card","Card"],"build_version":"2020-12-22","purchased_purges":1,"victory":false,"max_hp_per_floor":[80,80,80,80,80,80,80,80,80,80,80,80,80,80,80,80,80,80,80,80,80,80,80,80,80,80,80,80,80,80,80,80,80,80,80,80],"card_choices":[{"not_picked":["Havoc","Wild Strike","Headbutt"],"picked":"SKIP","floor":1.0},{"not_picked":["Entrench","Warcry"],"picked":"Shockwave","floor":3.0},{"not_picked":["Heavy Blade","Shrug It Off","Rampage"],"picked":"SKIP","floor":5.0},{"not_picked":["Thunderclap","Carnage","Searing Blow"],"picked":"SKIP","floor":7.0},{"not_picked":["Clash","Wild Strike"],"picked":"Dual Wield","floor":10.0},{"not_picked":["Sword Boomerang","Feel No Pain","Hemokinesis"],"picked":"SKIP","floor":12.0},{"not_picked":["Limit Break","Entrench"],"picked":"Flex","floor":13.0},{"not_picked":["Whirlwind","Dropkick"],"picked":"Armaments","floor":18.0},{"not_picked":["Pommel Strike","Body Slam"],"picked":"Seeing Red+1","floor":19.0},{"not_picked":["Shrug It Off","Searing Blow"],"picked":"Battle Trance+1","floor":20.0},{"not_picked":["True Grit","Fire Breathing"],"picked":"Flex+1","floor":21.0},{"not_picked":["Barricade","Iron Wave+1","Pummel"],"picked":"SKIP","floor":22.0},{"not_picked":["Uppercut","Heavy Blade","Flame Barrier"],"picked":"SKIP","floor":27.0},{"not_picked":["Iron Wave","Shrug It Off","Twin Strike"],"picked":"SKIP","floor":29.0}],"player_experience":636434,"relics_obtained":[{"floor":9.0,"key":"Du-Vu Doll"},{"floor":12.0,"key":"Lizard Tail"},{"floor":14.0,"key":"Odd Mushroom"},{"floor":20.0,"key":"Red Mask"},{"floor":26.0,"key":"Boot"}],"event_choices":[{"damage_healed":0.0,"max_hp_gain":0.0,"max_hp_loss":0.0,"gold_gain":0.0,"event_name":"Mushrooms","player_choice":"Fought Mushrooms","floor":14.0,"gold_loss":0.0,"damage_taken":0.0},{"damage_healed":0.0,"max_hp_gain":0.0,"max_hp_loss":0.0,"gold_gain":0.0,"event_name":"Masked Bandits","player_choice":"Fought Bandits","floor":20.0,"gold_loss":0.0,"damage_taken":0.0},{"damage_healed":0.0,"max_hp_gain":0.0,"max_hp_loss":0.0,"gold_gain":0.0,"event_name":"Duplicator","player_choice":"Copied","floor":24.0,"gold_loss":0.0,"damage_taken":0.0,"cards_obtained":["Seeing Red"]}],"is_beta":false,"boss_relics":[{"not_picked":["Coffee Dripper","Cursed Key"],"picked":"Empty Cage"},{"not_picked":["Runic Cube","Philosopher\u0027s Stone"],"picked":"SacredBark"}],"items_purged_floors":[31],"is_endless":false,"potions_floor_spawned":[3,5,7,10,14,18,21,22,29],"killed_by":"3 Shapes","ascension_level":0}}