{"host":"yck2t2q3ro7hf56e","time":1609600271,"event":{"mods":["Act Like it!","Arknights The Spire","BaseMod","Custom Start","DNKmod","Friendly Minions","Hubris","Minty Spire (QoL Compilation)","Quick Restart","Rare Cards Sparkle","Replay The Spire","Slay the Relics Exporter","StSLib","The Construct","The Marked","Virulent Crown"],"gold_per_floor":[10013,10013,9489,9489,9548,9548,9566,9566,9566,9526,9278,9278,9313,9324,9324,9420,9420,9440,9170,9170,9186,9204,9239,8907,8907,8907,8907,8907,8907,8925,8925,8939,8603,8603,8707,8707,8725,8775,8775,8652,8672,8701,8701,8728,8754,8766,8766,8813,8824,8835,8835,8835],"floor_reached":53,"playtime":5752,"items_purged":["Corruption+1"],"score":1058,"play_id":"73286957-e96a-489e-b4f8-a6c3f95f046d","local_time":"20210102151111","is_ascension_mode":false,"campfire_choices":[{"data":"Bludgeon","floor":6,"key":"SMITH"},{"floor":12,"key":"REST"},{"floor":15,"key":"REST"},{"data":"Limit Break","floor":27,"key":"SMITH"},{"data":"Inflame","floor":47,"key":"SMITH"},{"data":"Metallicize","floor":51,"key":"SMITH"}],"circlet_count":0,"master_deck":["Strike_R+1","Strike_R+1","Strike_R","Strike_R","Defend_R","Defend_R","Defend_R","Defend_R","Bash+1","construct:HeatedStrike","Defend_P","Fire Breathing+1","Bludgeon+1","Heavy Blade+1","Shrug It Off+1","Metallicize+1","Run Through+1","Limit Break+1","Inflame+1","Heavy Blade+1","Adaptation","Metallicize+1","Feel No Pain","Spot Weakness+1"],"relics":["Burning Blood","Happy Flower","Anchor","hubris:Icosahedron","Kunai","Membership Card","Gremlin Food","Charon\u0027s Ashes","Pet Ghost","hubris:SphereOfDissonance","Orrery","hubris:BottledHeart","Quantum Egg","Bronze Scales","Toolbox","Bottled Tornado","MutagenicStrength","hubris:DeckOfHolding","Guide Book","Whetstone","Torii","Replay:Grab Bag","Painkiller Herb","Ooze Armor","construct:WeddingRing","hubris:HollowSoul","Pocketwatch","Ring of Chaos","Ring of Panic","Centennial Puzzle","Replay:Accelerometer","hubris:Towel","Replay:Rubber Ducky","Juzu Bracelet","Vajra"],"acts_visited":["Exordium","TheCity","TheBeyond"],"potions_floor_usage":[13,16,30,35,35,44,44,52,52],"damage_taken":[{"damage":0,"enemies":"Jaw Worm","floor":1,"turns":3},{"damage":0,"enemies":"2 Louse","floor":7,"turns":2},{"damage":8,"enemies":"Small Slimes","floor":10,"turns":3},{"damage":0,"enemies":"Lagavulin","floor":13,"turns":3},{"damage":0,"enemies":"Exordium Wildlife","floor":14,"turns":2},{"damage":0,"enemies":"Slime Boss","floor":16,"turns":3},{"damage":2,"enemies":"Shell Parasite","floor":18,"turns":3},{"damage":0,"enemies":"Chosen","floor":21,"turns":2},{"damage":0,"enemies":"Centurion and Healer","floor":22,"turns":4},{"damage":0,"enemies":"Gremlin Leader","floor":23,"turns":4},{"damage":0,"enemies":"Sentry and Sphere","floor":30,"turns":2},{"damage":0,"enemies":"Cultist and Chosen","floor":32,"turns":3},{"damage":0,"enemies":"Champ","floor":35,"turns":5},{"damage":0,"enemies":"Orb Walker","floor":37,"turns":1},{"damage":0,"enemies":"Mind Bloom Boss Battle","floor":38,"turns":2},{"damage":0,"enemies":"3 Darklings","floor":41,"turns":3},{"damage":0,"enemies":"Nemesis","floor":42,"turns":1},{"damage":0,"enemies":"Reptomancer","floor":44,"turns":2},{"damage":0,"enemies":"Writhing Mass","floor":46,"turns":2},{"damage":0,"enemies":"Maw","floor":49,"turns":3},{"damage":0,"enemies":"Jaw Worm Horde","floor":50,"turns":2},{"damage":0,"enemies":"Donu and Deca","floor":52,"turns":5}],"seed_played":"-6679678593036000267","potions_obtained":[{"floor":1,"key":"SteroidPotion"},{"floor":23,"key":"Energy Potion"},{"floor":30,"key":"Strength Potion"},{"floor":38,"key":"ColorlessPotion"},{"floor":42,"key":"Energy Potion"},{"floor":48,"key":"Strength Potion"},{"floor":48,"key":"SmokeBomb"}],"is_trial":false,"path_per_floor":["M","?","$","?","?","R","M","?","T","M","$","R","E","M","R","B",null,"M","$","?","M","M","E","$","?","T","R","PTL","PTL","M","?","M","$","R","B",null,"?","?","?","T","?","E","?","E","T","?","T","?","?","?","T","B",null],"character_chosen":"IRONCLAD","items_purchased":["Happy Flower","Anchor","Bludgeon","Membership Card","Gremlin Food","PowerPotion","Pet Ghost","hubris:SphereOfDissonance","Orrery","Bronze Scales","Inflame","Toolbox","Bottled Tornado","Block Potion","Metallicize","Guide Book","Whetstone","Torii","Centennial Puzzle","HeartOfIron"],"campfire_rested":2,"item_purchase_floors":[3,3,3,11,11,11,19,19,19,24,24,24,24,24,33,33,33,33,40,40],"current_hp_per_floor":[1200,1200,1200,1200,1200,1200,1200,1200,1200,1198,1198,1200,1200,1200,1200,1200,1200,1200,1200,1,1,1,1,1,1,1,1,1,1,1,1,1,1,1,1,1,1,1,1,1,1,1,1,1,1,1,1,1,1,1,1,1],"gold":8835,"neow_bonus":"TWENTY_PERCENT_HP_BONUS","is_daily":false,"chose_seed":false,"campfire_upgraded":4,"win_rate":0.0,"timestamp":1609600271,"path_taken":["M","?","$","?","?","R","M","?","T","?","$","R","E","M","R","BOSS","M","?","?","M","M","E","$","?","T","R","PTL","PTL","?","?","M","$","R","BOSS","?","?","?","T","?","E","?","E","T","?","T","?","?","?","T","BOSS"],"items_purchased_type":["Relic","Relic","Card","Relic","Relic","Potion","Relic","Relic","Relic","Relic","Card","Relic","Relic","Potion","Card","Relic","Relic","Relic","Relic","Potion"],"build_version":"2020-12-22","purchased_purges":1,"victory":true,"max_hp_per_floor":[1200,1200,1200,1200,1200,1200,1200,1200,1200,1200,1200,1200,1200,1200,1200,1200,1200,1200,1200,1,1,1,1,1,1,1,1,1,1,1,1,1,1,1,1,1,1,1,1,1,1,1,1,1,1,1,1,1,1,1,1,1],"card_choices":[{"not_picked":["Flex","Iron Wave"],"picked":"Fire Breathing","floor":1},{"not_picked":["Clothesline","Sword Boomerang"],"picked":"Heavy Blade","floor":7},{"not_picked":["Reaper","Uppercut","Shrug It Off"],"picked":"SKIP","floor":10},{"not_picked":["Pummel","Pommel Strike","Dual Wield"],"picked":"SKIP","floor":13},{"not_picked":["Body Slam","hubris:ReadiedAction","Havoc"],"picked":"SKIP","floor":14},{"not_picked":["Evolve","Combust+1"],"picked":"Shrug It Off+1","floor":18},{"not_picked":["Seeing Red","Armaments"],"picked":"Metallicize","floor":19},{"not_picked":["Sword Boomerang+1","Sentinel"],"picked":"Run Through","floor":19},{"not_picked":["Pommel Strike","True Grit","Cleave"],"picked":"SKIP","floor":21},{"not_picked":["True Grit+1","Havoc","hubris:ReadiedAction+1"],"picked":"SKIP","floor":22},{"not_picked":["Evolve+1","Flex"],"picked":"Limit Break","floor":23},{"not_picked":["Rampage+1","Searing Blow"],"picked":"Heavy Blade+1","floor":30},{"not_picked":["Defy Death","Wild Strike","Seeing Red"],"picked":"SKIP","floor":32},{"not_picked":["Headbutt","Rage","Carnage"],"picked":"SKIP","floor":37},{"not_picked":["Clothesline+1","Uppercut"],"picked":"Feel No Pain","floor":38},{"not_picked":["Flex+1","ReplayTheSpireMod:Corrosion Curse+1","Impervious"],"picked":"SKIP","floor":41},{"not_picked":["Replay:Undeath\u0027s Touch+1","hubris:CleavingFinish+1","Burning Pact"],"picked":"SKIP","floor":42},{"not_picked":["Twin Strike","Evolve+1","Sword Boomerang+1"],"picked":"SKIP","floor":44},{"not_picked":["Sword Boomerang+1","Dropkick","Shrug It Off+1"],"picked":"SKIP","floor":46},{"not_picked":["Flex","Bloodletting"],"picked":"Spot Weakness+1","floor":48},{"not_picked":["ReplayReversal+1","Twin Strike","Searing Blow"],"picked":"SKIP","floor":49},{"not_picked":["Wild Strike+1","Havoc+1","Shrug It Off"],"picked":"SKIP","floor":50}],"player_experience":136272,"relics_obtained":[{"floor":9,"key":"Kunai"},{"floor":13,"key":"Charon\u0027s Ashes"},{"floor":23,"key":"Quantum Egg"},{"floor":26,"key":"hubris:DeckOfHolding"},{"floor":38,"key":"Pocketwatch"},{"floor":39,"key":"Ring of Chaos"},{"floor":39,"key":"Ring of Panic"},{"floor":42,"key":"Replay:Accelerometer"},{"floor":44,"key":"Replay:Rubber Ducky"},{"floor":45,"key":"Juzu Bracelet"},{"floor":48,"key":"Vajra"}],"event_choices":[{"damage_healed":0,"gold_gain":59,"player_choice":"Gained Gold","damage_taken":0,"max_hp_gain":0,"max_hp_loss":0,"event_name":"Golden Wing","floor":5,"gold_loss":0},{"damage_healed":0,"gold_gain":0,"player_choice":"Inject Mutagens","damage_taken":0,"relics_obtained":["MutagenicStrength"],"max_hp_gain":0,"max_hp_loss":0,"event_name":"Drug Dealer","floor":25,"gold_loss":0},{"damage_healed":0,"gold_gain":0,"player_choice":"Read","damage_taken":0,"max_hp_gain":0,"max_hp_loss":0,"event_name":"The Library","floor":31,"gold_loss":0,"cards_obtained":["Adaptation"]},{"damage_healed":0,"gold_gain":0,"player_choice":"Shed Blood","damage_taken":0,"max_hp_gain":5,"max_hp_loss":0,"event_name":"Forgotten Altar","floor":34,"gold_loss":0},{"damage_healed":0,"gold_gain":0,"player_choice":"Fight","damage_taken":0,"max_hp_gain":0,"max_hp_loss":0,"event_name":"MindBloom","floor":38,"gold_loss":0}],"is_beta":false,"boss_relics":[{"not_picked":["hubris:BlackHole","Snecko Eye","Kintsugi"]},{"not_picked":["Runic Dome","Fusion Hammer"],"picked":"Replay:Grab Bag"},{"not_picked":["Mark of Pain","hubris:TerracottaHorce"],"picked":"Painkiller Herb"},{"not_picked":["Replay:Bronze Core","Sozu"],"picked":"Ooze Armor"},{"not_picked":["Astrolabe","Runic Cube"],"picked":"construct:WeddingRing"},{"not_picked":["SacredBark","Runic Pyramid"],"picked":"hubris:HollowSoul"}],"items_purged_floors":[3],"is_endless":false,"potions_floor_spawned":[1,13,23,30,32,38,42,49],"ascension_level":0}}