{"host":"hfxp6ue4pvwo3fit","time":1609582907,"event":{"mods":["AchievementEnabler","BaseMod","Colored Map","Colored Powertips","Highlight Path","Minty Spire (QoL Compilation)","Relic Stats","StSLib","SuperFastMode"],"gold_per_floor":[119,119,133,147,163,163,163,163,163,238,257,257,274,293,293,293,293],"floor_reached":16,"playtime":420,"items_purged":[],"score":188,"play_id":"d4ae4eff-3e60-4560-a108-ea0fd8f7069e","local_time":"20210102042147","is_ascension_mode":true,"campfire_choices":[{"floor":6,"key":"REST"},{"floor":8,"key":"REST"},{"floor":12,"key":"REST"},{"data":"Adrenaline","floor":15,"key":"SMITH"}],"circlet_count":0,"master_deck":["AscendersBane","Strike_G","Strike_G","Strike_G","Strike_G","Strike_G","Defend_G","Defend_G","Defend_G","Defend_G","Defend_G","Survivor","Neutralize+1","Panache","Deadly Poison","Dagger Throw","PiercingWail","Dagger Spray","Adrenaline+1","Prepared","Backflip"],"relics":["Ring of the Snake","Ninja Scroll","Dream Catcher"],"acts_visited":["Exordium"],"potions_floor_usage":[16],"damage_taken":[{"damage":14,"enemies":"Jaw Worm","floor":1,"turns":8},{"damage":6,"enemies":"2 Louse","floor":3,"turns":4},{"damage":4,"enemies":"Small Slimes","floor":4,"turns":3},{"damage":6,"enemies":"Blue Slaver","floor":5,"turns":5},{"damage":0,"enemies":"Exordium Wildlife","floor":11,"turns":2},{"damage":7,"enemies":"Large Slime","floor":13,"turns":3},{"damage":1,"enemies":"2 Fungi Beasts","floor":14,"turns":3},{"damage":29,"enemies":"Hexaghost","floor":16,"turns":8}],"seed_played":"-4354722025202266776","potions_obtained":[{"floor":3,"key":"Explosive Potion"},{"floor":4,"key":"BlessingOfTheForge"}],"is_trial":false,"path_per_floor":["M","?","M","M","M","R","?","R","T","?","M","R","M","M","R","B"],"character_chosen":"THE_SILENT","items_purchased":[],"campfire_rested":3,"item_purchase_floors":[],"current_hp_per_floor":[30,30,24,20,14,33,7,26,26,15,15,34,27,26,26,0,0],"gold":293,"neow_bonus":"RANDOM_COLORLESS_2","is_daily":false,"chose_seed":false,"campfire_upgraded":1,"win_rate":0.0,"timestamp":1609582907,"path_taken":["M","?","M","M","M","R","?","R","T","?","M","R","M","M","R","BOSS"],"items_purchased_type":[],"build_version":"2020-12-22","purchased_purges":0,"victory":false,"max_hp_per_floor":[66,66,66,66,66,66,66,66,66,66,66,66,66,66,66,66,66],"relic_stats":{"Dream Catcher":1,"counters":[8,36],"obtain_stats":[{"Dream Catcher":9,"Ninja Scroll":7,"Ring of the Snake":0},{"Dream Catcher":4,"Ninja Scroll":4,"Ring of the Snake":0},{"Dream Catcher":20,"Ninja Scroll":20,"Ring of the Snake":0}],"Ring of the Snake":[16]},"card_choices":[{"not_picked":["Violence","Secret Technique"],"picked":"Panache","floor":0},{"not_picked":["Outmaneuver","Bane"],"picked":"Deadly Poison","floor":1},{"not_picked":["Acrobatics","Outmaneuver"],"picked":"Dagger Throw","floor":3},{"not_picked":["Calculated Gamble","Sucker Punch"],"picked":"PiercingWail","floor":4},{"not_picked":["All Out Attack","Deflect"],"picked":"Dagger Spray","floor":5},{"not_picked":["Blade Dance","Poisoned Stab"],"picked":"Adrenaline","floor":11},{"not_picked":["Underhanded Strike","Skewer"],"picked":"Prepared","floor":12},{"not_picked":["Dagger Spray","Riddle With Holes"],"picked":"Backflip","floor":13},{"not_picked":["Underhanded Strike","Bouncing Flask","Backflip"],"picked":"SKIP","floor":14}],"player_experience":460751,"relics_obtained":[{"floor":9,"key":"Dream Catcher"}],"event_choices":[{"damage_healed":0,"gold_gain":0,"player_choice":"Grow","damage_taken":0,"max_hp_gain":0,"max_hp_loss":0,"event_name":"Living Wall","floor":2,"gold_loss":0,"cards_upgraded":["Neutralize"]},{"damage_healed":0,"gold_gain":0,"player_choice":"Success","damage_taken":26,"relics_obtained":["Ninja Scroll"],"max_hp_gain":0,"max_hp_loss":0,"event_name":"Scrap Ooze","floor":7,"gold_loss":0},{"damage_healed":0,"gold_gain":75,"player_choice":"Gather Gold","damage_taken":11,"max_hp_gain":0,"max_hp_loss":0,"event_name":"World of Goop","floor":10,"gold_loss":0}],"is_beta":false,"boss_relics":[],"items_purged_floors":[],"is_endless":false,"potions_floor_spawned":[3,4,13],"killed_by":"Hexaghost","ascension_level":20}}