{"host":"foq4mrde4mssg7vt","time":1609612929,"event":{"mods":["AchievementEnabler","BaseMod","Colored Map","Colored Powertips","Highlight Path","Minty Spire (QoL Compilation)","Relic Stats","everything is the same but u backflip on backflip"],"gold_per_floor":[111,128,140,140,153,153,216,227,253,266,296,307,231,243,243,320,320,336,68,68,135,145,145,145],"floor_reached":23,"playtime":3312,"items_purged":[],"score":345,"play_id":"0a4853b9-ff4b-4a45-8cc2-e4f50f70610c","local_time":"20210103024209","is_ascension_mode":true,"campfire_choices":[{"data":"Streamline","floor":6.0,"key":"SMITH"},{"floor":15,"key":"REST"}],"circlet_count":0,"master_deck":["AscendersBane","Strike_B","Strike_B","Strike_B","Strike_B","Defend_B","Defend_B+1","Defend_B","Defend_B","Zap+1","Dualcast","Streamline+1","Ball Lightning","Defragment+1","Cold Snap","Go for the Eyes","Compile Driver","Conserve Battery","Defragment","Barrage","Genetic Algorithm","Self Repair"],"relics":["Runic Dome","Art of War","MealTicket","War Paint","SacredBark","DataDisk","SsserpentHead"],"acts_visited":["TheCity"],"potions_floor_usage":[22],"damage_taken":[{"damage":1.0,"enemies":"2 Louse","floor":1.0,"turns":3.0},{"damage":2.0,"enemies":"Jaw Worm","floor":2.0,"turns":4.0},{"damage":1.0,"enemies":"Cultist","floor":3.0,"turns":3.0},{"damage":6.0,"enemies":"Looter","floor":5.0,"turns":2.0},{"damage":25.0,"enemies":"3 Sentries","floor":7.0,"turns":6.0},{"damage":12.0,"enemies":"3 Louse","floor":8.0,"turns":3.0},{"damage":0.0,"enemies":"2 Fungi Beasts","floor":10.0,"turns":3.0},{"damage":6.0,"enemies":"Gremlin Nob","floor":11.0,"turns":3.0},{"damage":6,"enemies":"Looter","floor":12,"turns":2},{"damage":4,"enemies":"Red Slaver","floor":14,"turns":2},{"damage":13,"enemies":"Slime Boss","floor":16,"turns":7},{"damage":21,"enemies":"2 Thieves","floor":18,"turns":5},{"damage":7,"enemies":"Chosen","floor":21,"turns":5},{"damage":31,"enemies":"3 Cultists","floor":22,"turns":6},{"damage":23,"enemies":"Centurion and Healer","floor":23,"turns":3}],"seed_played":"6044761594051172402","potions_obtained":[{"floor":2.0,"key":"DuplicationPotion"},{"floor":8.0,"key":"BlessingOfTheForge"},{"floor":11,"key":"Weak Potion"},{"floor":21,"key":"PotionOfCapacity"}],"is_trial":false,"path_per_floor":["M","M","M","?","M","R","?","M","T","M","E","M","$","M","R","B",null,"M","$","?","M","M","M"],"character_chosen":"DEFECT","items_purchased":["Defragment","DataDisk","Genetic Algorithm","Self Repair"],"campfire_rested":1,"item_purchase_floors":[13,19,19,19],"current_hp_per_floor":[63,61,60,60,54,54,29,17,17,17,11,5,20,16,37,24,59,38,53,53,53,22,0,0],"gold":145,"neow_bonus":"BOSS_RELIC","is_daily":false,"chose_seed":false,"campfire_upgraded":1,"win_rate":0.0,"timestamp":1609612929,"path_taken":["M","M","M","?","M","R","?","M","T","M","E","M","$","M","R","BOSS","M","$","?","?","M","M"],"items_purchased_type":["Card","Relic","Card","Card"],"build_version":"2020-12-22","purchased_purges":0,"victory":false,"max_hp_per_floor":[71,71,71,71,71,71,71,71,71,71,71,71,71,71,71,71,71,71,71,71,71,71,71,71],"relic_stats":{"SsserpentHead":50,"counters":[15,57],"MealTicket":30,"Art of War":[2],"War Paint":["Zap","Defend_B"],"obtain_stats":[{"Runic Dome":0,"SsserpentHead":20,"DataDisk":19,"SacredBark":17,"MealTicket":9,"Art of War":7,"War Paint":11,"Cracked Core":0},{"Runic Dome":0,"SsserpentHead":12,"DataDisk":12,"SacredBark":11,"MealTicket":6,"Art of War":5,"War Paint":8,"Cracked Core":0},{"Runic Dome":0,"SsserpentHead":43,"DataDisk":43,"SacredBark":38,"MealTicket":21,"Art of War":18,"War Paint":27,"Cracked Core":0}]},"card_choices":[{"not_picked":["Rebound","Go for the Eyes"],"picked":"Streamline","floor":1.0},{"not_picked":["Go for the Eyes","Reinforced Body"],"picked":"Ball Lightning","floor":2.0},{"not_picked":["Consume","Beam Cell"],"picked":"Defragment","floor":3.0},{"not_picked":["Redo","Blizzard","Stack"],"picked":"SKIP","floor":5.0},{"not_picked":["Hello World","Self Repair"],"picked":"Cold Snap","floor":7.0},{"not_picked":["Ball Lightning","Compile Driver"],"picked":"Go for the Eyes","floor":8.0},{"not_picked":["BootSequence","Chaos"],"picked":"Compile Driver","floor":10.0},{"not_picked":["Reboot","Cold Snap"],"picked":"Conserve Battery","floor":11},{"not_picked":["Steam","Gash","Turbo"],"picked":"SKIP","floor":12},{"not_picked":["Compile Driver","Turbo","Amplify"],"picked":"SKIP","floor":14},{"not_picked":["Leap+1","Stack"],"picked":"Barrage","floor":18},{"not_picked":["Redo","Aggregate","Streamline"],"picked":"SKIP","floor":21},{"not_picked":["Turbo","Rip and Tear+1","Hello World"],"picked":"SKIP","floor":22}],"player_experience":369653,"relics_obtained":[{"floor":7.0,"key":"Art of War"},{"floor":9.0,"key":"MealTicket"},{"floor":11,"key":"War Paint"}],"event_choices":[{"damage_healed":0.0,"max_hp_gain":0.0,"max_hp_loss":0.0,"gold_gain":0.0,"event_name":"Living Wall","player_choice":"Grow","floor":4.0,"gold_loss":0.0,"damage_taken":0.0,"cards_upgraded":["Defragment"]},{"damage_healed":0.0,"max_hp_gain":0.0,"max_hp_loss":0.0,"gold_gain":30.0,"event_name":"Dead Adventurer","player_choice":"Searched \u00272\u0027 times","floor":7.0,"gold_loss":0.0,"damage_taken":0.0},{"damage_healed":0,"gold_gain":0,"player_choice":"Trade","damage_taken":0,"relics_obtained":["SsserpentHead"],"max_hp_gain":0,"max_hp_loss":0,"event_name":"FaceTrader","floor":20,"gold_loss":0}],"is_beta":false,"boss_relics":[{"not_picked":["Tiny House","Philosopher\u0027s Stone"],"picked":"SacredBark"}],"items_purged_floors":[],"is_endless":false,"potions_floor_spawned":[2,8,11,12,16,21],"killed_by":"Centurion and Healer","ascension_level":15}}