{"host":"n4oa921u88t6jog9","time":1609592622,"event":{"mods":["AchievementEnabler","BaseMod","DeckTracker","Keyboard Shortcuts","Minty Spire (QoL Compilation)","Quick Restart","StSLib","SuperFastMode"],"gold_per_floor":[153,187,187,73,223,223,266,266,290,290,325,411,478,540,540,639,639,656,756,831,957,355,380,380,425,425,485,550,525,575,625,625,625,625],"floor_reached":33,"playtime":1491,"items_purged":["Doppelganger"],"score":576,"play_id":"2b61a54f-a944-4cf0-afec-9c3756d42de0","local_time":"20210102220342","is_ascension_mode":true,"campfire_choices":[{"data":"HandOfGreed","floor":6.0,"key":"SMITH"},{"data":"Footwork","floor":8.0,"key":"SMITH"},{"data":"Dagger Spray","floor":10.0,"key":"SMITH"},{"data":"Dagger Throw","floor":15.0,"key":"SMITH"},{"floor":24,"key":"REST"},{"data":"Prepared","floor":32,"key":"SMITH"}],"circlet_count":0,"master_deck":["AscendersBane","Survivor","Neutralize","HandOfGreed+1","Footwork+1","Dagger Spray+1","Backflip","Flying Knee","Dash","Dagger Throw+1","Grand Finale","Catalyst","Prepared+1","Crippling Poison","Tactician","Envenom","Adrenaline","Leg Sweep","Riddle With Holes","Tactician","Master of Strategy","Well Laid Plans"],"relics":["Ring of the Snake","SsserpentHead","Tiny Chest","Ancient Tea Set","Lizard Tail","Pandora\u0027s Box","Toy Ornithopter","Red Mask","Membership Card","Bottled Tornado","Omamori","Pantograph","Matryoshka","Bottled Lightning","Pen Nib"],"acts_visited":["Exordium","TheCity"],"potions_floor_usage":[23,23,28,28],"damage_taken":[{"damage":1.0,"enemies":"2 Louse","floor":1.0,"turns":4.0},{"damage":0.0,"enemies":"Cultist","floor":2.0,"turns":5.0},{"damage":7.0,"enemies":"Jaw Worm","floor":7.0,"turns":5.0},{"damage":0.0,"enemies":"Gremlin Nob","floor":11.0,"turns":2.0},{"damage":1.0,"enemies":"Gremlin Gang","floor":12.0,"turns":2.0},{"damage":3.0,"enemies":"2 Fungi Beasts","floor":13.0,"turns":6.0},{"damage":8.0,"enemies":"Exordium Thugs","floor":14.0,"turns":4.0},{"damage":64.0,"enemies":"Hexaghost","floor":16.0,"turns":18.0},{"damage":0.0,"enemies":"Chosen","floor":18.0,"turns":6.0},{"damage":50.0,"enemies":"Masked Bandits","floor":21.0,"turns":6.0},{"damage":10,"enemies":"Gremlin Leader","floor":23,"turns":7},{"damage":0,"enemies":"3 Byrds","floor":25,"turns":3},{"damage":17,"enemies":"Cultist and Chosen","floor":27,"turns":6},{"damage":0,"enemies":"Centurion and Healer","floor":28,"turns":5},{"damage":59,"enemies":"Champ","floor":33,"turns":8}],"seed_played":"8234739885908609178","potions_obtained":[{"floor":2.0,"key":"Swift Potion"},{"floor":7.0,"key":"FearPotion"},{"floor":18.0,"key":"LiquidMemories"},{"floor":23,"key":"Dexterity Potion"},{"floor":27,"key":"BlessingOfTheForge"}],"is_trial":false,"path_per_floor":["M","M","?","$","?","R","M","R","T","R","E","M","M","M","R","B",null,"M","?","T","?","$","E","R","M","T","M","M","?","?","T","R","B"],"character_chosen":"THE_SILENT","items_purchased":["Tiny Chest","Membership Card","Block Potion","Master of Strategy","Well Laid Plans","Bottled Tornado","DuplicationPotion","Omamori"],"campfire_rested":1,"item_purchase_floors":[4,22,22,22,22,22,22,22],"current_hp_per_floor":[58,58,58,58,58,58,51,51,51,51,51,50,47,39,39,5,46,46,46,46,1,1,1,19,19,19,2,12,12,12,12,12,0,0],"gold":625,"neow_bonus":"RANDOM_COLORLESS_2","is_daily":false,"chose_seed":false,"campfire_upgraded":5,"win_rate":0.0,"timestamp":1609592622,"path_taken":["M","M","?","?","?","R","M","R","T","R","E","?","M","M","R","BOSS","M","?","?","?","$","E","R","M","T","M","M","?","?","?","R","BOSS"],"items_purchased_type":["Relic","Relic","Potion","Card","Card","Relic","Potion","Relic"],"build_version":"2020-12-22","purchased_purges":1,"victory":false,"max_hp_per_floor":[60,60,60,60,60,60,60,60,60,60,60,60,60,60,60,60,60,60,60,60,60,60,60,60,60,60,60,60,60,60,60,60,60,60],"card_choices":[{"not_picked":["Secret Technique","The Bomb"],"picked":"HandOfGreed","floor":0.0},{"not_picked":["Choke","Slice"],"picked":"Footwork","floor":1.0},{"not_picked":["Escape Plan","Quick Slash"],"picked":"Dagger Spray","floor":2.0},{"not_picked":["Bane","Caltrops","Sucker Punch"],"picked":"SKIP","floor":7.0},{"not_picked":["Escape Plan","Underhanded Strike"],"picked":"Backflip","floor":11.0},{"not_picked":["Deflect","Leg Sweep"],"picked":"Flying Knee","floor":12.0},{"not_picked":["Endless Agony","Accuracy"],"picked":"Dash","floor":13.0},{"not_picked":["Underhanded Strike","Riddle With Holes"],"picked":"Dagger Throw","floor":14.0},{"not_picked":["Tools of the Trade","Corpse Explosion"],"picked":"Grand Finale","floor":16.0},{"not_picked":["Deflect+1","Noxious Fumes"],"picked":"Tactician","floor":18.0},{"not_picked":["Dash","Corpse Explosion","Slice"],"picked":"SKIP","floor":23},{"not_picked":["Slice","Blade Dance","Sucker Punch"],"picked":"SKIP","floor":25},{"not_picked":["All Out Attack","Quick Slash","Blade Dance+1"],"picked":"SKIP","floor":27},{"not_picked":["Slice","Backstab","Terror"],"picked":"SKIP","floor":28}],"player_experience":379138,"relics_obtained":[{"floor":9.0,"key":"Ancient Tea Set"},{"floor":11.0,"key":"Lizard Tail"},{"floor":20.0,"key":"Toy Ornithopter"},{"floor":21.0,"key":"Red Mask"},{"floor":23,"key":"Pantograph"},{"floor":26,"key":"Matryoshka"},{"floor":31,"key":"Bottled Lightning"},{"floor":31,"key":"Pen Nib"}],"event_choices":[{"damage_healed":0.0,"max_hp_gain":0.0,"max_hp_loss":0.0,"gold_gain":0.0,"event_name":"FaceTrader","player_choice":"Trade","floor":3.0,"gold_loss":0.0,"damage_taken":0.0,"relics_obtained":["SsserpentHead"]},{"damage_healed":0.0,"max_hp_gain":0.0,"max_hp_loss":0.0,"gold_gain":100.0,"event_name":"Wheel of Change","player_choice":"Gold","floor":5.0,"gold_loss":0.0,"damage_taken":0.0},{"damage_healed":0.0,"max_hp_gain":0.0,"max_hp_loss":0.0,"gold_gain":50.0,"event_name":"Nest","player_choice":"Stole From Cult","floor":19.0,"gold_loss":0.0,"damage_taken":0.0},{"damage_healed":0.0,"max_hp_gain":0.0,"max_hp_loss":0.0,"gold_gain":0.0,"event_name":"Masked Bandits","player_choice":"Fought Bandits","floor":21.0,"gold_loss":0.0,"damage_taken":0.0},{"cards_removed":["Setup"],"damage_healed":0,"gold_gain":0,"player_choice":"Gave Gold","damage_taken":0,"max_hp_gain":0,"max_hp_loss":0,"event_name":"Beggar","floor":29,"gold_loss":75},{"damage_healed":0,"gold_gain":0,"player_choice":"Ignored","damage_taken":0,"max_hp_gain":0,"max_hp_loss":0,"event_name":"The Mausoleum","floor":30,"gold_loss":0}],"is_beta":false,"boss_relics":[{"not_picked":["Ring of the Serpent","Fusion Hammer"],"picked":"Pandora\u0027s Box"}],"items_purged_floors":[22],"is_endless":false,"potions_floor_spawned":[2,7,18,23,27],"killed_by":"Champ","ascension_level":18}}