{"host":"ji1fk25fd1ga4ji1","time":1609606797,"event":{"mods":["2.2 Compatiblity","BaseMod","Colored Map","DeckTracker","Minty Spire (QoL Compilation)","Permanent Neow","Quick Restart","StSLib","SuperFastMode"],"gold_per_floor":[113,132,152,152,0,0,34,34,34,46,65,65,83,96,96,192,192,132,57,57,57,57,57,57,57,57,57,57,57,57,57,57,57,57,57,57],"floor_reached":35,"playtime":705,"items_purged":["Strike_R"],"score":469,"play_id":"78728e00-ff75-4337-9b10-f2c81f82746b","local_time":"20210103015957","is_ascension_mode":true,"campfire_choices":[{"data":"Feed","floor":6.0,"key":"SMITH"},{"data":"Heavy Blade","floor":8.0,"key":"SMITH"},{"data":"Spot Weakness","floor":15.0,"key":"SMITH"},{"data":"Feed","floor":23,"key":"SMITH"},{"data":"Inflame","floor":28,"key":"SMITH"},{"data":"Whirlwind","floor":32,"key":"SMITH"}],"circlet_count":0,"master_deck":["Strike_R","Strike_R","Defend_R","Defend_R","Defend_R","Bash","Heavy Blade+1","Shrug It Off","Twin Strike","Feed+1","Twin Strike+1","Shrug It Off","Whirlwind+1","Spot Weakness+1","Feed+1","Flex+1","Inflame+1","Limit Break"],"relics":["Burning Blood","Orichalcum","White Beast Statue","Lantern","Ectoplasm","Turnip","Mercury Hourglass","Eternal Feather","Calipers","Empty Cage"],"acts_visited":["Exordium","TheCity","TheBeyond"],"potions_floor_usage":[21,21,22,25,33],"damage_taken":[{"damage":7.0,"enemies":"Jaw Worm","floor":1.0,"turns":3.0},{"damage":0.0,"enemies":"2 Louse","floor":2.0,"turns":2.0},{"damage":0.0,"enemies":"Cultist","floor":3.0,"turns":3.0},{"damage":12.0,"enemies":"3 Sentries","floor":7.0,"turns":8.0},{"damage":21.0,"enemies":"Exordium Thugs","floor":10.0,"turns":6.0},{"damage":6.0,"enemies":"Blue Slaver","floor":11.0,"turns":3.0},{"damage":8.0,"enemies":"3 Louse","floor":13.0,"turns":6.0},{"damage":0.0,"enemies":"2 Fungi Beasts","floor":14.0,"turns":2.0},{"damage":19.0,"enemies":"Slime Boss","floor":16.0,"turns":8.0},{"damage":18.0,"enemies":"2 Thieves","floor":18.0,"turns":5.0},{"damage":20.0,"enemies":"Shell Parasite","floor":20.0,"turns":6.0},{"damage":14,"enemies":"Centurion and Healer","floor":21,"turns":6},{"damage":23,"enemies":"Shelled Parasite and Fungi","floor":22,"turns":4},{"damage":15,"enemies":"Book of Stabbing","floor":25,"turns":3},{"damage":21,"enemies":"Gremlin Leader","floor":27,"turns":4},{"damage":2,"enemies":"Snecko","floor":31,"turns":3},{"damage":58,"enemies":"Collector","floor":33,"turns":5},{"damage":3,"enemies":"3 Shapes","floor":35,"turns":2}],"seed_played":"-2101149029796316986","potions_obtained":[{"floor":2.0,"key":"Strength Potion"},{"floor":10.0,"key":"Ancient Potion"},{"floor":11.0,"key":"FairyPotion"},{"floor":13.0,"key":"SteroidPotion"},{"floor":20.0,"key":"Regen Potion"},{"floor":21,"key":"SteroidPotion"},{"floor":22,"key":"ColorlessPotion"},{"floor":25,"key":"FearPotion"},{"floor":27,"key":"Strength Potion"},{"floor":33,"key":"GamblersBrew"}],"is_trial":false,"path_per_floor":["M","M","M","?","$","R","E","R","T","M","M","?","M","M","R","B",null,"M","$","M","M","M","R","$","E","T","E","R","T","?","M","R","B",null,"M"],"character_chosen":"IRONCLAD","items_purchased":["Feed"],"campfire_rested":0,"item_purchase_floors":[5],"current_hp_per_floor":[79,80,80,80,80,80,78,78,78,67,71,71,73,83,83,74,104,99,99,89,103,93,93,93,88,88,77,89,89,89,97,106,58,145,142,142],"gold":57,"neow_bonus":"RANDOM_COMMON_RELIC","is_daily":false,"chose_seed":false,"campfire_upgraded":6,"win_rate":0.0,"timestamp":1609606797,"path_taken":["M","M","M","?","$","R","E","R","T","M","M","?","M","M","R","BOSS","M","$","M","M","M","R","?","E","T","E","R","?","?","M","R","BOSS","M"],"items_purchased_type":["Card"],"build_version":"2020-12-22","purchased_purges":1,"victory":false,"max_hp_per_floor":[80,80,80,80,80,80,84,84,84,88,92,92,96,100,100,104,104,111,111,115,122,129,129,129,133,133,137,137,137,137,141,141,145,145,145,145],"card_choices":[{"not_picked":["Wild Strike","Disarm"],"picked":"Heavy Blade","floor":1.0},{"not_picked":["Anger","Clothesline"],"picked":"Shrug It Off","floor":2.0},{"not_picked":["Evolve","Uppercut"],"picked":"Twin Strike","floor":3.0},{"not_picked":["Havoc","Shockwave","Blood for Blood"],"picked":"SKIP","floor":7.0},{"not_picked":["Reckless Charge","Pummel"],"picked":"Twin Strike","floor":10.0},{"not_picked":["Twin Strike","Thunderclap"],"picked":"Shrug It Off","floor":11.0},{"not_picked":["Sword Boomerang","Evolve"],"picked":"Whirlwind","floor":13.0},{"not_picked":["Whirlwind","Burning Pact"],"picked":"Spot Weakness","floor":14.0},{"not_picked":["Immolate","Berserk"],"picked":"Feed","floor":16.0},{"not_picked":["Thunderclap+1","Hemokinesis"],"picked":"Flex+1","floor":18.0},{"not_picked":["Flex+1","Searing Blow+1","Uppercut"],"picked":"SKIP","floor":20.0},{"not_picked":["Dual Wield+1","Armaments+1","Sword Boomerang"],"picked":"SKIP","floor":21},{"not_picked":["Dual Wield+1","Armaments+1","Sword Boomerang"],"picked":"SKIP","floor":21},{"not_picked":["Dark Embrace","Thunderclap","Wild Strike"],"picked":"SKIP","floor":22},{"not_picked":["Clothesline","Infernal Blade+1","Uppercut"],"picked":"SKIP","floor":25},{"not_picked":["Whirlwind","Cleave"],"picked":"Inflame","floor":27},{"not_picked":["Anger","Iron Wave","Immolate"],"picked":"SKIP","floor":31},{"not_picked":["Impervious","Demon Form"],"picked":"Limit Break","floor":33}],"player_experience":1235069,"relics_obtained":[{"floor":7.0,"key":"White Beast Statue"},{"floor":9.0,"key":"Lantern"},{"floor":25,"key":"Turnip"},{"floor":26,"key":"Mercury Hourglass"},{"floor":27,"key":"Eternal Feather"},{"floor":29,"key":"Calipers"}],"event_choices":[{"damage_healed":0.0,"max_hp_gain":0.0,"max_hp_loss":0.0,"gold_gain":0.0,"event_name":"Liars Game","player_choice":"Ignored","floor":4.0,"gold_loss":0.0,"damage_taken":0.0},{"damage_healed":0.0,"max_hp_gain":0.0,"max_hp_loss":0.0,"gold_gain":0.0,"event_name":"Accursed Blacksmith","player_choice":"Forge","floor":12.0,"gold_loss":0.0,"damage_taken":0.0,"cards_upgraded":["Twin Strike"]},{"cards_removed":["Strike_R"],"damage_healed":0,"gold_gain":0,"player_choice":"Elegance","damage_taken":0,"max_hp_gain":0,"max_hp_loss":0,"event_name":"Back to Basics","floor":30,"gold_loss":0}],"is_beta":false,"boss_relics":[{"not_picked":["Busted Crown","Sozu"],"picked":"Ectoplasm"},{"not_picked":["SlaversCollar","Runic Pyramid"],"picked":"Empty Cage"}],"items_purged_floors":[19],"is_endless":false,"potions_floor_spawned":[2,10,11,13,14,16,18,20,21,22,25,27,31,33],"killed_by":"3 Shapes","ascension_level":1}}