{"host":"yecadp3kwkksam5a","time":1609602791,"event":{"mods":["Arknights The Spire","BaseMod","Minty Spire (QoL Compilation)","StSLib","The Hierophant"],"gold_per_floor":[426,457,481,512,178,178,195,195,195,211,246,261,295,295,295,369,369,383,403,318,344,244,271,289,319,343,356,383,383,383,383,383,454,454,465,465,183,405,80,80,108,120,156,197,223,185,185,199,199,199,199,199,199,149,183,183],"floor_reached":57,"playtime":2504,"items_purged":["Underhanded Strike+1","Concentrate+1","Prepared+1","Reflex","Backflip+1"],"score":3756,"play_id":"eee3e9f3-a122-480b-acb2-8e553ce369b2","local_time":"20210103005311","is_ascension_mode":true,"campfire_choices":[{"data":"Underhanded Strike+1","floor":6,"key":"PURGE"},{"data":"Reflex","floor":8,"key":"PURGE"},{"floor":15,"key":"RECALL"},{"data":"Prepared+1","floor":29,"key":"PURGE"},{"data":"Underhanded Strike+1","floor":32,"key":"PURGE"},{"data":"Backflip","floor":40,"key":"PURGE"},{"data":"Calculated Gamble+1","floor":42,"key":"PURGE"},{"data":"Panache","floor":49,"key":"SMITH"},{"data":"Eviscerate","floor":53,"key":"SMITH"}],"circlet_count":0,"master_deck":["Tactician+1","Calculated Gamble+1","Acrobatics","Prepared+1","Reflex+1","Panache+1","Footwork+1","Blur+1","Eviscerate+1"],"relics":["Ring of the Snake","Torii","Vajra","MawBank","Lantern","Pen Nib","Shuriken","SlaversCollar","Nilry\u0027s Codex","Regal Pillow","Turnip","Peace Pipe","Meat on the Bone","Old Coin","Art of War","Sozu","Tingsha","Prayer Wheel","Ancient Tea Set","Whetstone","Bronze Scales","Pantograph","Potion Belt","Sundial","Ancient Tea Set","Runic Pyramid","Ornamental Fan","Red Mask","Singing Bowl","Snake Skull","Centennial Puzzle","Pantograph","White Beast Statue","Black Star","TheAbacus","Tough Bandages","MawBank","Smiling Mask","Whetstone","Toy Ornithopter","Bag of Marbles","Molten Egg 2","Boot","Orichalcum"],"acts_visited":["Exordium","TheCity","TheBeyond","TheEnding"],"potions_floor_usage":[],"damage_taken":[{"damage":1.0,"enemies":"Cultist","floor":1.0,"turns":4.0},{"damage":0,"enemies":"Small Slimes","floor":2,"turns":1},{"damage":0,"enemies":"2 Louse","floor":3,"turns":1},{"damage":0,"enemies":"Blue Slaver","floor":4,"turns":1},{"damage":0,"enemies":"Looter","floor":7,"turns":1},{"damage":0,"enemies":"3 Louse","floor":10,"turns":1},{"damage":0,"enemies":"Lagavulin","floor":11,"turns":1},{"damage":0,"enemies":"Large Slime","floor":12,"turns":1},{"damage":0,"enemies":"Gremlin Nob","floor":13,"turns":1},{"damage":0,"enemies":"Slime Boss","floor":16,"turns":1},{"damage":0,"enemies":"2 Thieves","floor":18,"turns":1},{"damage":0,"enemies":"3 Byrds","floor":19,"turns":1},{"damage":0,"enemies":"Masked Bandits","floor":21,"turns":1},{"damage":0,"enemies":"Slavers","floor":23,"turns":1},{"damage":0,"enemies":"Centurion and Healer","floor":24,"turns":1},{"damage":0,"enemies":"Book of Stabbing","floor":25,"turns":1},{"damage":0,"enemies":"Shelled Parasite and Fungi","floor":27,"turns":1},{"damage":0,"enemies":"Slavers","floor":28,"turns":1},{"damage":0,"enemies":"Champ","floor":33,"turns":1},{"damage":0,"enemies":"Orb Walker","floor":35,"turns":1},{"damage":0,"enemies":"Reptomancer","floor":41,"turns":1},{"damage":0,"enemies":"Giant Head","floor":44,"turns":1},{"damage":0,"enemies":"3 Shapes","floor":45,"turns":1},{"damage":0,"enemies":"3 Darklings","floor":48,"turns":1},{"damage":0,"enemies":"Awakened One","floor":50,"turns":2},{"damage":0,"enemies":"Time Eater","floor":51,"turns":2},{"damage":0,"enemies":"Shield and Spear","floor":55,"turns":1},{"damage":0,"enemies":"The Heart","floor":56,"turns":5}],"seed_played":"-2147723777056109411","potions_obtained":[],"is_trial":false,"path_per_floor":["M","M","M","M","$","R","M","R","T","M","E","M","E","?","R","B",null,"M","M","?","?","$","E","M","E","T","M","E","R","T","?","R","B",null,"M","?","$","?","$","R","E","R","T","E","M","$","?","M","R","B","B",null,"R","$","E","B",null],"character_chosen":"THE_SILENT","items_purchased":["Sundial","TheAbacus","Tough Bandages"],"campfire_rested":0,"item_purchase_floors":[5,37,39],"current_hp_per_floor":[70,70,70,70,70,70,70,70,70,70,70,70,70,70,70,70,70,70,70,70,70,70,72,76,78,78,82,84,84,84,84,84,86,86,90,85,85,85,85,85,87,87,87,89,91,91,91,95,95,95,95,95,95,95,97,97],"gold":183,"neow_bonus":"RANDOM_COLORLESS","is_daily":false,"chose_seed":false,"campfire_upgraded":2,"win_rate":0.0,"timestamp":1609602791,"path_taken":["M","?","M","M","$","R","M","R","T","M","E","?","E","?","R","BOSS","M","M","?","?","$","E","M","E","T","M","E","R","?","?","R","BOSS","M","?","$","?","$","R","E","R","T","E","M","?","?","M","R","BOSS","BOSS","R","$","E","BOSS"],"items_purchased_type":["Relic","Relic","Relic"],"build_version":"2020-12-22","purchased_purges":5,"victory":true,"max_hp_per_floor":[70,70,70,70,70,70,70,70,70,70,70,70,70,70,70,70,70,70,70,70,70,70,72,76,78,78,82,84,84,84,84,84,86,86,90,85,85,85,85,85,87,87,87,89,91,91,91,95,95,95,95,95,95,95,97,97],"card_choices":[{"not_picked":["Finisher","Quick Slash","PiercingWail"],"picked":"SKIP","floor":1},{"not_picked":["Finisher","Quick Slash","PiercingWail"],"picked":"SKIP","floor":1},{"not_picked":["Concentrate","Quick Slash","Poisoned Stab"],"picked":"SKIP","floor":2},{"not_picked":["Dagger Spray","Outmaneuver","Sucker Punch"],"picked":"SKIP","floor":2},{"not_picked":["Blade Dance","Deadly Poison","Prepared"],"picked":"SKIP","floor":3},{"not_picked":["Setup","Heel Hook","Noxious Fumes"],"picked":"SKIP","floor":3},{"not_picked":["Prepared","Venomology","Outmaneuver"],"picked":"SKIP","floor":4},{"not_picked":["Reflex","Bane","Tactician"],"picked":"SKIP","floor":4},{"not_picked":["Dagger Throw","Outmaneuver","Sucker Punch"],"picked":"SKIP","floor":7},{"not_picked":["PiercingWail","Prepared","Outmaneuver"],"picked":"SKIP","floor":7},{"not_picked":["Acrobatics","Predator","Prepared"],"picked":"SKIP","floor":10},{"not_picked":["Underhanded Strike","Finisher","Bouncing Flask"],"picked":"SKIP","floor":10},{"not_picked":["Deflect","Accuracy","Blade Dance"],"picked":"SKIP","floor":11},{"not_picked":["Bouncing Flask","Dagger Throw","Slice"],"picked":"SKIP","floor":12},{"not_picked":["Poisoned Stab","Prepared","Dagger Throw"],"picked":"SKIP","floor":12},{"not_picked":["Deadly Poison","Prepared","Backflip"],"picked":"SKIP","floor":13},{"not_picked":["Well Laid Plans","Leg Sweep","Dagger Throw"],"picked":"SKIP","floor":18},{"not_picked":["Backflip","Outmaneuver","Poisoned Stab"],"picked":"SKIP","floor":18},{"not_picked":["Bouncing Flask+1","Footwork","Slice"],"picked":"SKIP","floor":19},{"not_picked":["Well Laid Plans","Flechettes+1","PiercingWail"],"picked":"SKIP","floor":19},{"not_picked":["Finisher","Tactician+1","Acrobatics+1"],"picked":"Singing Bowl","floor":23},{"not_picked":["Footwork","Wraith Form v2","PiercingWail"],"picked":"Singing Bowl","floor":24},{"not_picked":["Slice","Dagger Spray+1","Acrobatics"],"picked":"Singing Bowl","floor":24},{"not_picked":["Dagger Throw","Bane","Blur"],"picked":"Singing Bowl","floor":25},{"not_picked":["Calculated Gamble","Dodge and Roll+1","Deadly Poison"],"picked":"Singing Bowl","floor":27},{"not_picked":["Dodge and Roll","PiercingWail","Masterful Stab"],"picked":"Singing Bowl","floor":27},{"not_picked":["Night Terror","Setup","Poisoned Stab"],"picked":"Singing Bowl","floor":28},{"not_picked":["Unload","Glass Knife","Storm of Steel"],"picked":"Singing Bowl","floor":33},{"not_picked":["Blade Dance+1","Dagger Spray","Heel Hook+1"],"picked":"Singing Bowl","floor":35},{"not_picked":["Deadly Poison+1","Flying Knee","Deflect"],"picked":"Singing Bowl","floor":35},{"not_picked":["Dodge and Roll","Cloak And Dagger","Backstab"],"picked":"Singing Bowl","floor":41},{"not_picked":["Footwork","Bane","Bullet Time"],"picked":"Singing Bowl","floor":44},{"not_picked":["Riddle With Holes","Dodge and Roll","Dagger Spray+1"],"picked":"Singing Bowl","floor":45},{"not_picked":["Backflip","Dash+1"],"picked":"Eviscerate","floor":45},{"not_picked":["Acrobatics","Dodge and Roll","PiercingWail+1"],"picked":"Singing Bowl","floor":48},{"not_picked":["Skewer+1","Backflip","Choke+1"],"picked":"Singing Bowl","floor":48},{"not_picked":["Bane+1","Dagger Spray+1","Dagger Throw+1"],"picked":"Singing Bowl","floor":55}],"player_experience":331347,"relics_obtained":[{"floor":11,"key":"Ancient Tea Set"},{"floor":21,"key":"Red Mask"},{"floor":23,"key":"Singing Bowl"},{"floor":25,"key":"Snake Skull"},{"floor":26,"key":"Centennial Puzzle"},{"floor":28,"key":"Pantograph"},{"floor":30,"key":"White Beast Statue"},{"floor":41,"key":"MawBank"},{"floor":41,"key":"Smiling Mask"},{"floor":43,"key":"Whetstone"},{"floor":44,"key":"Toy Ornithopter"},{"floor":44,"key":"Bag of Marbles"},{"floor":55,"key":"Boot"},{"floor":55,"key":"Orichalcum"}],"event_choices":[{"cards_removed":["PiercingWail"],"damage_healed":0,"gold_gain":0,"player_choice":"Forget","damage_taken":0,"max_hp_gain":0,"max_hp_loss":0,"event_name":"Living Wall","floor":14,"gold_loss":0},{"damage_healed":0,"gold_gain":0,"player_choice":"Obtained Relic","damage_taken":0,"relics_obtained":["Ornamental Fan"],"max_hp_gain":0,"max_hp_loss":0,"event_name":"Addict","floor":20,"gold_loss":85},{"damage_healed":0,"gold_gain":0,"player_choice":"Fought Bandits","damage_taken":0,"max_hp_gain":0,"max_hp_loss":0,"event_name":"Masked Bandits","floor":21,"gold_loss":0},{"damage_healed":0,"gold_gain":0,"player_choice":"Ignored","damage_taken":0,"max_hp_gain":0,"max_hp_loss":0,"event_name":"Vampires","floor":31,"gold_loss":0},{"damage_healed":0,"gold_gain":0,"player_choice":"Max HP","damage_taken":0,"max_hp_gain":0,"max_hp_loss":5,"event_name":"Winding Halls","floor":36,"gold_loss":0},{"damage_healed":0,"gold_gain":222,"player_choice":"Wore Mask","damage_taken":0,"max_hp_gain":0,"max_hp_loss":0,"event_name":"Tomb of Lord Red Mask","floor":38,"gold_loss":0},{"cards_removed":["Acrobatics"],"damage_healed":0,"gold_gain":0,"player_choice":"Gave Card","damage_taken":0,"relics_obtained":["Molten Egg 2"],"max_hp_gain":0,"max_hp_loss":0,"event_name":"WeMeetAgain","floor":47,"gold_loss":0}],"is_beta":false,"boss_relics":[{"not_picked":["Sozu","SacredBark"],"picked":"Runic Pyramid"},{"not_picked":["Cursed Key","HoveringKite"],"picked":"Black Star"}],"items_purged_floors":[5,22,37,46,54],"is_endless":false,"potions_floor_spawned":[3,4,10,11,13,19,21,27,33,35,41,44,45,48,55],"ascension_level":20}}