{"host":"kh6fvhxn285ncg0o","time":1609558293,"event":{"mods":["Act Like it!","BaseMod","Colored Map","Friendly Minions","Keyboard Shortcuts","Minty Spire (QoL Compilation)","Quick Restart","Relic Stats","StSLib","SuperFastMode"],"gold_per_floor":[359,509,171,171,71,112,112,148,148,148,168,192,226,247,247,340,340,361,387,411,430,430,430,464,464,488,203,203,243,243,243,243,315,315,325,325,377,377,377,377,402,434,459,484,484,7,18,34,34,34,34,34,34,34,64,64],"floor_reached":57,"playtime":1250,"items_purged":["Doubt","Defend_P","Strike_P","Defend_P"],"score":2789,"play_id":"4a8bc7c0-9e52-41b5-800d-576797ee39f5","local_time":"20210102123133","is_ascension_mode":true,"campfire_choices":[{"data":"Tantrum","floor":7.0,"key":"SMITH"},{"data":"Eruption","floor":10.0,"key":"SMITH"},{"data":"Adaptation","floor":15.0,"key":"SMITH"},{"floor":23.0,"key":"REST"},{"floor":25.0,"key":"REST"},{"data":"MentalFortress","floor":28.0,"key":"SMITH"},{"data":"Fasting2","floor":32.0,"key":"SMITH"},{"floor":40.0,"key":"RECALL"},{"data":"Adaptation","floor":45.0,"key":"SMITH"},{"data":"FearNoEvil","floor":49.0,"key":"SMITH"},{"data":"Vigilance","floor":53.0,"key":"SMITH"}],"circlet_count":0,"master_deck":["AscendersBane","Defend_P","Defend_P","Eruption+1","Vigilance+1","Tantrum+1","Adaptation+1","Crescendo","FearNoEvil+1","MentalFortress+1","Fasting2+1","Adaptation+1"],"relics":["PureWater","Akabeko","Bloody Idol","Mummified Hand","Orichalcum","Question Card","Juzu Bracelet","Empty Cage","Omamori","Damaru","CeramicFish","OrangePellets","StoneCalendar","Vajra","SlaversCollar","CloakClasp","Bird Faced Urn","Lantern","TheAbacus","Centennial Puzzle","InkBottle"],"acts_visited":["Exordium","TheCity","TheBeyond","TheEnding"],"potions_floor_usage":[],"damage_taken":[{"damage":5.0,"enemies":"2 Louse","floor":1.0,"turns":3.0},{"damage":7.0,"enemies":"Lagavulin","floor":6.0,"turns":5.0},{"damage":0.0,"enemies":"Gremlin Nob","floor":8.0,"turns":2.0},{"damage":0.0,"enemies":"Small Slimes","floor":11.0,"turns":1.0},{"damage":0.0,"enemies":"Jaw Worm","floor":12.0,"turns":2.0},{"damage":24.0,"enemies":"3 Sentries","floor":13.0,"turns":5.0},{"damage":8.0,"enemies":"Red Slaver","floor":14.0,"turns":2.0},{"damage":14.0,"enemies":"Hexaghost","floor":16.0,"turns":3.0},{"damage":3.0,"enemies":"Shell Parasite","floor":18.0,"turns":2.0},{"damage":10.0,"enemies":"3 Byrds","floor":20.0,"turns":4.0},{"damage":22.0,"enemies":"Cultist and Chosen","floor":21.0,"turns":4.0},{"damage":23.0,"enemies":"Book of Stabbing","floor":24.0,"turns":4.0},{"damage":23.0,"enemies":"Gremlin Leader","floor":29.0,"turns":7.0},{"damage":3.0,"enemies":"Champ","floor":33.0,"turns":4.0},{"damage":0.0,"enemies":"Orb Walker","floor":35.0,"turns":1.0},{"damage":0.0,"enemies":"2 Orb Walkers","floor":37.0,"turns":3.0},{"damage":0.0,"enemies":"Mind Bloom Boss Battle","floor":41.0,"turns":3.0},{"damage":0.0,"enemies":"Giant Head","floor":42.0,"turns":4.0},{"damage":0.0,"enemies":"3 Shapes","floor":44.0,"turns":4.0},{"damage":0.0,"enemies":"Spire Growth","floor":47.0,"turns":2.0},{"damage":21.0,"enemies":"4 Shapes","floor":48.0,"turns":4.0},{"damage":3.0,"enemies":"Awakened One","floor":50.0,"turns":3.0},{"damage":3.0,"enemies":"Time Eater","floor":51.0,"turns":3.0},{"damage":7.0,"enemies":"Shield and Spear","floor":55.0,"turns":2.0},{"damage":4,"enemies":"The Heart","floor":56,"turns":6}],"seed_played":"6708278686024544649","potions_obtained":[{"floor":1.0,"key":"Fire Potion"},{"floor":11.0,"key":"SpeedPotion"},{"floor":13.0,"key":"SteroidPotion"},{"floor":14.0,"key":"Strength Potion"},{"floor":18.0,"key":"Ancient Potion"},{"floor":21.0,"key":"Weak Potion"},{"floor":24.0,"key":"LiquidBronze"},{"floor":29.0,"key":"GamblersBrew"},{"floor":35.0,"key":"DistilledChaos"},{"floor":48.0,"key":"FairyPotion"}],"is_trial":false,"path_per_floor":["M","?","$","?","$","E","R","E","T","R","M","M","E","M","R","B",null,"M","T","M","M","?","R","E","R","T","$","R","E","?","?","R","B",null,"M","?","?","?","?","R","?","E","T","M","R","$","M","M","R","B","B",null,"R","$","E","B",null],"character_chosen":"WATCHER","items_purchased":["Akabeko","Tantrum","OrangePellets","TheAbacus","Centennial Puzzle"],"campfire_rested":2,"item_purchase_floors":[3,3,27,46,46],"current_hp_per_floor":[56,56,56,56,56,49,49,49,49,49,49,49,25,17,17,3,43,40,40,30,8,8,24,6,22,27,27,27,14,14,14,14,16,46,51,56,56,56,56,56,56,56,56,56,56,56,56,42,42,47,52,55,55,55,56,56],"gold":64,"neow_bonus":"TWO_FIFTY_GOLD","is_daily":false,"chose_seed":false,"campfire_upgraded":8,"win_rate":0.0,"timestamp":1609558293,"path_taken":["M","?","$","?","$","E","R","E","T","R","?","M","E","M","R","BOSS","M","?","M","M","?","R","E","R","T","?","R","E","?","?","R","BOSS","M","?","?","?","?","R","?","E","T","M","R","$","M","M","R","BOSS","BOSS","R","$","E","BOSS"],"items_purchased_type":["Relic","Card","Relic","Relic","Relic"],"build_version":"2020-12-22","purchased_purges":4,"victory":true,"max_hp_per_floor":[62,62,62,56,56,56,56,56,56,56,56,56,56,56,56,56,56,56,56,56,56,56,56,56,56,56,56,56,56,56,56,56,56,56,56,56,56,56,56,56,56,56,56,56,56,56,56,56,56,56,56,56,56,56,56,56],"relic_stats":{"counters":[25,83],"CeramicFish":18,"StoneCalendar":[0],"Juzu Bracelet":2,"CloakClasp":[100],"Orichalcum":[42],"Question Card":19,"OrangePellets":[19],"Centennial Puzzle":[15],"TheAbacus":[540],"Mummified Hand":[51],"Bloody Idol":36,"Bird Faced Urn":[29],"obtain_stats":[{"Lantern":42,"Golden Idol":4,"CeramicFish":26,"Damaru":24,"Vajra":30,"StoneCalendar":29,"Juzu Bracelet":13,"Omamori":19,"CloakClasp":37,"Orichalcum":8,"Question Card":9,"Empty Cage":17,"Akabeko":3,"OrangePellets":27,"SlaversCollar":34,"Centennial Puzzle":46,"TheAbacus":46,"Mummified Hand":6,"Bloody Idol":22,"Bird Faced Urn":41,"PureWater":0,"InkBottle":55},{"Lantern":18,"Golden Idol":1,"CeramicFish":12,"Damaru":12,"Vajra":13,"StoneCalendar":13,"Juzu Bracelet":6,"Omamori":9,"CloakClasp":16,"Orichalcum":3,"Question Card":3,"Empty Cage":8,"Akabeko":1,"OrangePellets":12,"SlaversCollar":14,"Centennial Puzzle":19,"TheAbacus":19,"Mummified Hand":2,"Bloody Idol":11,"Bird Faced Urn":17,"PureWater":0,"InkBottle":24},{"Lantern":59,"Golden Idol":3,"CeramicFish":37,"Damaru":37,"Vajra":44,"StoneCalendar":44,"Juzu Bracelet":18,"Omamori":25,"CloakClasp":52,"Orichalcum":10,"Question Card":10,"Empty Cage":23,"Akabeko":3,"OrangePellets":37,"SlaversCollar":48,"Centennial Puzzle":63,"TheAbacus":63,"Mummified Hand":8,"Bloody Idol":33,"Bird Faced Urn":55,"PureWater":0,"InkBottle":77}],"InkBottle":[3]},"card_choices":[{"not_picked":["EmptyBody","Halt","EmptyMind"],"picked":"SKIP","floor":8.0},{"not_picked":["Protect","WaveOfTheHand","JustLucky","Consecrate"],"picked":"SKIP","floor":11.0},{"not_picked":["FlurryOfBlows","Consecrate","Indignation"],"picked":"Adaptation","floor":12.0},{"not_picked":["FlyingSleeves","CutThroughFate","Wallop","Establishment"],"picked":"SKIP","floor":13.0},{"not_picked":["DeceiveReality","LikeWater","Halt"],"picked":"Crescendo","floor":14.0},{"not_picked":["CutThroughFate","Meditate","Wireheading","CrushJoints"],"picked":"SKIP","floor":18.0},{"not_picked":["Study","Vengeance","Weave"],"picked":"FearNoEvil","floor":20.0},{"not_picked":["Evaluate","BowlingBash","EmptyBody"],"picked":"MentalFortress","floor":21.0},{"not_picked":["FlyingSleeves","Sanctity","WindmillStrike","ForeignInfluence"],"picked":"SKIP","floor":24.0},{"not_picked":["FollowUp","CrushJoints","Prostrate"],"picked":"Fasting2","floor":29.0},{"not_picked":["FollowUp","CarveReality","Collect","BowlingBash+1"],"picked":"SKIP","floor":35.0},{"not_picked":["Protect","ForeignInfluence","FollowUp+1","Consecrate"],"picked":"SKIP","floor":42.0},{"not_picked":["Vengeance","PathToVictory","Protect+1"],"picked":"Adaptation","floor":44.0},{"not_picked":["WaveOfTheHand","DeceiveReality","Weave","Consecrate"],"picked":"SKIP","floor":47.0},{"not_picked":["Consecrate","ThirdEye","Crescendo+1","ConjureBlade"],"picked":"SKIP","floor":48.0},{"not_picked":["Consecrate","FollowUp","Evaluate","PathToVictory"],"picked":"SKIP","floor":55.0}],"player_experience":3345682,"relics_obtained":[{"floor":6.0,"key":"Mummified Hand"},{"floor":8.0,"key":"Orichalcum"},{"floor":9.0,"key":"Question Card"},{"floor":13.0,"key":"Juzu Bracelet"},{"floor":19.0,"key":"Omamori"},{"floor":24.0,"key":"Damaru"},{"floor":26.0,"key":"CeramicFish"},{"floor":29.0,"key":"StoneCalendar"},{"floor":37.0,"key":"CloakClasp"},{"floor":41.0,"key":"Bird Faced Urn"},{"floor":42.0,"key":"Lantern"},{"floor":55.0,"key":"InkBottle"}],"event_choices":[{"damage_healed":0.0,"max_hp_gain":0.0,"max_hp_loss":0.0,"gold_gain":150.0,"event_name":"Liars Game","player_choice":"AGREE","floor":2.0,"gold_loss":0.0,"damage_taken":0.0,"cards_obtained":["Doubt"]},{"damage_healed":0.0,"max_hp_gain":0.0,"max_hp_loss":6.0,"gold_gain":0.0,"event_name":"Golden Idol","player_choice":"Lose Max HP","floor":4.0,"gold_loss":0.0,"damage_taken":0.0,"relics_obtained":["Golden Idol"]},{"damage_healed":0.0,"max_hp_gain":0.0,"max_hp_loss":0.0,"gold_gain":0.0,"event_name":"Forgotten Altar","player_choice":"Gave Idol","floor":22.0,"relics_lost":["Golden Idol"],"gold_loss":0.0,"damage_taken":0.0,"relics_obtained":["Bloody Idol"]},{"damage_healed":0.0,"max_hp_gain":0.0,"max_hp_loss":0.0,"gold_gain":0.0,"event_name":"Addict","player_choice":"Stole Relic","floor":30.0,"gold_loss":0.0,"damage_taken":0.0,"relics_obtained":["Vajra"],"cards_obtained":["Shame"]},{"damage_healed":0.0,"max_hp_gain":0.0,"max_hp_loss":0.0,"gold_gain":0.0,"event_name":"Match and Keep!","player_choice":"0 cards matched","floor":31.0,"gold_loss":0.0,"damage_taken":0.0,"cards_obtained":[]},{"damage_healed":11.0,"max_hp_gain":0.0,"max_hp_loss":0.0,"gold_gain":0.0,"event_name":"Winding Halls","player_choice":"Writhe","floor":36.0,"gold_loss":0.0,"damage_taken":0.0,"cards_obtained":["Writhe"]},{"damage_healed":0.0,"max_hp_gain":0.0,"max_hp_loss":0.0,"gold_gain":0.0,"event_name":"Mysterious Sphere","player_choice":"Fight","floor":37.0,"gold_loss":0.0,"damage_taken":0.0},{"damage_healed":0.0,"max_hp_gain":0.0,"max_hp_loss":0.0,"gold_gain":0.0,"event_name":"Tomb of Lord Red Mask","player_choice":"Ignored","floor":38.0,"gold_loss":0.0,"damage_taken":0.0},{"cards_removed":["Strike_P"],"damage_healed":0.0,"max_hp_gain":0.0,"max_hp_loss":0.0,"gold_gain":0.0,"event_name":"Falling","player_choice":"Removed Attack","floor":39.0,"gold_loss":0.0,"damage_taken":0.0},{"damage_healed":0.0,"max_hp_gain":0.0,"max_hp_loss":0.0,"gold_gain":0.0,"event_name":"MindBloom","player_choice":"Fight","floor":41.0,"gold_loss":0.0,"damage_taken":0.0}],"is_beta":false,"boss_relics":[{"not_picked":["Velvet Choker","Tiny House"],"picked":"Empty Cage"},{"not_picked":["Snecko Eye","Runic Dome"],"picked":"SlaversCollar"}],"items_purged_floors":[3,5,27,46],"is_endless":false,"potions_floor_spawned":[1,11,13,14,18,21,24,29,35,48],"ascension_level":20}}