{"host":"qgru5siit3fz0wh9","time":1609590745,"event":{"mods":["AchievementEnabler","BaseMod","Highlight Path","Minty Spire (QoL Compilation)"],"gold_per_floor":[116,116,191,211,144,175,175,175,199,199,227,245,273,285,285,385,385,398,413,45,45,63,91,108,143,143,162,177,207,225,242,242,342,342,357,159,159,173,173,208,218,237,285,24,51,65,65,65],"floor_reached":47,"playtime":3285,"items_purged":["Strike_B","Machine Learning"],"score":713,"play_id":"0f1d9d30-4ffe-4936-adc5-64b6ce3d1fd2","local_time":"20210102133225","is_ascension_mode":true,"campfire_choices":[{"data":"Streamline","floor":8,"key":"SMITH"},{"floor":15,"key":"REST"},{"floor":32,"key":"REST"}],"circlet_count":0,"master_deck":["Strike_B","Defend_B","Defend_B","Defend_B","Zap","Dualcast","Self Repair","Streamline+1","Self Repair","Creative AI+1","Meteor Strike","Fusion","Darkness","Electrodynamics","Rebound","Machine Learning","Force Field","Leap+1","Coolheaded+1","Melter+1","Force Field+1","Sweeping Beam+1","Seek+1","Turbo+1","Chill+1","Recycle+1","Defragment+1","Darkness+1","Loop+1","Conserve Battery+1"],"relics":["Cracked Core","NeowsBlessing","Sundial","Strawberry","Bottled Tornado","Tiny Chest","Snecko Eye","Happy Flower","Medical Kit","Toxic Egg 2","Akabeko","Kunai","Gremlin Horn","Nuclear Battery","Membership Card","Frozen Egg 2","Molten Egg 2","Lantern","Turnip","Meat on the Bone"],"acts_visited":["Exordium","TheCity","TheBeyond"],"potions_floor_usage":[13,16,23,29,33,33,35,38,40,45,46,47],"damage_taken":[{"damage":0,"enemies":"Jaw Worm","floor":1,"turns":1},{"damage":0,"enemies":"Small Slimes","floor":4,"turns":1},{"damage":0,"enemies":"Gremlin Nob","floor":6,"turns":1},{"damage":45,"enemies":"3 Sentries","floor":11,"turns":6},{"damage":1,"enemies":"Cultist","floor":12,"turns":4},{"damage":23,"enemies":"Lagavulin","floor":13,"turns":6},{"damage":31,"enemies":"Exordium Wildlife","floor":14,"turns":6},{"damage":54,"enemies":"Hexaghost","floor":16,"turns":8},{"damage":1,"enemies":"Spheric Guardian","floor":18,"turns":3},{"damage":39,"enemies":"2 Thieves","floor":19,"turns":3},{"damage":0,"enemies":"Chosen and Byrds","floor":22,"turns":4},{"damage":11,"enemies":"Gremlin Leader","floor":23,"turns":6},{"damage":17,"enemies":"Centurion and Healer","floor":24,"turns":3},{"damage":25,"enemies":"Book of Stabbing","floor":25,"turns":4},{"damage":13,"enemies":"Cultist and Chosen","floor":27,"turns":4},{"damage":12,"enemies":"Shelled Parasite and Fungi","floor":28,"turns":4},{"damage":30,"enemies":"Gremlin Leader","floor":29,"turns":4},{"damage":15,"enemies":"Snecko","floor":30,"turns":4},{"damage":0,"enemies":"Centurion and Healer","floor":31,"turns":4},{"damage":58,"enemies":"Automaton","floor":33,"turns":7},{"damage":0,"enemies":"Orb Walker","floor":35,"turns":3},{"damage":19,"enemies":"3 Shapes","floor":38,"turns":3},{"damage":31,"enemies":"Reptomancer","floor":40,"turns":7},{"damage":0,"enemies":"Sphere and 2 Shapes","floor":41,"turns":3},{"damage":9,"enemies":"4 Shapes","floor":42,"turns":4},{"damage":91,"enemies":"Giant Head","floor":45,"turns":8},{"damage":26,"enemies":"Writhing Mass","floor":46,"turns":5},{"damage":38,"enemies":"Nemesis","floor":47,"turns":4}],"seed_played":"-151625117316846344","potions_obtained":[{"floor":1,"key":"Dexterity Potion"},{"floor":12,"key":"FairyPotion"},{"floor":14,"key":"Fire Potion"},{"floor":18,"key":"Explosive Potion"},{"floor":23,"key":"Fire Potion"},{"floor":27,"key":"Strength Potion"},{"floor":28,"key":"EssenceOfDarkness"},{"floor":30,"key":"Dexterity Potion"},{"floor":33,"key":"SkillPotion"},{"floor":37,"key":"FairyPotion"},{"floor":37,"key":"Regen Potion"},{"floor":40,"key":"Swift Potion"},{"floor":45,"key":"SkillPotion"},{"floor":46,"key":"Block Potion"}],"is_trial":false,"path_per_floor":["M","$","?","M","$","E","?","R","T","?","E","M","E","M","R","B",null,"M","M","$","?","M","E","M","E","T","M","M","E","M","M","R","B",null,"M","$","?","M","T","E","M","M","T","$","E","M","E"],"character_chosen":"DEFECT","items_purchased":["Self Repair","Happy Flower","Medical Kit","Membership Card","Lantern","Turnip","Loop+1"],"campfire_rested":2,"item_purchase_floors":[5,20,20,36,44,44,44],"current_hp_per_floor":[75,75,64,64,64,64,64,64,71,71,40,53,44,27,51,38,82,82,50,50,50,64,67,57,39,39,47,49,33,32,46,70,26,82,82,82,82,77,77,75,82,82,82,82,38,38,0,0],"gold":65,"neow_bonus":"THREE_ENEMY_KILL","is_daily":false,"chose_seed":false,"campfire_upgraded":1,"win_rate":0.0,"timestamp":1609590745,"path_taken":["M","$","?","M","$","E","?","R","T","?","E","?","E","M","R","BOSS","M","M","$","?","M","E","M","E","T","M","M","E","M","M","R","BOSS","M","$","?","?","?","E","M","M","T","$","E","M","E"],"items_purchased_type":["Card","Relic","Relic","Relic","Relic","Relic","Card"],"build_version":"2020-12-22","purchased_purges":2,"victory":false,"max_hp_per_floor":[75,75,75,75,75,75,75,75,82,82,82,82,82,82,82,82,82,82,82,82,82,82,82,82,82,82,82,82,82,82,82,82,82,82,82,82,82,82,82,82,82,82,82,82,82,82,82,82],"card_choices":[{"not_picked":["Undo","Chaos"],"picked":"Self Repair","floor":1},{"not_picked":["Steam","Hologram"],"picked":"Streamline","floor":4},{"not_picked":["Leap","Sunder"],"picked":"Creative AI","floor":6},{"not_picked":["Cold Snap","Auto Shields"],"picked":"Meteor Strike","floor":11},{"not_picked":["Hello World","Stack"],"picked":"Fusion","floor":12},{"not_picked":["Leap","Cold Snap"],"picked":"Machine Learning","floor":13},{"not_picked":["Cold Snap","Leap"],"picked":"Darkness","floor":14},{"not_picked":["All For One","Meteor Strike"],"picked":"Electrodynamics","floor":16},{"not_picked":["Barrage","Auto Shields","Steam"],"picked":"SKIP","floor":18},{"not_picked":["Hologram","Barrage+1"],"picked":"Rebound","floor":19},{"not_picked":["Gash","Consume"],"picked":"Leap+1","floor":22},{"not_picked":["Cold Snap+1","Melter"],"picked":"Coolheaded+1","floor":23},{"not_picked":["Steam Power+1","Barrage","Go for the Eyes"],"picked":"SKIP","floor":24},{"not_picked":["Electrodynamics","Rebound"],"picked":"Melter+1","floor":25},{"not_picked":["Go for the Eyes+1","Steam+1","Beam Cell"],"picked":"SKIP","floor":27},{"not_picked":["Steam+1","FTL"],"picked":"Force Field+1","floor":28},{"not_picked":["Chaos+1","Streamline"],"picked":"Sweeping Beam+1","floor":29},{"not_picked":["Blizzard","Barrage","Leap+1"],"picked":"SKIP","floor":30},{"not_picked":["Go for the Eyes","Rebound","Recycle+1"],"picked":"SKIP","floor":31},{"not_picked":["Reboot+1","Rainbow+1"],"picked":"Seek+1","floor":33},{"not_picked":["Conserve Battery+1","Heatsinks+1"],"picked":"Turbo+1","floor":35},{"not_picked":["Barrage","Skim+1"],"picked":"Chill+1","floor":38},{"not_picked":["BootSequence+1","Coolheaded+1"],"picked":"Recycle+1","floor":40},{"not_picked":["Hello World+1","Beam Cell+1"],"picked":"Defragment+1","floor":41},{"not_picked":["Conserve Battery+1","Consume+1"],"picked":"Darkness+1","floor":42},{"not_picked":["Undo+1","Amplify+1"],"picked":"Conserve Battery+1","floor":45},{"not_picked":["Reprogram+1","Aggregate+1","Barrage+1"],"picked":"SKIP","floor":46}],"player_experience":379499,"relics_obtained":[{"floor":6,"key":"Sundial"},{"floor":9,"key":"Strawberry"},{"floor":11,"key":"Bottled Tornado"},{"floor":13,"key":"Tiny Chest"},{"floor":23,"key":"Toxic Egg 2"},{"floor":25,"key":"Akabeko"},{"floor":26,"key":"Kunai"},{"floor":29,"key":"Gremlin Horn"},{"floor":39,"key":"Frozen Egg 2"},{"floor":40,"key":"Molten Egg 2"},{"floor":45,"key":"Meat on the Bone"}],"event_choices":[{"damage_healed":0,"gold_gain":75,"player_choice":"Gather Gold","damage_taken":11,"max_hp_gain":0,"max_hp_loss":0,"event_name":"World of Goop","floor":3,"gold_loss":0},{"damage_healed":0,"gold_gain":0,"player_choice":"Grow","damage_taken":0,"max_hp_gain":0,"max_hp_loss":0,"event_name":"Living Wall","floor":7,"gold_loss":0,"cards_upgraded":["Creative AI"]},{"cards_removed":["Strike_B"],"damage_healed":0,"gold_gain":0,"player_choice":"Purged","damage_taken":0,"max_hp_gain":0,"max_hp_loss":0,"event_name":"Purifier","floor":10,"gold_loss":0},{"damage_healed":0,"gold_gain":0,"cards_transformed":["Strike_B","Defend_B"],"player_choice":"Became Test Subject","damage_taken":0,"max_hp_gain":0,"max_hp_loss":0,"event_name":"Drug Dealer","floor":21,"gold_loss":0,"cards_obtained":["Machine Learning","Force Field"]},{"damage_healed":0,"gold_gain":0,"player_choice":"Got Potions","damage_taken":0,"max_hp_gain":0,"max_hp_loss":0,"event_name":"Lab","floor":37,"gold_loss":0}],"is_beta":false,"boss_relics":[{"not_picked":["Runic Dome","Sozu"],"picked":"Snecko Eye"},{"not_picked":["Empty Cage","Black Star"],"picked":"Nuclear Battery"}],"items_purged_floors":[20,36],"is_endless":false,"potions_floor_spawned":[1,12,14,18,23,27,28,30,33,40,45,46],"killed_by":"Nemesis","ascension_level":4}}