{"host":"6dypmz777xraikqf","time":1609589375,"event":{"mods":["AchievementEnabler","BaseMod","BetterRewards","Colored Map","Colored Powertips","Downfall","Highlight Path","Hubris","Infinite Spire","Minty Spire (QoL Compilation)","Replay The Spire","StSLib"],"gold_per_floor":[116,126,126,126,146,146,146,165,165,65,82,82,93,106,106,203,203,203,203],"floor_reached":18,"playtime":1531,"items_purged":["Strike_R","Strike_R"],"score":305,"play_id":"c9350eb1-dbdb-46be-af77-17a4d4ee75be","local_time":"20210102120935","is_ascension_mode":true,"campfire_choices":[{"data":"ReplayTheSpireMod:Muscle Training","floor":6,"key":"SMITH"},{"data":"Neutralize","floor":12,"key":"SMITH"},{"data":"Body Slam","floor":15,"key":"SMITH"}],"circlet_count":0,"master_deck":["Strike_R","Strike_R","Defend_R","Defend_R","Defend_R","Defend_R","Body Slam+1","ReplayTheSpireMod:Muscle Training+1","Survivor","Neutralize+1","Headbutt","Flame Barrier","Defy Death","Dark Embrace","Exhume"],"relics":["Burning Blood","hubris:Towel","Mummified Hand","hubris:BlackHole"],"acts_visited":["Exordium","TheCity"],"potions_floor_usage":[16,18],"damage_taken":[{"damage":6,"enemies":"Cultist","floor":1,"turns":4},{"damage":4,"enemies":"Jaw Worm","floor":2,"turns":4},{"damage":7,"enemies":"2 Louse","floor":5,"turns":3},{"damage":9,"enemies":"Gremlin Gang","floor":8,"turns":6},{"damage":1,"enemies":"Exordium Wildlife","floor":11,"turns":4},{"damage":2,"enemies":"2 Fungi Beasts","floor":13,"turns":6},{"damage":6,"enemies":"Large Slime","floor":14,"turns":9},{"damage":43,"enemies":"Fading Forest","floor":16,"turns":11},{"damage":12,"enemies":"3 Byrds","floor":18,"turns":5}],"seed_played":"-3721717861859506200","potions_obtained":[{"floor":2,"key":"Block Potion"},{"floor":8,"key":"Energy Potion"},{"floor":16,"key":"ColorlessPotion"}],"is_trial":false,"path_per_floor":["M","M","?","?","M","R","?","M","T","$","M","R","M","M","R","B",null,"M"],"character_chosen":"IRONCLAD","items_purchased":[],"campfire_rested":0,"item_purchase_floors":[],"current_hp_per_floor":[80,80,80,80,79,79,79,76,76,76,80,80,80,80,80,43,80,68,68],"gold":203,"neow_bonus":"","is_daily":false,"chose_seed":false,"campfire_upgraded":3,"win_rate":0.0,"timestamp":1609589375,"path_taken":["M","?","?","?","M","R","?","M","T","$","?","R","?","M","R","BOSS","M"],"items_purchased_type":[],"build_version":"2020-12-22","purchased_purges":2,"victory":false,"max_hp_per_floor":[80,80,80,80,80,80,80,80,80,80,80,80,80,80,80,80,80,80,80],"card_choices":[{"not_picked":["Cleave","Shockwave"],"picked":"Body Slam","floor":1},{"not_picked":["Bloodletting","Havoc"],"picked":"ReplayTheSpireMod:Muscle Training","floor":2},{"not_picked":["Havoc","Iron Wave"],"picked":"Headbutt","floor":5},{"not_picked":["Cleave","Dual Wield"],"picked":"Flame Barrier","floor":8},{"not_picked":["hubris:ReadiedAction","Anger","Run Through"],"picked":"SKIP","floor":11},{"not_picked":["Iron Wave","Thunderclap"],"picked":"Defy Death","floor":13},{"not_picked":["Shrug It Off","Wild Strike"],"picked":"Dark Embrace","floor":14},{"not_picked":["Brutality","Feed"],"picked":"Exhume","floor":16}],"player_experience":62801,"relics_obtained":[{"floor":9,"key":"Mummified Hand"}],"event_choices":[{"cards_removed":["Strike_R"],"damage_healed":0,"gold_gain":0,"player_choice":"Offered Basic","damage_taken":0,"max_hp_gain":0,"max_hp_loss":0,"event_name":"Bonfire Elementals","floor":7,"gold_loss":0}],"is_beta":false,"boss_relics":[{"not_picked":["SlaversCollar","Tiny House"],"picked":"hubris:BlackHole"}],"items_purged_floors":[0,10],"is_endless":false,"potions_floor_spawned":[2,8,16],"killed_by":"3 Byrds","ascension_level":4}}