{"host":"sfkslwp4t49i7lrt","time":1609588153,"event":{"mods":["BaseMod","Bestiary","Block Reminder","Downfall","Highlight Path","Minty Spire (QoL Compilation)","Relic Stats","StSLib","everything is the same but u backflip on backflip","slay the spire mod where everything is the same but ironclad has a cowboy hat"],"gold_per_floor":[199,209,219,219,219,237,237,264,284,384,384,37,65,78,90,194,194,194,206,216,216,216,245,245,245,276,287,304,204,204,219,233,336,336,336,354,373,392,392,392,392,392,413,313,325,325,352,383,283,283,283,314,17,17,17],"floor_reached":56,"playtime":3486,"items_purged":["champ:Strike","champ:Strike","champ:Strike"],"score":1497,"play_id":"e095afd1-08fb-4537-b642-31bc7b026b80","local_time":"20210102184913","is_ascension_mode":true,"campfire_choices":[{"data":"champ:Taunt","floor":1,"key":"SMITH"},{"data":"champ:Improvising","floor":18,"key":"SMITH"},{"data":"champ:AdrenalArmor","floor":29,"key":"SMITH"},{"data":"champ:CrownThrow","floor":35,"key":"SMITH"},{"floor":42,"key":"RECALL"},{"data":"expansioncontent:Chronoboost","floor":44,"key":"SMITH"},{"data":"champ:EnragedBash","floor":49,"key":"SMITH"},{"floor":54,"key":"REST"}],"circlet_count":0,"master_deck":["champ:Defend","champ:Defend","champ:Defend","champ:Defend+1","champ:Execute","champ:Taunt+1","champ:RisingSlash","champ:GutPunch","champ:RisingSlash","champ:DeathBlow","champ:Improvising+1","champ:AdrenalArmor+1","champ:BringItOn","champ:BerserkerStyle","champ:CrownThrow+1","champ:FocusedBerserking+1","champ:HeartStrike","champ:Devastate","champ:Backstep+1","champ:ArenaPreparation+1","champ:BerserkersShout+1","champ:Encircle+1","champ:EnragedBash+1","expansioncontent:Collect","expansioncontent:Chronoboost+1","expansioncontent:GuardianWhirl","champ:Haymaker+1","champ:Endure+1","champ:EnchantSword"],"relics":["champ:ChampionCrown","Letter Opener","Oddly Smooth Stone","CloakClasp","Toy Ornithopter","HandDrill","Vajra","Snecko Eye","Enchiridion","champ:GladiatorsBookOfMartialProwess","PreservedInsect","Shuriken","downfall:HeartBlessingBlue","Runic Dome","Mercury Hourglass","Lee\u0027s Waffle","downfall:HeartBlessingRed","War Paint","Unceasing Top","downfall:HeartBlessingGreen","Pen Nib","Membership Card"],"acts_visited":["Exordium","TheCity","TheBeyond","TheEnding"],"potions_floor_usage":[8,12,13,16,33,33,55],"damage_taken":[{"damage":7,"enemies":"Jaw Worm","floor":2,"turns":5},{"damage":5,"enemies":"Cultist","floor":3,"turns":4},{"damage":5,"enemies":"2 Louse","floor":6,"turns":2},{"damage":10,"enemies":"Gremlin Nob","floor":8,"turns":3},{"damage":16,"enemies":"Blue Slaver","floor":9,"turns":3},{"damage":60,"enemies":"Blue Slaver","floor":10,"turns":7},{"damage":43,"enemies":"downfall:FleeingMerchant","floor":12,"turns":4},{"damage":38,"enemies":"Lagavulin","floor":13,"turns":3},{"damage":22,"enemies":"Exordium Wildlife","floor":14,"turns":3},{"damage":31,"enemies":"3 Louse","floor":15,"turns":3},{"damage":50,"enemies":"downfall:Ironclad","floor":16,"turns":6},{"damage":19,"enemies":"Chosen","floor":19,"turns":3},{"damage":16,"enemies":"Spheric Guardian","floor":20,"turns":3},{"damage":39,"enemies":"Book of Stabbing","floor":23,"turns":5},{"damage":39,"enemies":"Slavers","floor":26,"turns":4},{"damage":22,"enemies":"Chosen and Byrds","floor":27,"turns":3},{"damage":26,"enemies":"Snecko","floor":28,"turns":3},{"damage":54,"enemies":"Centurion and Healer","floor":31,"turns":8},{"damage":27,"enemies":"Shelled Parasite and Fungi","floor":32,"turns":3},{"damage":63,"enemies":"downfall:Defect","floor":33,"turns":4},{"damage":25,"enemies":"3 Shapes","floor":36,"turns":2},{"damage":49,"enemies":"3 Darklings","floor":37,"turns":3},{"damage":83,"enemies":"Maw","floor":38,"turns":7},{"damage":44,"enemies":"downfall:FleeingMerchant","floor":43,"turns":4},{"damage":24,"enemies":"Sphere and 2 Shapes","floor":45,"turns":6},{"damage":39,"enemies":"Nemesis","floor":48,"turns":5},{"damage":48,"enemies":"downfall:Watcher","floor":50,"turns":5},{"damage":62,"enemies":"downfall:CharBossMerchant","floor":52,"turns":5},{"damage":263,"enemies":"downfall:NeowBoss","floor":55,"turns":18}],"seed_played":"-3053256748164799987","potions_obtained":[{"floor":2,"key":"AttackPotion"},{"floor":6,"key":"Energy Potion"},{"floor":8,"key":"Fruit Juice"},{"floor":13,"key":"Block Potion"},{"floor":15,"key":"ColorlessPotion"},{"floor":19,"key":"FearPotion"},{"floor":32,"key":"Dexterity Potion"},{"floor":37,"key":"Fire Potion"},{"floor":38,"key":"SteroidPotion"}],"is_trial":false,"path_per_floor":["R","M","M","?","?","M","T","E","M","?","T","$","E","M","M","B",null,"R","M","M","?","?","E","T","?","E","M","M","R","?","M","M","B",null,"R","M","M","M","?","?","T","R","$","R","M","?","T","E","R","B",null,"E","$","R","B",null],"character_chosen":"THE_CHAMP","items_purchased":["HandDrill","CultistPotion","PowerPotion","Lee\u0027s Waffle","Membership Card","champ:EnchantSword"],"campfire_rested":1,"item_purchase_floors":[12,12,43,43,53,53],"current_hp_per_floor":[90,88,88,88,88,88,88,83,75,60,60,61,66,66,54,43,95,95,95,95,79,79,71,71,71,61,61,60,70,70,62,62,62,110,110,107,99,64,96,86,86,86,103,103,103,103,103,103,103,97,103,59,59,89,46],"gold":17,"neow_bonus":"HUNDRED_GOLD","is_daily":false,"chose_seed":false,"campfire_upgraded":6,"win_rate":0.0,"timestamp":1609588153,"path_taken":["R","M","M","?","?","M","T","E","?","?","?","$","E","M","M","BOSS","R","M","M","?","?","E","T","?","E","M","M","R","?","?","M","BOSS","R","M","M","M","?","?","T","R","?","R","M","?","?","E","R","BOSS","E","$","R","BOSS"],"items_purchased_type":["Relic","Potion","Potion","Relic","Relic","Card"],"build_version":"2020-12-22","purchased_purges":3,"victory":true,"max_hp_per_floor":[90,90,90,90,90,90,90,90,90,90,90,95,95,95,95,95,95,95,95,95,95,95,95,95,95,95,95,95,105,105,110,110,110,110,110,110,110,110,96,96,96,96,103,103,103,103,103,103,103,103,103,103,103,103,103],"relic_stats":{"Lee\u0027s Waffle":17,"counters":[29,133],"PreservedInsect":205,"Pen Nib":[4],"CloakClasp":[314],"Letter Opener":[133],"War Paint":["champ:Defend","champ:FocusedBerserking"],"Mercury Hourglass":[97],"Shuriken":[34],"Snecko Eye":[167,155,148,151],"HandDrill":[48],"obtain_stats":[{"Lee\u0027s Waffle":43,"downfall:HeartBlessingRed":44,"Oddly Smooth Stone":8,"Vajra":13,"Enchiridion":21,"champ:ChampionCrown":0,"downfall:HeartBlessingGreen":49,"PreservedInsect":23,"Pen Nib":52,"CloakClasp":10,"Letter Opener":7,"War Paint":47,"champ:GladiatorsBookOfMartialProwess":22,"Mercury Hourglass":41,"Runic Dome":34,"Shuriken":26,"downfall:HeartBlessingBlue":29,"Snecko Eye":17,"HandDrill":12,"Membership Card":53,"Toy Ornithopter":11,"Unceasing Top":48},{"Lee\u0027s Waffle":24,"downfall:HeartBlessingRed":24,"Oddly Smooth Stone":4,"Vajra":8,"Enchiridion":13,"champ:ChampionCrown":0,"downfall:HeartBlessingGreen":26,"PreservedInsect":14,"Pen Nib":28,"CloakClasp":6,"Letter Opener":3,"War Paint":25,"champ:GladiatorsBookOfMartialProwess":13,"Mercury Hourglass":23,"Runic Dome":20,"Shuriken":15,"downfall:HeartBlessingBlue":17,"Snecko Eye":11,"HandDrill":7,"Membership Card":28,"Toy Ornithopter":6,"Unceasing Top":26},{"Lee\u0027s Waffle":95,"downfall:HeartBlessingRed":95,"Oddly Smooth Stone":14,"Vajra":31,"Enchiridion":49,"champ:ChampionCrown":0,"downfall:HeartBlessingGreen":105,"PreservedInsect":54,"Pen Nib":115,"CloakClasp":24,"Letter Opener":11,"War Paint":100,"champ:GladiatorsBookOfMartialProwess":49,"Mercury Hourglass":91,"Runic Dome":79,"Shuriken":58,"downfall:HeartBlessingBlue":64,"Snecko Eye":43,"HandDrill":28,"Membership Card":115,"Toy Ornithopter":24,"Unceasing Top":105}],"Toy Ornithopter":30,"Unceasing Top":[0]},"card_choices":[{"not_picked":["champ:EnGarde","champ:ViciousMockery"],"picked":"champ:RisingSlash","floor":2},{"not_picked":["champ:Circumvent","champ:BerserkersShout"],"picked":"champ:GutPunch","floor":3},{"not_picked":["champ:BerserkersShout","champ:Circumvent"],"picked":"champ:DeathBlow","floor":6},{"not_picked":["champ:SetATrap","champ:FalseCounter"],"picked":"champ:Improvising","floor":8},{"not_picked":["champ:FancyFootwork","champ:DefensiveStyle"],"picked":"champ:AdrenalArmor","floor":9},{"not_picked":["champ:RecklessLeap","champ:GutPunch"],"picked":"champ:BringItOn","floor":10},{"not_picked":["champ:DefensiveStyle","champ:EnGarde"],"picked":"champ:BerserkerStyle","floor":12},{"not_picked":["champ:GladiatorStyle","champ:GladiatorForm"],"picked":"champ:CrownThrow","floor":13},{"not_picked":["champ:ShieldSigil","champ:RageSigil"],"picked":"champ:FocusedBerserking","floor":14},{"not_picked":["champ:EnGarde","champ:TornadoPunch"],"picked":"champ:HeartStrike","floor":15},{"not_picked":["champ:StrikeOfGenius","champ:ShieldThrow"],"picked":"champ:Devastate","floor":16},{"not_picked":["champ:ShieldSigil+1","champ:EnGarde"],"picked":"champ:Backstep+1","floor":19},{"not_picked":["champ:FalseCounter+1","champ:SkillfulDodge+1"],"picked":"champ:ArenaPreparation+1","floor":20},{"not_picked":["champ:BringItOn","champ:ShieldSigil"],"picked":"champ:BerserkersShout+1","floor":23},{"not_picked":["champ:ShieldSlam","champ:DefensiveStyle"],"picked":"champ:Encircle+1","floor":26},{"not_picked":["champ:BladeFlurry","champ:SwordSigil+1","champ:DefensiveShout"],"picked":"SKIP","floor":27},{"not_picked":["champ:FanOfKnives","champ:SwordSigil"],"picked":"champ:FightOn+1","floor":28},{"not_picked":["champ:ShieldWall","champ:FightOn","champ:DefensiveShout"],"picked":"SKIP","floor":31},{"not_picked":["champ:SkillfulDodge+1","champ:BerserkersShout"],"picked":"champ:EnragedBash","floor":32},{"not_picked":["champ:FlashCut","champ:EnGarde+1","champ:FalseCounter+1"],"picked":"SKIP","floor":36},{"not_picked":["champ:RageSigil","champ:ShieldSigil","champ:BerserkersShout"],"picked":"SKIP","floor":37},{"not_picked":["champ:Parry+1","champ:StanceDance+1","champ:BringItOn"],"picked":"SKIP","floor":38},{"not_picked":["expansioncontent:DefensiveStance","expansioncontent:GuardianWhirl"],"picked":"expansioncontent:Collect","floor":40},{"not_picked":["expansioncontent:Flail","expansioncontent:SuperHexaguard"],"picked":"expansioncontent:Chronoboost","floor":40},{"not_picked":["expansioncontent:Torchfire","expansioncontent:DarkVoid"],"picked":"expansioncontent:GuardianWhirl","floor":40},{"not_picked":["champ:Shatter","champ:RageSigil"],"picked":"champ:Haymaker+1","floor":43},{"not_picked":["champ:FlashCut","champ:RisingSlash"],"picked":"champ:Endure+1","floor":45},{"not_picked":["champ:RapidStrikes","champ:CrookedStrike","champ:GutPunch"],"picked":"SKIP","floor":48},{"not_picked":["champ:PerfectedStrike+1","champ:Circumvent+1","champ:Lariat+1"],"picked":"SKIP","floor":52}],"player_experience":425119,"relics_obtained":[{"floor":7,"key":"Letter Opener"},{"floor":8,"key":"Oddly Smooth Stone"},{"floor":10,"key":"CloakClasp"},{"floor":11,"key":"Toy Ornithopter"},{"floor":13,"key":"Vajra"},{"floor":21,"key":"Enchiridion"},{"floor":23,"key":"PreservedInsect"},{"floor":26,"key":"Shuriken"},{"floor":41,"key":"Mercury Hourglass"},{"floor":47,"key":"War Paint"},{"floor":48,"key":"Unceasing Top"},{"floor":52,"key":"Pen Nib"}],"event_choices":[],"is_beta":false,"boss_relics":[{"not_picked":["Calling Bell","bronze:MakeshiftBattery"],"picked":"Snecko Eye"},{"not_picked":["Tiny House","Runic Pyramid"],"picked":"Runic Dome"}],"items_purged_floors":[12,43,53],"is_endless":false,"potions_floor_spawned":[2,6,8,13,15,19,23,28,32,37,38,45,48],"ascension_level":4}}