{"host":"kpklgwyuz86bov3e","time":1609566763,"event":{"mods":["Aspiration","BaseMod","Better Third Choice","BetterRewards","Conspire","Energized Spire","GifTheSpireLib","Halation","Highlight Path","Hubris","Jedi Mod","Minty Spire (QoL Compilation)","Permanent Neow","Relic Sorter","Replay The Spire","Shop Mod","Spicy Shops","Spikes Relics","StSLib","Stuff the Spire","The Blue Laboratory","Waifu the Spire","slay the spire mod where everything is the same but ironclad has a cowboy hat"],"gold_per_floor":[110,122,122,22,22,49,59,59,59,59,82,82,100,128,128,227,177,192,45,57,70,2,2,37,37,37,37,56,89,89,109,109,210,210,123,223,239,239,254,254,138,154,178,204,204,220,239,255,255,255],"floor_reached":51,"playtime":4562,"items_purged":["Strike_G","Strike_G"],"score":1025,"play_id":"19039b39-19c0-40c0-a343-030ffc5fd6ab","local_time":"20210102005243","is_ascension_mode":true,"campfire_choices":[{"data":"Finisher","floor":8,"key":"SMITH"},{"data":"Hidden Blade","floor":10,"key":"SMITH"},{"data":"Hidden Blade","floor":12,"key":"SMITH"},{"data":"Masterful Stab","floor":15,"key":"SMITH"},{"data":"PiercingWail","floor":23,"key":"SMITH"},{"data":"Defend_G+1","floor":25,"key":"SMITH"},{"data":"Noxious Fumes","floor":30,"key":"SMITH"},{"data":"Neutralize","floor":32,"key":"SMITH"},{"data":"Backflip","floor":40,"key":"SMITH"},{"data":"Sneak Up","floor":45,"key":"SMITH"},{"data":"Catalyst","floor":49,"key":"SMITH"}],"circlet_count":0,"master_deck":["Strike_G+1","Defend_G","Defend_G+2","Defend_G","Defend_G","Survivor","Neutralize+1","Sucker Punch+1","Blade Dance+1","Hidden Blade+1","Hidden Blade+1","Finisher+1","PiercingWail+1","Masterful Stab+1","Storm of Steel+1","Backflip+1","Escape Plan","Expertise+1","Noxious Fumes+1","jedi:studyshivs+1","Dodge and Roll+1","Envenom+1","StuffTheSpire:GnomedCurse","Cloak And Dagger+1","StuffTheSpire:DoubleShiv+1","jedi:pocketpoison+1","Sneak Up+1","StuffTheSpire:DoubleShiv+1","Backflip+1","Catalyst+1"],"relics":["Ring of the Snake","Golden Egg","halation:EternalFortune","ReplayTheSpireMod:Shallot","Centennial Puzzle","energizedSpire:HugeHouse","ToxicTincture","conspire:Boomerang","aspiration:Lifesprig","Kintsugi","MerchantsRug","Pen Nib","Smiling Mask","aspiration:ChemicalBlood"],"acts_visited":["Exordium","TheCity","TheBeyond"],"potions_floor_usage":[14],"damage_taken":[{"damage":0,"enemies":"Jaw Worm","floor":1,"turns":2},{"damage":0,"enemies":"2 Louse","floor":2,"turns":2},{"damage":5,"enemies":"3 Sentries","floor":6,"turns":4},{"damage":0,"enemies":"Cultist","floor":7,"turns":2},{"damage":0,"enemies":"Exordium Wildlife","floor":13,"turns":2},{"damage":2,"enemies":"Gremlin Nob","floor":14,"turns":4},{"damage":16,"enemies":"Hexaghost","floor":16,"turns":5},{"damage":0,"enemies":"Chosen","floor":18,"turns":3},{"damage":0,"enemies":"2 Thieves","floor":20,"turns":2},{"damage":0,"enemies":"Snake Plant","floor":21,"turns":2},{"damage":0,"enemies":"conspire:SneckoGhost","floor":24,"turns":2},{"damage":0,"enemies":"Cultist and Chosen","floor":28,"turns":3},{"damage":2,"enemies":"Replay:Snechameleon","floor":29,"turns":4},{"damage":8,"enemies":"Sentry and Sphere","floor":31,"turns":3},{"damage":3,"enemies":"conspire:MysteriousRune","floor":33,"turns":4},{"damage":0,"enemies":"Orb Walker","floor":35,"turns":2},{"damage":0,"enemies":"3 Darklings","floor":37,"turns":3},{"damage":10,"enemies":"Writhing Mass","floor":39,"turns":2},{"damage":0,"enemies":"4 Shapes","floor":42,"turns":4},{"damage":8,"enemies":"Reptomancer","floor":44,"turns":4},{"damage":0,"enemies":"Sphere and 2 Shapes","floor":46,"turns":3},{"damage":3,"enemies":"Maw","floor":47,"turns":5},{"damage":5,"enemies":"Spire Growth","floor":48,"turns":3},{"damage":3,"enemies":"conspire:OrnateMirror","floor":50,"turns":3}],"seed_played":"-2959220303879438104","potions_obtained":[{"floor":6,"key":"blueLaboratory:HummingbirdPotion"},{"floor":13,"key":"blueLaboratory:BottleOfVodka"},{"floor":14,"key":"SpeedPotion"},{"floor":21,"key":"Regen Potion"},{"floor":24,"key":"Strength Potion"},{"floor":31,"key":"LiquidBronze"},{"floor":37,"key":"LiquidBronze"},{"floor":42,"key":"jedi:StrikingPotion"},{"floor":44,"key":"GamblersBrew"},{"floor":47,"key":"PowerPotion"}],"is_trial":false,"path_per_floor":["M","M","?","$","?","E","M","R","T","R","T","R","M","E","R","B",null,"M","$","M","M","$","R","E","R","T","?","M","E","R","M","R","B",null,"M","?","M","?","M","R","$","M","T","E","R","M","M","M","R","B",null],"character_chosen":"THE_SILENT","items_purchased":["Golden Egg","halation:LostSnail","Sucker Punch","Blade Dance","ToxicTincture","Expertise","MerchantsRug","Pen Nib"],"campfire_rested":0,"item_purchase_floors":[0,0,0,0,19,22,41,41],"current_hp_per_floor":[70,70,70,70,73,68,68,68,68,68,68,68,68,66,66,53,71,74,74,74,77,77,77,87,87,87,87,87,85,85,77,77,74,87,87,87,87,87,77,77,77,77,77,69,69,69,66,61,61,58],"gold":255,"neow_bonus":"","is_daily":false,"chose_seed":false,"campfire_upgraded":11,"win_rate":0.0,"timestamp":1609566763,"path_taken":["M","M","?","$","?","E","M","R","T","R","?","R","M","E","R","BOSS","M","?","?","M","$","R","E","R","T","?","M","E","R","M","R","BOSS","M","?","?","?","M","R","$","M","T","E","R","?","?","M","R","BOSS"],"items_purchased_type":["Relic","Relic","Card","Card","Relic","Card","Relic","Relic"],"build_version":"2020-12-22","purchased_purges":2,"victory":true,"max_hp_per_floor":[70,70,70,70,73,73,73,73,73,73,73,73,73,73,73,76,71,74,74,74,77,77,77,87,87,87,87,87,87,87,87,87,87,87,87,87,87,87,87,87,87,87,87,87,87,87,87,87,87,87],"card_choices":[{"not_picked":["Underhanded Strike","Poisoned Stab"],"picked":"Hidden Blade","floor":1},{"not_picked":["Dodge and Roll","Skewer"],"picked":"Hidden Blade","floor":2},{"not_picked":["Bane","Sucker Punch","StuffTheSpire:Injection"],"picked":"SKIP","floor":6},{"not_picked":["Bane","ReplayTheSpireMod:Scrap Shanks"],"picked":"PiercingWail","floor":7},{"not_picked":["ShadowRift","StuffTheSpire:Python"],"picked":"Masterful Stab","floor":13},{"not_picked":["ReplayTheSpireMod:Necrosis","Flying Knee"],"picked":"Wraith Form v2","floor":14},{"not_picked":["Corpse Explosion","Grand Finale"],"picked":"Storm of Steel","floor":16},{"not_picked":["Catalyst","Flying Knee+1","Deadly Poison"],"picked":"SKIP","floor":18},{"not_picked":["All Out Attack+1","Escape Plan"],"picked":"Backflip","floor":20},{"not_picked":["ReplayTheSpireMod:Exploit Weakness","ShadowRift"],"picked":"Escape Plan","floor":21},{"not_picked":["Flying Knee","StuffTheSpire:BumpUp","Expertise"],"picked":"SKIP","floor":24},{"not_picked":["StuffTheSpire:ClusterCrunch+1","PiercingWail"],"picked":"Noxious Fumes","floor":28},{"not_picked":["Riddle With Holes+1","Heel Hook"],"picked":"jedi:studyshivs","floor":29},{"not_picked":["Flying Knee","Tactician"],"picked":"Dodge and Roll+1","floor":31},{"not_picked":["jedi:rejectivetoxin","Grand Finale"],"picked":"Envenom","floor":33},{"not_picked":["StuffTheSpire:BrimstoneBlast","Poisoned Stab"],"picked":"Cloak And Dagger","floor":35},{"not_picked":["Noxious Fumes+1","Prepared"],"picked":"StuffTheSpire:DoubleShiv+1","floor":37},{"not_picked":["Dagger Spray","Sucker Punch"],"picked":"jedi:pocketpoison+1","floor":39},{"not_picked":["StuffTheSpire:Python","Escape Plan+1"],"picked":"Sneak Up","floor":42},{"not_picked":["StuffTheSpire:Python+1","Masterful Stab"],"picked":"StuffTheSpire:DoubleShiv+1","floor":44},{"not_picked":["Bane","StuffTheSpire:Python+1"],"picked":"Backflip+1","floor":46},{"not_picked":["PiercingWail","Terror+1"],"picked":"Catalyst","floor":47},{"not_picked":["Dagger Spray","Outmaneuver+1","StuffTheSpire:Repulse"],"picked":"SKIP","floor":48}],"player_experience":347886,"relics_obtained":[{"floor":6,"key":"Simple Rune"},{"floor":9,"key":"ReplayTheSpireMod:Shallot"},{"floor":11,"key":"Centennial Puzzle"},{"floor":14,"key":"Replay:Baseball"},{"floor":16,"key":"halation:EternalFortune"},{"floor":18,"key":"halation:EternalFortune"},{"floor":21,"key":"halation:EternalFortune"},{"floor":24,"key":"Pear"},{"floor":26,"key":"conspire:Boomerang"},{"floor":29,"key":"aspiration:Lifesprig"},{"floor":43,"key":"Smiling Mask"},{"floor":44,"key":"aspiration:ChemicalBlood"}],"event_choices":[{"damage_healed":0,"gold_gain":0,"player_choice":"Ignored","damage_taken":0,"max_hp_gain":0,"max_hp_loss":0,"event_name":"Vampires","floor":27,"gold_loss":0},{"damage_healed":0,"gold_gain":100,"player_choice":"Pray","damage_taken":0,"max_hp_gain":0,"max_hp_loss":0,"event_name":"Golden Shrine","floor":36,"gold_loss":0},{"damage_healed":0,"gold_gain":0,"player_choice":"Upgraded","damage_taken":0,"max_hp_gain":0,"max_hp_loss":0,"event_name":"Upgrade Shrine","floor":38,"gold_loss":0,"cards_upgraded":["Cloak And Dagger"]}],"is_beta":false,"boss_relics":[{"not_picked":["energizedSpire:EnergizedDie","Empty Cage"],"picked":"energizedSpire:HugeHouse"},{"not_picked":["ReplayTheSpireMod:DimensionalGlitch","halation:SmartPhone"],"picked":"Kintsugi"}],"items_purged_floors":[0,4],"is_endless":false,"potions_floor_spawned":[6,13,14,21,24,31,37,42,44,47],"ascension_level":1}}