{"host":"r53pw7z744tg3fxg","time":1609614044,"event":{"mods":["AchievementEnabler","BaseMod","Colored Map","Colored Powertips","Highlight Path","Minty Spire (QoL Compilation)","Quick Restart","Transform Curses"],"gold_per_floor":[112,122,122,141,7,35,46,46,96,96,106,140,158,170,170,268,268,280,280,280,46,59,59,90,90,116,116,128,128,128,143,143,143,143],"floor_reached":33,"playtime":1260,"items_purged":[],"score":429,"play_id":"3cac79c2-40d0-42bb-95a4-e07ac7ec6de3","local_time":"20210102120044","is_ascension_mode":true,"campfire_choices":[{"floor":8,"key":"REST"},{"floor":10,"key":"REST"},{"floor":15,"key":"REST"},{"floor":23,"key":"REST"},{"floor":25,"key":"REST"},{"data":"ForeignInfluence","floor":27,"key":"SMITH"},{"data":"Discovery","floor":30,"key":"SMITH"},{"floor":32,"key":"REST"}],"circlet_count":0,"master_deck":["AscendersBane","Strike_P+1","Strike_P+1","Strike_P+1","Strike_P+1","Defend_P+1","Defend_P+1","Defend_P+1","Defend_P+1","Eruption","Vigilance","FollowUp","Wallop","WheelKick","PathToVictory+1","Discovery+1","FearNoEvil+1","Halt","Prostrate","DeceiveReality","ThirdEye","LessonLearned","FlurryOfBlows+1","ForeignInfluence+1","TalkToTheHand","EmptyBody","SpiritShield"],"relics":["PureWater","Shuriken","Ancient Tea Set","Bronze Scales","VioletLotus","ClockworkSouvenir","Regal Pillow","Bag of Preparation"],"acts_visited":["Exordium","TheCity"],"potions_floor_usage":[6,7,12,13,18,21,24,24],"damage_taken":[{"damage":12,"enemies":"Small Slimes","floor":1,"turns":3},{"damage":2,"enemies":"Jaw Worm","floor":2,"turns":4},{"damage":0,"enemies":"2 Louse","floor":4,"turns":2},{"damage":18,"enemies":"3 Sentries","floor":6,"turns":8},{"damage":0,"enemies":"Looter","floor":7,"turns":2},{"damage":1,"enemies":"Lots of Slimes","floor":11,"turns":4},{"damage":28,"enemies":"Gremlin Nob","floor":12,"turns":4},{"damage":0,"enemies":"Large Slime","floor":13,"turns":2},{"damage":0,"enemies":"Looter","floor":14,"turns":4},{"damage":30,"enemies":"The Guardian","floor":16,"turns":8},{"damage":21,"enemies":"Spheric Guardian","floor":18,"turns":5},{"damage":4,"enemies":"Chosen","floor":22,"turns":3},{"damage":46,"enemies":"Book of Stabbing","floor":24,"turns":6},{"damage":0,"enemies":"Snecko","floor":28,"turns":4},{"damage":14,"enemies":"3 Cultists","floor":31,"turns":5},{"damage":83,"enemies":"Collector","floor":33,"turns":7}],"seed_played":"-5961192260353835161","potions_obtained":[{"floor":2,"key":"EssenceOfSteel"},{"floor":6,"key":"DistilledChaos"},{"floor":7,"key":"BottledMiracle"},{"floor":11,"key":"SteroidPotion"},{"floor":12,"key":"SpeedPotion"},{"floor":16,"key":"EntropicBrew"},{"floor":22,"key":"BlessingOfTheForge"}],"is_trial":false,"path_per_floor":["M","M","?","M","$","E","M","R","T","R","M","E","M","M","R","B",null,"M","?","?","$","M","R","E","R","T","R","M","?","R","M","R","B"],"character_chosen":"WATCHER","items_purchased":["PathToVictory","Discovery","ClockworkSouvenir","TalkToTheHand","EmptyBody"],"campfire_rested":6,"item_purchase_floors":[5,5,21,21,21],"current_hp_per_floor":[60,58,42,42,42,24,24,47,47,70,69,41,41,41,64,34,68,47,47,47,47,43,66,20,58,58,58,58,58,58,44,79,0,0],"gold":143,"neow_bonus":"TEN_PERCENT_HP_BONUS","is_daily":false,"chose_seed":false,"campfire_upgraded":2,"win_rate":0.0,"timestamp":1609614044,"path_taken":["M","M","?","M","$","E","M","R","T","R","M","E","M","M","R","BOSS","M","?","?","$","M","R","E","R","T","R","M","?","R","M","R","BOSS"],"items_purchased_type":["Card","Card","Relic","Card","Card"],"build_version":"2020-12-22","purchased_purges":0,"victory":false,"max_hp_per_floor":[79,79,79,79,79,79,79,79,79,79,79,79,79,79,79,79,79,79,79,79,79,79,79,79,79,79,79,79,79,79,79,79,79,79],"card_choices":[{"not_picked":["EmptyFist","Consecrate"],"picked":"FollowUp","floor":1},{"not_picked":["JustLucky","TalkToTheHand"],"picked":"Wallop","floor":2},{"not_picked":["Protect","FollowUp"],"picked":"WheelKick","floor":4},{"not_picked":["Prostrate","WindmillStrike"],"picked":"FearNoEvil","floor":6},{"not_picked":["Collect","WreathOfFlame"],"picked":"Halt","floor":7},{"not_picked":["Weave","Protect"],"picked":"Prostrate","floor":11},{"not_picked":["Brilliance","SignatureMove"],"picked":"DeceiveReality","floor":12},{"not_picked":["Halt","FearNoEvil"],"picked":"ThirdEye","floor":13},{"not_picked":["PathToVictory","EmptyMind","WaveOfTheHand"],"picked":"SKIP","floor":14},{"not_picked":["ConjureBlade","Alpha"],"picked":"LessonLearned","floor":16},{"not_picked":["Swivel","CutThroughFate"],"picked":"FlurryOfBlows+1","floor":18},{"not_picked":["FlurryOfBlows","FlyingSleeves","TalkToTheHand"],"picked":"SKIP","floor":22},{"not_picked":["JustLucky","Vengeance"],"picked":"SpiritShield","floor":24},{"not_picked":["FlyingSleeves","Vengeance+1","Collect"],"picked":"SKIP","floor":28},{"not_picked":["ThirdEye","InnerPeace","EmptyFist"],"picked":"SKIP","floor":31}],"player_experience":1180393,"relics_obtained":[{"floor":6,"key":"Shuriken"},{"floor":9,"key":"Ancient Tea Set"},{"floor":12,"key":"Bronze Scales"},{"floor":24,"key":"Regal Pillow"},{"floor":26,"key":"Bag of Preparation"}],"event_choices":[{"damage_healed":0,"gold_gain":0,"player_choice":"Entered Light","damage_taken":16,"max_hp_gain":0,"max_hp_loss":0,"event_name":"Shining Light","floor":3,"gold_loss":0,"cards_upgraded":["Strike_P","Defend_P"]},{"damage_healed":0,"gold_gain":0,"player_choice":"Read","damage_taken":0,"max_hp_gain":0,"max_hp_loss":0,"event_name":"The Library","floor":19,"gold_loss":0,"cards_obtained":["ForeignInfluence"]},{"damage_healed":0,"gold_gain":0,"player_choice":"Simplicity","damage_taken":0,"max_hp_gain":0,"max_hp_loss":0,"event_name":"Back to Basics","floor":20,"gold_loss":0,"cards_upgraded":["Strike_P","Strike_P","Strike_P","Defend_P","Defend_P","Defend_P"]},{"damage_healed":0,"gold_gain":0,"player_choice":"Ignored","damage_taken":0,"max_hp_gain":0,"max_hp_loss":0,"event_name":"Beggar","floor":29,"gold_loss":0}],"is_beta":false,"boss_relics":[{"not_picked":["SacredBark","Cursed Key"],"picked":"VioletLotus"}],"items_purged_floors":[],"is_endless":false,"potions_floor_spawned":[2,6,7,11,12,16,22],"killed_by":"Collector","ascension_level":11}}