{"host":"zv85muor2723jdwz","time":1609563925,"event":{"mods":["Arknights The Spire","BaseMod","Better Vampires","CapriCore","Decade(王小明)","KinomotoSakuraMod(木之本樱)","KomeijiMod","Marisa（F雨　魔理沙）","Marked Mod","Minty Spire (QoL Compilation)","Quick Restart","Reimu（博丽灵梦）","Remilia（蕾米莉亚）","StSLib","The Bladedancer","The Cursed","The Immortal","The Runesmith","The Servant 0.9.4","WarShipGirlsR/战舰少女R mod","Yakumo Yukari mod","Youmu（魂魄妖梦）","Yuri Mod","Yuyuko","【遗物卡牌】REMEMod"],"gold_per_floor":[118,118,118,118,128,128,128,141,141,174,174,193,163,197,197,197,197],"floor_reached":16,"playtime":631,"items_purged":[],"score":108,"play_id":"0798bfbb-ed40-443a-9d92-c690e993174b","local_time":"20210102130525","is_ascension_mode":false,"campfire_choices":[{"data":"Reprogram","floor":6,"key":"SMITH"},{"floor":11,"key":"REST"},{"data":"Fusion","floor":15,"key":"SMITH"}],"circlet_count":0,"master_deck":["Strike_B","Strike_B","Strike_B","Strike_B","Defend_B+1","Defend_B","Defend_B+1","Zap+1","Dualcast+1","Reprogram+1","Lockon","Doom and Gloom","Redo","Gash","Fusion+1","FTL"],"relics":["Cracked Core","REME_ComplimentaryCards","NeowsBlessing","Juzu Bracelet","War Paint","Vajra","PreservedInsect"],"acts_visited":["Exordium"],"potions_floor_usage":[16],"damage_taken":[{"damage":0,"enemies":"2 Louse","floor":1,"turns":1},{"damage":0,"enemies":"Jaw Worm","floor":5,"turns":1},{"damage":0,"enemies":"Small Slimes","floor":8,"turns":2},{"damage":4,"enemies":"3 Sentries","floor":10,"turns":8},{"damage":2,"enemies":"Looter","floor":12,"turns":2},{"damage":32,"enemies":"Lagavulin","floor":14,"turns":6},{"damage":46,"enemies":"Hexaghost","floor":16,"turns":7}],"seed_played":"1916537103424066726","potions_obtained":[{"floor":10,"key":"SpeedPotion"},{"floor":12,"key":"SpeedPotion"},{"floor":14,"key":"Block Potion"}],"is_trial":false,"path_per_floor":["M","?","?","?","M","R","?","M","T","E","R","M","?","E","R","B"],"character_chosen":"DEFECT","items_purchased":[],"campfire_rested":1,"item_purchase_floors":[],"current_hp_per_floor":[75,80,73,73,73,73,57,57,57,53,77,75,75,43,43,0,0],"gold":197,"neow_bonus":"THREE_ENEMY_KILL","is_daily":false,"chose_seed":false,"campfire_upgraded":2,"win_rate":0.0,"timestamp":1609563925,"path_taken":["M","?","?","?","M","R","?","M","T","E","R","M","?","E","R","BOSS"],"items_purchased_type":[],"build_version":"2020-12-22","purchased_purges":0,"victory":false,"max_hp_per_floor":[75,80,80,80,80,80,80,80,80,80,80,80,80,80,80,80,80],"card_choices":[{"not_picked":["Barrage","Coolheaded"],"picked":"Sweeping Beam","floor":1},{"not_picked":["Force Field","Genetic Algorithm"],"picked":"Reprogram","floor":5},{"not_picked":["Skim","Cold Snap"],"picked":"Lockon","floor":8},{"not_picked":["Reinforced Body","Sweeping Beam"],"picked":"Doom and Gloom","floor":10},{"not_picked":["FTL","Storm"],"picked":"Redo","floor":12},{"not_picked":[],"picked":"Gash","floor":13},{"not_picked":[],"picked":"Fusion","floor":13},{"not_picked":["Storm","Blizzard"],"picked":"FTL","floor":14}],"player_experience":58490,"relics_obtained":[{"floor":9,"key":"War Paint"},{"floor":10,"key":"Vajra"},{"floor":14,"key":"PreservedInsect"}],"event_choices":[{"damage_healed":0,"gold_gain":0,"player_choice":"Donut","damage_taken":0,"max_hp_gain":5,"max_hp_loss":0,"event_name":"Big Fish","floor":2,"gold_loss":0},{"cards_removed":["Defend_B"],"damage_healed":0,"gold_gain":0,"player_choice":"Card Removal","damage_taken":7,"max_hp_gain":0,"max_hp_loss":0,"event_name":"Golden Wing","floor":3,"gold_loss":0},{"cards_removed":["Sweeping Beam"],"damage_healed":0,"gold_gain":0,"player_choice":"Gave Card","damage_taken":0,"relics_obtained":["Juzu Bracelet"],"max_hp_gain":0,"max_hp_loss":0,"event_name":"WeMeetAgain","floor":4,"gold_loss":0},{"damage_healed":0,"gold_gain":0,"player_choice":"Entered Light","damage_taken":16,"max_hp_gain":0,"max_hp_loss":0,"event_name":"Shining Light","floor":7,"gold_loss":0,"cards_upgraded":["Dualcast","Defend_B"]}],"is_beta":false,"boss_relics":[],"items_purged_floors":[],"is_endless":false,"potions_floor_spawned":[10,12,14],"killed_by":"Hexaghost","ascension_level":0}}