{"host":"42cupnu8eddj962x","time":1609586991,"event":{"mods":["BaseMod","Marisa£¨ìFÓê¡¡Ä§ÀíÉ³£©","Minty Spire (QoL Compilation)","Remilia£¨ÀÙÃ×ÀòÑÇ£©","RumiaBox-Â¶Ã×æ«µÄÉñÃØºÐ×Ó","StSLib","The Animator","Youmu£¨»êÆÇÑýÃÎ£©"],"gold_per_floor":[111,61,75,250,265,297,297,297,324,342,362,362,396,451,451,451,451],"floor_reached":16,"playtime":668,"items_purged":[],"score":171,"play_id":"bf198555-2f60-43d8-9b60-a4c9ebef19fc","local_time":"20210102192951","is_ascension_mode":true,"campfire_choices":[{"floor":7.0,"key":"REST"},{"data":"TwelveNightmare","floor":12,"key":"SMITH"},{"data":"Doubt","floor":15,"key":"PURGE"}],"circlet_count":0,"master_deck":["Strike_RM","Strike_RM+1","Strike_RM","Strike_RM","Defend_RM","Defend_RM","Defend_RM+1","RedMoon+1","ScarletShoot","BlasphemousPunishment","MiserableFate+1","NightDance","FavorOfDestiny","TwelveNightmare+1","BombardNight","ScarletNetherworld","EquivalentExchange"],"relics":["ScarletHat","NeowsBlessing","Baka","Peace Pipe","Peace Pipe","War Paint","PreservedInsect","Bronze Scales"],"acts_visited":[],"potions_floor_usage":[],"damage_taken":[{"damage":0.0,"enemies":"Small Slimes","floor":1.0,"turns":1.0},{"damage":0.0,"enemies":"2 Louse","floor":3.0,"turns":1.0},{"damage":0.0,"enemies":"Jaw Worm","floor":5.0,"turns":1.0},{"damage":74.0,"enemies":"Lagavulin","floor":6.0,"turns":9.0},{"damage":0.0,"enemies":"2 Fungi Beasts","floor":10.0,"turns":4.0},{"damage":0.0,"enemies":"Red Slaver","floor":11.0,"turns":6.0},{"damage":0,"enemies":"Lots of Slimes","floor":13,"turns":1},{"damage":10,"enemies":"3 Sentries","floor":14,"turns":4},{"damage":16,"enemies":"The Guardian","floor":16,"turns":2}],"seed_played":"-7312744241940129944","potions_obtained":[{"floor":6.0,"key":"Dexterity Potion"},{"floor":10.0,"key":"PowerPotion"},{"floor":10.0,"key":"ColorlessPotion"},{"floor":11.0,"key":"Ancient Potion"}],"is_trial":false,"path_per_floor":["M","?","M","?","M","E","R","?","T","M","M","R","M","E","R","B"],"character_chosen":"REMILIA","items_purchased":[],"campfire_rested":1,"item_purchase_floors":[],"current_hp_per_floor":[75,75,75,75,75,6,28,13,13,13,17,17,20,13,13,0,0],"gold":451,"neow_bonus":"THREE_ENEMY_KILL","is_daily":false,"chose_seed":false,"campfire_upgraded":1,"win_rate":0.0,"timestamp":1609586991,"path_taken":["M","?","M","?","M","E","R","?","T","M","?","R","M","E","R","BOSS"],"items_purchased_type":[],"build_version":"2020-12-22","purchased_purges":0,"victory":false,"max_hp_per_floor":[75,75,75,75,75,75,75,75,75,83,83,83,83,83,83,83,83],"card_choices":[{"not_picked":["UnstableMagic","ScarletImprint"],"picked":"BlasphemousPunishment","floor":1.0},{"not_picked":["ScarletDevil","BlasphemousPunishment"],"picked":"MiserableFate","floor":3.0},{"not_picked":["Ultimatum","ScarletDevil"],"picked":"NightDance","floor":5.0},{"not_picked":["MastersStateliness","GlobalNightmare"],"picked":"FavorOfDestiny","floor":6.0},{"not_picked":["GlobalNightmare","FitfulNightmare"],"picked":"TwelveNightmare","floor":10.0},{"not_picked":["CharismaGuard","NightDance"],"picked":"BombardNight","floor":11.0},{"not_picked":["UnderTheZenith","StarOfDavid"],"picked":"ScarletNetherworld","floor":13},{"not_picked":["FavorOfDestiny","ScarletGensokyo"],"picked":"EquivalentExchange","floor":14}],"player_experience":53739,"relics_obtained":[{"floor":1.0,"key":"Baka"},{"floor":3.0,"key":"Peace Pipe"},{"floor":3.0,"key":"Peace Pipe"},{"floor":6.0,"key":"War Paint"},{"floor":9.0,"key":"PreservedInsect"},{"floor":14,"key":"Bronze Scales"}],"event_choices":[{"cards_removed":["Defend_RM"],"damage_healed":0.0,"max_hp_gain":0.0,"max_hp_loss":0.0,"gold_gain":0.0,"event_name":"The Cleric","player_choice":"Card Removal","floor":2.0,"gold_loss":50.0,"damage_taken":0.0},{"damage_healed":0.0,"max_hp_gain":0.0,"max_hp_loss":0.0,"gold_gain":175.0,"event_name":"Liars Game","player_choice":"AGREE","floor":4.0,"gold_loss":0.0,"damage_taken":0.0,"cards_obtained":["Doubt"]},{"damage_healed":0.0,"max_hp_gain":0.0,"max_hp_loss":0.0,"gold_gain":0.0,"event_name":"Shining Light","player_choice":"Entered Light","floor":8.0,"gold_loss":0.0,"damage_taken":15.0,"cards_upgraded":["Strike_RM","RedMoon"]}],"is_beta":false,"boss_relics":[],"items_purged_floors":[],"is_endless":false,"potions_floor_spawned":[6,10,11],"killed_by":"The Guardian","ascension_level":5}}