{"host":"yvb207ks1sg3cxef","time":1609595572,"event":{"mods":["2.2 Compatiblity","BaseMod","Bestiary","Colored Powertips","Minty Spire (QoL Compilation)","Permanent Neow","Quick Restart","Relic Stats","StSLib"],"gold_per_floor":[361,374,384,16,166,166,166,166],"floor_reached":7,"playtime":332,"items_purged":["Strike_G"],"score":82,"play_id":"4232419e-ac6b-4b3d-b6bc-86ebd407f459","local_time":"20210102192252","is_ascension_mode":true,"campfire_choices":[{"data":"Neutralize","floor":6,"key":"SMITH"}],"circlet_count":0,"master_deck":["AscendersBane","Strike_G","Strike_G","Strike_G","Strike_G","Defend_G","Defend_G","Defend_G","Defend_G","Defend_G","Survivor","Neutralize+1","Dagger Spray","Endless Agony","Masterful Stab","Backflip","Caltrops","Deflect","Doubt"],"relics":["Ring of the Snake","Membership Card","Lantern"],"acts_visited":["Exordium"],"potions_floor_usage":[3],"damage_taken":[{"damage":1,"enemies":"Jaw Worm","floor":1,"turns":6},{"damage":0,"enemies":"Cultist","floor":2,"turns":5},{"damage":4,"enemies":"Small Slimes","floor":3,"turns":3},{"damage":47,"enemies":"Lagavulin","floor":7,"turns":10}],"seed_played":"-1614217702982936807","potions_obtained":[{"floor":1,"key":"EssenceOfSteel"},{"floor":3,"key":"Explosive Potion"}],"is_trial":false,"path_per_floor":["M","M","M","$","?","R","E"],"character_chosen":"THE_SILENT","items_purchased":["Membership Card","Lantern","Backflip","Caltrops","Deflect"],"campfire_rested":0,"item_purchase_floors":[4,4,4,4,4],"current_hp_per_floor":[58,58,54,54,54,54,7,7],"gold":166,"neow_bonus":"TWO_FIFTY_GOLD","is_daily":false,"chose_seed":false,"campfire_upgraded":1,"win_rate":0.0,"timestamp":1609595572,"path_taken":["M","M","M","$","?","R","E"],"items_purchased_type":["Relic","Relic","Card","Card","Card"],"build_version":"2020-12-22","purchased_purges":1,"victory":false,"max_hp_per_floor":[60,60,60,60,60,60,60,60],"relic_stats":{"counters":[4,24],"obtain_stats":[{"Lantern":4,"Membership Card":4,"Ring of the Snake":0},{"Lantern":3,"Membership Card":3,"Ring of the Snake":0},{"Lantern":14,"Membership Card":14,"Ring of the Snake":0}],"Ring of the Snake":[9]},"card_choices":[{"not_picked":["Finisher","Flying Knee"],"picked":"Dagger Spray","floor":1},{"not_picked":["Skewer","Cloak And Dagger"],"picked":"Endless Agony","floor":2},{"not_picked":["Terror","Dagger Throw"],"picked":"Masterful Stab","floor":3}],"player_experience":282992,"relics_obtained":[],"event_choices":[{"damage_healed":0,"gold_gain":150,"player_choice":"AGREE","damage_taken":0,"max_hp_gain":0,"max_hp_loss":0,"event_name":"Liars Game","floor":5,"gold_loss":0,"cards_obtained":["Doubt"]}],"is_beta":false,"boss_relics":[],"items_purged_floors":[4],"is_endless":false,"potions_floor_spawned":[1,3],"killed_by":"Lagavulin","ascension_level":20}}