{"host":"ys2o1gy99xzv7s0u","time":1609559228,"event":{"mods":["Act Like it!","Arknights The Spire","Bard","BaseMod","Decade(王小明)","Hermit","Koishi","Luminous","Minty Spire (QoL Compilation)","Quick Restart","Relic Stats","Remilia（蕾米莉亚）","Replay The Spire","Spicy Shops","StSLib","The Alterego","The Bladedancer","The Bug Knight","The Cursed","The Gatherer","The Hierophant","The Jungle","The Runesmith","残留之物"],"gold_per_floor":[111,111,129,143,160,190,190,203,230,230,263,438,438,113,113,208,208,227,245,245,1,16,46,64,15,40,40,40],"floor_reached":27,"playtime":4095,"items_purged":["Pain","Doubt"],"score":243,"play_id":"2c8693d6-6124-4182-94df-17a640c7e73d","local_time":"20210102114708","is_ascension_mode":false,"campfire_choices":[{"data":"PlaceholderMod:SevereHeat","floor":7.0,"key":"SMITH"},{"floor":10.0,"key":"RECALL"},{"floor":15.0,"key":"REST"}],"circlet_count":0,"master_deck":["PlaceholderMod:BaseStrike+1","PlaceholderMod:BaseStrike+1","PlaceholderMod:BaseStrike+1","PlaceholderMod:BaseStrike+1","PlaceholderMod:BaseStrike+1","PlaceholderMod:BaseDefend+1","PlaceholderMod:BaseDefend+1","PlaceholderMod:BaseDefend+1","PlaceholderMod:BaseDefend+1","PlaceholderMod:BaseDefend+1","PlaceholderMod:Crystal","PlaceholderMod:PoisonWhip","PlaceholderMod:StrongAcid","PlaceholderMod:ParasiteChange","PlaceholderMod:TriggerStrike","PlaceholderMod:Crystallization","PlaceholderMod:SevereHeat+1","PlaceholderMod:ProliferateStrike","PlaceholderMod:DirectingGroup","PlaceholderMod:ComplexForm","PlaceholderMod:AttackAsDefend","PlaceholderMod:RadicalHit","PlaceholderMod:InnerStable","PlaceholderMod:CycleAttack","PlaceholderMod:Sweep","PlaceholderMod:DiffusionPoison","PlaceholderMod:SelectReaction","PlaceholderMod:ParasiteChange","PlaceholderMod:ChainPoly","Pot Of Greed","Pot Of Greed","Pot Of Greed","PlaceholderMod:StrongAcid+1","PlaceholderMod:ProliferateStrike"],"relics":["PlaceholderMod:Tancle","Ancient Tea Set","ReplayFunnel","WarpedTongs","Sling","PreservedInsect","Painkiller Herb","HandDrill","Grinning Jar","Pet Ghost"],"acts_visited":["Exordium","TheCity"],"potions_floor_usage":[16,16,16,24,27],"damage_taken":[{"damage":10.0,"enemies":"Small Slimes","floor":1.0,"turns":6.0},{"damage":1.0,"enemies":"2 Louse","floor":3.0,"turns":2.0},{"damage":0.0,"enemies":"Cultist","floor":4.0,"turns":3.0},{"damage":10.0,"enemies":"Looter","floor":5.0,"turns":3.0},{"damage":15.0,"enemies":"Gremlin Nob","floor":6.0,"turns":4.0},{"damage":3.0,"enemies":"Lots of Slimes","floor":8.0,"turns":3.0},{"damage":20.0,"enemies":"Lagavulin","floor":11.0,"turns":5.0},{"damage":54,"enemies":"Fading Forest","floor":16,"turns":11},{"damage":34,"enemies":"2 Thieves","floor":18,"turns":4},{"damage":10,"enemies":"3 Byrds","floor":19,"turns":4},{"damage":13,"enemies":"Snake Plant","floor":22,"turns":3},{"damage":13,"enemies":"Replay:Snechameleon","floor":23,"turns":5},{"damage":8,"enemies":"Centurion and Healer","floor":24,"turns":4},{"damage":7,"enemies":"Slavers","floor":27,"turns":1}],"seed_played":"-1325663658505388034","potions_obtained":[{"floor":4.0,"key":"Toxic Potion"},{"floor":5.0,"key":"Fire Potion"},{"floor":11.0,"key":"BlessingOfTheForge"},{"floor":19,"key":"Block Potion"}],"is_trial":false,"path_per_floor":["M","?","M","M","M","E","R","M","T","R","E","?","?","$","R","B",null,"?","?","?","T","?","E","?","T","T","E"],"character_chosen":"THE_PLACEHOLDER","items_purchased":["PlaceholderMod:Sweep","Sling","PreservedInsect","HandDrill","BlessingOfTheForge"],"campfire_rested":1,"item_purchase_floors":[14,14,14,21,25],"current_hp_per_floor":[75,75,74,74,64,49,49,46,46,46,26,26,26,26,51,7,85,51,41,41,41,28,15,7,7,7,0,0],"gold":40,"neow_bonus":"TEN_PERCENT_HP_BONUS","is_daily":false,"chose_seed":false,"campfire_upgraded":1,"win_rate":0.0,"timestamp":1609559228,"path_taken":["M","?","M","M","M","E","R","M","T","R","E","?","?","$","R","BOSS","?","?","?","T","?","E","?","T","T","E"],"items_purchased_type":["Card","Relic","Relic","Relic","Potion"],"build_version":"2020-12-22","purchased_purges":2,"victory":false,"max_hp_per_floor":[85,85,85,85,85,85,85,85,85,85,85,85,85,85,85,85,85,85,85,85,85,85,85,85,85,85,85,85],"relic_stats":{"counters":[14,58],"PreservedInsect":76,"HandDrill":[14],"obtain_stats":[{"ReplayFunnel":11,"PlaceholderMod:Tancle":0,"Painkiller Herb":17,"PreservedInsect":14,"HandDrill":21,"Grinning Jar":23,"Ancient Tea Set":6,"Sling":14,"Pet Ghost":26,"WarpedTongs":13},{"ReplayFunnel":7,"PlaceholderMod:Tancle":0,"Painkiller Herb":8,"PreservedInsect":7,"HandDrill":10,"Grinning Jar":12,"Ancient Tea Set":5,"Sling":7,"Pet Ghost":13,"WarpedTongs":7},{"ReplayFunnel":26,"PlaceholderMod:Tancle":0,"Painkiller Herb":37,"PreservedInsect":26,"HandDrill":45,"Grinning Jar":53,"Ancient Tea Set":18,"Sling":26,"Pet Ghost":57,"WarpedTongs":26}],"WarpedTongs":[31]},"card_choices":[{"not_picked":["PlaceholderMod:Polyp","PlaceholderMod:SeverePoisonStrike"],"picked":"PlaceholderMod:StrongAcid","floor":1.0},{"not_picked":["PlaceholderMod:SeverePoisonStrike","PlaceholderMod:SpinBlade"],"picked":"PlaceholderMod:DirectingGroup","floor":3.0},{"not_picked":["PlaceholderMod:OHStrongAttack","PlaceholderMod:HardStrike"],"picked":"PlaceholderMod:ComplexForm","floor":4.0},{"not_picked":["PlaceholderMod:InnerSoften","PlaceholderMod:TriggerStrike"],"picked":"PlaceholderMod:AttackAsDefend","floor":5.0},{"not_picked":["PlaceholderMod:BlastSpray","PlaceholderMod:SevereHeat"],"picked":"PlaceholderMod:RadicalHit","floor":6.0},{"not_picked":["PlaceholderMod:MultipleOxi","PlaceholderMod:StressReaction"],"picked":"PlaceholderMod:InnerStable","floor":8.0},{"not_picked":["PlaceholderMod:Colorful","PlaceholderMod:SprayAttack"],"picked":"PlaceholderMod:CycleAttack","floor":11.0},{"not_picked":["PlaceholderMod:FinalSpray","PlaceholderMod:Activation"],"picked":"PlaceholderMod:DiffusionPoison","floor":16},{"not_picked":["PlaceholderMod:OHStrongAttack","PlaceholderMod:DirectingGroup"],"picked":"PlaceholderMod:SelectReaction","floor":18},{"not_picked":["PlaceholderMod:ContinueSpray+1","PlaceholderMod:NearChange"],"picked":"PlaceholderMod:ParasiteChange","floor":19},{"not_picked":["PlaceholderMod:HealingAttack","PlaceholderMod:SpinBlade"],"picked":"PlaceholderMod:ChainPoly","floor":22},{"not_picked":["PlaceholderMod:SpinBlade","PlaceholderMod:OHStrongAttack+1"],"picked":"PlaceholderMod:StrongAcid+1","floor":23},{"not_picked":["PlaceholderMod:SpinBlade","PlaceholderMod:Polyp"],"picked":"PlaceholderMod:ProliferateStrike","floor":24}],"player_experience":63837,"relics_obtained":[{"floor":6.0,"key":"Ancient Tea Set"},{"floor":11.0,"key":"ReplayFunnel"},{"floor":23,"key":"Grinning Jar"},{"floor":26,"key":"Pet Ghost"}],"event_choices":[{"damage_healed":0.0,"max_hp_gain":0.0,"max_hp_loss":0.0,"gold_gain":175.0,"event_name":"Liars Game","player_choice":"AGREE","floor":12.0,"gold_loss":0.0,"damage_taken":0.0,"cards_obtained":["Doubt"]},{"damage_healed":0.0,"max_hp_gain":0.0,"max_hp_loss":0.0,"gold_gain":0.0,"event_name":"Accursed Blacksmith","player_choice":"Rummage","floor":13.0,"gold_loss":0.0,"damage_taken":0.0,"relics_obtained":["WarpedTongs"],"cards_obtained":["Pain"]},{"damage_healed":0,"gold_gain":0,"player_choice":"Simplicity","damage_taken":0,"max_hp_gain":0,"max_hp_loss":0,"event_name":"Back to Basics","floor":20,"gold_loss":0,"cards_upgraded":["PlaceholderMod:BaseStrike","PlaceholderMod:BaseStrike","PlaceholderMod:BaseStrike","PlaceholderMod:BaseStrike","PlaceholderMod:BaseStrike","PlaceholderMod:BaseDefend","PlaceholderMod:BaseDefend","PlaceholderMod:BaseDefend","PlaceholderMod:BaseDefend","PlaceholderMod:BaseDefend"]}],"is_beta":false,"boss_relics":[{"not_picked":["Cursed Key","Honey Jar"],"picked":"Painkiller Herb"}],"items_purged_floors":[14,21],"is_endless":false,"potions_floor_spawned":[4,5,11,19],"killed_by":"Slavers","ascension_level":0}}