{"host":"7qf1todfnxspvw7w","time":1609625480,"event":{"mods":["AchievementEnabler","BaseMod","Block Reminder","Colored Powertips","Disable Question Mark Monsters","Displayed Cursed Tome","Googly Eyes","Minty Spire (QoL Compilation)","Relic Stats","Reorder Act Four","SacredBarkPlus","Shop Mod","StSLib","Uncapped"],"gold_per_floor":[116,116,36,36,51,51,61,61,61,8,8,8,27,39,39,142,142,158,177,34,34,0,0,99,118,165,165,90,100,119,119,119],"floor_reached":31,"playtime":816,"items_purged":[],"score":225,"play_id":"f374a05c-d371-4572-af53-c357106b01d1","local_time":"20210103011120","is_ascension_mode":false,"campfire_choices":[{"data":"Chaos","floor":6,"key":"SMITH"},{"data":"Hello World","floor":11,"key":"SMITH"},{"data":"Zap","floor":15,"key":"SMITH"},{"data":"Creative AI","floor":23,"key":"SMITH"},{"floor":27,"key":"REST"}],"circlet_count":0,"master_deck":["Strike_B","Strike_B","Strike_B","Defend_B","Defend_B","Defend_B","Zap+1","Dualcast","Cold Snap","Hello World+1","Chaos+1","Conserve Battery","Redo","Creative AI+1","Coolheaded","Coolheaded+1","Writhe","Self Repair","Redo"],"relics":["Cracked Core","Eternal Feather","Snecko Eye","Runic Capacitor","Blue Candle","Nunchaku"],"acts_visited":["Exordium","TheCity"],"potions_floor_usage":[18,25,25,29,29,30],"damage_taken":[{"damage":4,"enemies":"2 Louse","floor":1,"turns":3},{"damage":0,"enemies":"Cultist","floor":5,"turns":4},{"damage":0,"enemies":"Small Slimes","floor":7,"turns":3},{"damage":4,"enemies":"3 Louse","floor":13,"turns":4},{"damage":11,"enemies":"Large Slime","floor":14,"turns":4},{"damage":49,"enemies":"Hexaghost","floor":16,"turns":12},{"damage":10,"enemies":"Spheric Guardian","floor":18,"turns":3},{"damage":24,"enemies":"3 Byrds","floor":19,"turns":4},{"damage":41,"enemies":"3 Cultists","floor":25,"turns":5},{"damage":35,"enemies":"Centurion and Healer","floor":29,"turns":9},{"damage":11,"enemies":"Snecko","floor":30,"turns":5},{"damage":5,"enemies":"Colosseum Slavers","floor":31,"turns":1}],"seed_played":"-3824280915715266297","potions_obtained":[{"floor":13,"key":"Explosive Potion"},{"floor":18,"key":"EntropicBrew"},{"floor":25,"key":"FocusPotion"},{"floor":29,"key":"Strength Potion"}],"is_trial":false,"path_per_floor":["M","?","$","$","M","R","M","?","T","$","R","$","M","M","R","B",null,"M","M","$","?","?","R","?","M","T","R","$","M","M","?"],"character_chosen":"DEFECT","items_purchased":["Hello World","Redo","Runic Capacitor","Self Repair"],"campfire_rested":1,"item_purchase_floors":[3,10,20,28],"current_hp_per_floor":[71,71,71,71,71,71,71,64,64,64,70,70,66,55,61,12,75,65,41,41,41,41,50,50,9,9,40,40,12,1,0,0],"gold":119,"neow_bonus":"THREE_CARDS","is_daily":false,"chose_seed":false,"campfire_upgraded":4,"win_rate":0.0,"timestamp":1609625480,"path_taken":["M","?","?","$","M","R","M","?","T","$","R","$","M","M","R","BOSS","M","M","$","?","?","R","?","M","T","R","?","?","M","?"],"items_purchased_type":["Card","Card","Relic","Card"],"build_version":"2020-12-22","purchased_purges":0,"victory":false,"max_hp_per_floor":[75,75,75,75,75,75,75,75,75,75,75,75,75,75,75,75,75,75,75,75,75,75,75,75,75,75,75,75,75,75,75,75],"relic_stats":{"Nunchaku":[1],"counters":[12,57],"Blue Candle":[0],"Snecko Eye":[54,42,52,43],"Eternal Feather":30,"obtain_stats":[{"Nunchaku":26,"Blue Candle":21,"Snecko Eye":17,"Eternal Feather":9,"Runic Capacitor":20,"Cracked Core":0},{"Nunchaku":9,"Blue Candle":8,"Snecko Eye":6,"Eternal Feather":3,"Runic Capacitor":8,"Cracked Core":0},{"Nunchaku":42,"Blue Candle":37,"Snecko Eye":30,"Eternal Feather":10,"Runic Capacitor":37,"Cracked Core":0}]},"card_choices":[{"not_picked":["Stack","Barrage"],"picked":"Cold Snap","floor":0},{"not_picked":["Steam","Stack","Leap"],"picked":"SKIP","floor":1},{"not_picked":["Storm","Turbo"],"picked":"Chaos","floor":5},{"not_picked":["Aggregate","Tempest"],"picked":"Conserve Battery","floor":7},{"not_picked":["Cold Snap","Rebound","Compile Driver"],"picked":"SKIP","floor":13},{"not_picked":["Chaos","Reinforced Body","Stack"],"picked":"SKIP","floor":14},{"not_picked":["Meteor Strike","Seek"],"picked":"Creative AI","floor":16},{"not_picked":["Hologram","Rip and Tear+1"],"picked":"Coolheaded","floor":18},{"not_picked":["Reprogram+1","Genetic Algorithm"],"picked":"Coolheaded+1","floor":19},{"not_picked":["Gash+1","Stack","Ball Lightning"],"picked":"SKIP","floor":25},{"not_picked":["Conserve Battery","Barrage","Leap"],"picked":"SKIP","floor":29},{"not_picked":["Reboot","Beam Cell"],"picked":"Redo","floor":30}],"player_experience":473728,"relics_obtained":[{"floor":9,"key":"Eternal Feather"},{"floor":26,"key":"Nunchaku"}],"event_choices":[{"cards_removed":["Strike_B"],"damage_healed":0,"gold_gain":0,"player_choice":"Offered Basic","damage_taken":0,"max_hp_gain":0,"max_hp_loss":0,"event_name":"Bonfire Elementals","floor":2,"gold_loss":0},{"cards_removed":["Defend_B"],"damage_healed":0,"gold_gain":0,"player_choice":"Card Removal","damage_taken":7,"max_hp_gain":0,"max_hp_loss":0,"event_name":"Golden Wing","floor":8,"gold_loss":0},{"damage_healed":0,"gold_gain":0,"player_choice":"Opened","damage_taken":0,"relics_obtained":["Blue Candle"],"max_hp_gain":0,"max_hp_loss":0,"event_name":"The Mausoleum","floor":21,"gold_loss":0,"cards_obtained":["Writhe"]},{"damage_healed":0,"gold_gain":0,"player_choice":"Paid Fearfully","damage_taken":0,"max_hp_gain":0,"max_hp_loss":0,"event_name":"Masked Bandits","floor":22,"gold_loss":34},{"damage_healed":0,"gold_gain":99,"player_choice":"Stole From Cult","damage_taken":0,"max_hp_gain":0,"max_hp_loss":0,"event_name":"Nest","floor":24,"gold_loss":0},{"damage_healed":0,"gold_gain":0,"player_choice":"Fight","damage_taken":0,"max_hp_gain":0,"max_hp_loss":0,"event_name":"Colosseum","floor":31,"gold_loss":0}],"is_beta":false,"boss_relics":[{"not_picked":["Black Star","Runic Pyramid"],"picked":"Snecko Eye"}],"items_purged_floors":[],"is_endless":false,"potions_floor_spawned":[13,18,25,29],"killed_by":"Colosseum Slavers","ascension_level":0}}