{"host":"y89x8uui45kcjy42","time":1609546786,"event":{"mods":["2.2 Compatiblity","BaseMod","CapriCore","Colored Map","Colored Powertips","Custom Start","Friendly Minions","Keyboard Shortcuts","Minty Spire (QoL Compilation)","Relic Stats","Slay the Relics Exporter","StSLib","SuperFastMode"],"gold_per_floor":[116,129,141,160,177,177,204,204,253,268,104,134,151,151,151,223,223,241,241,241,241,256,285,285,310,310,339,352,372,402,413,413,487,487,502,502,521,521,521,547,547,575,629,660,239,50,50,79,79,79,79,79,79,42,77,77],"floor_reached":57,"playtime":2017,"items_purged":["Strike_B"],"score":3441,"play_id":"dec7a920-cbfc-4723-a73e-d500c3cdabd7","local_time":"20210102091946","is_ascension_mode":true,"campfire_choices":[{"data":"Zap","floor":6,"key":"SMITH"},{"data":"Genetic Algorithm","floor":15,"key":"SMITH"},{"data":"Barrage","floor":24,"key":"SMITH"},{"data":"Coolheaded","floor":32,"key":"SMITH"},{"floor":41,"key":"RECALL"},{"data":"Madness","floor":47,"key":"SMITH"},{"data":"Consume","floor":49,"key":"SMITH"},{"data":"Defragment","floor":53,"key":"SMITH"}],"circlet_count":0,"master_deck":["AscendersBane","Zap+1","Dualcast+1","Conserve Battery","Coolheaded+1","Hologram","Genetic Algorithm+1","Barrage+1","Defragment+1","Machine Learning","Go for the Eyes+1","Genetic Algorithm+1","Biased Cognition+1","Coolheaded+1","Skim+1","Recycle+1","Defragment+1","Madness+1","Biased Cognition","Consume+1","Defragment","Tempest+1","Core Surge"],"relics":["Cracked Core","FrozenCore","Runic Capacitor","Emotion Chip","Cables","Ancient Tea Set","Pear","Astrolabe","ClockworkSouvenir","MutagenicStrength","War Paint","Bronze Scales","Bottled Tornado","Inserter","Bag of Marbles","Calipers","HornCleat","Inserter","Dream Catcher","Boot","Juzu Bracelet","Kunai","Oddly Smooth Stone","Incense Burner","ClockworkSouvenir","Membership Card","Akabeko","Anchor","Medical Kit","Ornamental Fan","Orichalcum"],"acts_visited":["Exordium","TheCity","TheBeyond","TheEnding"],"potions_floor_usage":[12,16,40,51,56,56],"damage_taken":[{"damage":5,"enemies":"Small Slimes","floor":1,"turns":4},{"damage":0,"enemies":"Cultist","floor":2,"turns":3},{"damage":4,"enemies":"2 Louse","floor":3,"turns":2},{"damage":1,"enemies":"Exordium Wildlife","floor":4,"turns":3},{"damage":0,"enemies":"2 Fungi Beasts","floor":5,"turns":3},{"damage":21,"enemies":"Lagavulin","floor":7,"turns":6},{"damage":4,"enemies":"3 Louse","floor":10,"turns":3},{"damage":0,"enemies":"Gremlin Nob","floor":12,"turns":3},{"damage":9,"enemies":"Gremlin Gang","floor":13,"turns":4},{"damage":2,"enemies":"Slime Boss","floor":16,"turns":7},{"damage":0,"enemies":"Shell Parasite","floor":18,"turns":3},{"damage":0,"enemies":"Spheric Guardian","floor":22,"turns":3},{"damage":0,"enemies":"Gremlin Leader","floor":23,"turns":5},{"damage":0,"enemies":"Book of Stabbing","floor":25,"turns":4},{"damage":16,"enemies":"Slavers","floor":27,"turns":3},{"damage":0,"enemies":"3 Cultists","floor":28,"turns":3},{"damage":0,"enemies":"Cultist and Chosen","floor":29,"turns":4},{"damage":0,"enemies":"Gremlin Leader","floor":30,"turns":4},{"damage":0,"enemies":"Centurion and Healer","floor":31,"turns":5},{"damage":0,"enemies":"Collector","floor":33,"turns":5},{"damage":0,"enemies":"3 Darklings","floor":35,"turns":4},{"damage":0,"enemies":"3 Shapes","floor":37,"turns":3},{"damage":0,"enemies":"Reptomancer","floor":40,"turns":4},{"damage":0,"enemies":"Giant Head","floor":42,"turns":5},{"damage":0,"enemies":"Reptomancer","floor":44,"turns":5},{"damage":0,"enemies":"Giant Head","floor":48,"turns":8},{"damage":13,"enemies":"Donu and Deca","floor":50,"turns":7},{"damage":1,"enemies":"Awakened One","floor":51,"turns":11},{"damage":41,"enemies":"Shield and Spear","floor":55,"turns":3},{"damage":6,"enemies":"The Heart","floor":56,"turns":10}],"seed_played":"5587902859795903048","potions_obtained":[{"floor":5,"key":"SteroidPotion"},{"floor":7,"key":"Fire Potion"},{"floor":10,"key":"Dexterity Potion"},{"floor":12,"key":"Weak Potion"},{"floor":16,"key":"BlessingOfTheForge"},{"floor":18,"key":"DistilledChaos"},{"floor":27,"key":"Dexterity Potion"},{"floor":42,"key":"PotionOfCapacity"},{"floor":48,"key":"Weak Potion"}],"is_trial":false,"path_per_floor":["M","M","M","M","M","R","E","?","T","M","$","E","M","?","R","B",null,"M","?","?","?","M","E","R","E","T","E","M","M","E","M","R","B",null,"M","?","M","$","?","E","R","E","T","E","$","$","R","E","R","B","B",null,"R","$","E","B",null],"character_chosen":"DEFECT","items_purchased":["Defragment","Oddly Smooth Stone","Incense Burner","ClockworkSouvenir","Consume","Membership Card","Defragment","Anchor","Medical Kit","Ancient Potion","Ornamental Fan"],"campfire_rested":0,"item_purchase_floors":[11,45,45,45,45,46,46,54,54,54,54],"current_hp_per_floor":[66,66,62,61,61,61,40,40,40,36,36,46,37,37,37,35,75,75,75,75,75,75,75,75,75,75,59,59,59,59,59,59,59,81,81,81,81,81,71,71,71,71,71,71,71,71,71,71,71,58,57,80,80,80,39,33],"gold":77,"neow_bonus":"TEN_PERCENT_HP_BONUS","is_daily":false,"chose_seed":false,"campfire_upgraded":7,"win_rate":0.0,"timestamp":1609546786,"path_taken":["M","M","M","M","M","R","E","?","T","M","$","E","?","?","R","BOSS","M","?","?","?","M","E","R","E","T","E","M","M","E","M","R","BOSS","M","?","M","$","?","E","R","E","T","E","?","$","R","E","R","BOSS","BOSS","R","$","E","BOSS"],"items_purchased_type":["Card","Relic","Relic","Relic","Card","Relic","Card","Relic","Relic","Potion","Relic"],"build_version":"2020-12-22","purchased_purges":1,"victory":true,"max_hp_per_floor":[78,78,78,78,78,78,78,78,78,78,78,88,88,88,88,88,88,88,88,88,88,88,88,88,88,88,88,88,88,88,88,88,88,88,88,88,88,88,88,88,88,88,88,88,88,88,88,88,88,88,88,88,88,88,88,88],"relic_stats":{"Inserter":[60],"counters":[30,137],"Astrolabe":["Go for the Eyes","Genetic Algorithm","Biased Cognition"],"Juzu Bracelet":0,"War Paint":["Dualcast","Coolheaded"],"Orichalcum":[0],"Boot":[12],"Medical Kit":[3],"FrozenCore":[85],"Cables":[124,85,39,0,0],"Emotion Chip":[56,29,27,0,0],"Dream Catcher":0,"Ornamental Fan":[0],"Bronze Scales":[414],"Kunai":[0],"obtain_stats":[{"Calipers":28,"Gremlin Horn":6,"Runic Capacitor":1,"Juzu Bracelet":43,"Incense Burner":45,"Bottled Tornado":26,"Ancient Tea Set":7,"Boot":42,"FrozenCore":0,"ClockworkSouvenir":17,"Emotion Chip":6,"Dream Catcher":40,"HornCleat":30,"Gambling Chip":6,"Kunai":44,"Cracked Core":0,"Pear":12,"Inserter":27,"Golden Idol":6,"Astrolabe":17,"Oddly Smooth Stone":45,"War Paint":23,"Orichalcum":55,"Medical Kit":54,"Akabeko":48,"Cables":6,"Anchor":54,"Ornamental Fan":54,"MutagenicStrength":19,"Bronze Scales":25,"Bag of Marbles":27,"Membership Card":46},{"Calipers":16,"Gremlin Horn":5,"Runic Capacitor":1,"Juzu Bracelet":24,"Incense Burner":25,"Bottled Tornado":14,"Ancient Tea Set":6,"Boot":24,"FrozenCore":0,"ClockworkSouvenir":10,"Emotion Chip":5,"Dream Catcher":23,"HornCleat":18,"Gambling Chip":5,"Kunai":25,"Cracked Core":0,"Pear":8,"Inserter":15,"Golden Idol":5,"Astrolabe":10,"Oddly Smooth Stone":25,"War Paint":13,"Orichalcum":29,"Medical Kit":28,"Akabeko":26,"Cables":5,"Anchor":28,"Ornamental Fan":28,"MutagenicStrength":11,"Bronze Scales":14,"Bag of Marbles":15,"Membership Card":25},{"Calipers":59,"Gremlin Horn":15,"Runic Capacitor":4,"Juzu Bracelet":93,"Incense Burner":98,"Bottled Tornado":53,"Ancient Tea Set":21,"Boot":93,"FrozenCore":0,"ClockworkSouvenir":38,"Emotion Chip":15,"Dream Catcher":88,"HornCleat":67,"Gambling Chip":15,"Kunai":98,"Cracked Core":0,"Pear":27,"Inserter":54,"Golden Idol":15,"Astrolabe":38,"Oddly Smooth Stone":98,"War Paint":49,"Orichalcum":127,"Medical Kit":124,"Akabeko":106,"Cables":15,"Anchor":124,"Ornamental Fan":124,"MutagenicStrength":41,"Bronze Scales":53,"Bag of Marbles":56,"Membership Card":98}]},"card_choices":[{"not_picked":["Turbo","Compile Driver","Static Discharge"],"picked":"SKIP","floor":1},{"not_picked":["Blizzard","Rebound"],"picked":"Conserve Battery","floor":2},{"not_picked":["Aggregate","Gash"],"picked":"Coolheaded","floor":3},{"not_picked":["Redo","Cold Snap"],"picked":"Lockon","floor":4},{"not_picked":["Machine Learning","Force Field"],"picked":"Hologram","floor":5},{"not_picked":["Fusion","Heatsinks","Doom and Gloom"],"picked":"SKIP","floor":7},{"not_picked":["Stack","Leap"],"picked":"Barrage","floor":10},{"not_picked":["Coolheaded","Sweeping Beam"],"picked":"Ball Lightning","floor":12},{"not_picked":["Ball Lightning","Barrage","Compile Driver"],"picked":"SKIP","floor":13},{"not_picked":["Rainbow","All For One"],"picked":"Machine Learning","floor":16},{"not_picked":["FTL","Gash","Fusion"],"picked":"SKIP","floor":18},{"not_picked":["Go for the Eyes","Lockon","Leap"],"picked":"SKIP","floor":22},{"not_picked":["Cold Snap","Go for the Eyes","All For One"],"picked":"SKIP","floor":23},{"not_picked":["Darkness+1","Conserve Battery+1"],"picked":"Skim+1","floor":25},{"not_picked":["Coolheaded","Leap","Cold Snap"],"picked":"SKIP","floor":27},{"not_picked":["Streamline","Reprogram","Chill"],"picked":"SKIP","floor":28},{"not_picked":["Auto Shields","Fusion","Redo+1"],"picked":"SKIP","floor":29},{"not_picked":["Beam Cell","Coolheaded","Ball Lightning+1"],"picked":"SKIP","floor":30},{"not_picked":["Skim","Hologram+1"],"picked":"Recycle+1","floor":31},{"not_picked":["Streamline+1","Hologram"],"picked":"Defragment","floor":35},{"not_picked":["Go for the Eyes","Rebound","BootSequence"],"picked":"SKIP","floor":37},{"not_picked":["Metamorphosis","Purity"],"picked":"Madness","floor":39},{"not_picked":["Conserve Battery+1","Hologram","Barrage"],"picked":"SKIP","floor":40},{"not_picked":["Doom and Gloom","Glacier","White Noise+1"],"picked":"SKIP","floor":42},{"not_picked":["Gash","Self Repair"],"picked":"Biased Cognition","floor":44},{"not_picked":["Conserve Battery+1","Turbo"],"picked":"Tempest+1","floor":48},{"not_picked":["Self Repair","Hologram"],"picked":"Core Surge","floor":55}],"player_experience":534576,"relics_obtained":[{"floor":7,"key":"Ancient Tea Set"},{"floor":12,"key":"Pear"},{"floor":23,"key":"War Paint"},{"floor":25,"key":"Bronze Scales"},{"floor":26,"key":"Bottled Tornado"},{"floor":27,"key":"Bag of Marbles"},{"floor":30,"key":"HornCleat"},{"floor":40,"key":"Dream Catcher"},{"floor":42,"key":"Boot"},{"floor":43,"key":"Juzu Bracelet"},{"floor":44,"key":"Kunai"},{"floor":48,"key":"Akabeko"},{"floor":55,"key":"Orichalcum"}],"event_choices":[{"damage_healed":0,"gold_gain":0,"cards_transformed":["Strike_B"],"player_choice":"Transformed","damage_taken":0,"max_hp_gain":0,"max_hp_loss":0,"event_name":"Transmorgrifier","floor":8,"gold_loss":0,"cards_obtained":["Genetic Algorithm"]},{"damage_healed":0,"gold_gain":0,"player_choice":"Grow","damage_taken":0,"max_hp_gain":0,"max_hp_loss":0,"event_name":"Living Wall","floor":14,"gold_loss":0,"cards_upgraded":["Defragment"]},{"damage_healed":0,"gold_gain":0,"player_choice":"Inject Mutagens","damage_taken":0,"relics_obtained":["MutagenicStrength"],"max_hp_gain":0,"max_hp_loss":0,"event_name":"Drug Dealer","floor":19,"gold_loss":0},{"damage_healed":0,"gold_gain":0,"player_choice":"Ignored","damage_taken":0,"max_hp_gain":0,"max_hp_loss":0,"event_name":"Ghosts","floor":20,"gold_loss":0},{"damage_healed":0,"gold_gain":0,"player_choice":"Read","damage_taken":0,"max_hp_gain":0,"max_hp_loss":0,"event_name":"The Library","floor":21,"gold_loss":0,"cards_obtained":["Coolheaded"]},{"cards_removed":["Ball Lightning"],"damage_healed":0,"gold_gain":0,"player_choice":"Removed Attack","damage_taken":0,"max_hp_gain":0,"max_hp_loss":0,"event_name":"Falling","floor":36,"gold_loss":0},{"damage_healed":0,"gold_gain":0,"player_choice":"Memory 3","damage_taken":10,"max_hp_gain":0,"max_hp_loss":0,"event_name":"SensoryStone","floor":39,"gold_loss":0}],"is_beta":false,"boss_relics":[{"not_picked":["Snecko Eye","Velvet Choker"],"picked":"Astrolabe"},{"not_picked":["Pandora\u0027s Box","Philosopher\u0027s Stone"],"picked":"Inserter"}],"items_purged_floors":[11],"is_endless":false,"potions_floor_spawned":[5,7,10,12,16,18,23,25,27,33,35,42,48],"ascension_level":20}}