{"host":"qswkx8hggytna0kc","time":1609553037,"event":{"mods":["Aspiration","BaseMod","BetterRewards","Colored Map","Colored Powertips","Highlight Path","Hubris","Mimic Mod","Minty Spire (QoL Compilation)","Quick Restart","Replay The Spire","StSLib","SuperFastMode"],"gold_per_floor":[118,136,136,213,233,233,257,272,298,329,329,365,32,46,46,167,167,185,210,210,210],"floor_reached":20,"playtime":715,"items_purged":[],"score":233,"play_id":"2adbf4a7-32f3-4581-9c69-b1ecd5777f8d","local_time":"20210102100357","is_ascension_mode":true,"campfire_choices":[{"data":"Zap","floor":6.0,"key":"SMITH"},{"floor":15.0,"key":"DIG"}],"circlet_count":0,"master_deck":["Strike_B","Strike_B","Strike_B","Strike_B","Defend_B","Defend_B","Defend_B","Defend_B","Zap+1","Dualcast","Glacier","Storm","Cold Snap","Time Bomb","Panic Button","Chaos","Crow Ritual+1","Electrodynamics+1","BasicCrystalCard","Doom and Gloom"],"relics":["Cracked Core","aspiration:Nostalgia","PureWater","Golden Idol","Golden Egg","ReplayTheSpireMod:Lightbulb","ReplayTheSpireMod:TigerMarble","hubris:Towel","Solar Panel","Replay:Frozen Program","Mirror","aspiration:Stellarator"],"acts_visited":["Exordium","TheCity"],"potions_floor_usage":[20],"damage_taken":[{"damage":0.0,"enemies":"Cultist","floor":1.0,"turns":4.0},{"damage":7.0,"enemies":"Jaw Worm","floor":2.0,"turns":3.0},{"damage":0.0,"enemies":"2 Louse","floor":5.0,"turns":4.0},{"damage":1.0,"enemies":"Looter","floor":7.0,"turns":3.0},{"damage":11.0,"enemies":"Large Slime","floor":8.0,"turns":4.0},{"damage":12.0,"enemies":"3 Sentries","floor":10.0,"turns":8.0},{"damage":3.0,"enemies":"Gremlin Nob","floor":12.0,"turns":3.0},{"damage":3.0,"enemies":"Blue Slaver","floor":14.0,"turns":3.0},{"damage":26.0,"enemies":"Hexaghost","floor":16.0,"turns":12.0},{"damage":7.0,"enemies":"Chosen","floor":18.0,"turns":4.0},{"damage":17,"enemies":"Shell Parasite","floor":19,"turns":5},{"damage":35,"enemies":"Shelled Parasite and Fungi","floor":20,"turns":5}],"seed_played":"6190710179661738222","potions_obtained":[{"floor":1.0,"key":"Swift Potion"},{"floor":5.0,"key":"Adrenaline Potion"},{"floor":7.0,"key":"Energy Potion"},{"floor":8.0,"key":"ColorlessPotion"},{"floor":16.0,"key":"SpeedPotion"},{"floor":18.0,"key":"Strength Potion"},{"floor":19,"key":"Explosive Potion"}],"is_trial":false,"path_per_floor":["M","M","?","T","M","R","M","M","T","E","?","E","$","M","R_BF","B",null,"M","M","M"],"character_chosen":"DEFECT","items_purchased":["Replay:Frozen Program","Crow Ritual"],"campfire_rested":0,"item_purchase_floors":[13,13],"current_hp_per_floor":[75,68,68,68,68,68,67,56,56,44,44,41,41,38,38,14,55,48,31,0,0],"gold":210,"neow_bonus":"NOSTALGIA","is_daily":false,"chose_seed":false,"campfire_upgraded":1,"win_rate":0.0,"timestamp":1609553037,"path_taken":["M","M","?","?","M","R","M","M","T","E","?","E","$","M","R_BF","BOSS","M","M","M"],"items_purchased_type":["Relic","Card"],"build_version":"2020-12-22","purchased_purges":0,"victory":false,"max_hp_per_floor":[75,75,69,69,69,69,69,69,69,69,69,69,69,69,69,69,69,69,69,69,69],"card_choices":[{"not_picked":["Beam Cell","Conserve Battery"],"picked":"Glacier","floor":1.0},{"not_picked":["Stack","Force Field"],"picked":"Storm","floor":2.0},{"not_picked":["Coolheaded","Leap"],"picked":"Cold Snap","floor":5.0},{"not_picked":["Panic Button","Barrage"],"picked":"Time Bomb","floor":7.0},{"not_picked":["ReplayTheSpireMod:Repulse","Gash","hubris:Ukulele"],"picked":"SKIP","floor":8.0},{"not_picked":["hubris:PowerSurge","BootSequence"],"picked":"Panic Button","floor":10.0},{"not_picked":["ReplaySort","Storm"],"picked":"Chaos","floor":12.0},{"not_picked":["Coolheaded","Hologram","Streamline"],"picked":"SKIP","floor":14.0},{"not_picked":["Amplify","Core Surge"],"picked":"Electrodynamics","floor":16.0},{"not_picked":["Conserve Battery","Go for the Eyes"],"picked":"BasicCrystalCard","floor":18.0},{"not_picked":["Hologram","Buffer"],"picked":"Doom and Gloom","floor":19}],"player_experience":208539,"relics_obtained":[{"floor":4.0,"key":"Golden Egg"},{"floor":9.0,"key":"ReplayTheSpireMod:Lightbulb"},{"floor":10.0,"key":"ReplayTheSpireMod:TigerMarble"},{"floor":12.0,"key":"Solar Panel"},{"floor":15.0,"key":"Mirror"}],"event_choices":[{"damage_healed":0.0,"max_hp_gain":0.0,"max_hp_loss":6.0,"gold_gain":0.0,"event_name":"Golden Idol","player_choice":"Lose Max HP","floor":3.0,"gold_loss":0.0,"damage_taken":0.0,"relics_obtained":["Golden Idol"]}],"is_beta":false,"boss_relics":[{"not_picked":["hubris:TerracottaHorce","Runic Dome"],"picked":"aspiration:Stellarator"}],"items_purged_floors":[],"is_endless":false,"potions_floor_spawned":[1,5,7,8,16,18,19],"killed_by":"Shelled Parasite and Fungi","ascension_level":5}}