{"host":"sabve5zmqufxyc5o","time":1609610859,"event":{"mods":["2.2 Compatiblity","AchievementEnabler","Act Like it!","Arknights The Spire","BaseMod","Block Reminder","Colored Map","Colored Powertips","DeckTracker","KOR Keyword Fix","Keyboard Shortcuts","Minty Spire (QoL Compilation)","Quick Restart","Rare Cards Sparkle","Relic Stats","StSLib","SuperFastMode"],"gold_per_floor":[110,126,139,139,89,127,150,186,186,186,206,206,219,234,234,234,234],"floor_reached":16,"playtime":400,"items_purged":[],"score":129,"play_id":"bf68b650-028b-4d78-8ded-0ac9dac4e254","local_time":"20210103030739","is_ascension_mode":true,"campfire_choices":[{"floor":10,"key":"REST"},{"data":"ats:Emotion Absorption","floor":12,"key":"SMITH"},{"floor":15,"key":"REST"}],"circlet_count":0,"master_deck":["ats:Strike C","ats:Strike G","ats:Strike S","ats:Armor Crushing Shot","ats:Defend","ats:Defend","ats:Defend","ats:Defend","ats:Emotion Absorption+1","ats:Ignite","ats:Childhood Dance","ats:Apocalypse","ats:Flame Of Heaven","ats:Burning Ground","ats:Assault Order"],"relics":["ats:Sanity","PreservedInsect","Golden Idol","ats:Originium","ats:Hidden Killer","Nunchaku","Oddly Smooth Stone","Bottled Lightning"],"acts_visited":["Exordium"],"potions_floor_usage":[8],"damage_taken":[{"damage":1.0,"enemies":"2 Louse","floor":1.0,"turns":3.0},{"damage":12.0,"enemies":"Jaw Worm","floor":2.0,"turns":3.0},{"damage":0.0,"enemies":"Cultist","floor":3.0,"turns":4.0},{"damage":27.0,"enemies":"3 Sentries","floor":6.0,"turns":8.0},{"damage":32,"enemies":"Gremlin Nob","floor":8,"turns":4},{"damage":15,"enemies":"3 Louse","floor":11,"turns":5},{"damage":9,"enemies":"2 Fungi Beasts","floor":13,"turns":3},{"damage":17,"enemies":"Large Slime","floor":14,"turns":7},{"damage":54,"enemies":"The Guardian","floor":16,"turns":18}],"seed_played":"-8387558185591405231","potions_obtained":[{"floor":1.0,"key":"PowerPotion"},{"floor":3.0,"key":"Energy Potion"},{"floor":13,"key":"ats:Top Emergency Sanity Potion"}],"is_trial":false,"path_per_floor":["M","M","M","?","?","E","T","E","T","R","M","R","M","M","R","B"],"character_chosen":"DOCTOR_CLASS","items_purchased":[],"campfire_rested":2,"item_purchase_floors":[],"current_hp_per_floor":[71,59,59,59,59,32,32,4,4,24,21,21,16,11,31,13,13],"gold":234,"neow_bonus":"RANDOM_COMMON_RELIC","is_daily":false,"chose_seed":false,"campfire_upgraded":1,"win_rate":0.0,"timestamp":1609610859,"path_taken":["M","M","M","?","?","E","?","E","T","R","M","R","M","M","R","BOSS"],"items_purchased_type":[],"build_version":"2020-12-22","purchased_purges":0,"victory":false,"max_hp_per_floor":[72,72,72,67,67,67,67,67,67,67,67,67,67,67,67,67,67],"relic_stats":{"Nunchaku":[4],"counters":[9,54],"Golden Idol":25,"PreservedInsect":52,"obtain_stats":[{"Nunchaku":7,"ats:Originium":6,"Golden Idol":4,"ats:Hidden Killer":6,"Oddly Smooth Stone":8,"PreservedInsect":0,"ats:Sanity":0,"Bottled Lightning":9},{"Nunchaku":4,"ats:Originium":4,"Golden Idol":3,"ats:Hidden Killer":4,"Oddly Smooth Stone":5,"PreservedInsect":0,"ats:Sanity":0,"Bottled Lightning":5},{"Nunchaku":18,"ats:Originium":18,"Golden Idol":10,"ats:Hidden Killer":18,"Oddly Smooth Stone":21,"PreservedInsect":0,"ats:Sanity":0,"Bottled Lightning":21}]},"card_choices":[{"not_picked":["ats:Demon Strength","ats:Shadow Raid"],"picked":"ats:Ignite","floor":1.0},{"not_picked":["ats:Cat Scratch","ats:Consecutive Shot Auto"],"picked":"ats:Childhood Dance","floor":2.0},{"not_picked":["ats:Childhood Dance","ats:Powerful Strike","ats:Explosion Area Strengthen"],"picked":"SKIP","floor":3.0},{"not_picked":["ats:Collapsing Strike","ats:Cat Scratch"],"picked":"ats:Apocalypse","floor":6.0},{"not_picked":["ats:Soul Rend","ats:Healing Strengthening"],"picked":"ats:Flame Of Heaven","floor":8},{"not_picked":["ats:Mental Burst","ats:LN2 Cannon"],"picked":"ats:Burning Ground","floor":11},{"not_picked":["ats:Childhood Dance","ats:Poison Spread","ats:Curse Doll"],"picked":"SKIP","floor":13},{"not_picked":["ats:Childhood Dance","ats:Apocalypse"],"picked":"ats:Assault Order","floor":14}],"player_experience":827914,"relics_obtained":[{"floor":6.0,"key":"ats:Originium"},{"floor":6.0,"key":"ats:Hidden Killer"},{"floor":7.0,"key":"Nunchaku"},{"floor":8,"key":"ats:Originium"},{"floor":8,"key":"Oddly Smooth Stone"},{"floor":9,"key":"Bottled Lightning"}],"event_choices":[{"damage_healed":0.0,"max_hp_gain":0.0,"max_hp_loss":5.0,"gold_gain":0.0,"event_name":"Golden Idol","player_choice":"Lose Max HP","floor":4.0,"gold_loss":0.0,"damage_taken":0.0,"relics_obtained":["Golden Idol"]},{"cards_removed":["ats:Strike V"],"damage_healed":0.0,"max_hp_gain":0.0,"max_hp_loss":0.0,"gold_gain":0.0,"event_name":"The Cleric","player_choice":"Card Removal","floor":5.0,"gold_loss":50.0,"damage_taken":0.0}],"is_beta":false,"boss_relics":[],"items_purged_floors":[],"is_endless":false,"potions_floor_spawned":[1,3,13],"killed_by":"The Guardian","ascension_level":3}}