{"host":"792mtbovsoa03nb3","time":1609558117,"event":{"mods":["BaseMod","Colored Map","Curses Come First","Dota2Spire","Downfall","Ekko","Evolution","Hubris","Infinite Spire","Minty Spire (QoL Compilation)","Replay The Spire","Spicy Shops","StSLib","The Blue Laboratory","The Jungle","??????REMEMod"],"gold_per_floor":[114,114,114,144,174,174,239,239,264,379,443,38,109,185,185,339,339,416,416,416,416,505,505,665,671,671],"floor_reached":25,"playtime":700,"items_purged":[],"score":473,"play_id":"780bc014-0d59-4d2b-a5d6-8dcc77bae7a0","local_time":"20210101192837","is_ascension_mode":true,"campfire_choices":[{"data":"Fire Breathing","floor":6,"key":"SMITH"},{"floor":15,"key":"REST"},{"data":"Specialist","floor":23,"key":"SMITH"}],"circlet_count":0,"master_deck":["Strike_R","Strike_R","Strike_R","Strike_R","Defend_R","Defend_R+1","Defend_R","Bash","hubris:Greed","hexamod:FirstSeal","Flex","REME_Scribble","hubris:Fate","hubris:Greed","infinitespire:OneForAll","hubris:Greed","hubris:Greed","Fire Breathing+1","hubris:Greed","hubris:Greed","hubris:Greed","hubris:Greed","Anger","Metallicize","Specialist+1","hubris:Greed","hubris:Greed","REME_Fury","CommonCold","Shrug It Off+1","hubris:Greed","hubris:Greed","hubris:Greed","hubris:Greed","hubris:Greed","hubris:Greed","hubris:Greed","hubris:Greed","hubris:Greed","hubris:Greed","hubris:Greed","hubris:Greed","hubris:Greed","hubris:Greed","hubris:Greed","hubris:Greed","hubris:Greed","hubris:Greed","hubris:Greed","hubris:Greed","hubris:Greed","hubris:Greed"],"relics":["Burning Blood","EVO:Axolotl","REME_ComplimentaryCards","Dota2Spire:ShadowBlade","Replay:Baseball","Replay:Bandana","Bronze Scales","Kintsugi","hubris:Towel","Dota2Spire:EchoSabre"],"acts_visited":["Exordium","TheCity"],"potions_floor_usage":[24,24,24],"damage_taken":[{"damage":11,"enemies":"2 Louse","floor":1,"turns":4},{"damage":16,"enemies":"Jaw Worm","floor":4,"turns":4},{"damage":6,"enemies":"Small Slimes","floor":5,"turns":4},{"damage":22,"enemies":"3 Sentries","floor":7,"turns":6},{"damage":9,"enemies":"2 Fungi Beasts","floor":11,"turns":4},{"damage":0,"enemies":"3 Louse","floor":13,"turns":3},{"damage":20,"enemies":"Blue Slaver","floor":14,"turns":4},{"damage":0,"enemies":"Slime Boss","floor":16,"turns":2},{"damage":30,"enemies":"Spheric Guardian","floor":18,"turns":4},{"damage":38,"enemies":"3 Byrds","floor":22,"turns":4},{"damage":104,"enemies":"Slavers","floor":24,"turns":7},{"damage":34,"enemies":"3 Cultists","floor":25,"turns":3}],"seed_played":"-3579623916739604493","potions_obtained":[{"floor":1,"key":"LiquidMemories"},{"floor":7,"key":"Weak Potion"},{"floor":14,"key":"blueLaboratory:FruitPreserves"}],"is_trial":false,"path_per_floor":["M","?","?","M","M","R","E","?","T","?","M","$","M","M","R","B",null,"M","?","?","?","M","R","E","M"],"character_chosen":"IRONCLAD","items_purchased":["Specialist","Bronze Scales"],"campfire_rested":1,"item_purchase_floors":[12,12],"current_hp_per_floor":[90,90,67,66,75,75,68,68,68,28,34,34,47,42,73,79,99,75,75,75,75,67,67,23,0,0],"gold":671,"neow_bonus":"TWENTY_PERCENT_HP_BONUS","is_daily":false,"chose_seed":false,"campfire_upgraded":2,"win_rate":0.0,"timestamp":1609558117,"path_taken":["M","?","?","?","M","R","E","?","T","?","M","?","M","?","R","BOSS","M","?","?","?","M","R","E","M"],"items_purchased_type":["Card","Relic"],"build_version":"2020-12-22","purchased_purges":0,"victory":false,"max_hp_per_floor":[96,96,96,98,100,100,102,102,102,102,104,104,104,106,106,106,106,106,106,106,106,108,108,110,112,112],"card_choices":[{"not_picked":["Replay:Undeath\u0027s Touch","Heavy Blade"],"picked":"Flex","floor":1},{"not_picked":["infinitespire:NeuralNetwork","infinitespire:FutureSight"],"picked":"hubris:Fate","floor":3},{"not_picked":["ReplayTheSpireMod:Corrosion Curse","Warcry"],"picked":"infinitespire:OneForAll","floor":4},{"not_picked":["Headbutt","Twin Strike"],"picked":"Fire Breathing","floor":5},{"not_picked":["Juggernaut","Wild Strike","Headbutt"],"picked":"SKIP","floor":7},{"not_picked":["Run Through","Life Link"],"picked":"Anger","floor":10},{"not_picked":["Whirlwind","Warcry"],"picked":"Metallicize","floor":10},{"not_picked":["Intimidate","Iron Wave","Clash"],"picked":"SKIP","floor":11},{"not_picked":["Seeing Red","Body Slam","Inflame"],"picked":"SKIP","floor":13},{"not_picked":["Twin Strike","Run Through","Replay:Undeath\u0027s Touch"],"picked":"SKIP","floor":14},{"not_picked":["Reaper","Impervious"],"picked":"REME_Fury","floor":16},{"not_picked":["Twin Strike","Massacre"],"picked":"Shrug It Off+1","floor":18},{"not_picked":["Twin Strike","Replay:Undeath\u0027s Touch","Sword Boomerang"],"picked":"SKIP","floor":22},{"not_picked":["Rage","Perfected Strike","ReplayTheSpireMod:LeadingStrike+1"],"picked":"SKIP","floor":24}],"player_experience":833456,"relics_obtained":[{"floor":7,"key":"Dota2Spire:ShadowBlade"},{"floor":9,"key":"Replay:Baseball"},{"floor":10,"key":"Replay:Bandana"},{"floor":24,"key":"Dota2Spire:EchoSabre"}],"event_choices":[{"cards_removed":["hubris:Greed"],"damage_healed":0,"gold_gain":0,"player_choice":"Elegance","damage_taken":0,"max_hp_gain":0,"max_hp_loss":0,"event_name":"Back to Basics","floor":20,"gold_loss":0}],"is_beta":false,"boss_relics":[{"not_picked":["REME_ChargedStone","Fusion Hammer"],"picked":"Kintsugi"}],"items_purged_floors":[],"is_endless":false,"potions_floor_spawned":[1,7,14,22],"killed_by":"3 Cultists","ascension_level":9}}