{"host":"pi8b3ffzwvxqztac","time":1609585442,"event":{"mods":["BaseMod","Colored Map","Downfall","Minty Spire (QoL Compilation)","StSLib"],"gold_per_floor":[99,111,125,137,122,47,47,67,67,81,108,20,20,20,38,38,38,38],"floor_reached":16,"playtime":845,"items_purged":[],"score":158,"play_id":"6df771d7-fbd2-476b-ac92-8f3d9cf53112","local_time":"20210103000402","is_ascension_mode":true,"campfire_choices":[{"floor":1,"key":"RECALL"},{"data":"hexamod:Float","floor":6,"key":"SMITH"},{"floor":9,"key":"REST"},{"data":"hexamod:RainOfEmbers","floor":13,"key":"SMITH"}],"circlet_count":0,"master_deck":["AscendersBane","hexamod:Strike","hexamod:Strike","hexamod:Strike+1","hexamod:Defend","hexamod:Defend","hexamod:Defend","hexamod:Sear","hexamod:Float+1","hexamod:ThermalTransfer","hexamod:HauntingEcho","hexamod:SpectersWail+1","hexamod:RainOfEmbers+1","hexamod:FirstSeal","hexamod:FlamesFromBeyond","hexamod:SoulSteal","hexamod:PhantomCloak+1","Regret"],"relics":["hexamod:SpiritBrand","downfall:HeartBlessingRed","Kunai","FossilizedHelix"],"acts_visited":["Exordium"],"potions_floor_usage":[11,16],"damage_taken":[{"damage":0,"enemies":"Cultist","floor":2,"turns":3},{"damage":5,"enemies":"2 Louse","floor":3,"turns":2},{"damage":1,"enemies":"Small Slimes","floor":4,"turns":4},{"damage":0,"enemies":"downfall:FleeingMerchant","floor":5,"turns":4},{"damage":3,"enemies":"Red Slaver","floor":8,"turns":2},{"damage":15,"enemies":"Large Slime","floor":10,"turns":5},{"damage":4,"enemies":"3 Sentries","floor":11,"turns":6},{"damage":3,"enemies":"downfall:FleeingMerchant","floor":12,"turns":4},{"damage":6,"enemies":"Exordium Wildlife","floor":15,"turns":4},{"damage":51,"enemies":"downfall:Ironclad","floor":16,"turns":6}],"seed_played":"6866985566458058771","potions_obtained":[{"floor":3,"key":"champ:CounterPotion"},{"floor":8,"key":"hexamod:EctoCoolerPotion"},{"floor":15,"key":"Dexterity Potion"}],"is_trial":false,"path_per_floor":["R","M","M","M","$","R","T","M","R","M","E","$","R","?","M","B"],"character_chosen":"THE_SPIRIT","items_purchased":["hexamod:PhantomCloak"],"campfire_rested":1,"item_purchase_floors":[12],"current_hp_per_floor":[45,45,40,39,39,39,39,36,57,49,45,49,49,49,50,0,0,0],"gold":38,"neow_bonus":"REMOVE_TWO","is_daily":false,"chose_seed":false,"campfire_upgraded":2,"win_rate":0.0,"timestamp":1609585442,"path_taken":["R","M","M","M","$","R","T","M","R","M","E","?","R","?","M","BOSS"],"items_purchased_type":["Card"],"build_version":"2020-12-22","purchased_purges":0,"victory":false,"max_hp_per_floor":[70,70,70,70,70,70,70,70,70,70,70,70,70,70,70,70,70,70],"card_choices":[{"not_picked":["hexamod:InspiringFlames","hexamod:AdvancingGuard"],"picked":"hexamod:ThermalTransfer","floor":2},{"not_picked":["hexamod:SwordOfDarkness","hexamod:AdvancingGuard"],"picked":"hexamod:HauntingEcho","floor":3},{"not_picked":["hexamod:NightmareStrike","hexamod:FifthSeal"],"picked":"hexamod:SpectersWail","floor":4},{"not_picked":["hexamod:BurningTouch","hexamod:HeatMetal"],"picked":"hexamod:RainOfEmbers","floor":5},{"not_picked":["hexamod:BurningTouch","hexamod:ShieldOfDarkness"],"picked":"hexamod:FirstSeal","floor":8},{"not_picked":["hexamod:BacktrackSmack","hexamod:GhostShield","hexamod:PhantomFireball"],"picked":"SKIP","floor":10},{"not_picked":["hexamod:Haunt","hexamod:Firestarter"],"picked":"hexamod:FlamesFromBeyond","floor":11},{"not_picked":["hexamod:NightmareGuise","hexamod:ShieldOfDarkness"],"picked":"hexamod:SoulSteal","floor":12},{"not_picked":["hexamod:Rewind","hexamod:RetreatToShadows","hexamod:GhostShield"],"picked":"SKIP","floor":15}],"player_experience":467074,"relics_obtained":[{"floor":7,"key":"Kunai"},{"floor":11,"key":"FossilizedHelix"}],"event_choices":[],"is_beta":false,"boss_relics":[],"items_purged_floors":[],"is_endless":false,"potions_floor_spawned":[3,8,15],"killed_by":"downfall:Ironclad","ascension_level":11}}