{"host":"uv231blk40vjdojr","time":1609578367,"event":{"mods":["BaseMod","Minty Spire (QoL Compilation)","Relic Stats"],"gold_per_floor":[112,130,130,130,146,146,18,18,43,43,6,6,26,70,70,191,191,191,191,191,191,191,191,191,191,191,191,191,191,191,36,36,36,36,36,36,36,36,36,36,0,0,0,0,0,0,0,0,0,0],"floor_reached":51,"playtime":2280,"items_purged":["Pain"],"score":1097,"play_id":"38ec74fd-2ce0-4235-b12c-8407afef5532","local_time":"20210102100607","is_ascension_mode":true,"campfire_choices":[{"data":"Sucker Punch","floor":6.0,"key":"SMITH"},{"data":"Dagger Spray","floor":8.0,"key":"SMITH"},{"data":"Caltrops","floor":10.0,"key":"SMITH"},{"data":"Deadly Poison","floor":15.0,"key":"SMITH"},{"data":"Noxious Fumes","floor":23,"key":"SMITH"},{"floor":32,"key":"REST"},{"data":"Doppelganger","floor":40,"key":"SMITH"},{"data":"After Image","floor":42,"key":"SMITH"},{"data":"Adrenaline","floor":45,"key":"SMITH"},{"data":"Madness","floor":49,"key":"SMITH"}],"circlet_count":0,"master_deck":["AscendersBane","Defend_G","Defend_G","Defend_G","Defend_G","Defend_G","Survivor","Neutralize","Sadistic Nature","Caltrops+1","Sucker Punch+1","Deadly Poison+1","After Image+1","Unload","Bite","Bite","Bite","Bite","Bite","Backflip","Noxious Fumes+1","Leg Sweep","Doppelganger+1","Adrenaline+1","Blur","Deadly Poison+1","Madness","Madness+1"],"relics":["Ring of the Snake","Bloody Idol","WarpedTongs","Nunchaku","Dream Catcher","Ectoplasm","Pantograph","Bronze Scales","Toy Ornithopter","Gambling Chip","TwistedFunnel","SlaversCollar","Pocketwatch","Red Mask","MawBank","Blood Vial"],"acts_visited":["Exordium","TheCity","TheBeyond"],"potions_floor_usage":[24,28,33,37,37,44,50,50],"damage_taken":[{"damage":7.0,"enemies":"Small Slimes","floor":1.0,"turns":4.0},{"damage":2.0,"enemies":"Jaw Worm","floor":2.0,"turns":5.0},{"damage":3.0,"enemies":"Cultist","floor":5.0,"turns":3.0},{"damage":3.0,"enemies":"Blue Slaver","floor":13.0,"turns":3.0},{"damage":2.0,"enemies":"3 Sentries","floor":14.0,"turns":6.0},{"damage":4.0,"enemies":"Hexaghost","floor":16.0,"turns":8.0},{"damage":0.0,"enemies":"Chosen","floor":18.0,"turns":4.0},{"damage":0,"enemies":"Shell Parasite","floor":20,"turns":4},{"damage":30,"enemies":"Sentry and Sphere","floor":21,"turns":5},{"damage":3,"enemies":"Centurion and Healer","floor":22,"turns":6},{"damage":13,"enemies":"Gremlin Leader","floor":24,"turns":6},{"damage":18,"enemies":"Book of Stabbing","floor":27,"turns":4},{"damage":18,"enemies":"Shelled Parasite and Fungi","floor":28,"turns":5},{"damage":9,"enemies":"Gremlin Leader","floor":29,"turns":5},{"damage":28,"enemies":"Collector","floor":33,"turns":8},{"damage":0,"enemies":"3 Shapes","floor":35,"turns":4},{"damage":8,"enemies":"3 Darklings","floor":36,"turns":4},{"damage":29,"enemies":"2 Orb Walkers","floor":37,"turns":4},{"damage":14,"enemies":"Sphere and 2 Shapes","floor":38,"turns":6},{"damage":34,"enemies":"Nemesis","floor":44,"turns":7},{"damage":0,"enemies":"4 Shapes","floor":46,"turns":5},{"damage":64,"enemies":"Awakened One","floor":50,"turns":15}],"seed_played":"-7070235367218476699","potions_obtained":[{"floor":5.0,"key":"AttackPotion"},{"floor":13.0,"key":"Fire Potion"},{"floor":14.0,"key":"AttackPotion"},{"floor":20,"key":"GamblersBrew"},{"floor":22,"key":"Swift Potion"},{"floor":27,"key":"DuplicationPotion"},{"floor":29,"key":"SkillPotion"},{"floor":36,"key":"Regen Potion"},{"floor":37,"key":"Weak Potion"},{"floor":46,"key":"BlessingOfTheForge"}],"is_trial":false,"path_per_floor":["M","M","?","?","M","R","$","R","T","R","?","?","M","E","R","B",null,"M","?","M","M","M","R","E","?","T","E","M","E","?","$","R","B",null,"M","M","?","M","?","R","?","R","T","E","R","M","?","$","R","B",null],"character_chosen":"THE_SILENT","items_purchased":["Dagger Spray","TwistedFunnel"],"campfire_rested":1,"item_purchase_floors":[7,31],"current_hp_per_floor":[38,36,36,36,33,33,33,33,33,33,33,33,30,28,28,24,55,55,45,45,21,33,33,37,33,33,25,24,25,25,25,38,37,43,45,44,37,35,35,35,35,35,35,26,26,30,24,24,24,32],"gold":0,"neow_bonus":"RANDOM_COLORLESS_2","is_daily":false,"chose_seed":false,"campfire_upgraded":9,"win_rate":0.0,"timestamp":1609578367,"path_taken":["M","M","?","?","?","R","$","R","T","R","?","?","M","E","R","BOSS","M","?","M","M","M","R","E","?","T","E","?","E","?","$","R","BOSS","M","M","?","M","?","R","?","R","T","E","R","M","?","$","R","BOSS"],"items_purchased_type":["Card","Relic"],"build_version":"2020-12-22","purchased_purges":1,"victory":true,"max_hp_per_floor":[70,70,65,65,65,65,65,65,65,65,65,65,65,65,65,65,65,65,45,45,45,45,45,45,45,45,45,45,45,45,45,45,45,45,45,45,45,45,45,45,45,45,45,45,45,45,45,45,45,45],"relic_stats":{"counters":[22,121],"MawBank":0,"WarpedTongs":[109],"Blood Vial":4,"Nunchaku":[20],"Dream Catcher":1,"Bloody Idol":0,"Pantograph":26,"Bronze Scales":[232],"Gambling Chip":[30],"Ectoplasm":666,"obtain_stats":[{"TwistedFunnel":31,"Golden Idol":3,"MawBank":43,"WarpedTongs":4,"Blood Vial":44,"SlaversCollar":34,"Nunchaku":9,"Dream Catcher":14,"Pantograph":24,"Bronze Scales":26,"Gambling Chip":29,"Bloody Idol":30,"Ectoplasm":17,"Red Mask":41,"Toy Ornithopter":27,"Ring of the Snake":0,"Pocketwatch":37},{"TwistedFunnel":14,"Golden Idol":2,"MawBank":19,"WarpedTongs":2,"Blood Vial":20,"SlaversCollar":15,"Nunchaku":3,"Dream Catcher":5,"Pantograph":11,"Bronze Scales":11,"Gambling Chip":14,"Bloody Idol":14,"Ectoplasm":6,"Red Mask":19,"Toy Ornithopter":12,"Ring of the Snake":0,"Pocketwatch":18},{"TwistedFunnel":68,"Golden Idol":9,"MawBank":94,"WarpedTongs":9,"Blood Vial":101,"SlaversCollar":76,"Nunchaku":12,"Dream Catcher":21,"Pantograph":54,"Bronze Scales":54,"Gambling Chip":68,"Bloody Idol":68,"Ectoplasm":29,"Red Mask":94,"Toy Ornithopter":58,"Ring of the Snake":0,"Pocketwatch":88}],"Toy Ornithopter":19,"Ring of the Snake":[44],"Pocketwatch":[6]},"card_choices":[{"not_picked":["Violence","HandOfGreed"],"picked":"Sadistic Nature","floor":0.0},{"not_picked":["Concentrate","Heel Hook"],"picked":"Caltrops","floor":1.0},{"not_picked":["Finisher","Flying Knee"],"picked":"Sucker Punch","floor":2.0},{"not_picked":["Masterful Stab","Dodge and Roll"],"picked":"Deadly Poison","floor":5.0},{"not_picked":["Dagger Spray","Escape Plan","Quick Slash"],"picked":"SKIP","floor":13.0},{"not_picked":["Distraction","Flechettes"],"picked":"After Image","floor":14.0},{"not_picked":["Night Terror","After Image"],"picked":"Unload","floor":16.0},{"not_picked":["Dagger Spray","Flying Knee","Poisoned Stab"],"picked":"SKIP","floor":18.0},{"not_picked":["Sucker Punch","Deflect","Distraction"],"picked":"SKIP","floor":20},{"not_picked":["Deadly Poison","Predator"],"picked":"Backflip","floor":21},{"not_picked":["Outmaneuver+1","Dagger Spray"],"picked":"Noxious Fumes","floor":22},{"not_picked":["Dagger Throw","Prepared"],"picked":"Leg Sweep","floor":24},{"not_picked":["Skewer","Cloak And Dagger"],"picked":"Doppelganger","floor":27},{"not_picked":["Cloak And Dagger","Eviscerate","Heel Hook"],"picked":"SKIP","floor":28},{"not_picked":["Unload","Underhanded Strike","Flechettes+1"],"picked":"SKIP","floor":29},{"not_picked":["After Image","Storm of Steel"],"picked":"Adrenaline","floor":33},{"not_picked":["Masterful Stab+1","Eviscerate+1","Blade Dance"],"picked":"SKIP","floor":35},{"not_picked":["Backstab","PiercingWail+1","Slice"],"picked":"SKIP","floor":36},{"not_picked":["Quick Slash+1","Underhanded Strike+1"],"picked":"Blur","floor":37},{"not_picked":["Finisher","Flying Knee+1","Dagger Spray"],"picked":"SKIP","floor":38},{"not_picked":["Riddle With Holes+1","Setup","Caltrops"],"picked":"SKIP","floor":44},{"not_picked":["Skewer","Expertise"],"picked":"Deadly Poison+1","floor":46}],"player_experience":550033,"relics_obtained":[{"floor":9.0,"key":"Nunchaku"},{"floor":14.0,"key":"Dream Catcher"},{"floor":24,"key":"Pantograph"},{"floor":26,"key":"Bronze Scales"},{"floor":27,"key":"Toy Ornithopter"},{"floor":29,"key":"Gambling Chip"},{"floor":37,"key":"Pocketwatch"},{"floor":43,"key":"MawBank"},{"floor":44,"key":"Blood Vial"}],"event_choices":[{"damage_healed":0.0,"max_hp_gain":0.0,"max_hp_loss":5.0,"gold_gain":0.0,"event_name":"Golden Idol","player_choice":"Lose Max HP","floor":3.0,"gold_loss":0.0,"damage_taken":0.0,"relics_obtained":["Golden Idol"]},{"damage_healed":0.0,"max_hp_gain":0.0,"max_hp_loss":0.0,"gold_gain":0.0,"event_name":"Accursed Blacksmith","player_choice":"Rummage","floor":4.0,"gold_loss":0.0,"damage_taken":0.0,"relics_obtained":["WarpedTongs"],"cards_obtained":["Pain"]},{"damage_healed":0.0,"max_hp_gain":0.0,"max_hp_loss":0.0,"gold_gain":0.0,"event_name":"World of Goop","player_choice":"Left Gold","floor":11.0,"gold_loss":37.0,"damage_taken":0.0},{"damage_healed":0.0,"max_hp_gain":0.0,"max_hp_loss":0.0,"gold_gain":0.0,"event_name":"Scrap Ooze","player_choice":"Fled","floor":12.0,"gold_loss":0.0,"damage_taken":0.0},{"damage_healed":0,"gold_gain":0,"player_choice":"Became a vampire","damage_taken":0,"max_hp_gain":0,"max_hp_loss":20,"event_name":"Vampires","floor":19,"gold_loss":0,"cards_obtained":["Bite","Bite","Bite","Bite","Bite"]},{"damage_healed":0,"gold_gain":75,"player_choice":"Touch","damage_taken":4,"max_hp_gain":0,"max_hp_loss":0,"event_name":"FaceTrader","floor":25,"gold_loss":0},{"damage_healed":0,"gold_gain":0,"player_choice":"Gave Idol","damage_taken":0,"relics_obtained":["Bloody Idol"],"max_hp_gain":0,"max_hp_loss":0,"event_name":"Forgotten Altar","floor":30,"relics_lost":["Golden Idol"],"gold_loss":0},{"damage_healed":0,"gold_gain":0,"player_choice":"Fight","damage_taken":0,"max_hp_gain":0,"max_hp_loss":0,"event_name":"Mysterious Sphere","floor":37,"gold_loss":0},{"cards_removed":["Dagger Spray"],"damage_healed":0,"gold_gain":0,"player_choice":"Removed Attack","damage_taken":0,"max_hp_gain":0,"max_hp_loss":0,"event_name":"Falling","floor":39,"gold_loss":0},{"damage_healed":0,"gold_gain":0,"player_choice":"Paid","damage_taken":0,"relics_obtained":["Red Mask"],"max_hp_gain":0,"max_hp_loss":0,"event_name":"Tomb of Lord Red Mask","floor":41,"gold_loss":36},{"damage_healed":0,"gold_gain":0,"player_choice":"Embrace Madness","damage_taken":6,"max_hp_gain":0,"max_hp_loss":0,"event_name":"Winding Halls","floor":47,"gold_loss":0,"cards_obtained":["Madness","Madness"]}],"is_beta":false,"boss_relics":[{"not_picked":["WristBlade","Fusion Hammer"],"picked":"Ectoplasm"},{"not_picked":["Runic Dome","Sozu"],"picked":"SlaversCollar"}],"items_purged_floors":[7],"is_endless":false,"potions_floor_spawned":[5,13,14,20,22,27,29,36,37,46],"ascension_level":10}}