{"host":"pgqkv8mh62pnrbci","time":1609606298,"event":{"mods":["2.2 Compatiblity","AchievementEnabler","BaseMod","Custom Start","DeckTracker","Minty Spire (QoL Compilation)","Replay The Spire","StSLib","SuperFastMode","¡¼?Úª?ø«¡½REMEMod"],"gold_per_floor":[117,117,130,147,72,72,88,104,104,104,122,132,132,145,145,251,251,251,251,251,8,8,8,8,8,8,8,8,8,8,8,8,8,8,8,8,8,8,8,8,8,8,8,8,8,8,0,0,0,0],"floor_reached":51,"playtime":2210,"items_purged":["Pain"],"score":1577,"play_id":"0f784c52-3017-41c6-84fd-0fd8a64ddb60","local_time":"20210103015138","is_ascension_mode":true,"campfire_choices":[{"data":"Eruption","floor":6.0,"key":"SMITH"},{"data":"Calculated Gamble","floor":15.0,"key":"SMITH"},{"data":"After Image","floor":23.0,"key":"SMITH"},{"floor":29.0,"key":"REST"},{"data":"Tactician","floor":32.0,"key":"SMITH"},{"data":"Tactician","floor":41.0,"key":"SMITH"},{"data":"Night Terror","floor":49,"key":"SMITH"}],"circlet_count":0,"master_deck":["AscendersBane","Strike_G+1","Strike_G+1","Strike_G+1","Strike_G+1","Strike_G+1","Defend_G+1","Defend_G+1","Defend_G+1","Defend_G+1","Survivor","Neutralize","DeusExMachina","Eruption+1","Corpse Explosion","Tactician+1","Calculated Gamble+1","Noxious Fumes","Backflip","Terror","ReplayTheSpireMod:Scrap Shanks","After Image+1","Accuracy","Acrobatics","Footwork+1","Tactician+1","Concentrate","Blur","Night Terror+1","PiercingWail+1","Calculated Gamble+1","REME_GreenPollution+1","Hidden Blade","Tools of the Trade+1","Blade Dance","Accuracy+1"],"relics":["Ring of the Snake","REME_ComplimentaryCards","White Beast Statue","Tough Bandages","Ectoplasm","Frozen Egg 2","Replay:Baseball","Ornamental Fan","ReplayTheSpireMod:Lightbulb","Replay:Bronze Core","Old Coin","Smiling Mask","Replay:Kaleidoscope","Vampiric Spirits","Red Mask"],"acts_visited":["Exordium","TheCity","TheBeyond"],"potions_floor_usage":[42,44,45,45,48,50,50],"damage_taken":[{"damage":3.0,"enemies":"Jaw Worm","floor":1.0,"turns":4.0},{"damage":2.0,"enemies":"Cultist","floor":3.0,"turns":3.0},{"damage":4.0,"enemies":"2 Louse","floor":4.0,"turns":2.0},{"damage":0.0,"enemies":"2 Fungi Beasts","floor":7.0,"turns":2.0},{"damage":16.0,"enemies":"Red Slaver","floor":8.0,"turns":5.0},{"damage":1.0,"enemies":"3 Louse","floor":11.0,"turns":3.0},{"damage":7.0,"enemies":"Exordium Wildlife","floor":12.0,"turns":5.0},{"damage":0.0,"enemies":"2 Fungi Beasts","floor":14.0,"turns":2.0},{"damage":11.0,"enemies":"The Guardian","floor":16.0,"turns":9.0},{"damage":18.0,"enemies":"Chosen","floor":18.0,"turns":4.0},{"damage":0.0,"enemies":"3 Byrds","floor":22.0,"turns":3.0},{"damage":11.0,"enemies":"Book of Stabbing","floor":24.0,"turns":7.0},{"damage":0.0,"enemies":"Snecko","floor":25.0,"turns":4.0},{"damage":20.0,"enemies":"Chosen and Byrds","floor":27.0,"turns":5.0},{"damage":0.0,"enemies":"Cultist and Chosen","floor":28.0,"turns":2.0},{"damage":0.0,"enemies":"3 Cultists","floor":30.0,"turns":2.0},{"damage":0.0,"enemies":"Collector","floor":33.0,"turns":6.0},{"damage":12.0,"enemies":"3 Darklings","floor":35.0,"turns":4.0},{"damage":0.0,"enemies":"Orb Walker","floor":37.0,"turns":4.0},{"damage":0.0,"enemies":"Sphere and 2 Shapes","floor":39.0,"turns":3.0},{"damage":0.0,"enemies":"Giant Head","floor":40.0,"turns":6.0},{"damage":0,"enemies":"3 Darklings","floor":42,"turns":2},{"damage":0,"enemies":"Transient","floor":44,"turns":6},{"damage":0,"enemies":"Mind Bloom Boss Battle","floor":45,"turns":5},{"damage":0,"enemies":"2 Orb Walkers","floor":46,"turns":4},{"damage":0,"enemies":"Sphere and 2 Shapes","floor":48,"turns":4},{"damage":35,"enemies":"Awakened One","floor":50,"turns":7}],"seed_played":"7872224939792232106","potions_obtained":[{"floor":1.0,"key":"LiquidBronze"},{"floor":2.0,"key":"Regen Potion"},{"floor":11.0,"key":"CunningPotion"},{"floor":14.0,"key":"REME_GoldPotion"},{"floor":16.0,"key":"Venom Potion"},{"floor":18.0,"key":"Swift Potion"},{"floor":20.0,"key":"Adrenaline Potion"},{"floor":22.0,"key":"SmokeBomb"},{"floor":24.0,"key":"Weak Potion"},{"floor":25.0,"key":"Swift Potion"},{"floor":27.0,"key":"FearPotion"},{"floor":30.0,"key":"LiquidMemories"},{"floor":33.0,"key":"Adrenaline Potion"},{"floor":35.0,"key":"LifebloodPotion"},{"floor":37.0,"key":"ColorlessPotion"},{"floor":39.0,"key":"CunningPotion"},{"floor":40.0,"key":"ColorlessPotion"},{"floor":42,"key":"SkillPotion"},{"floor":44,"key":"LiquidBronze"},{"floor":45,"key":"CultistPotion"},{"floor":46,"key":"Fire Potion"},{"floor":48,"key":"LifebloodPotion"}],"is_trial":false,"path_per_floor":["M","?","M","M","?","R","M","M","T","?","M","M","?","M","R","B",null,"M","?","?","$","M","R","E","M","T","M","M","R","M","?","R","B",null,"M","?","M","$","M","E","R","M","T","M","?","?","?","M","R","B",null],"character_chosen":"THE_SILENT","items_purchased":["Replay:Baseball"],"campfire_rested":1,"item_purchase_floors":[21],"current_hp_per_floor":[56,56,54,50,50,50,50,34,34,23,34,27,27,27,27,16,54,36,36,36,36,36,36,25,25,25,5,5,24,24,24,24,24,56,44,44,44,44,44,44,44,44,44,44,44,44,44,47,47,18],"gold":0,"neow_bonus":"THREE_RARE_CARDS","is_daily":false,"chose_seed":false,"campfire_upgraded":6,"win_rate":0.0,"timestamp":1609606298,"path_taken":["M","?","M","?","?","R","M","M","T","?","M","M","?","M","R","BOSS","M","?","?","?","M","R","E","M","T","M","M","R","M","?","R","BOSS","M","?","?","$","M","E","R","M","T","M","?","?","?","M","R","BOSS"],"items_purchased_type":["Relic"],"build_version":"2020-12-22","purchased_purges":1,"victory":true,"max_hp_per_floor":[66,66,66,66,66,66,66,66,66,66,66,66,66,66,66,66,66,66,66,66,66,66,66,66,66,66,66,66,66,66,66,66,66,66,66,66,66,66,66,66,66,66,66,66,66,66,66,66,66,66],"card_choices":[{"not_picked":["Adrenaline","Poison Darts"],"picked":"Corpse Explosion","floor":0.0},{"not_picked":["Sucker Punch","Catalyst","Slice"],"picked":"SKIP","floor":1.0},{"not_picked":["Deflect","Sucker Punch"],"picked":"Tactician","floor":3.0},{"not_picked":["REME_ShadowForm","Dagger Spray"],"picked":"Calculated Gamble","floor":4.0},{"not_picked":["Dagger Throw","Deadly Poison"],"picked":"Noxious Fumes","floor":7.0},{"not_picked":["Underhanded Strike","ReplayTheSpireMod:Shiv Toss","Prepared"],"picked":"SKIP","floor":8.0},{"not_picked":["Underhanded Strike","Dash"],"picked":"Backflip","floor":11.0},{"not_picked":["Sucker Punch","Prepared"],"picked":"Terror","floor":12.0},{"not_picked":["Hidden Blade","Deadly Poison"],"picked":"ReplayTheSpireMod:Scrap Shanks","floor":14.0},{"not_picked":["Doppelganger","Adrenaline"],"picked":"After Image","floor":16.0},{"not_picked":["Underhanded Strike","Dagger Throw"],"picked":"Accuracy","floor":18.0},{"not_picked":["Outmaneuver","Dagger Throw"],"picked":"Acrobatics","floor":20.0},{"not_picked":["Backflip","Dodge and Roll"],"picked":"Footwork+1","floor":22.0},{"not_picked":["Bane","Prepared"],"picked":"Tactician","floor":24.0},{"not_picked":["Prepared","Deflect"],"picked":"Concentrate","floor":25.0},{"not_picked":["Outmaneuver+1","Endless Agony","Replay:Poison Smokescreen"],"picked":"SKIP","floor":27.0},{"not_picked":["Tactician","All Out Attack"],"picked":"Blur","floor":30.0},{"not_picked":["Unload","REME_GrazeFinale"],"picked":"Night Terror","floor":33.0},{"not_picked":["ReplayTheSpireMod:The Works","Deadly Poison"],"picked":"PiercingWail+1","floor":35.0},{"not_picked":["Finisher","ReplayTheSpireMod:Scrap Shanks+1","ReplayTheSpireMod:Exploit Weakness"],"picked":"SKIP","floor":37.0},{"not_picked":["Dagger Spray+1","Sucker Punch","Cloak And Dagger"],"picked":"SKIP","floor":39.0},{"not_picked":["Infinite Blades+1","Quick Slash"],"picked":"REME_GreenPollution+1","floor":40.0},{"not_picked":["Riddle With Holes","Dagger Throw+1"],"picked":"Hidden Blade","floor":42},{"not_picked":["Deflect+1","Prepared"],"picked":"Tools of the Trade+1","floor":44},{"not_picked":["Choke+1","Replay:Poison Smokescreen"],"picked":"Blade Dance","floor":45},{"not_picked":["Dodge and Roll","Backflip"],"picked":"Accuracy+1","floor":46},{"not_picked":["Predator+1","Dodge and Roll","Fluid Movement+1"],"picked":"SKIP","floor":48}],"player_experience":588745,"relics_obtained":[{"floor":9.0,"key":"White Beast Statue"},{"floor":20.0,"key":"Frozen Egg 2"},{"floor":24.0,"key":"Ornamental Fan"},{"floor":26.0,"key":"ReplayTheSpireMod:Lightbulb"},{"floor":40.0,"key":"Old Coin"},{"floor":43,"key":"Smiling Mask"},{"floor":45,"key":"Replay:Kaleidoscope"},{"floor":46,"key":"Vampiric Spirits"}],"event_choices":[{"damage_healed":0.0,"max_hp_gain":0.0,"max_hp_loss":0.0,"gold_gain":0.0,"event_name":"Lab","player_choice":"Got Potions","floor":2.0,"gold_loss":0.0,"damage_taken":0.0},{"cards_removed":["Defend_G"],"damage_healed":0.0,"max_hp_gain":0.0,"max_hp_loss":0.0,"gold_gain":0.0,"event_name":"The Cleric","player_choice":"Card Removal","floor":5.0,"gold_loss":75.0,"damage_taken":0.0},{"damage_healed":0.0,"max_hp_gain":0.0,"max_hp_loss":0.0,"gold_gain":0.0,"event_name":"Scrap Ooze","player_choice":"Success","floor":10.0,"gold_loss":0.0,"damage_taken":11.0,"relics_obtained":["Tough Bandages"]},{"cards_removed":["Defend_G"],"damage_healed":0.0,"max_hp_gain":0.0,"max_hp_loss":0.0,"gold_gain":0.0,"event_name":"Purifier","player_choice":"Purged","floor":13.0,"gold_loss":0.0,"damage_taken":0.0},{"damage_healed":0.0,"max_hp_gain":0.0,"max_hp_loss":0.0,"gold_gain":0.0,"event_name":"Back to Basics","player_choice":"Simplicity","floor":19.0,"gold_loss":0.0,"damage_taken":0.0,"cards_upgraded":["Strike_G","Strike_G","Strike_G","Strike_G","Strike_G","Defend_G","Defend_G","Defend_G","Defend_G"]},{"damage_healed":0.0,"max_hp_gain":0.0,"max_hp_loss":0.0,"gold_gain":50.0,"event_name":"Nest","player_choice":"Stole From Cult","floor":31.0,"gold_loss":0.0,"damage_taken":0.0},{"damage_healed":0.0,"max_hp_gain":0.0,"max_hp_loss":0.0,"gold_gain":0.0,"event_name":"Duplicator","player_choice":"Copied","floor":36.0,"gold_loss":0.0,"damage_taken":0.0,"cards_obtained":["Calculated Gamble"]},{"damage_healed":0,"gold_gain":0,"player_choice":"Fight","damage_taken":0,"max_hp_gain":0,"max_hp_loss":0,"event_name":"MindBloom","floor":45,"gold_loss":0},{"damage_healed":0,"gold_gain":0,"player_choice":"Fight","damage_taken":0,"max_hp_gain":0,"max_hp_loss":0,"event_name":"Mysterious Sphere","floor":46,"gold_loss":0},{"damage_healed":0,"gold_gain":0,"player_choice":"Paid","damage_taken":0,"relics_obtained":["Red Mask"],"max_hp_gain":0,"max_hp_loss":0,"event_name":"Tomb of Lord Red Mask","floor":47,"gold_loss":8}],"is_beta":false,"boss_relics":[{"not_picked":["ReplayTheSpireMod:DimensionalGlitch","Replay:Drink Me"],"picked":"Ectoplasm"},{"not_picked":["Tiny House","Pandora\u0027s Box"],"picked":"Replay:Bronze Core"}],"items_purged_floors":[21],"is_endless":false,"potions_floor_spawned":[1,11,12,14,16,18,22,24,25,27,28,30,33,35,37,39,40,42,44,45,46,48],"ascension_level":19}}