{"host":"4tvw26huhik99q5r","time":1609600920,"event":{"mods":["BaseMod","Colored Powertips","Custom Start","Friendly Minions","HornydragonMod","Kiyohime¡]²M®V¡^","Marisa¡]Ãú«B¡@Å]²z¨F¡^","Minty Spire (QoL Compilation)","StSLib","The Animator","The Servant 0.9.4","The Wild Card","Waifu the Spire"],"gold_per_floor":[115,40,54,72,126,458,484,512,512,544,571,599,634,658,658,735,735,747,662,682,298,329,363,363,389,469,500,533,568,568,587,587,661,711,731,731,436,462,473,504,534,567,567,567,567,596,609,641,641,641,641],"floor_reached":52,"playtime":1147,"items_purged":["Grand Finale","Grand Finale"],"score":3661,"play_id":"ef44103c-01a0-44d9-8edc-df31bbdabca6","local_time":"20210102232200","daily_mods":["Heirloom","Time Dilation","Flight","DeadlyEvents","Elite Swarm","Lethality"],"is_ascension_mode":true,"campfire_choices":[{"data":"After Image","floor":15,"key":"SMITH"},{"data":"After Image","floor":24,"key":"SMITH"},{"data":"Grand Finale","floor":30,"key":"PURGE"},{"data":"Grand Finale","floor":32,"key":"PURGE"},{"data":"Grand Finale+1","floor":44,"key":"PURGE"},{"data":"After Image","floor":45,"key":"SMITH"},{"data":"Adrenaline","floor":49,"key":"SMITH"}],"circlet_count":0,"master_deck":["Grand Finale+1","Adrenaline","Adrenaline","Adrenaline+1","After Image+1","After Image+1","After Image+1","Grand Finale+1"],"relics":["Unceasing Top","StoneCalendar","Old Coin","Darkstone Periapt","Tingsha","Lizard Tail","Ornamental Fan","PreservedInsect","Ginger","Molten Egg 2","Odd Mushroom","Black Star","Ice Cream","Membership Card","Singing Bowl","Ancient Tea Set","Paper Crane","Bronze Scales","Vajra","Art of War","Peace Pipe","Gremlin Horn","White Beast Statue","Frozen Egg 2","Dream Catcher","Bag of Preparation","Centennial Puzzle","Smiling Mask","Kunai","Tiny House","Gambling Chip","Snake Skull","Potion Belt","Toxic Egg 2","Whetstone","Shuriken","Ninja Scroll","InkBottle","CeramicFish","Bottled Lightning","Boot","Pocketwatch","TungstenRod","CaptainsWheel"],"acts_visited":["Exordium","TheCity","TheBeyond"],"potions_floor_usage":[28],"damage_taken":[{"damage":21.0,"enemies":"Small Slimes","floor":1.0,"turns":2.0},{"damage":0.0,"enemies":"2 Louse","floor":3.0,"turns":1.0},{"damage":0.0,"enemies":"Jaw Worm","floor":4.0,"turns":1.0},{"damage":0,"enemies":"Lagavulin","floor":6,"turns":2},{"damage":0,"enemies":"3 Sentries","floor":7,"turns":1},{"damage":0,"enemies":"Gremlin Nob","floor":8,"turns":2},{"damage":0,"enemies":"3 Sentries","floor":10,"turns":1},{"damage":0,"enemies":"Lagavulin","floor":11,"turns":2},{"damage":0,"enemies":"3 Sentries","floor":12,"turns":1},{"damage":0,"enemies":"Gremlin Nob","floor":13,"turns":2},{"damage":9,"enemies":"The Mushroom Lair","floor":14,"turns":2},{"damage":0,"enemies":"Hexaghost","floor":16,"turns":2},{"damage":0,"enemies":"Spheric Guardian","floor":18,"turns":1},{"damage":24,"enemies":"Chosen","floor":20,"turns":4},{"damage":0,"enemies":"Gremlin Leader","floor":22,"turns":1},{"damage":0,"enemies":"Slavers","floor":23,"turns":1},{"damage":0,"enemies":"Gremlin Leader","floor":25,"turns":1},{"damage":17,"enemies":"Book of Stabbing","floor":27,"turns":2},{"damage":35,"enemies":"Slavers","floor":28,"turns":2},{"damage":0,"enemies":"Gremlin Leader","floor":29,"turns":1},{"damage":0,"enemies":"Snecko","floor":31,"turns":1},{"damage":0,"enemies":"Collector","floor":33,"turns":1},{"damage":0,"enemies":"3 Darklings","floor":35,"turns":1},{"damage":11,"enemies":"3 Shapes","floor":39,"turns":1},{"damage":0,"enemies":"Nemesis","floor":40,"turns":1},{"damage":0,"enemies":"Reptomancer","floor":41,"turns":1},{"damage":0,"enemies":"Giant Head","floor":42,"turns":1},{"damage":0,"enemies":"Nemesis","floor":46,"turns":1},{"damage":0,"enemies":"Spire Growth","floor":47,"turns":1},{"damage":0,"enemies":"Giant Head","floor":48,"turns":1},{"damage":0,"enemies":"Time Eater","floor":50,"turns":1},{"damage":0,"enemies":"Awakened One","floor":51,"turns":2}],"seed_played":"3735731070579243629","potions_obtained":[{"floor":1.0,"key":"Fire Potion"},{"floor":6,"key":"AttackPotion"},{"floor":22,"key":"FairyPotion"},{"floor":28,"key":"ColorlessPotion"},{"floor":29,"key":"SteroidPotion"},{"floor":33,"key":"PowerPotion"},{"floor":39,"key":"Block Potion"},{"floor":40,"key":"Strength Potion"}],"is_trial":true,"path_per_floor":["M","$","M","M","?","E","E","E","T","E","E","E","E","?","R","B",null,"M","?","M","$","E","E","R","E","T","E","E","E","R","M","R","B",null,"M","?","$","T","M","E","E","E","T","R","R","E","M","E","R","B","B",null],"character_chosen":"THE_SILENT","items_purchased":["Membership Card","Singing Bowl","Ancient Tea Set","Gambling Chip","Snake Skull"],"campfire_rested":0,"item_purchase_floors":[21,21,21,37,37],"current_hp_per_floor":[38,38,38,38,38,38,38,38,38,38,38,38,38,29,29,29,57,57,57,33,33,35,37,37,39,39,24,24,26,26,28,28,28,74,76,76,76,76,67,69,71,73,73,73,73,75,77,79,79,79,79],"gold":641,"neow_bonus":"","is_daily":false,"chose_seed":false,"campfire_upgraded":4,"win_rate":0.0,"timestamp":1609600920,"path_taken":["M","$","M","M","?","E","E","E","T","E","E","E","E","?","R","BOSS","M","?","?","?","?","E","R","E","T","E","E","?","R","?","R","BOSS","M","?","$","?","M","E","E","E","T","R","R","E","M","E","R","BOSS","BOSS"],"items_purchased_type":["Relic","Relic","Relic","Relic","Relic"],"build_version":"2020-12-22","purchased_purges":2,"victory":true,"max_hp_per_floor":[66,66,66,66,66,66,66,66,66,66,66,66,66,66,66,66,66,66,66,66,66,68,70,70,72,72,74,76,78,78,80,80,80,87,89,89,89,89,91,93,95,97,97,97,97,99,101,103,103,103,103],"card_choices":[{"not_picked":["All Out Attack","Bane","Dodge and Roll"],"picked":"SKIP","floor":1.0},{"not_picked":["Heel Hook","animator:Scar","animator:Berserker"],"picked":"SKIP","floor":3.0},{"not_picked":["animator:Hitei","animator:Millim","Slice"],"picked":"SKIP","floor":4.0},{"not_picked":["animator:Gilgamesh","animator:HigakiRinne","Wraith Form v2"],"picked":"SKIP","floor":6},{"not_picked":["animator:Guren","animator:Wiz","Grand Finale"],"picked":"SKIP","floor":7},{"not_picked":["animator:MadokaKaname","Envenom","animator:Boros"],"picked":"SKIP","floor":8},{"not_picked":["animator:Shiro","animator:Eve","Burst"],"picked":"SKIP","floor":10},{"not_picked":["Corpse Explosion","A Thousand Cuts","animator:SwordMaiden"],"picked":"SKIP","floor":11},{"not_picked":["Envenom","Tools of the Trade","Venomology"],"picked":"SKIP","floor":12},{"not_picked":["animator:Shiro","After Image","animator:Biyorigo"],"picked":"SKIP","floor":13},{"not_picked":["animator:Lancer+1","animator:YaoHaDucy+1","animator:Mitsurugi+1"],"picked":"SKIP","floor":18},{"not_picked":["animator:Spearman+1","animator:EmiyaShirou","animator:DolaRiku+1"],"picked":"SKIP","floor":20},{"not_picked":["Envenom","animator:HigakiRinne","animator:Father"],"picked":"Singing Bowl","floor":22},{"not_picked":["animator:FeridBathory","Glass Knife+1","animator:Eris"],"picked":"Singing Bowl","floor":23},{"not_picked":["animator:PinaCoLada","Storm of Steel","animator:GoblinSlayer+1"],"picked":"Singing Bowl","floor":25},{"not_picked":["Phantasmal Killer","animator:ChaikaTrabant+1","Unload+1"],"picked":"Singing Bowl","floor":27},{"not_picked":["animator:Sora","animator:Ainz+1","animator:FeridBathory+1"],"picked":"Singing Bowl","floor":28},{"not_picked":["After Image+1","Adrenaline","Phantasmal Killer"],"picked":"Singing Bowl","floor":29},{"not_picked":["animator:ElricEdward+1","Underhanded Strike+1","Masterful Stab+1"],"picked":"Singing Bowl","floor":31},{"not_picked":["animator:MadokaKaname","animator:Kyubey"],"picked":"Grand Finale+1","floor":33},{"not_picked":["animator:Assassin+1","animator:DolaSchwi+1","animator:Ciel"],"picked":"Singing Bowl","floor":34},{"not_picked":["All Out Attack+1","animator:Tet","animator:SuzuneAmano+1"],"picked":"Singing Bowl","floor":35},{"not_picked":["animator:DwarfShaman+1","animator:Tatsumaki","animator:SakuraMatou+1"],"picked":"Singing Bowl","floor":39},{"not_picked":["animator:FeridBathory+1","Corpse Explosion+1","animator:Saber+1"],"picked":"Singing Bowl","floor":40},{"not_picked":["animator:Eris+1","animator:Sora+1","Die Die Die+1"],"picked":"Singing Bowl","floor":41},{"not_picked":["After Image+1","animator:Gilgamesh+1","animator:Wiz+1"],"picked":"Singing Bowl","floor":42},{"not_picked":["animator:Guren+1","animator:Eris+1","Venomology+1"],"picked":"Singing Bowl","floor":46},{"not_picked":["Infinite Blades+1","animator:Emonzaemon+1","animator:EmiyaShirou+1"],"picked":"Singing Bowl","floor":47},{"not_picked":["animator:Ainz+1","Glass Knife+1","animator:Eve+1"],"picked":"Singing Bowl","floor":48}],"player_experience":1047019,"relics_obtained":[{"floor":6,"key":"Old Coin"},{"floor":7,"key":"Darkstone Periapt"},{"floor":8,"key":"Tingsha"},{"floor":9,"key":"Lizard Tail"},{"floor":10,"key":"Ornamental Fan"},{"floor":11,"key":"PreservedInsect"},{"floor":12,"key":"Ginger"},{"floor":13,"key":"Molten Egg 2"},{"floor":14,"key":"Odd Mushroom"},{"floor":22,"key":"Paper Crane"},{"floor":22,"key":"Bronze Scales"},{"floor":23,"key":"Vajra"},{"floor":23,"key":"Art of War"},{"floor":25,"key":"Peace Pipe"},{"floor":25,"key":"Gremlin Horn"},{"floor":26,"key":"White Beast Statue"},{"floor":27,"key":"Frozen Egg 2"},{"floor":27,"key":"Dream Catcher"},{"floor":28,"key":"Bag of Preparation"},{"floor":28,"key":"Centennial Puzzle"},{"floor":29,"key":"Smiling Mask"},{"floor":29,"key":"Kunai"},{"floor":38,"key":"Potion Belt"},{"floor":40,"key":"Toxic Egg 2"},{"floor":40,"key":"Whetstone"},{"floor":41,"key":"Shuriken"},{"floor":41,"key":"Ninja Scroll"},{"floor":42,"key":"InkBottle"},{"floor":42,"key":"CeramicFish"},{"floor":43,"key":"Bottled Lightning"},{"floor":46,"key":"Boot"},{"floor":46,"key":"Pocketwatch"},{"floor":48,"key":"TungstenRod"},{"floor":48,"key":"CaptainsWheel"}],"event_choices":[{"damage_healed":0,"gold_gain":54,"player_choice":"Gained Gold","damage_taken":0,"max_hp_gain":0,"max_hp_loss":0,"event_name":"Golden Wing","floor":5,"gold_loss":0},{"damage_healed":0,"gold_gain":0,"player_choice":"Fought Mushrooms","damage_taken":0,"max_hp_gain":0,"max_hp_loss":0,"event_name":"Mushrooms","floor":14,"gold_loss":0},{"damage_healed":0,"gold_gain":0,"player_choice":"Obtained Relic","damage_taken":0,"relics_obtained":["Ice Cream"],"max_hp_gain":0,"max_hp_loss":0,"event_name":"Addict","floor":19,"gold_loss":85},{"damage_healed":0,"gold_gain":0,"player_choice":"Ignored","damage_taken":0,"max_hp_gain":0,"max_hp_loss":0,"event_name":"Tomb of Lord Red Mask","floor":36,"gold_loss":0}],"is_beta":false,"boss_relics":[{"not_picked":["SlaversCollar","Philosopher\u0027s Stone"],"picked":"Black Star"},{"not_picked":["Snecko Eye","Fusion Hammer"],"picked":"Tiny House"}],"items_purged_floors":[2,37],"is_endless":false,"potions_floor_spawned":[1,6,8,11,20,22,27,28,29,31,33,35,39,40,41,42,46,47,48],"ascension_level":20}}