{"host":"kpklgwyuz86bov3e","time":1609573014,"event":{"mods":["Aspiration","BaseMod","Better Third Choice","BetterRewards","Conspire","Energized Spire","GifTheSpireLib","Halation","Highlight Path","Hubris","Jedi Mod","Minty Spire (QoL Compilation)","Permanent Neow","Relic Sorter","Replay The Spire","Shop Mod","Spicy Shops","Spikes Relics","StSLib","Stuff the Spire","The Blue Laboratory","Waifu the Spire","slay the spire mod where everything is the same but ironclad has a cowboy hat"],"gold_per_floor":[118,193,368,4,18,18,51,51,78,78,98,122,156,182,182,293,293,316,316,316,316,336,55,55,55,65,78,104,104,117,117,129,155,155,255,255,266,281,0,17,32,32,32,32,32,32,32,32,32,32,32,32],"floor_reached":53,"playtime":4046,"items_purged":["Normality","Writhe"],"score":887,"play_id":"cd3131e3-a5ce-4285-9685-cd33e5a01389","local_time":"20210102023654","is_ascension_mode":true,"campfire_choices":[{"data":"True Grit","floor":6,"key":"SMITH"},{"data":"Disarm","floor":10,"key":"SMITH"},{"data":"BarbarianYell","floor":15,"key":"SMITH"},{"data":"StuffTheSpire:CelestialWarden","floor":25,"key":"SMITH"},{"data":"conspire:HitWhereItHurts","floor":31,"key":"SMITH"},{"data":"Dual Wield","floor":34,"key":"SMITH"},{"data":"Limit Break","floor":42,"key":"SMITH"},{"data":"Dark Embrace","floor":44,"key":"SMITH"},{"data":"Limit Break","floor":51,"key":"SMITH"}],"circlet_count":0,"master_deck":["Strike_R","Strike_R","Strike_R","Strike_R","Strike_R","Defend_R","Defend_R","Defend_R","Defend_R","Bash+1","True Grit+1","Doubt","jedi:forcepush","Shrug It Off","Disarm+1","BarbarianYell+1","ReplayTheSpireMod:Strike From Hell","Twin Strike","conspire:HitWhereItHurts+1","Replay:Undeath\u0027s Touch+1","StuffTheSpire:CelestialWarden+1","Replay:Undeath\u0027s Touch","Replay:Undeath\u0027s Touch","ReplayReversal+1","Replay:Undeath\u0027s Touch","Dual Wield+1","Limit Break+1","True Grit+1","jedi:MakeshiftSword","Feel No Pain","Limit Break+1","Dark Embrace+1","StuffTheSpire:Slingshot","jedi:forcepull"],"relics":["Burning Blood","LugNut","PreservedInsect","hubris:DeckOfHolding","MerchantsRug","Thread and Needle","jedi:kaleidoscope","StuffTheSpire:GrapeVine","Tiny Chest","ZombieTooth","aspiration:Lifesprig","Painkiller Herb","hubris:IronBody","jedi:ominousloannote","Orichalcum","hubris:PeanutButter","halation:KoshaPiece"],"acts_visited":["Exordium","TheCity","TheBeyond"],"potions_floor_usage":[13,52],"damage_taken":[{"damage":5,"enemies":"Cultist","floor":1,"turns":4},{"damage":1,"enemies":"Small Slimes","floor":5,"turns":4},{"damage":21,"enemies":"Lagavulin","floor":7,"turns":13},{"damage":11,"enemies":"Jaw Worm","floor":11,"turns":4},{"damage":4,"enemies":"Blue Slaver","floor":12,"turns":3},{"damage":8,"enemies":"3 Sentries","floor":13,"turns":5},{"damage":7,"enemies":"Exordium Thugs","floor":14,"turns":5},{"damage":17,"enemies":"Slime Boss","floor":16,"turns":9},{"damage":15,"enemies":"Spheric Guardian","floor":18,"turns":4},{"damage":6,"enemies":"Chosen","floor":22,"turns":4},{"damage":0,"enemies":"Centurion and Healer","floor":26,"turns":6},{"damage":5,"enemies":"Snake Plant","floor":27,"turns":3},{"damage":0,"enemies":"Snecko","floor":30,"turns":4},{"damage":1,"enemies":"Chosen and Byrds","floor":32,"turns":4},{"damage":0,"enemies":"Book of Stabbing","floor":33,"turns":4},{"damage":11,"enemies":"Champ","floor":35,"turns":6},{"damage":0,"enemies":"3 Shapes","floor":37,"turns":2},{"damage":11,"enemies":"3 Darklings","floor":38,"turns":3},{"damage":7,"enemies":"Spire Growth","floor":40,"turns":4},{"damage":0,"enemies":"Giant Head","floor":43,"turns":3},{"damage":0,"enemies":"Sphere and 2 Shapes","floor":46,"turns":4},{"damage":0,"enemies":"4 Shapes","floor":48,"turns":5},{"damage":0,"enemies":"R_Hoarder","floor":49,"turns":3},{"damage":14,"enemies":"conspire:OrnateMirror","floor":52,"turns":6}],"seed_played":"5271369434185952210","potions_obtained":[{"floor":5,"key":"blueLaboratory:EnragingPotion"},{"floor":7,"key":"ColorlessPotion"},{"floor":11,"key":"SpeedPotion"},{"floor":13,"key":"Elixir"},{"floor":18,"key":"LifebloodPotion"},{"floor":22,"key":"blueLaboratory:FruitPunch"},{"floor":40,"key":"blueLaboratory:HorrorPotion"},{"floor":49,"key":"blueLaboratory:IronCompound"}],"is_trial":false,"path_per_floor":["M","?","?","$","M","R","E","?","T","R","M","M","E","M","R","B",null,"M","?","PTL","PTL","M","$","?","R","M","M","T","?","M","R","M","E","R","B",null,"?","?","T","?","T","T","E","T","T","?","T","?","E","?","T","B",null],"character_chosen":"IRONCLAD","items_purchased":["LugNut","jedi:forcepush","MerchantsRug","Thread and Needle","jedi:kaleidoscope","hubris:IronBody","Feel No Pain","jedi:ominousloannote","Limit Break","Dark Embrace"],"campfire_rested":0,"item_purchase_floors":[4,4,23,23,23,39,39,41,41,41],"current_hp_per_floor":[75,64,64,64,69,69,54,54,54,54,49,51,49,48,48,37,75,66,66,66,66,66,66,66,66,72,73,73,73,75,75,75,75,75,70,75,75,70,70,69,69,69,75,75,75,75,75,75,75,75,75,67],"gold":32,"neow_bonus":"","is_daily":false,"chose_seed":false,"campfire_upgraded":9,"win_rate":0.0,"timestamp":1609573014,"path_taken":["M","?","?","$","?","R","E","?","T","R","M","?","E","M","R","BOSS","M","?","PTL","PTL","M","$","?","R","M","?","T","?","M","R","?","E","R","BOSS","?","?","T","?","T","T","E","T","T","?","T","?","E","?","T","BOSS"],"items_purchased_type":["Relic","Card","Relic","Relic","Relic","Relic","Card","Relic","Card","Card"],"build_version":"2020-12-22","purchased_purges":2,"victory":true,"max_hp_per_floor":[75,75,75,75,75,75,75,75,75,75,75,75,75,75,75,75,75,75,75,75,75,75,75,75,75,75,75,75,75,75,75,75,75,75,75,75,75,75,75,75,75,75,75,75,75,75,75,75,75,75,75,75],"card_choices":[{"not_picked":["jedi:suffering","Rupture"],"picked":"True Grit","floor":1},{"not_picked":["jedi:suffering","Clothesline"],"picked":"Shrug It Off","floor":5},{"not_picked":["Absolvement","Shrug It Off"],"picked":"Disarm","floor":7},{"not_picked":["hubris:ReadiedAction","Brutality"],"picked":"BarbarianYell","floor":11},{"not_picked":["Clash","Clothesline"],"picked":"ReplayTheSpireMod:Strike From Hell","floor":12},{"not_picked":["StuffTheSpire:Incineration","Absolvement"],"picked":"Twin Strike","floor":13},{"not_picked":["True Grit","Replay:Many Hands","Entrench"],"picked":"SKIP","floor":14},{"not_picked":["Eclipse","Reaper"],"picked":"conspire:HitWhereItHurts","floor":16},{"not_picked":["Armaments","jedi:controlledanger"],"picked":"Replay:Undeath\u0027s Touch+1","floor":18},{"not_picked":["StuffTheSpire:Innocence","StuffTheSpire:Harmony"],"picked":"StuffTheSpire:CelestialWarden","floor":19},{"not_picked":["Iron Wave","Headbutt"],"picked":"Replay:Undeath\u0027s Touch","floor":22},{"not_picked":["ReplayTheSpireMod:LeadingStrike","StuffTheSpire:RockThrow"],"picked":"Replay:Undeath\u0027s Touch","floor":26},{"not_picked":["Immolate","ReplayTheSpireMod:LeadingStrike+1"],"picked":"ReplayReversal+1","floor":27},{"not_picked":["Intimidate+1","Ghostly Armor"],"picked":"Replay:Undeath\u0027s Touch","floor":30},{"not_picked":["jedi:fear","Invigoration","True Grit"],"picked":"SKIP","floor":32},{"not_picked":["StuffTheSpire:Incineration","Brutality"],"picked":"Dual Wield","floor":33},{"not_picked":["Demonic Infusion","Berserk"],"picked":"Limit Break","floor":35},{"not_picked":["Wild Strike+1","Second Wind+1"],"picked":"True Grit+1","floor":37},{"not_picked":["Combust","Cleave"],"picked":"jedi:MakeshiftSword","floor":38},{"not_picked":["Armaments","hubris:CleavingFinish+1","hubris:ReadiedAction"],"picked":"SKIP","floor":40},{"not_picked":["Iron Wave","ReplayTheSpireMod:Muscle Training+1","jedi:controlledanger+1"],"picked":"SKIP","floor":43},{"not_picked":["Perfected Strike+1","Inflame","Dual Wield+1"],"picked":"SKIP","floor":46},{"not_picked":["ReplayReversal+1","Second Wind+1"],"picked":"StuffTheSpire:Slingshot","floor":48},{"not_picked":["hubris:CleavingFinish+1","Dual Wield+1","Inflame+1"],"picked":"SKIP","floor":49},{"not_picked":["hubris:CleavingFinish+1","Dual Wield+1","Inflame+1"],"picked":"SKIP","floor":49}],"player_experience":354473,"relics_obtained":[{"floor":7,"key":"PreservedInsect"},{"floor":9,"key":"Replay:Bandana"},{"floor":13,"key":"hubris:DeckOfHolding"},{"floor":24,"key":"StuffTheSpire:GrapeVine"},{"floor":28,"key":"Tiny Chest"},{"floor":33,"key":"aspiration:Lifesprig"},{"floor":43,"key":"Orichalcum"},{"floor":45,"key":"hubris:PeanutButter"},{"floor":49,"key":"halation:KoshaPiece"}],"event_choices":[{"damage_healed":0,"gold_gain":75,"player_choice":"Gold","damage_taken":11,"max_hp_gain":0,"max_hp_loss":0,"event_name":"betterThird:BetterGoop","floor":2,"gold_loss":0},{"damage_healed":0,"gold_gain":175,"player_choice":"AGREE","damage_taken":193,"max_hp_gain":0,"max_hp_loss":0,"event_name":"betterThird:BetterSerpent","floor":3,"gold_loss":0},{"damage_healed":0,"gold_gain":0,"player_choice":"Upgraded","damage_taken":0,"max_hp_gain":0,"max_hp_loss":0,"event_name":"Upgrade Shrine","floor":8,"gold_loss":0,"cards_upgraded":["Bash"]},{"damage_healed":0,"gold_gain":0,"player_choice":"Relic","damage_taken":0,"max_hp_gain":0,"max_hp_loss":0,"event_name":"Wheel of Change","floor":24,"gold_loss":0},{"damage_healed":0,"gold_gain":0,"player_choice":"1 cards matched","damage_taken":0,"max_hp_gain":0,"max_hp_loss":0,"event_name":"Match and Keep!","floor":50,"gold_loss":0,"cards_obtained":["jedi:forcepull"]}],"is_beta":false,"boss_relics":[{"not_picked":["aspiration:DefectSkillbook","energizedSpire:MagnifyingGlass"],"picked":"HailfireSword"},{"not_picked":["Fusion Hammer","Electric Blood"],"picked":"Painkiller Herb"}],"items_purged_floors":[23,41],"is_endless":false,"potions_floor_spawned":[5,7,11,13,18,22,30,32,40,49],"ascension_level":1}}