{"host":"dntw6kil9p09eemm","time":1609627838,"event":{"mods":["Alarm Clock","Aspiration","BaseMod","Downfall","Hermit","Hubris","Minty Spire (QoL Compilation)","Permanent Neow","Replay The Spire","Shop Mod","StSLib","The Runesmith"],"gold_per_floor":[359,376,389,408,98,98,125,141,167,183,183,193,193,210,210,307,307,321,321,246,174,174,174,209,209,209,209,220,230,170,190,190,287,287,302,318,192,210,210,210,210],"floor_reached":39,"playtime":2528,"items_purged":["hexamod:Defend","hexamod:Defend"],"score":605,"play_id":"9b3df1f2-dcab-483f-9f0e-86a1fab92dc3","local_time":"20210103075038","is_ascension_mode":false,"campfire_choices":[{"data":"hexamod:Float","floor":6.0,"key":"SMITH"},{"data":"hexamod:FastForward","floor":11.0,"key":"SMITH"},{"data":"hexamod:SoulSteal","floor":15.0,"key":"SMITH"},{"data":"hexamod:PhantomFireball","floor":23.0,"key":"SMITH"},{"floor":25.0,"key":"REST"},{"data":"hexamod:FastForward","floor":32.0,"key":"SMITH"}],"circlet_count":0,"master_deck":["hexamod:Defend","hexamod:Sear","hexamod:Float+1","hexamod:ThermalTransfer","hexamod:FastForward+1","hexamod:GhostflameBarrier","hexamod:SpectralSpark","hexamod:StepThrough","hexamod:PhantomFireball+1","hexamod:StepThrough","hexamod:SoulSteal+1","hexamod:TimeWarp","hexamod:ThermalTransfer+1","Bite","Bite","Bite","Bite","Bite","hexamod:FastForward+1","hexamod:InspiringFlames+1","hexamod:SuperheatedStrike","hexamod:RadiantFlame","hexamod:HexaLevel"],"relics":["hexamod:SpiritBrand","Bird Faced Urn","hubris:PeanutButter","SlaversCollar","MerchantsRug","Replay:Wax Seal","Quantum Egg","Bag of Marbles","hexamod:RecyclingMachine"],"acts_visited":["Exordium","TheCity","TheBeyond"],"potions_floor_usage":[38],"damage_taken":[{"damage":0.0,"enemies":"Jaw Worm","floor":1.0,"turns":3.0},{"damage":0.0,"enemies":"2 Louse","floor":2.0,"turns":2.0},{"damage":0.0,"enemies":"Small Slimes","floor":3.0,"turns":3.0},{"damage":1.0,"enemies":"Blue Slaver","floor":4.0,"turns":4.0},{"damage":3.0,"enemies":"Lagavulin","floor":7.0,"turns":7.0},{"damage":0.0,"enemies":"Red Slaver","floor":8.0,"turns":3.0},{"damage":0.0,"enemies":"3 Louse","floor":10.0,"turns":3.0},{"damage":0.0,"enemies":"Exordium Thugs","floor":12.0,"turns":3.0},{"damage":0.0,"enemies":"Gremlin Gang","floor":14.0,"turns":1.0},{"damage":23.0,"enemies":"Hexaghost","floor":16.0,"turns":8.0},{"damage":0.0,"enemies":"Spheric Guardian","floor":18.0,"turns":3.0},{"damage":19.0,"enemies":"Book of Stabbing","floor":24.0,"turns":6.0},{"damage":0.0,"enemies":"3 Byrds","floor":28.0,"turns":5.0},{"damage":1.0,"enemies":"Centurion and Healer","floor":29.0,"turns":4.0},{"damage":4.0,"enemies":"Sentry and Sphere","floor":31.0,"turns":4.0},{"damage":27.0,"enemies":"Pondfish","floor":33.0,"turns":9.0},{"damage":17.0,"enemies":"3 Darklings","floor":35.0,"turns":3.0},{"damage":0.0,"enemies":"Orb Walker","floor":36.0,"turns":4.0},{"damage":49,"enemies":"Maw","floor":38,"turns":7},{"damage":21,"enemies":"3 Darklings","floor":39,"turns":4}],"seed_played":"-5042832410173505018","potions_obtained":[{"floor":1.0,"key":"Swift Potion"},{"floor":3.0,"key":"ColorlessPotion"},{"floor":7.0,"key":"Explosive Potion"},{"floor":10.0,"key":"Toxic Potion"},{"floor":12.0,"key":"sneckomod:MuddlingPotion"},{"floor":28.0,"key":"EntropicBrew"},{"floor":29.0,"key":"Weak Potion"},{"floor":35.0,"key":"FearPotion"},{"floor":38,"key":"Energy Potion"}],"is_trial":false,"path_per_floor":["M","M","M","M","$","R","E","M","T","M","R","M","?","M","R","B",null,"M","?","?","$","?","R","E","R","T","?","M","M","$","M","R","B",null,"M","M","$","M","M"],"character_chosen":"THE_SPIRIT","items_purchased":["Bird Faced Urn","MerchantsRug","hexamod:SuperheatedStrike","hexamod:RecyclingMachine"],"campfire_rested":1,"item_purchase_floors":[5,21,30,37],"current_hp_per_floor":[63,63,63,62,62,62,59,59,59,59,59,59,59,59,59,36,63,63,63,63,63,63,63,44,62,62,44,44,44,44,40,40,23,44,29,37,37,10,0,0,0],"gold":210,"neow_bonus":"TWO_FIFTY_GOLD","is_daily":false,"chose_seed":false,"campfire_upgraded":5,"win_rate":0.0,"timestamp":1609627838,"path_taken":["M","M","M","M","$","R","E","M","T","M","R","M","?","M","R","BOSS","M","?","?","?","?","R","E","R","T","?","M","M","$","M","R","BOSS","M","M","$","M","M"],"items_purchased_type":["Relic","Relic","Card","Relic"],"build_version":"2020-12-22","purchased_purges":2,"victory":false,"max_hp_per_floor":[63,63,63,63,63,63,63,63,63,63,63,63,63,63,63,63,63,63,63,63,63,63,63,63,63,63,44,44,44,44,44,44,44,44,44,44,44,44,44,44,44],"card_choices":[{"not_picked":["hexamod:Rewind","hexamod:NightmareStrike"],"picked":"hexamod:ThermalTransfer","floor":1.0},{"not_picked":["hexamod:GhostShield","hexamod:FourthSeal"],"picked":"hexamod:FastForward","floor":2.0},{"not_picked":["hexamod:HeatMetal","hexamod:GhostLash"],"picked":"hexamod:GhostflameBarrier","floor":3.0},{"not_picked":["hexamod:SpectralAdrenaline","hexamod:FirstSeal"],"picked":"hexamod:SpectralSpark","floor":4.0},{"not_picked":["hexamod:InspiringFlames","hexamod:EmpoweringStance"],"picked":"hexamod:StepThrough","floor":7.0},{"not_picked":["hexamod:RecurringNightmare","hexamod:GhostLash"],"picked":"hexamod:PhantomFireball","floor":8.0},{"not_picked":["hexamod:RetreatToShadows","hexamod:RecurringNightmare"],"picked":"hexamod:StepThrough","floor":10.0},{"not_picked":["hexamod:HauntingEcho","hexamod:FlamesFromBeyond"],"picked":"hexamod:SoulSteal","floor":12.0},{"not_picked":["hexamod:GhostLash","hexamod:RainOfEmbers","hexamod:GhostShield"],"picked":"SKIP","floor":14.0},{"not_picked":["hexamod:VolcanoVisage","hexamod:Toasty"],"picked":"hexamod:TimeWarp","floor":16.0},{"not_picked":["hexamod:HeatMetal+1","hexamod:Hexaguard","hexamod:NightmareStrike+1"],"picked":"SKIP","floor":18.0},{"not_picked":["hexamod:BurningTouch","hexamod:TurnItUp"],"picked":"hexamod:ThermalTransfer+1","floor":24.0},{"not_picked":["hexamod:SpectralSpark+1","hexamod:GhostLash"],"picked":"hexamod:FastForward","floor":28.0},{"not_picked":["hexamod:ShieldOfDarkness","hexamod:HauntingEcho"],"picked":"hexamod:InspiringFlames+1","floor":29.0},{"not_picked":["hexamod:Incineration","hexamod:GhostLash"],"picked":"hexamod:RadiantFlame","floor":31.0},{"not_picked":["hexamod:TimeWarp","hexamod:SearingWound"],"picked":"hexamod:HexaLevel","floor":33.0},{"not_picked":["hexamod:BacktrackSmack","hexamod:NightmareStrike","hexamod:HeatMetal+1"],"picked":"SKIP","floor":35.0},{"not_picked":["hexamod:FastForward","hexamod:SwordOfDarkness","hexamod:PhantomCloak"],"picked":"SKIP","floor":36.0},{"not_picked":["hexamod:NightmareStrike+1","hexamod:Firestarter","hexamod:GhostLash"],"picked":"SKIP","floor":38}],"player_experience":528825,"relics_obtained":[{"floor":7.0,"key":"hubris:PeanutButter"},{"floor":9.0,"key":"Pet Ghost"},{"floor":24.0,"key":"Quantum Egg"},{"floor":26.0,"key":"Bag of Marbles"}],"event_choices":[{"cards_removed":["hexamod:Defend"],"damage_healed":0.0,"max_hp_gain":0.0,"max_hp_loss":0.0,"gold_gain":0.0,"event_name":"Beggar","player_choice":"Gave Gold","floor":20.0,"gold_loss":75.0,"damage_taken":0.0},{"damage_healed":0.0,"max_hp_gain":0.0,"max_hp_loss":19.0,"gold_gain":0.0,"event_name":"Vampires","player_choice":"Became a vampire","floor":27.0,"gold_loss":0.0,"damage_taken":0.0,"cards_obtained":["Bite","Bite","Bite","Bite","Bite"]}],"is_beta":false,"boss_relics":[{"not_picked":["Ring of Chaos","Empty Cage"],"picked":"SlaversCollar"},{"not_picked":["aspiration:RunicSpoon","aspiration:PoetsPen_weak"],"picked":"aspiration:SecretTechniqueScroll"}],"items_purged_floors":[30,37],"is_endless":false,"potions_floor_spawned":[1,3,7,10,12,28,29,35,38],"killed_by":"3 Darklings","ascension_level":0}}