{"host":"ymmeoa1x24ihslbm","time":1609585595,"event":{"mods":["AchievementEnabler","BaseMod","Colored Map","Colored Powertips","Defuse TimeMaze Blight","Highlight Path","Minty Spire (QoL Compilation)","Permanent Neow","Quick Restart","StSLib","Unceasing Turn Reminder"],"gold_per_floor":[118,118,128,142,160,172,172,230,230,247,247,259,17,35,35,136,136,153,167,147,159,179,179,179,179,204,222,222,222,222,257,257,358,358,374,374,299,310,310,310,338,1,24,59,79,109,109,121,121,121],"floor_reached":51,"playtime":2310,"items_purged":["Writhe"],"score":1056,"play_id":"db870b06-fe8f-40c2-ae9c-504ccb192b43","local_time":"20210102120635","is_ascension_mode":true,"campfire_choices":[{"data":"Tantrum","floor":7,"key":"SMITH"},{"data":"Vigilance","floor":11,"key":"SMITH"},{"data":"Defend_P","floor":15,"key":"SMITH"},{"data":"Defend_P","floor":23,"key":"SMITH"},{"data":"Defend_P","floor":25,"key":"SMITH"},{"data":"Consecrate","floor":30,"key":"SMITH"},{"data":"Strike_P","floor":32,"key":"SMITH"},{"floor":40,"key":"REST"},{"floor":47,"key":"DIG"},{"floor":49,"key":"REST"}],"circlet_count":0,"master_deck":["Strike_P+1","Defend_P+1","Defend_P+1","Defend_P+1","Eruption+1","Vigilance+1","Tantrum+1","Consecrate+1","Conclude+1","Brilliance+1","FlurryOfBlows+1","Wallop+1","Judgement+1","Halt+1","DeusExMachina+1","BattleHymn+1","Trip"],"relics":["PureWater","Molten Egg 2","Blue Candle","Gremlin Horn","Runic Pyramid","PreservedInsect","Regal Pillow","Shuriken","Astrolabe","Du-Vu Doll","Membership Card","Shovel","Bag of Preparation","White Beast Statue","Mercury Hourglass","Centennial Puzzle"],"acts_visited":["Exordium","TheCity","TheBeyond"],"potions_floor_usage":[5,12,14,16,21,31,46,48,50,50],"damage_taken":[{"damage":0,"enemies":"Cultist","floor":1,"turns":2},{"damage":0,"enemies":"2 Louse","floor":3,"turns":2},{"damage":0,"enemies":"Jaw Worm","floor":4,"turns":1},{"damage":0,"enemies":"3 Louse","floor":5,"turns":2},{"damage":15,"enemies":"Exordium Thugs","floor":6,"turns":6},{"damage":26,"enemies":"3 Sentries","floor":8,"turns":5},{"damage":0,"enemies":"Large Slime","floor":10,"turns":2},{"damage":5,"enemies":"Exordium Wildlife","floor":12,"turns":3},{"damage":6,"enemies":"Looter","floor":14,"turns":3},{"damage":19,"enemies":"Hexaghost","floor":16,"turns":9},{"damage":14,"enemies":"2 Thieves","floor":18,"turns":2},{"damage":0,"enemies":"3 Byrds","floor":19,"turns":3},{"damage":4,"enemies":"Cultist and Chosen","floor":21,"turns":4},{"damage":0,"enemies":"Sentry and Sphere","floor":22,"turns":3},{"damage":0,"enemies":"Centurion and Healer","floor":27,"turns":2},{"damage":1,"enemies":"Book of Stabbing","floor":31,"turns":2},{"damage":3,"enemies":"Automaton","floor":33,"turns":5},{"damage":8,"enemies":"Orb Walker","floor":35,"turns":2},{"damage":0,"enemies":"3 Darklings","floor":38,"turns":2},{"damage":0,"enemies":"Nemesis","floor":41,"turns":3},{"damage":0,"enemies":"Giant Head","floor":44,"turns":5},{"damage":0,"enemies":"4 Shapes","floor":45,"turns":3},{"damage":17,"enemies":"Nemesis","floor":46,"turns":3},{"damage":41,"enemies":"Maw","floor":48,"turns":3},{"damage":0,"enemies":"Donu and Deca","floor":50,"turns":4}],"seed_played":"2079111338891970644","potions_obtained":[{"floor":3,"key":"Strength Potion"},{"floor":4,"key":"Fire Potion"},{"floor":8,"key":"ColorlessPotion"},{"floor":10,"key":"LiquidBronze"},{"floor":12,"key":"PowerPotion"},{"floor":14,"key":"Ambrosia"},{"floor":20,"key":"BlessingOfTheForge"},{"floor":21,"key":"FearPotion"},{"floor":27,"key":"LiquidBronze"},{"floor":33,"key":"BlessingOfTheForge"},{"floor":38,"key":"EssenceOfSteel"},{"floor":44,"key":"Dexterity Potion"},{"floor":46,"key":"AttackPotion"},{"floor":48,"key":"Block Potion"}],"is_trial":false,"path_per_floor":["M","?","M","M","M","M","R","?","T","M","R","M","$","M","R","B",null,"M","M","?","M","M","R","?","R","T","M","?","?","R","E","R","B",null,"M","?","$","M","?","R","E","$","T","E","M","E","R","M","R","B",null],"character_chosen":"WATCHER","items_purchased":["Gremlin Horn","Membership Card","Shovel","Trip"],"campfire_rested":2,"item_purchase_floors":[13,42,42,42],"current_hp_per_floor":[72,72,72,72,72,57,57,31,31,31,31,26,26,20,20,1,72,58,58,58,54,54,54,54,54,54,54,54,54,54,53,53,50,72,64,64,64,64,64,72,72,72,72,72,72,55,55,14,50,50],"gold":121,"neow_bonus":"TRANSFORM_CARD","is_daily":false,"chose_seed":false,"campfire_upgraded":7,"win_rate":0.0,"timestamp":1609585595,"path_taken":["M","?","?","M","M","M","R","?","T","M","R","M","?","M","R","BOSS","M","M","?","?","M","R","?","R","T","M","?","?","R","E","R","BOSS","M","?","$","M","?","R","E","$","T","E","?","E","R","?","R","BOSS"],"items_purchased_type":["Relic","Relic","Relic","Card"],"build_version":"2020-12-22","purchased_purges":1,"victory":true,"max_hp_per_floor":[72,72,72,72,72,72,72,72,72,72,72,72,72,72,72,72,72,72,72,72,72,72,72,72,72,72,72,72,72,72,72,72,72,72,72,72,72,72,72,72,72,72,72,72,72,72,72,72,72,72],"card_choices":[{"not_picked":["PathToVictory","Swivel"],"picked":"Consecrate","floor":1},{"not_picked":["EmptyBody","Wireheading","LikeWater"],"picked":"SKIP","floor":3},{"not_picked":["Crescendo","MentalFortress","LikeWater"],"picked":"SKIP","floor":4},{"not_picked":["CutThroughFate","LikeWater","ClearTheMind"],"picked":"SKIP","floor":5},{"not_picked":["Collect","Halt","CutThroughFate"],"picked":"SKIP","floor":6},{"not_picked":["ClearTheMind","FollowUp+1"],"picked":"Conclude+1","floor":10},{"not_picked":["Wallop+1","BowlingBash+1","JustLucky+1"],"picked":"SKIP","floor":12},{"not_picked":["Evaluate","JustLucky+1","Vengeance"],"picked":"SKIP","floor":14},{"not_picked":["MasterReality","Devotion"],"picked":"Brilliance+1","floor":16},{"not_picked":["PathToVictory","WreathOfFlame"],"picked":"FlurryOfBlows+1","floor":18},{"not_picked":["Consecrate+1","WindmillStrike+1","Protect+1"],"picked":"SKIP","floor":19},{"not_picked":["CutThroughFate+1","Protect","Prostrate"],"picked":"SKIP","floor":21},{"not_picked":["FlurryOfBlows+1","PathToVictory","ClearTheMind"],"picked":"SKIP","floor":22},{"not_picked":["Wallop+1","SashWhip+1","CutThroughFate+1"],"picked":"SKIP","floor":27},{"not_picked":["Conclude+1","ClearTheMind","Perseverance+1"],"picked":"SKIP","floor":31},{"not_picked":["MasterReality","ConjureBlade"],"picked":"Judgement","floor":33},{"not_picked":["JustLucky+1","Perseverance","WreathOfFlame+1"],"picked":"SKIP","floor":35},{"not_picked":["Indignation","Prostrate","Weave+1"],"picked":"SKIP","floor":38},{"not_picked":["ClearTheMind","Wallop+1","SashWhip+1"],"picked":"SKIP","floor":41},{"not_picked":["SashWhip+1","FlyingSleeves+1","EmptyFist+1"],"picked":"SKIP","floor":44},{"not_picked":["ConjureBlade","EmptyBody+1","FlurryOfBlows+1"],"picked":"SKIP","floor":45},{"not_picked":["Blasphemy","Adaptation","Evaluate"],"picked":"SKIP","floor":46},{"not_picked":["EmptyBody","ClearTheMind","CarveReality+1"],"picked":"SKIP","floor":48}],"player_experience":683524,"relics_obtained":[{"floor":8,"key":"Molten Egg 2"},{"floor":9,"key":"Blue Candle"},{"floor":26,"key":"PreservedInsect"},{"floor":31,"key":"Shuriken"},{"floor":41,"key":"Du-Vu Doll"},{"floor":43,"key":"Bag of Preparation"},{"floor":44,"key":"White Beast Statue"},{"floor":46,"key":"Mercury Hourglass"},{"floor":47,"key":"Centennial Puzzle"}],"event_choices":[{"damage_healed":0,"gold_gain":0,"player_choice":"Upgraded","damage_taken":0,"max_hp_gain":0,"max_hp_loss":0,"event_name":"Upgrade Shrine","floor":2,"gold_loss":0,"cards_upgraded":["Eruption"]},{"damage_healed":0,"gold_gain":0,"player_choice":"Searched \u00271\u0027 times","damage_taken":0,"max_hp_gain":0,"max_hp_loss":0,"event_name":"Dead Adventurer","floor":8,"gold_loss":0},{"damage_healed":0,"gold_gain":0,"player_choice":"Bought 1 Potion","damage_taken":0,"max_hp_gain":0,"max_hp_loss":0,"event_name":"The Woman in Blue","floor":20,"gold_loss":0},{"damage_healed":0,"gold_gain":0,"player_choice":"Read","damage_taken":0,"max_hp_gain":0,"max_hp_loss":0,"event_name":"The Library","floor":24,"gold_loss":0,"cards_obtained":["Wallop"]},{"damage_healed":0,"gold_gain":0,"player_choice":"Opened","damage_taken":0,"relics_obtained":["Regal Pillow"],"max_hp_gain":0,"max_hp_loss":0,"event_name":"The Mausoleum","floor":28,"gold_loss":0,"cards_obtained":["Writhe"]},{"damage_healed":0,"gold_gain":0,"player_choice":"Ignored","damage_taken":0,"max_hp_gain":0,"max_hp_loss":0,"event_name":"Ghosts","floor":29,"gold_loss":0},{"damage_healed":0,"gold_gain":0,"player_choice":"Ignored","damage_taken":0,"max_hp_gain":0,"max_hp_loss":0,"event_name":"Tomb of Lord Red Mask","floor":36,"gold_loss":0},{"damage_healed":0,"gold_gain":0,"player_choice":"Upgraded","damage_taken":0,"max_hp_gain":0,"max_hp_loss":0,"event_name":"Upgrade Shrine","floor":39,"gold_loss":0,"cards_upgraded":["Judgement"]}],"is_beta":false,"boss_relics":[{"not_picked":["Fusion Hammer","HolyWater"],"picked":"Runic Pyramid"},{"not_picked":["Busted Crown","Runic Dome"],"picked":"Astrolabe"}],"items_purged_floors":[37],"is_endless":false,"potions_floor_spawned":[3,4,8,10,12,14,21,27,33,38,44,45,46,48],"ascension_level":2}}