{"host":"k6u7q08ihsmpx7o5","time":1609550920,"event":{"mods":["BaseMod","Bestiary","Minty Spire (QoL Compilation)","StSLib"],"gold_per_floor":[119,136,136,136,146,146,173,6,6,6,22,40,40,58,58,136,136,146,61,61,75,75,104,104,104,404,494,494,494,494],"floor_reached":29,"playtime":1034,"items_purged":[],"score":482,"play_id":"708e5564-7e2b-4f97-8a81-07881d50302c","local_time":"20210102022840","is_ascension_mode":true,"campfire_choices":[{"data":"Apotheosis","floor":6,"key":"SMITH"},{"data":"Evolve","floor":13,"key":"SMITH"},{"data":"Study","floor":15,"key":"SMITH"},{"data":"Ghostly","floor":24,"key":"SMITH"},{"floor":28,"key":"REST"}],"circlet_count":0,"master_deck":["AscendersBane","Strike_R","Strike_R","Strike_R","Defend_R","Defend_R","Defend_R","Bash","Apotheosis+1","Twin Strike","Thunderclap","Evolve+1","Cold Snap","Trip","Study+1","Consecrate","Ghostly+1","Ghostly","Ghostly","Collect","Dagger Spray+1"],"relics":["Burning Blood","MealTicket","PrismaticShard","HornCleat","Empty Cage","Ornamental Fan","Omamori","Old Coin"],"acts_visited":["Exordium","TheCity"],"potions_floor_usage":[12,18,21,23,29],"damage_taken":[{"damage":5,"enemies":"Small Slimes","floor":1,"turns":3},{"damage":19,"enemies":"Jaw Worm","floor":2,"turns":6},{"damage":1,"enemies":"Cultist","floor":5,"turns":3},{"damage":28,"enemies":"3 Sentries","floor":7,"turns":10},{"damage":0,"enemies":"2 Fungi Beasts","floor":11,"turns":3},{"damage":9,"enemies":"Looter","floor":12,"turns":3},{"damage":10,"enemies":"3 Louse","floor":14,"turns":3},{"damage":28,"enemies":"Slime Boss","floor":16,"turns":8},{"damage":62,"enemies":"3 Byrds","floor":18,"turns":9},{"damage":0,"enemies":"2 Thieves","floor":21,"turns":5},{"damage":8,"enemies":"Gremlin Leader","floor":23,"turns":8},{"damage":32,"enemies":"Shelled Parasite and Fungi","floor":29,"turns":4}],"seed_played":"-5807581567467407298","potions_obtained":[{"floor":2,"key":"Fruit Juice"},{"floor":5,"key":"Regen Potion"},{"floor":12,"key":"Energy Potion"},{"floor":14,"key":"SteroidPotion"},{"floor":18,"key":"PowerPotion"}],"is_trial":false,"path_per_floor":["M","M","?","?","M","R","E","$","T","$","M","M","R","M","R","B",null,"M","?","?","M","$","E","R","$","T","?","R","M"],"character_chosen":"IRONCLAD","items_purchased":["PrismaticShard"],"campfire_rested":1,"item_purchase_floors":[8],"current_hp_per_floor":[51,38,38,38,43,43,21,36,36,51,57,59,59,55,55,33,68,27,27,27,33,40,38,38,40,40,15,27,0,0],"gold":494,"neow_bonus":"RANDOM_COLORLESS_2","is_daily":false,"chose_seed":false,"campfire_upgraded":4,"win_rate":0.0,"timestamp":1609550920,"path_taken":["M","M","?","?","M","R","E","$","T","$","M","?","R","M","R","BOSS","M","?","?","M","$","E","R","$","T","?","R","?"],"items_purchased_type":["Relic"],"build_version":"2020-12-22","purchased_purges":0,"victory":false,"max_hp_per_floor":[75,75,75,75,75,75,75,75,75,75,75,80,80,80,80,80,80,80,80,40,40,40,40,40,40,40,40,40,40,40],"card_choices":[{"not_picked":["Metamorphosis","Secret Technique"],"picked":"Apotheosis","floor":0},{"not_picked":["Wild Strike","Anger","Havoc"],"picked":"SKIP","floor":1},{"not_picked":["Flex","Heavy Blade"],"picked":"Twin Strike","floor":2},{"not_picked":["Body Slam","Rupture","Perfected Strike"],"picked":"SKIP","floor":5},{"not_picked":["Double Tap","True Grit"],"picked":"Evolve","floor":7},{"not_picked":["Bouncing Flask","FlurryOfBlows"],"picked":"Cold Snap","floor":11},{"not_picked":["Expertise","Poisoned Stab"],"picked":"Trip","floor":12},{"not_picked":["PathToVictory","CrushJoints"],"picked":"Study","floor":14},{"not_picked":["Rupture","Thunderclap"],"picked":"Consecrate","floor":18},{"not_picked":["Expertise","Outmaneuver"],"picked":"Collect","floor":21},{"not_picked":["Endless Agony","CarveReality+1"],"picked":"Dagger Spray+1","floor":23}],"player_experience":1913050,"relics_obtained":[{"floor":7,"key":"MealTicket"},{"floor":9,"key":"HornCleat"},{"floor":23,"key":"Omamori"},{"floor":26,"key":"Old Coin"}],"event_choices":[{"damage_healed":0,"gold_gain":0,"cards_transformed":["Strike_R"],"player_choice":"Change","damage_taken":0,"max_hp_gain":0,"max_hp_loss":0,"event_name":"Living Wall","floor":3,"gold_loss":0,"cards_obtained":["Thunderclap"]},{"damage_healed":0,"gold_gain":0,"player_choice":"0 cards matched","damage_taken":0,"max_hp_gain":0,"max_hp_loss":0,"event_name":"Match and Keep!","floor":4,"gold_loss":0,"cards_obtained":[]},{"damage_healed":0,"gold_gain":0,"player_choice":"Obtained Relic","damage_taken":0,"relics_obtained":["Ornamental Fan"],"max_hp_gain":0,"max_hp_loss":0,"event_name":"Addict","floor":19,"gold_loss":85},{"damage_healed":0,"gold_gain":0,"player_choice":"Became a Ghost","damage_taken":0,"max_hp_gain":0,"max_hp_loss":40,"event_name":"Ghosts","floor":20,"gold_loss":0,"cards_obtained":["Ghostly","Ghostly","Ghostly"]},{"damage_healed":0,"gold_gain":90,"player_choice":"GOLD POTION POTION ","damage_taken":25,"max_hp_gain":0,"max_hp_loss":0,"event_name":"Knowing Skull","floor":27,"potions_obtained":["ElixirPotion","ColorlessPotion"],"gold_loss":0,"cards_obtained":[]}],"is_beta":false,"boss_relics":[{"not_picked":["Busted Crown","Runic Dome"],"picked":"Empty Cage"}],"items_purged_floors":[],"is_endless":false,"potions_floor_spawned":[2,5,12,14,18],"killed_by":"Shelled Parasite and Fungi","ascension_level":20}}