{"host":"u7lm8z2rvb4dg2oo","time":1609626000,"event":{"mods":["AchievementEnabler","BaseMod","Colored Map","Colored Powertips","Curses Come First","Googly Eyes","Highlight Path","Minty Spire (QoL Compilation)","Quick Restart","StSLib"],"gold_per_floor":[118,118,134,134,21,21,33,33,83,83,158,158,16,35,35,132,132,142,154,173,184,34,34,34,61,61,71,71,171,171,200,200,298,298,318,69,79,96,106,106,135,135,160,160,178,178,178,211,211,211,211,211,14,49,49,49],"floor_reached":55,"playtime":3910,"items_purged":["Strike_P","Shame"],"score":966,"play_id":"6dc27965-294c-456e-a2ab-95217cbb2c4e","local_time":"20210102172000","is_ascension_mode":true,"campfire_choices":[{"data":"DeusExMachina","floor":6.0,"key":"SMITH"},{"data":"Eruption","floor":8.0,"key":"SMITH"},{"data":"CutThroughFate","floor":10.0,"key":"SMITH"},{"data":"Brilliance","floor":12.0,"key":"SMITH"},{"data":"LessonLearned","floor":15.0,"key":"SMITH"},{"floor":28.0,"key":"REST"},{"floor":30.0,"key":"DIG"},{"floor":32.0,"key":"REST"},{"floor":40.0,"key":"DIG"},{"floor":42.0,"key":"REST"},{"floor":47.0,"key":"RECALL"},{"floor":49.0,"key":"DIG"},{"floor":52.0,"key":"DIG"}],"circlet_count":0,"master_deck":["Strike_P+1","Strike_P+1","Defend_P+1","Defend_P+1","Defend_P+1","Defend_P+1","Eruption+1","Vigilance+1","Brilliance+1","Prostrate+1","DeusExMachina+1","Wallop+1","CutThroughFate+1","LessonLearned+1","Ragnarok+1","Protect+1","Fasting2+1","Brilliance","Tantrum","Prostrate+1","WreathOfFlame+1","FlurryOfBlows+1"],"relics":["HolyWater","Pen Nib","Philosopher\u0027s Stone","Damaru","InkBottle","MealTicket","Strawberry","Shovel","Ginger","Pear","StrikeDummy","Tiny Chest","Strange Spoon","Boot","Bottled Tornado","Ornamental Fan","Pocketwatch","Bottled Lightning","War Paint","TeardropLocket"],"acts_visited":["Exordium","TheCity","TheBeyond","TheEnding"],"potions_floor_usage":[54,54,55],"damage_taken":[{"damage":0.0,"enemies":"2 Louse","floor":1.0,"turns":2.0},{"damage":0.0,"enemies":"Jaw Worm","floor":3.0,"turns":2.0},{"damage":0.0,"enemies":"Cultist","floor":7.0,"turns":2.0},{"damage":0.0,"enemies":"Large Slime","floor":14.0,"turns":3.0},{"damage":5.0,"enemies":"Hexaghost","floor":16.0,"turns":8.0},{"damage":0.0,"enemies":"Spheric Guardian","floor":18.0,"turns":2.0},{"damage":0.0,"enemies":"Chosen","floor":19.0,"turns":3.0},{"damage":0.0,"enemies":"Shelled Parasite and Fungi","floor":20.0,"turns":2.0},{"damage":1.0,"enemies":"Snecko","floor":21.0,"turns":5.0},{"damage":41.0,"enemies":"Slavers","floor":25.0,"turns":4.0},{"damage":3.0,"enemies":"Sentry and Sphere","floor":27.0,"turns":4.0},{"damage":16.0,"enemies":"Colosseum Slavers","floor":29.0,"turns":3.0},{"damage":7.0,"enemies":"Colosseum Nobs","floor":29.0,"turns":3.0},{"damage":3.0,"enemies":"Gremlin Leader","floor":31.0,"turns":4.0},{"damage":58.0,"enemies":"Automaton","floor":33.0,"turns":6.0},{"damage":36.0,"enemies":"3 Darklings","floor":35.0,"turns":3.0},{"damage":2.0,"enemies":"3 Shapes","floor":37.0,"turns":8.0},{"damage":5.0,"enemies":"Spire Growth","floor":38.0,"turns":4.0},{"damage":5.0,"enemies":"Transient","floor":39.0,"turns":5.0},{"damage":0.0,"enemies":"Giant Head","floor":41.0,"turns":4.0},{"damage":0.0,"enemies":"Jaw Worm Horde","floor":45.0,"turns":3.0},{"damage":0.0,"enemies":"Nemesis","floor":48.0,"turns":3.0},{"damage":21.0,"enemies":"Time Eater","floor":50.0,"turns":5.0},{"damage":28,"enemies":"Shield and Spear","floor":54,"turns":5},{"damage":85,"enemies":"The Heart","floor":55,"turns":3}],"seed_played":"6299454200603744504","potions_obtained":[{"floor":1.0,"key":"Strength Potion"},{"floor":3.0,"key":"FearPotion"},{"floor":16.0,"key":"Ambrosia"},{"floor":25.0,"key":"EssenceOfSteel"},{"floor":27.0,"key":"LiquidBronze"},{"floor":29.0,"key":"LiquidBronze"},{"floor":37.0,"key":"Strength Potion"},{"floor":45.0,"key":"PowerPotion"},{"floor":48.0,"key":"Explosive Potion"},{"floor":54,"key":"SkillPotion"}],"is_trial":false,"path_per_floor":["M","?","M","?","$","R","M","R","T","R","?","R","$","M","R","B",null,"M","M","M","M","$","?","?","E","T","M","R","?","R","E","R","B",null,"M","$","M","M","M","R","E","R","T","?","M","?","R","E","R","B",null,"R","$","E","B"],"character_chosen":"WATCHER","items_purchased":["Wallop","LessonLearned","Damaru","Strange Spoon","War Paint","Block Potion"],"campfire_rested":3,"item_purchase_floors":[5,13,22,36,53,53],"current_hp_per_floor":[72,58,58,58,58,58,58,58,58,58,47,47,47,47,47,42,65,65,65,65,64,64,64,64,30,30,27,50,37,37,34,60,2,67,31,46,44,39,34,34,34,60,60,60,60,60,60,60,60,39,77,77,89,61,0,0],"gold":49,"neow_bonus":"ONE_RANDOM_RARE_CARD","is_daily":false,"chose_seed":false,"campfire_upgraded":5,"win_rate":0.0,"timestamp":1609626000,"path_taken":["M","?","M","?","$","R","?","R","T","R","?","R","$","M","R","BOSS","M","M","M","M","$","?","?","E","T","M","R","?","R","E","R","BOSS","M","$","M","M","M","R","E","R","T","?","?","?","R","E","R","BOSS","R","$","E","BOSS"],"items_purchased_type":["Card","Card","Relic","Relic","Relic","Potion"],"build_version":"2020-12-22","purchased_purges":2,"victory":false,"max_hp_per_floor":[72,72,72,72,72,72,72,72,72,72,72,72,72,72,72,72,72,72,72,72,72,72,72,72,79,79,79,79,89,89,89,89,89,89,89,89,89,89,89,89,89,89,89,89,89,89,89,89,89,89,89,89,89,89,89,89],"card_choices":[{"not_picked":["Sanctity","InnerPeace"],"picked":"Prostrate","floor":1.0},{"not_picked":["ClearTheMind","FlyingSleeves","SashWhip"],"picked":"SKIP","floor":3.0},{"not_picked":["Adaptation","BowlingBash"],"picked":"CutThroughFate","floor":7.0},{"not_picked":["ThirdEye","SashWhip","JustLucky"],"picked":"SKIP","floor":14.0},{"not_picked":["Wish","LessonLearned"],"picked":"Ragnarok","floor":16.0},{"not_picked":["Meditate","Sanctity"],"picked":"Protect","floor":18.0},{"not_picked":["CutThroughFate+1","Evaluate+1","Swivel"],"picked":"SKIP","floor":19.0},{"not_picked":["CutThroughFate+1","ClearTheMind","Evaluate"],"picked":"SKIP","floor":20.0},{"not_picked":["Halt","EmptyBody"],"picked":"Fasting2","floor":21.0},{"not_picked":["BowlingBash","EmptyMind"],"picked":"Brilliance","floor":25.0},{"not_picked":["Study","ThirdEye+1","JustLucky+1"],"picked":"SKIP","floor":27.0},{"not_picked":["Evaluate","JustLucky"],"picked":"Tantrum","floor":31.0},{"not_picked":["EmptyBody+1","Weave+1","Consecrate+1"],"picked":"SKIP","floor":35.0},{"not_picked":["EmptyBody+1","Crescendo+1"],"picked":"Prostrate","floor":37.0},{"not_picked":["PathToVictory+1","Crescendo+1","Consecrate+1"],"picked":"SKIP","floor":38.0},{"not_picked":["BowlingBash+1","WheelKick","CutThroughFate+1"],"picked":"SKIP","floor":39.0},{"not_picked":["FlurryOfBlows","ThirdEye+1"],"picked":"Wireheading+1","floor":41.0},{"not_picked":["CrushJoints+1","Sanctity","SashWhip"],"picked":"SKIP","floor":45.0},{"not_picked":["Worship","ClearTheMind"],"picked":"WreathOfFlame","floor":48.0},{"not_picked":["FollowUp+1","Perseverance"],"picked":"FlurryOfBlows+1","floor":54}],"player_experience":1061245,"relics_obtained":[{"floor":9.0,"key":"Pen Nib"},{"floor":25.0,"key":"Strawberry"},{"floor":26.0,"key":"Shovel"},{"floor":29.0,"key":"Ginger"},{"floor":29.0,"key":"Pear"},{"floor":30.0,"key":"StrikeDummy"},{"floor":31.0,"key":"Tiny Chest"},{"floor":40.0,"key":"Boot"},{"floor":41.0,"key":"Bottled Tornado"},{"floor":48.0,"key":"Ornamental Fan"},{"floor":49.0,"key":"Pocketwatch"},{"floor":52.0,"key":"Bottled Lightning"},{"floor":54,"key":"TeardropLocket"}],"event_choices":[{"damage_healed":0.0,"max_hp_gain":0.0,"max_hp_loss":0.0,"gold_gain":0.0,"event_name":"Shining Light","player_choice":"Entered Light","floor":2.0,"gold_loss":0.0,"damage_taken":14.0,"cards_upgraded":["Defend_P","Strike_P"]},{"damage_healed":0.0,"max_hp_gain":0.0,"max_hp_loss":0.0,"gold_gain":0.0,"cards_transformed":["Strike_P"],"event_name":"Transmorgrifier","player_choice":"Transformed","floor":4.0,"gold_loss":0.0,"damage_taken":0.0,"cards_obtained":["DeusExMachina"]},{"damage_healed":0.0,"max_hp_gain":0.0,"max_hp_loss":0.0,"gold_gain":75.0,"event_name":"World of Goop","player_choice":"Gather Gold","floor":11.0,"gold_loss":0.0,"damage_taken":11.0},{"damage_healed":0.0,"max_hp_gain":0.0,"max_hp_loss":0.0,"gold_gain":0.0,"event_name":"The Mausoleum","player_choice":"Opened","floor":23.0,"gold_loss":0.0,"damage_taken":0.0,"relics_obtained":["InkBottle"],"cards_obtained":["Writhe"]},{"damage_healed":0.0,"max_hp_gain":0.0,"max_hp_loss":0.0,"gold_gain":0.0,"event_name":"Addict","player_choice":"Stole Relic","floor":24.0,"gold_loss":0.0,"damage_taken":0.0,"relics_obtained":["MealTicket"],"cards_obtained":["Shame"]},{"damage_healed":0.0,"max_hp_gain":0.0,"max_hp_loss":0.0,"gold_gain":0.0,"event_name":"Colosseum","player_choice":"Fight","floor":29.0,"gold_loss":0.0,"damage_taken":0.0},{"damage_healed":0.0,"max_hp_gain":0.0,"max_hp_loss":0.0,"gold_gain":0.0,"event_name":"Colosseum","player_choice":"Fought Nobs","floor":29.0,"gold_loss":0.0,"damage_taken":0.0},{"cards_removed":["Writhe"],"damage_healed":0.0,"max_hp_gain":0.0,"max_hp_loss":0.0,"gold_gain":0.0,"event_name":"Fountain of Cleansing","player_choice":"Removed Curses","floor":44.0,"gold_loss":0.0,"damage_taken":0.0},{"cards_removed":["Wireheading"],"damage_healed":0.0,"max_hp_gain":0.0,"max_hp_loss":0.0,"gold_gain":0.0,"event_name":"Falling","player_choice":"Removed Power","floor":46.0,"gold_loss":0.0,"damage_taken":0.0}],"is_beta":false,"boss_relics":[{"not_picked":["Calling Bell","Black Star"],"picked":"Philosopher\u0027s Stone"},{"not_picked":["Coffee Dripper","SlaversCollar"],"picked":"HolyWater"}],"items_purged_floors":[5,36],"is_endless":false,"potions_floor_spawned":[1,3,16,25,27,29,29,37,45,48,54],"killed_by":"The Heart","ascension_level":5}}