{"host":"n900smz9wr3yo27a","time":1609594656,"event":{"mods":["Arknights The Spire","BaseMod","CapriCore","GungeonMod","Hermit","Koishi","Lobotomy","Marisa£¨Ùöéë¡¡Øª×âÞÞ£©","Minty Spire (QoL Compilation)","Prisma Mod","Replay The Spire","StSLib","Td1madao Mod","The Animator","The Bug Knight","The Cursed","The Dragon Tamer","The Gatherer","The Hierophant","The Immortal","The Jungle","The Necromancer","The Poker Player","The Runesmith","WarShipGirlsR/??á´Ò³R mod"],"gold_per_floor":[114,130,141,141,155,155,170,170,170,202,202,227,227,245,245,347,347,371,20,95,95,95,95,95,95,122,159,159,7,50,101,101,288,288,314,410,91,91,141,192,192,213,222,222,263,311,311,325,325],"floor_reached":48,"playtime":2717,"items_purged":["Regret","Parasite","Parasite"],"score":707,"play_id":"2c958d35-93c8-42d1-90a4-e8a9634cb4b3","local_time":"20210102223736","is_ascension_mode":false,"campfire_choices":[{"data":"hermit:Snapshot","floor":6,"key":"SMITH"},{"data":"hermit:FatalDesire","floor":8,"key":"SMITH"},{"data":"hermit:Quickdraw","floor":13,"key":"SMITH"},{"data":"hermit:WideOpen","floor":15,"key":"SMITH"},{"data":"hermit:Adapt","floor":23,"key":"SMITH"},{"floor":25,"key":"RECALL"},{"data":"hermit:TakeAim","floor":28,"key":"SMITH"},{"data":"hermit:CalledShot","floor":32,"key":"SMITH"},{"floor":41,"key":"REST"},{"floor":44,"key":"REST"}],"circlet_count":0,"master_deck":["hermit:Strike_Hermit","hermit:Strike_Hermit","hermit:Strike_Hermit","hermit:Defend_Hermit","hermit:Defend_Hermit","hermit:Defend_Hermit","hermit:Defend_Hermit","hermit:Snapshot+1","hermit:Quickdraw+1","hermit:GhostlyPresence","hermit:WideOpen+1","hermit:Feint","hermit:TakeAim+1","hermit:FatalDesire+1","hermit:Scavenge+1","hermit:Adapt+1","hermit:Headshot","hermit:Scavenge+1","hermit:Maintenance+1","hermit:CalledShot+1","hermit:Enervate","hermit:DeadOrAlive","animator:Curse_Nutcracker","hermit:Reprieve+1","AbeCurse","hermit:Dive+1","hermit:Magnum","hermit:Deadeye+1","Clumsy"],"relics":["hermit:Momento","Boot","Bag of Marbles","Toxic Egg 2","DemoMod:ClearGuonStone","Cursed Key","Juzu Bracelet","BargainBundle","Centennial Puzzle","DemoMod:LamentConfigurum","Simple Rune","DemoMod:PoisonVial","Abe\u0027s Treasure","CeramicFish","Replay:Wax Seal","HandDrill","Frozen Egg 2","Replay:Mystery Machine","Strawberry"],"acts_visited":["Exordium","TheCity","TheBeyond"],"potions_floor_usage":[10,12,16,27,42,45,46,46,48],"damage_taken":[{"damage":0,"enemies":"Cultist","floor":1,"turns":3},{"damage":1,"enemies":"Jaw Worm","floor":2,"turns":4},{"damage":0,"enemies":"Small Slimes","floor":3,"turns":4},{"damage":5,"enemies":"Exordium Thugs","floor":5,"turns":5},{"damage":4,"enemies":"Blue Slaver","floor":7,"turns":2},{"damage":24,"enemies":"Lagavulin","floor":10,"turns":8},{"damage":9,"enemies":"3 Sentries","floor":12,"turns":9},{"damage":5,"enemies":"Looter","floor":14,"turns":3},{"damage":6,"enemies":"Hexaghost","floor":16,"turns":12},{"damage":0,"enemies":"Spheric Guardian","floor":18,"turns":6},{"damage":14,"enemies":"Gremlin Leader","floor":27,"turns":8},{"damage":4,"enemies":"Book of Stabbing","floor":30,"turns":7},{"damage":7,"enemies":"Pondfish","floor":33,"turns":12},{"damage":0,"enemies":"Orb Walker","floor":35,"turns":4},{"damage":10,"enemies":"3 Shapes","floor":39,"turns":6},{"damage":49,"enemies":"Reptomancer","floor":40,"turns":8},{"damage":13,"enemies":"Sphere and 2 Shapes","floor":42,"turns":6},{"damage":11,"enemies":"Jaw Worm Horde","floor":45,"turns":6},{"damage":15,"enemies":"Giant Head","floor":46,"turns":9},{"damage":74,"enemies":"2 Orb Walkers","floor":48,"turns":4}],"seed_played":"-3920079340060873804","potions_obtained":[{"floor":1,"key":"DemoMod:BlankPotion"},{"floor":3,"key":"Reflective Coating"},{"floor":7,"key":"Adrenaline Potion"},{"floor":16,"key":"Elixir"},{"floor":40,"key":"AttackPotion"},{"floor":42,"key":"AttackPotion"},{"floor":45,"key":"SkillPotion"}],"is_trial":false,"path_per_floor":["M","M","M","?","M","R","M","R","T","E","?","E","R","M","R","B",null,"M","$","?","?","?","R","?","R","T","E","R","$","E","T","R","B",null,"M","?","$","?","M","E","R","M","T","R","M","E","?","?"],"character_chosen":"HERMIT","items_purchased":["Juzu Bracelet","BargainBundle","AttackPotion","DuplicationPotion","hermit:Scavenge+1","hermit:Maintenance+1","hermit:CalledShot","hermit:Enervate","DemoMod:LeadSkinPotion","Replay:Wax Seal","HandDrill"],"campfire_rested":2,"item_purchase_floors":[19,19,19,19,19,19,19,19,29,37,37],"current_hp_per_floor":[75,74,74,74,69,69,65,65,65,41,41,32,32,27,27,21,75,75,75,68,68,68,68,68,68,68,54,54,54,50,50,50,43,72,72,72,69,69,59,18,38,33,33,53,42,46,46,0,0],"gold":325,"neow_bonus":"RANDOM_COMMON_RELIC","is_daily":false,"chose_seed":false,"campfire_upgraded":7,"win_rate":0.0,"timestamp":1609594656,"path_taken":["M","M","M","?","M","R","M","R","T","E","?","E","R","M","R","BOSS","M","$","?","?","?","R","?","R","T","E","R","?","E","?","R","BOSS","M","?","$","?","M","E","R","M","T","R","M","E","?","?"],"items_purchased_type":["Relic","Relic","Potion","Potion","Card","Card","Card","Card","Undefined","Relic","Relic"],"build_version":"2020-12-22","purchased_purges":3,"victory":false,"max_hp_per_floor":[75,75,75,75,75,75,75,75,75,75,75,75,75,75,75,75,75,75,75,75,75,75,75,75,75,75,75,75,72,72,72,72,72,72,72,72,69,69,69,69,69,69,69,69,69,76,76,76,76],"card_choices":[{"not_picked":["hermit:TakeCover","hermit:CalledShot"],"picked":"hermit:Quickdraw","floor":1},{"not_picked":["hermit:SprayPray","hermit:Showdown"],"picked":"hermit:GhostlyPresence","floor":2},{"not_picked":["hermit:Desperado","hermit:Cheat"],"picked":"hermit:WideOpen","floor":3},{"not_picked":["hermit:PistolWhip","hermit:Feint"],"picked":"hermit:TakeAim","floor":5},{"not_picked":["hermit:HighCaliber","hermit:GhostlyPresence"],"picked":"hermit:FatalDesire","floor":7},{"not_picked":["hermit:Maintenance","hermit:Midnight","hermit:TakeCover"],"picked":"SKIP","floor":10},{"not_picked":["hermit:Glare+1","hermit:Quickdraw","hermit:Coalescence+1"],"picked":"SKIP","floor":12},{"not_picked":["hermit:Quickdraw","hermit:FatalDesire"],"picked":"hermit:Scavenge+1","floor":14},{"not_picked":["hermit:Reprieve+1","hermit:FromBeyond+1"],"picked":"hermit:Adapt","floor":16},{"not_picked":["hermit:TrackingShot","hermit:Ricochet"],"picked":"hermit:Headshot","floor":18},{"not_picked":["hermit:TrackingShot","hermit:HighCaliber+1","hermit:DeadMansHand+1"],"picked":"SKIP","floor":27},{"not_picked":["hermit:Purgatory","hermit:Combo"],"picked":"hermit:DeadOrAlive","floor":30},{"not_picked":["hermit:BlackWind","hermit:Gambit+1"],"picked":"hermit:Reprieve+1","floor":33},{"not_picked":["hermit:Desperado+1","hermit:SprayPray"],"picked":"hermit:Dive+1","floor":35},{"not_picked":["hermit:DeadMansHand+1","hermit:Scavenge+1"],"picked":"hermit:Magnum","floor":39},{"not_picked":["hermit:Manifest+1","hermit:Malice"],"picked":"hermit:Deadeye+1","floor":40},{"not_picked":["hermit:SprayPray","hermit:Misfire+1","hermit:Feint+1"],"picked":"SKIP","floor":42},{"not_picked":["hermit:Brawl+1","hermit:WideOpen","hermit:Virtue+1"],"picked":"SKIP","floor":45},{"not_picked":["hermit:Feint+1","hermit:Manifest+1","hermit:HoleUp+1"],"picked":"SKIP","floor":46}],"player_experience":747799,"relics_obtained":[{"floor":10,"key":"Bag of Marbles"},{"floor":12,"key":"DemoMod:ClearGuonStone"},{"floor":26,"key":"Centennial Puzzle"},{"floor":27,"key":"DemoMod:LamentConfigurum"},{"floor":30,"key":"Simple Rune"},{"floor":31,"key":"DemoMod:PoisonVial"},{"floor":36,"key":"CeramicFish"},{"floor":40,"key":"Frozen Egg 2"},{"floor":43,"key":"Replay:Mystery Machine"},{"floor":46,"key":"Strawberry"}],"event_choices":[{"damage_healed":0,"gold_gain":0,"cards_transformed":["hermit:Covet"],"player_choice":"Change","damage_taken":0,"max_hp_gain":0,"max_hp_loss":0,"event_name":"Living Wall","floor":4,"gold_loss":0,"cards_obtained":["hermit:Feint"]},{"damage_healed":0,"gold_gain":0,"player_choice":"Box","damage_taken":0,"relics_obtained":["Toxic Egg 2"],"max_hp_gain":0,"max_hp_loss":0,"event_name":"Big Fish","floor":11,"gold_loss":0,"cards_obtained":["Regret"]},{"damage_healed":0,"gold_gain":75,"player_choice":"Touch","damage_taken":7,"max_hp_gain":0,"max_hp_loss":0,"event_name":"FaceTrader","floor":20,"gold_loss":0},{"cards_removed":["hermit:Strike_Hermit"],"damage_healed":0,"gold_gain":0,"player_choice":"Purged","damage_taken":0,"max_hp_gain":0,"max_hp_loss":0,"event_name":"Purifier","floor":21,"gold_loss":0},{"damage_healed":0,"gold_gain":0,"player_choice":"Ignored","damage_taken":0,"max_hp_gain":0,"max_hp_loss":0,"event_name":"The Mausoleum","floor":22,"gold_loss":0},{"damage_healed":0,"gold_gain":0,"player_choice":"Ignored","damage_taken":0,"max_hp_gain":0,"max_hp_loss":0,"event_name":"NoteForYourself","floor":24,"gold_loss":0},{"damage_healed":0,"gold_gain":0,"player_choice":"Ignored","damage_taken":0,"max_hp_gain":0,"max_hp_loss":0,"event_name":"SecretPortal","floor":38,"gold_loss":0},{"damage_healed":0,"gold_gain":0,"player_choice":"Fight","damage_taken":0,"max_hp_gain":0,"max_hp_loss":0,"event_name":"Mysterious Sphere","floor":48,"gold_loss":0}],"is_beta":false,"boss_relics":[{"not_picked":["Replay:Fungal Core","Pandora\u0027s Box"],"picked":"Cursed Key"},{"not_picked":["ReplayTheSpireMod:DimensionalGlitch","Kintsugi"],"picked":"Abe\u0027s Treasure"}],"items_purged_floors":[19,29,37],"is_endless":false,"potions_floor_spawned":[1,3,7,16,33,39,40,42,45],"killed_by":"2 Orb Walkers","ascension_level":0}}