{"host":"mytek2nu1hrzdnew","time":1609627443,"event":{"mods":["Aspiration","BaseMod","Conspire","Evolution","GifTheSpireLib","Gold Saver","Hubris","Minty Spire (QoL Compilation)","Replay The Spire","StSLib","Stuff the Spire","Uncapped"],"gold_per_floor":[440,459,459,24,39,64,78,78,78,94,112,31,61,61,61,158,158,139,150,75,93,49,49,82,82,109,142,166,190,209,229,229,242,242],"floor_reached":33,"playtime":2400,"items_purged":["Dualcast","hubris:Despair"],"score":379,"play_id":"ef5f27b8-b7f2-4cbc-84de-9f57e705a063","local_time":"20210102174403","is_ascension_mode":true,"campfire_choices":[{"floor":8,"key":"REST"},{"floor":15,"key":"REST"},{"floor":23,"key":"REST"},{"data":"Zap","floor":25,"key":"SMITH"},{"floor":32,"key":"REST"}],"circlet_count":0,"master_deck":["Barrage","Barrage","Barrage","Leap","Defend_B","Defend_B","Zap+1","Madness","Chill","Coolheaded","Gash","conspire:Banana","Gash","Coolheaded","Chill","Beam Cell","Capacitor","Go for the Eyes","StuffTheSpire:ForEach+1","Hello World","FIFO Queue","StuffTheSpire:FreeRealEstate+1","Scrape","Cold Snap","Echo Form","Double Energy+1"],"relics":["Cracked Core","EVO:Axolotl","Lantern","DollysMirror","StuffTheSpire:GrapeVine","Toxic Egg 2","aspiration:FrozenJewel","Empty Cage","ReplayTheSpireMod:CursedCoin","Mummified Hand","PreservedInsect"],"acts_visited":["Exordium","TheCity"],"potions_floor_usage":[18,27],"damage_taken":[{"damage":19,"enemies":"Small Slimes","floor":1,"turns":3},{"damage":5,"enemies":"Jaw Worm","floor":2,"turns":3},{"damage":3,"enemies":"2 Louse","floor":5,"turns":3},{"damage":13,"enemies":"Lagavulin","floor":6,"turns":6},{"damage":22,"enemies":"Gremlin Gang","floor":7,"turns":5},{"damage":7,"enemies":"Looter","floor":10,"turns":3},{"damage":4,"enemies":"3 Louse","floor":11,"turns":2},{"damage":0,"enemies":"3 Sentries","floor":13,"turns":5},{"damage":11,"enemies":"Slime Boss","floor":16,"turns":10},{"damage":4,"enemies":"2 Thieves","floor":18,"turns":4},{"damage":5,"enemies":"3 Byrds","floor":19,"turns":5},{"damage":22,"enemies":"Cultist and Chosen","floor":21,"turns":7},{"damage":20,"enemies":"Gremlin Leader","floor":24,"turns":5},{"damage":3,"enemies":"Sentry and Sphere","floor":27,"turns":6},{"damage":15,"enemies":"Centurion and Healer","floor":28,"turns":6},{"damage":27,"enemies":"Snake Plant","floor":29,"turns":5},{"damage":0,"enemies":"3 Cultists","floor":30,"turns":5},{"damage":4,"enemies":"Shelled Parasite and Fungi","floor":31,"turns":5},{"damage":57,"enemies":"conspire:MysteriousRune","floor":33,"turns":8}],"seed_played":"-361996325955935539","potions_obtained":[{"floor":7,"key":"Block Potion"},{"floor":10,"key":"Dexterity Potion"},{"floor":24,"key":"LiquidMemories"}],"is_trial":false,"path_per_floor":["M","M","?","$","M","E","M","R","T","M","M","$","E","$","R","B",null,"M","M","$","M","$","R","E","R","T","M","M","M","M","M","R","B"],"character_chosen":"DEFECT","items_purchased":["Lantern","Gash","conspire:Banana","DollysMirror","Capacitor","ReplayTheSpireMod:CursedCoin","StuffTheSpire:FreeRealEstate+1"],"campfire_rested":4,"item_purchase_floors":[4,4,4,4,12,22,22],"current_hp_per_floor":[56,51,51,51,49,37,16,39,39,33,30,30,31,31,55,45,82,79,75,75,54,54,79,60,60,60,58,44,18,19,16,43,0,0],"gold":242,"neow_bonus":"RANDOM_COLORLESS","is_daily":false,"chose_seed":false,"campfire_upgraded":1,"win_rate":0.0,"timestamp":1609627443,"path_taken":["M","M","?","$","M","E","M","R","T","M","M","$","E","?","R","BOSS","M","M","$","M","$","R","E","R","T","?","M","M","M","M","R","BOSS"],"items_purchased_type":["Relic","Card","Card","Relic","Card","Relic","Card"],"build_version":"2020-12-22","purchased_purges":2,"victory":false,"max_hp_per_floor":[75,75,75,75,76,77,78,78,78,79,80,80,81,81,81,82,82,83,84,84,85,85,85,86,86,86,87,88,89,90,91,91,92,92],"card_choices":[{"not_picked":["StuffTheSpire:PlasmaPunch","Jack Of All Trades"],"picked":"Madness","floor":0},{"not_picked":["Go for the Eyes","BasicCrystalCard"],"picked":"Chill","floor":1},{"not_picked":["hubris:PowerSurge","Chaos"],"picked":"Coolheaded","floor":2},{"not_picked":["Auto Shields","BasicCrystalCard"],"picked":"Coolheaded","floor":5},{"not_picked":["Barrage","BasicCrystalCard"],"picked":"Chill","floor":6},{"not_picked":["Ball Lightning","ReplayTheSpireMod:System Scan"],"picked":"Beam Cell","floor":7},{"not_picked":["StuffTheSpire:CleanHardDrive+1","BasicCrystalCard+1","Rebound"],"picked":"SKIP","floor":10},{"not_picked":["Compile Driver","Glacier+1","Streamline"],"picked":"SKIP","floor":11},{"not_picked":["Panic Button+1","Streamline"],"picked":"Go for the Eyes","floor":13},{"not_picked":["Seek+1","Hyperbeam"],"picked":"StuffTheSpire:ForEach+1","floor":16},{"not_picked":["Stack+1","Reprogram+1"],"picked":"Hello World","floor":18},{"not_picked":["Auto Shields+1","Heatsinks","StuffTheSpire:Synthwave"],"picked":"SKIP","floor":19},{"not_picked":["Turbo+1","Hologram+1"],"picked":"FIFO Queue","floor":21},{"not_picked":["Reinforced Body+1","Barrage"],"picked":"Scrape","floor":24},{"not_picked":["Hologram+1","Steam+1"],"picked":"Cold Snap","floor":27},{"not_picked":["Undo+1","Sunder"],"picked":"Echo Form","floor":28},{"not_picked":["StuffTheSpire:Plugnplay+1","Rebound","ReplaySort+1"],"picked":"SKIP","floor":29},{"not_picked":["Barrage+1","Lockon"],"picked":"Double Energy+1","floor":30},{"not_picked":["BasicCrystalCard+1","hubris:Ukulele","Compile Driver"],"picked":"SKIP","floor":31}],"player_experience":1004355,"relics_obtained":[{"floor":6,"key":"StuffTheSpire:GrapeVine"},{"floor":9,"key":"Toxic Egg 2"},{"floor":13,"key":"aspiration:FrozenJewel"},{"floor":24,"key":"Mummified Hand"},{"floor":26,"key":"PreservedInsect"}],"event_choices":[],"is_beta":false,"boss_relics":[{"not_picked":["Busted Crown","Tiny House"],"picked":"Empty Cage"}],"items_purged_floors":[20,22],"is_endless":false,"potions_floor_spawned":[7,10,13,16,24,30],"killed_by":"conspire:MysteriousRune","ascension_level":3}}