{"host":"ja297la2wpvv1dvv","time":1609627030,"event":{"mods":["AchievementEnabler","BaseMod","Bestiary","Colored Map","Colored Powertips","Curses Come First","Minty Spire (QoL Compilation)","StSLib"],"gold_per_floor":[109,127,127,138,155,180,180,192,262,262,262,292,63,92,92,187,187,202,218,218,237,18,18,18,18],"floor_reached":24,"playtime":2941,"items_purged":["Strike_G","Strike_G"],"score":227,"play_id":"0b3d187d-5a10-47d7-925f-8381e7e4d8d5","local_time":"20210102163710","is_ascension_mode":true,"campfire_choices":[{"data":"Burst","floor":7,"key":"SMITH"},{"data":"Footwork","floor":11,"key":"SMITH"},{"floor":15,"key":"REST"},{"floor":23,"key":"REST"}],"circlet_count":0,"master_deck":["Strike_G","Strike_G","Defend_G","Defend_G","Defend_G","Defend_G","Defend_G","Survivor","Neutralize","Burst+1","Poisoned Stab","Blur+1","Bane","Deadly Poison","Flechettes","Footwork+1","Tactician","Noxious Fumes","Distraction","Sucker Punch","Quick Slash","Bullet Time","Dagger Throw+1","PiercingWail","Bane","Footwork","Bane"],"relics":["Ring of the Snake","Regal Pillow","Matryoshka","WingedGreaves","Bag of Marbles","Black Star"],"acts_visited":["Exordium","TheCity"],"potions_floor_usage":[6,6,6,6,16,21],"damage_taken":[{"damage":6,"enemies":"Jaw Worm","floor":1,"turns":6},{"damage":4,"enemies":"Cultist","floor":2,"turns":4},{"damage":0,"enemies":"2 Louse","floor":4,"turns":3},{"damage":4,"enemies":"Looter","floor":5,"turns":3},{"damage":5,"enemies":"Lagavulin","floor":6,"turns":5},{"damage":5,"enemies":"Exordium Thugs","floor":8,"turns":6},{"damage":10,"enemies":"Gremlin Nob","floor":12,"turns":5},{"damage":20,"enemies":"Lagavulin","floor":14,"turns":5},{"damage":42,"enemies":"Hexaghost","floor":16,"turns":12},{"damage":12,"enemies":"3 Byrds","floor":18,"turns":7},{"damage":10,"enemies":"Chosen","floor":19,"turns":5},{"damage":32,"enemies":"Centurion and Healer","floor":21,"turns":6},{"damage":63,"enemies":"Slavers","floor":24,"turns":4}],"seed_played":"-1433528114989811666","potions_obtained":[{"floor":4,"key":"Poison Potion"},{"floor":5,"key":"EntropicBrew"},{"floor":8,"key":"Ancient Potion"},{"floor":12,"key":"GamblersBrew"},{"floor":19,"key":"Fire Potion"}],"is_trial":false,"path_per_floor":["M","M","?","M","M","E","R","M","T","?","R","E","$","E","R","B",null,"M","M","?","M","$","R","E"],"character_chosen":"THE_SILENT","items_purchased":["Noxious Fumes","Distraction","Sucker Punch","Footwork","Bane"],"campfire_rested":2,"item_purchase_floors":[13,13,13,22,22],"current_hp_per_floor":[64,60,60,60,56,65,65,60,60,65,65,55,55,35,72,30,75,63,53,53,21,21,58,0,0],"gold":18,"neow_bonus":"ONE_RANDOM_RARE_CARD","is_daily":false,"chose_seed":false,"campfire_upgraded":2,"win_rate":0.0,"timestamp":1609627030,"path_taken":["M","M","?","M","M","E","R","?","T","?","R","E","$","E","R","BOSS","M","M","?","M","?","R","E"],"items_purchased_type":["Card","Card","Card","Card","Card"],"build_version":"2020-12-22","purchased_purges":2,"victory":false,"max_hp_per_floor":[70,70,70,70,70,70,70,70,70,75,75,75,75,75,75,75,75,75,75,75,75,75,75,75,75],"card_choices":[{"not_picked":["Infinite Blades","Quick Slash"],"picked":"Poisoned Stab","floor":1},{"not_picked":["Prepared","Bane"],"picked":"Blur","floor":2},{"not_picked":["Prepared","Dodge and Roll"],"picked":"Bane","floor":4},{"not_picked":["Acrobatics","Poisoned Stab"],"picked":"Deadly Poison","floor":5},{"not_picked":["Endless Agony","Deflect"],"picked":"Flechettes","floor":6},{"not_picked":["PiercingWail","Blade Dance"],"picked":"Footwork","floor":8},{"not_picked":["Blade Dance","Expertise"],"picked":"Tactician","floor":12},{"not_picked":["Tactician","Die Die Die"],"picked":"Quick Slash","floor":14},{"not_picked":["Night Terror","Die Die Die"],"picked":"Bullet Time","floor":16},{"not_picked":["Catalyst","Finisher"],"picked":"Dagger Throw+1","floor":18},{"not_picked":["Slice","Endless Agony+1"],"picked":"PiercingWail","floor":19},{"not_picked":["Finisher","Predator+1"],"picked":"Bane","floor":21}],"player_experience":190121,"relics_obtained":[{"floor":6,"key":"Regal Pillow"},{"floor":9,"key":"Matryoshka"},{"floor":12,"key":"WingedGreaves"},{"floor":14,"key":"Bag of Marbles"}],"event_choices":[{"damage_healed":0,"gold_gain":0,"player_choice":"Forge","damage_taken":0,"max_hp_gain":0,"max_hp_loss":0,"event_name":"Accursed Blacksmith","floor":3,"gold_loss":0,"cards_upgraded":["Blur"]},{"damage_healed":0,"gold_gain":0,"player_choice":"Donut","damage_taken":0,"max_hp_gain":5,"max_hp_loss":0,"event_name":"Big Fish","floor":10,"gold_loss":0},{"cards_removed":["Strike_G"],"damage_healed":0,"gold_gain":0,"player_choice":"Card Removal","damage_taken":0,"max_hp_gain":0,"max_hp_loss":0,"event_name":"Wheel of Change","floor":20,"gold_loss":0}],"is_beta":false,"boss_relics":[{"not_picked":["Runic Dome","Cursed Key"],"picked":"Black Star"}],"items_purged_floors":[13,22],"is_endless":false,"potions_floor_spawned":[4,5,8,12,19],"killed_by":"Slavers","ascension_level":1}}