{"host":"ydb2tj77qwtn71sy","time":1609560650,"event":{"mods":["2.2 Compatiblity","AchievementEnabler","Aspiration","BaseMod","Bestiary","Better Note","Better Skull","Better Third Choice","BetterRewards","Colored Map","Colored Powertips","Conspire","DeckTracker","Displayed Cursed Tome","Infinite Spire","Lobotomy","Minty Spire (QoL Compilation)","Relic Stats","Replay The Spire","Spicy Shops","StSLib","The Blue Laboratory","Uncapped"],"gold_per_floor":[118,137,154,154,154,185,185,220,220,220,231,243,261,289,289,384,384,396,415,434,451,461,496,496,530,530,544,571,46,61,26,26,126,126,138,157,157,174,174,174],"floor_reached":39,"playtime":2412,"items_purged":[],"score":860,"play_id":"62259118-0458-4b07-a499-31831b10c3a0","local_time":"20210102131050","is_ascension_mode":true,"campfire_choices":[{"floor":7,"key":"REST"},{"data":"Lockon","floor":10,"key":"SMITH"},{"data":"Zap","floor":15,"key":"SMITH"},{"floor":24,"key":"REST"},{"floor":32,"key":"REST"}],"circlet_count":0,"master_deck":["Strike_B","Strike_B","Strike_B","Strike_B","Defend_B","Defend_B+1","Defend_B","Defend_B","Zap+1","Dualcast+1","Stack+1","Lockon+1","Steam","Flying Knee","Cold Snap","JustLucky","Beam Cell","Sunder","Aggregate","Conserve Battery","Echo Form","Sweeping Beam","Static Discharge+1","Turbo","Hologram","Streamline","Defragment","Rebound+1","Leap+1","Capacitor","Static Discharge","Meteor Strike","FTL","FTL","Echo Form","Coolheaded+1","Stack+1","Ball Lightning+1"],"relics":["Cracked Core","Bag of Marbles","aspiration:Nostalgia","Replay:M_StaffOfTheSnake","Letter Opener","aspiration:FrozenJewel","Boot","Geode","Smiling Mask","Mummified Hand","Fusion Hammer","Lantern","Shuriken","Cables","War Paint","Mercury Hourglass","conspire:RoyalGoblet"],"acts_visited":["Exordium","TheCity","TheBeyond"],"potions_floor_usage":[23],"damage_taken":[{"damage":0,"enemies":"Small Slimes","floor":1,"turns":3},{"damage":0,"enemies":"Cultist","floor":2,"turns":2},{"damage":2,"enemies":"infinitespire:Voidling","floor":3,"turns":3},{"damage":19,"enemies":"Lagavulin","floor":6,"turns":5},{"damage":1,"enemies":"Replay:BlueRogue","floor":8,"turns":5},{"damage":3,"enemies":"Red Slaver","floor":11,"turns":2},{"damage":0,"enemies":"Exordium Wildlife","floor":12,"turns":2},{"damage":0,"enemies":"2 Fungi Beasts","floor":13,"turns":1},{"damage":0,"enemies":"3 Sentries","floor":14,"turns":4},{"damage":31,"enemies":"The Guardian","floor":16,"turns":9},{"damage":1,"enemies":"Chosen","floor":18,"turns":2},{"damage":8,"enemies":"Shell Parasite","floor":19,"turns":2},{"damage":7,"enemies":"Shelled Parasite and Fungi","floor":20,"turns":5},{"damage":2,"enemies":"Snecko","floor":21,"turns":3},{"damage":1,"enemies":"Snake Plant","floor":22,"turns":3},{"damage":18,"enemies":"Gremlin Leader","floor":23,"turns":4},{"damage":3,"enemies":"conspire:Head Lice","floor":25,"turns":7},{"damage":3,"enemies":"Chosen and Byrds","floor":27,"turns":3},{"damage":7,"enemies":"Replay:Snechameleon","floor":28,"turns":5},{"damage":12,"enemies":"Centurion and Healer","floor":30,"turns":3},{"damage":40,"enemies":"Champ","floor":33,"turns":8},{"damage":0,"enemies":"Orb Walker","floor":35,"turns":2},{"damage":16,"enemies":"3 Darklings","floor":36,"turns":5},{"damage":12,"enemies":"Writhing Mass","floor":38,"turns":6},{"damage":35,"enemies":"Transient","floor":39,"turns":4}],"seed_played":"-1603432864478893845","potions_obtained":[{"floor":8,"key":"Adrenaline Potion"},{"floor":11,"key":"blueLaboratory:SavagePotion"},{"floor":12,"key":"Swift Potion"},{"floor":16,"key":"infinitespire:BlackPotion"},{"floor":30,"key":"Block Potion"}],"is_trial":false,"path_per_floor":["M","M","M","?","$","E","R","E","T","R","M","M","M","E","R","B",null,"M","M","M","M","M","E","R","E","T","M","E","$","M","$","R","B",null,"M","M","?","M","M"],"character_chosen":"DEFECT","items_purchased":["Bag of Marbles","Stack+1","Lockon","aspiration:Nostalgia","Letter Opener","aspiration:FrozenJewel","Static Discharge","Meteor Strike","Mercury Hourglass","FTL"],"campfire_rested":3,"item_purchase_floors":[0,0,0,0,0,0,29,29,29,31],"current_hp_per_floor":[68,68,66,66,66,47,69,68,68,68,65,65,65,65,65,34,65,64,56,49,47,46,28,50,47,47,44,37,37,25,25,47,7,58,58,42,42,30,0,0],"gold":174,"neow_bonus":"","is_daily":false,"chose_seed":false,"campfire_upgraded":2,"win_rate":0.0,"timestamp":1609560650,"path_taken":["M","M","M","?","$","E","R","E","T","R","M","?","M","E","R","BOSS","M","M","M","M","?","E","R","E","T","M","E","$","M","?","R","BOSS","M","M","?","M","M"],"items_purchased_type":["Relic","Card","Card","Relic","Relic","Relic","Card","Card","Relic","Card"],"build_version":"2020-12-22","purchased_purges":0,"victory":false,"max_hp_per_floor":[75,75,75,75,75,75,75,75,75,75,75,75,75,75,75,75,75,75,75,75,75,75,75,75,75,75,75,75,75,75,75,75,75,75,75,75,75,75,75,75],"relic_stats":{"counters":[240,1037],"Mummified Hand":[34],"Shuriken":[16],"Letter Opener":[524],"War Paint":["Dualcast","Defend_B"],"Boot":[83],"Smiling Mask":0,"obtain_stats":[{"TwistedFunnel":0,"infinitespire:BottledMercury":9,"Golden Egg":45,"Spirit Poop":20,"Whetstone":44,"Ginger":10,"Sling":0,"Boot":6,"Blood Vial":0,"infinitespire:ShieldingShard":26,"MealTicket":9,"infinitespire:Golems Mask":31,"Fusion Hammer":17,"HandDrill":0,"Kunai":38,"Replay:Wax Seal":0,"aspiration:StickyExplosives":47,"Blue Candle":40,"Eternal Feather":6,"Tingsha":30,"ReplayTheSpireMod:SealedPack":17,"Pen Nib":44,"Paper Crane":0,"aspiration:IroncladSkillbook":17,"aspiration:FrozenJewel":31,"Cables":26,"SlaversCollar":17,"infinitespire:Broken Mirror":24,"Bird Faced Urn":42,"infinitespire:PuzzleCube":23,"Solar Panel":23,"Lantern":0,"Torii":0,"Singing Bowl":42,"Blue Doll":9,"Replay:Multitool":45,"Cursed Key":21,"Ancient Tea Set":14,"Smiling Mask":9,"conspire:InfiniteJournal":6,"Matryoshka":26,"WristBlade":17,"infinitespire:Eraser":40,"Replay:Bottled Eggs":43,"Ring of the Snake":0,"aspiration:ChemicalBlood":26,"aspiration:VileToxins":8,"Potion Belt":45,"Lee\u0027s Waffle":0,"Replay:M_StaffOfTheSnake":24,"Basket Of Snakes":0,"PreservedInsect":24,"infinitespire:Joker Card":27,"The Courier":9,"Omamori":48,"Geode":8,"infinitespire:Lucky Rock":9,"Nuclear Battery":17,"Busted Crown":17,"Turnip":42,"Art of War":23,"ReplayTheSpireMod:Lightbulb":26,"Toy Ornithopter":43,"infinitespire:Freezer":25,"Ice Cream":46,"Divine Protection":43,"conspire:RoyalGoblet":34,"Vajra":0,"Runic Capacitor":0,"conspire:SeveredTorchhead":34,"Centennial Puzzle":47,"Lizard Tail":29,"HornCleat":3,"Strawberry":11,"Toxic Egg 2":4,"Happy Flower":5,"aspiration:Nostalgia":24,"Dead Branch":11,"Replay:Grab Bag":17,"Ring of Chaos":34,"Letter Opener":9,"War Paint":28,"aspiration:HiddenCompartment":12,"Replay:Baseball":0,"ReplayTheSpireMod:Shallot":40,"Shuriken":25,"Bronze Scales":44,"Onion Ring":24,"Simple Rune":0,"Molten Egg 2":0,"Mirror":0,"Symbiotic Virus":28,"Darkstone Periapt":26,"ReplayFunnel":27,"Replay:PocketPolymizer":24,"SacredBark":34,"conspire:SpecialSausage":34,"aspiration:TomeofQuesting":9,"Juzu Bracelet":25,"PrismaticShard":29,"conspire:TopHat":43,"ClockworkSouvenir":38,"Nunchaku":14,"Replay:Bandana":23,"Emotion Chip":0,"TheAbacus":20,"Mummified Hand":43,"Pantograph":28,"Runic Pyramid":34,"Replay:Towering Pillar of Hats":8,"aspiration:FetidBarrel":43,"infinitespire:CursedDice":37,"Replay:WaspNest":29,"infinitespire:FocusingShard":47,"aspiration:HummingbirdHeart":28,"Orichalcum":44,"Odd Mushroom":10,"Mercury Hourglass":29,"CaptainsWheel":13,"Anchor":0,"infinitespire:WardingShard":7,"infinitespire:Satchel":21,"aspiration:WatcherSkillbook":17,"ChewingGum":17,"Bag of Marbles":0,"Membership Card":24,"FossilizedHelix":31},{"TwistedFunnel":46,"infinitespire:BottledMercury":52,"Golden Egg":96,"Spirit Poop":17,"Whetstone":125,"Ginger":163,"Sling":34,"Boot":219,"Blood Vial":157,"infinitespire:ShieldingShard":61,"MealTicket":5,"infinitespire:Golems Mask":204,"Fusion Hammer":137,"HandDrill":99,"Kunai":94,"Replay:Wax Seal":34,"aspiration:StickyExplosives":71,"Blue Candle":95,"Eternal Feather":10,"Tingsha":143,"ReplayTheSpireMod:SealedPack":15,"Pen Nib":183,"Paper Crane":99,"aspiration:IroncladSkillbook":108,"aspiration:FrozenJewel":175,"Cables":232,"SlaversCollar":83,"infinitespire:Broken Mirror":141,"Bird Faced Urn":211,"infinitespire:PuzzleCube":114,"Solar Panel":171,"Lantern":6,"Torii":73,"Singing Bowl":182,"Blue Doll":11,"Replay:Multitool":71,"Cursed Key":17,"Ancient Tea Set":82,"Smiling Mask":220,"conspire:InfiniteJournal":132,"Matryoshka":20,"WristBlade":56,"infinitespire:Eraser":69,"Replay:Bottled Eggs":95,"Ring of the Snake":0,"aspiration:ChemicalBlood":200,"aspiration:VileToxins":52,"Potion Belt":212,"Lee\u0027s Waffle":73,"Replay:M_StaffOfTheSnake":60,"Basket Of Snakes":73,"PreservedInsect":60,"infinitespire:Joker Card":116,"The Courier":133,"Omamori":72,"Geode":220,"infinitespire:Lucky Rock":105,"Nuclear Battery":195,"Busted Crown":43,"Turnip":153,"Art of War":141,"ReplayTheSpireMod:Lightbulb":142,"Toy Ornithopter":124,"infinitespire:Freezer":173,"Ice Cream":33,"Divine Protection":31,"conspire:RoyalGoblet":236,"Vajra":73,"Runic Capacitor":157,"conspire:SeveredTorchhead":119,"Centennial Puzzle":97,"Lizard Tail":203,"HornCleat":1,"Strawberry":53,"Toxic Egg 2":8,"Happy Flower":50,"aspiration:Nostalgia":60,"Dead Branch":192,"Replay:Grab Bag":195,"Ring of Chaos":176,"Letter Opener":79,"War Paint":234,"aspiration:HiddenCompartment":135,"Replay:Baseball":128,"ReplayTheSpireMod:Shallot":181,"Shuriken":232,"Bronze Scales":154,"Onion Ring":60,"Simple Rune":73,"Molten Egg 2":99,"Mirror":34,"Symbiotic Virus":173,"Darkstone Periapt":88,"ReplayFunnel":201,"Replay:PocketPolymizer":19,"SacredBark":92,"conspire:SpecialSausage":25,"aspiration:TomeofQuesting":41,"Juzu Bracelet":88,"PrismaticShard":62,"conspire:TopHat":31,"ClockworkSouvenir":94,"Nunchaku":14,"Replay:Bandana":60,"Emotion Chip":185,"TheAbacus":84,"Mummified Hand":182,"Pantograph":116,"Runic Pyramid":145,"Replay:Towering Pillar of Hats":79,"aspiration:FetidBarrel":69,"infinitespire:CursedDice":148,"Replay:WaspNest":90,"infinitespire:FocusingShard":126,"aspiration:HummingbirdHeart":21,"Orichalcum":32,"Odd Mushroom":192,"Mercury Hourglass":234,"CaptainsWheel":107,"Anchor":128,"infinitespire:WardingShard":161,"infinitespire:Satchel":17,"aspiration:WatcherSkillbook":195,"ChewingGum":195,"Bag of Marbles":215,"Membership Card":60,"FossilizedHelix":63},{"TwistedFunnel":207,"infinitespire:BottledMercury":231,"Golden Egg":414,"Spirit Poop":81,"Whetstone":534,"Ginger":680,"Sling":148,"Boot":952,"Blood Vial":660,"infinitespire:ShieldingShard":271,"MealTicket":12,"infinitespire:Golems Mask":872,"Fusion Hammer":575,"HandDrill":435,"Kunai":402,"Replay:Wax Seal":148,"aspiration:StickyExplosives":308,"Blue Candle":408,"Eternal Feather":41,"Tingsha":596,"ReplayTheSpireMod:SealedPack":69,"Pen Nib":766,"Paper Crane":435,"aspiration:IroncladSkillbook":468,"aspiration:FrozenJewel":725,"Cables":1001,"SlaversCollar":352,"infinitespire:Broken Mirror":590,"Bird Faced Urn":913,"infinitespire:PuzzleCube":495,"Solar Panel":711,"Lantern":19,"Torii":315,"Singing Bowl":760,"Blue Doll":44,"Replay:Multitool":308,"Cursed Key":81,"Ancient Tea Set":343,"Smiling Mask":957,"conspire:InfiniteJournal":557,"Matryoshka":89,"WristBlade":251,"infinitespire:Eraser":301,"Replay:Bottled Eggs":408,"Ring of the Snake":0,"aspiration:ChemicalBlood":847,"aspiration:VileToxins":231,"Potion Belt":921,"Lee\u0027s Waffle":315,"Replay:M_StaffOfTheSnake":267,"Basket Of Snakes":315,"PreservedInsect":267,"infinitespire:Joker Card":501,"The Courier":559,"Omamori":310,"Geode":957,"infinitespire:Lucky Rock":452,"Nuclear Battery":821,"Busted Crown":190,"Turnip":637,"Art of War":590,"ReplayTheSpireMod:Lightbulb":593,"Toy Ornithopter":528,"infinitespire:Freezer":717,"Ice Cream":145,"Divine Protection":134,"conspire:RoyalGoblet":1020,"Vajra":315,"Runic Capacitor":660,"conspire:SeveredTorchhead":513,"Centennial Puzzle":419,"Lizard Tail":863,"HornCleat":2,"Strawberry":238,"Toxic Egg 2":27,"Happy Flower":221,"aspiration:Nostalgia":267,"Dead Branch":808,"Replay:Grab Bag":821,"Ring of Chaos":733,"Letter Opener":332,"War Paint":1009,"aspiration:HiddenCompartment":565,"Replay:Baseball":548,"ReplayTheSpireMod:Shallot":753,"Shuriken":1001,"Bronze Scales":641,"Onion Ring":267,"Simple Rune":315,"Molten Egg 2":435,"Mirror":148,"Symbiotic Virus":717,"Darkstone Periapt":373,"ReplayFunnel":853,"Replay:PocketPolymizer":86,"SacredBark":393,"conspire:SpecialSausage":109,"aspiration:TomeofQuesting":175,"Juzu Bracelet":373,"PrismaticShard":274,"conspire:TopHat":134,"ClockworkSouvenir":402,"Nunchaku":53,"Replay:Bandana":267,"Emotion Chip":782,"TheAbacus":359,"Mummified Hand":760,"Pantograph":501,"Runic Pyramid":604,"Replay:Towering Pillar of Hats":332,"aspiration:FetidBarrel":301,"infinitespire:CursedDice":614,"Replay:WaspNest":381,"infinitespire:FocusingShard":539,"aspiration:HummingbirdHeart":96,"Orichalcum":142,"Odd Mushroom":808,"Mercury Hourglass":1009,"CaptainsWheel":459,"Anchor":548,"infinitespire:WardingShard":674,"infinitespire:Satchel":81,"aspiration:WatcherSkillbook":821,"ChewingGum":821,"Bag of Marbles":939,"Membership Card":267,"FossilizedHelix":277}],"Cables":[35,25,6,0,4],"Mercury Hourglass":[90]},"card_choices":[{"not_picked":["Storm","Skim"],"picked":"Steam","floor":1},{"not_picked":["Acrobatics","Dagger Throw"],"picked":"Flying Knee","floor":2},{"not_picked":["Force Field","Tempest"],"picked":"Cold Snap","floor":3},{"not_picked":["ReplayTheSpireMod:Repulse","Panic Button"],"picked":"JustLucky","floor":6},{"not_picked":["Acrobatics","Grand Finale"],"picked":"Beam Cell","floor":8},{"not_picked":["BasicCrystalCard","CutThroughFate"],"picked":"Sunder","floor":11},{"not_picked":["ThirdEye","Stack"],"picked":"SashWhip","floor":12},{"not_picked":["Steam Power","Acrobatics"],"picked":"Aggregate","floor":13},{"not_picked":["ReplaySolidLightProjector","Dagger Throw"],"picked":"Conserve Battery","floor":14},{"not_picked":["Tools of the Trade","Grand Finale"],"picked":"Echo Form","floor":16},{"not_picked":["BasicCrystalCard","Force Field"],"picked":"Sweeping Beam","floor":18},{"not_picked":["Scrape+1","Heatsinks+1"],"picked":"Static Discharge+1","floor":19},{"not_picked":["Crystallizer","Stack+1"],"picked":"Turbo","floor":20},{"not_picked":["Stack","ReplayGash+1"],"picked":"Hologram","floor":21},{"not_picked":["Hyperbeam","Cold Snap"],"picked":"Streamline","floor":22},{"not_picked":["Sweeping Beam+1","Streamline+1"],"picked":"Defragment","floor":23},{"not_picked":["Barrage","BasicCrystalCard"],"picked":"Rebound+1","floor":25},{"not_picked":["Turbo","Ball Lightning"],"picked":"Leap+1","floor":27},{"not_picked":["Glacier","Tempest"],"picked":"Capacitor","floor":28},{"not_picked":["Double Energy","ReplayTheSpireMod:Reroute Power"],"picked":"FTL","floor":30},{"not_picked":["Biased Cognition","Reboot"],"picked":"Echo Form","floor":33},{"not_picked":["Aggregate","Consume"],"picked":"Coolheaded+1","floor":35},{"not_picked":["Time Bomb","Streamline"],"picked":"Stack+1","floor":36},{"not_picked":["Rebound","Cold Snap"],"picked":"Ball Lightning+1","floor":38}],"player_experience":390488,"relics_obtained":[{"floor":6,"key":"Boot"},{"floor":8,"key":"Geode"},{"floor":9,"key":"Smiling Mask"},{"floor":14,"key":"Mummified Hand"},{"floor":23,"key":"Lantern"},{"floor":25,"key":"Shuriken"},{"floor":26,"key":"Cables"},{"floor":28,"key":"War Paint"}],"event_choices":[{"damage_healed":0,"gold_gain":0,"player_choice":"Ignored","damage_taken":0,"max_hp_gain":0,"max_hp_loss":0,"event_name":"Purifier","floor":4,"gold_loss":0},{"cards_removed":["SashWhip"],"damage_healed":0,"gold_gain":0,"player_choice":"Removed Attack","damage_taken":0,"max_hp_gain":0,"max_hp_loss":0,"event_name":"Falling","floor":37,"gold_loss":0}],"is_beta":false,"boss_relics":[{"not_picked":["Empty Cage","ReplayTheSpireMod:SealedPack"],"picked":"Fusion Hammer"},{"not_picked":["Runic Pyramid","aspiration:BursterCore"],"picked":"conspire:RoyalGoblet"}],"items_purged_floors":[],"is_endless":false,"potions_floor_spawned":[8,11,12,13,14,16,19,20,21,22,30,35],"killed_by":"Transient","ascension_level":6}}