{"host":"tva948ojjycf0txh","time":1609572925,"event":{"mods":["BaseMod","Minty Spire (QoL Compilation)","Replay The Spire","StSLib"],"gold_per_floor":[116,116,116,132,132,162,2,15,42,61,74,88,88,121,121,226,226,237,248,21,21,38,38,38,66,142,158,0,0,100,115,115,217,217,217,217],"floor_reached":35,"playtime":4353,"items_purged":[],"score":437,"play_id":"35ad9dff-c44a-48b4-8e6a-436087b93d72","local_time":"20210102153525","is_ascension_mode":false,"campfire_choices":[{"data":"Whirlwind","floor":13,"key":"SMITH"},{"floor":23,"key":"REST"},{"data":"Bludgeon","floor":32,"key":"SMITH"}],"circlet_count":0,"master_deck":["Strike_R","Strike_R+1","Strike_R","Strike_R","Defend_R","Defend_R","Defend_R","Defend_R","Bash","Heavy Blade+1","Hallucinations","Whirlwind+1","Demonic Infusion","Pommel Strike","Spot Weakness","True Grit","Sword Boomerang+1","Armaments+1","Warcry","ReplayTheSpireMod:Stacked","Berserk","Fire Breathing","Demon Form","ReplayTheSpireMod:LeadingStrike","Whirlwind","Midas Touch","Languid","Replay:Parry","Clash","Spot Weakness","Rampage+1","Warcry+1","Warcry+1","Flex","Pummel","Thunderclap","Body Slam","Bludgeon+1","Anger","Brutality+1"],"relics":["Burning Blood","Replay:Mystery Machine","Ring of Peace","Strawberry","ReplayTheSpireMod:TigerMarble","Torii","Electric Blood","Enchiridion","Frozen Egg 2","Snack Pack","Cursed Key"],"acts_visited":["Exordium","TheCity","TheBeyond"],"potions_floor_usage":[6,16,22,33,33,33],"damage_taken":[{"damage":7,"enemies":"2 Louse","floor":1,"turns":3},{"damage":1,"enemies":"Jaw Worm","floor":4,"turns":4},{"damage":0,"enemies":"Gremlin Nob","floor":6,"turns":4},{"damage":0,"enemies":"Small Slimes","floor":8,"turns":3},{"damage":6,"enemies":"Red Slaver","floor":10,"turns":3},{"damage":0,"enemies":"3 Louse","floor":11,"turns":2},{"damage":15,"enemies":"Large Slime","floor":12,"turns":8},{"damage":6,"enemies":"Lagavulin","floor":14,"turns":5},{"damage":7,"enemies":"Hexaghost","floor":16,"turns":8},{"damage":11,"enemies":"2 Thieves","floor":18,"turns":2},{"damage":17,"enemies":"Chosen","floor":19,"turns":6},{"damage":30,"enemies":"Centurion and Healer","floor":22,"turns":5},{"damage":18,"enemies":"Book of Stabbing","floor":25,"turns":3},{"damage":20,"enemies":"3 Cultists","floor":27,"turns":4},{"damage":26,"enemies":"Snake Plant","floor":31,"turns":4},{"damage":35,"enemies":"Champ","floor":33,"turns":7},{"damage":95,"enemies":"3 Shapes","floor":35,"turns":5}],"seed_played":"8367337280471272428","potions_obtained":[{"floor":1,"key":"DuplicationPotion"},{"floor":12,"key":"Swift Potion"},{"floor":16,"key":"CultistPotion"},{"floor":25,"key":"Energy Potion"},{"floor":31,"key":"LifebloodPotion"}],"is_trial":false,"path_per_floor":["M","?","?","M","?","E","$","M","T","M","M","M","R","E","R","B",null,"M","M","$","?","M","R","?","E","T","M","$","?","?","M","R","B",null,"M"],"character_chosen":"IRONCLAD","items_purchased":["Spot Weakness","True Grit","Sword Boomerang+1","Midas Touch","Elixir","Warcry+1","Flex","Pummel"],"campfire_rested":1,"item_purchase_floors":[7,7,7,20,20,28,28,28],"current_hp_per_floor":[79,63,63,68,68,81,81,87,87,87,87,78,78,78,78,77,87,82,71,71,71,47,73,57,45,45,33,33,62,62,50,50,29,87,0,0],"gold":217,"neow_bonus":"RANDOM_COMMON_RELIC","is_daily":false,"chose_seed":false,"campfire_upgraded":2,"win_rate":0.0,"timestamp":1609572925,"path_taken":["M","?","?","M","?","E","$","M","T","M","?","M","R","E","R","BOSS","M","M","$","?","?","R","?","E","T","M","$","?","?","M","R","BOSS","M"],"items_purchased_type":["Card","Card","Card","Card","Potion","Card","Card","Card"],"build_version":"2020-12-22","purchased_purges":0,"victory":false,"max_hp_per_floor":[80,80,80,80,80,87,87,87,87,87,87,87,87,87,87,87,87,87,87,87,87,87,87,87,87,87,87,87,87,87,87,87,87,87,87,87],"card_choices":[{"not_picked":["Rupture","Defy Death"],"picked":"Heavy Blade","floor":1},{"not_picked":["Rampage","Twin Strike"],"picked":"Whirlwind","floor":4},{"not_picked":["Heavy Blade","Whirlwind"],"picked":"Pommel Strike","floor":6},{"not_picked":["Shockwave","Infernal Blade"],"picked":"Armaments","floor":8},{"not_picked":["Run Through","Armaments"],"picked":"Warcry","floor":10},{"not_picked":["Anger","Body Slam"],"picked":"ReplayTheSpireMod:Stacked","floor":11},{"not_picked":["Replay:Undeath\u0027s Touch","Iron Wave"],"picked":"Berserk","floor":12},{"not_picked":["Replay:Undeath\u0027s Touch","Perfected Strike"],"picked":"Fire Breathing","floor":14},{"not_picked":["Limit Break","Hemogenesis"],"picked":"Demon Form","floor":16},{"not_picked":["Pommel Strike","Thunderclap+1"],"picked":"ReplayTheSpireMod:LeadingStrike","floor":18},{"not_picked":["Shrug It Off","Clash+1"],"picked":"Whirlwind","floor":19},{"not_picked":["Pummel","True Grit+1"],"picked":"Spot Weakness","floor":22},{"not_picked":["Flame Barrier+1","ReplayReversal"],"picked":"Rampage+1","floor":25},{"not_picked":["Rupture+1","Abandon"],"picked":"Warcry+1","floor":27},{"not_picked":["Sword Boomerang","Entrench"],"picked":"Thunderclap","floor":30},{"not_picked":["Warcry+1","Thunderclap"],"picked":"Body Slam","floor":30},{"not_picked":["Flame Barrier","Shrug It Off"],"picked":"Bludgeon","floor":30},{"not_picked":["Bloodletting","Pommel Strike"],"picked":"Anger","floor":31},{"not_picked":["Fiend Fire","Berserk+1"],"picked":"Brutality+1","floor":33}],"player_experience":32177,"relics_obtained":[{"floor":3,"key":"Ring of Peace"},{"floor":6,"key":"Strawberry"},{"floor":9,"key":"ReplayTheSpireMod:TigerMarble"},{"floor":14,"key":"Torii"},{"floor":24,"key":"Enchiridion"},{"floor":25,"key":"Frozen Egg 2"},{"floor":26,"key":"Snack Pack"}],"event_choices":[{"damage_healed":0,"gold_gain":0,"player_choice":"Entered Light","damage_taken":16,"max_hp_gain":0,"max_hp_loss":0,"event_name":"Shining Light","floor":2,"gold_loss":0,"cards_upgraded":["Heavy Blade","Strike_R"]},{"damage_healed":0,"gold_gain":0,"cards_transformed":["Strike_R"],"player_choice":"Transformed","damage_taken":0,"max_hp_gain":0,"max_hp_loss":0,"event_name":"Transmorgrifier","floor":5,"gold_loss":0,"cards_obtained":["Demonic Infusion"]},{"damage_healed":0,"gold_gain":0,"player_choice":"Grow","damage_taken":0,"max_hp_gain":0,"max_hp_loss":0,"event_name":"Living Wall","floor":15,"gold_loss":0,"cards_upgraded":["Armaments"]},{"damage_healed":0,"gold_gain":0,"player_choice":"3 cards matched","damage_taken":0,"max_hp_gain":0,"max_hp_loss":0,"event_name":"Match and Keep!","floor":21,"gold_loss":0,"cards_obtained":["Languid","Replay:Parry","Clash"]},{"damage_healed":0,"gold_gain":0,"player_choice":"Obtained Book","damage_taken":16,"max_hp_gain":0,"max_hp_loss":0,"event_name":"Cursed Tome","floor":24,"gold_loss":0},{"damage_healed":29,"gold_gain":0,"player_choice":"Heal","damage_taken":0,"max_hp_gain":0,"max_hp_loss":0,"event_name":"The Library","floor":29,"gold_loss":0}],"is_beta":false,"boss_relics":[{"not_picked":["Coffee Dripper","Honey Jar"],"picked":"Electric Blood"},{"not_picked":["Busted Crown","Black Blood"],"picked":"Cursed Key"}],"items_purged_floors":[],"is_endless":false,"potions_floor_spawned":[1,12,16,25,31],"killed_by":"3 Shapes","ascension_level":0}}