{"host":"p5axfb00mxhraew6","time":1609577662,"event":{"mods":["Abigail Mod","Act Like it!","BaseMod","CapriCore","Friendly Minions","GifTheSpireLib","Jedi Mod","KomeijiMod","MarisaÅiñ∂âJÅ@ñÇóùçπÅj","Minty Spire (QoL Compilation)","Prisma Mod","ReimuÅiîé??öÎÅj","RemiliaÅiÂQïƒ‰ª?Åj","SOSÅiézîb?îVéqÅj","StSLib","Td1madao Mod","The Alterego","The Immortal","The Problem Sleuth","Yakumo Yukari mod"],"gold_per_floor":[116,116,116,132,146,146,180,180,207,238,251,262,45,120,120,219,219,229,25,37,37,57,57,77,108,108,136,148,26,26,40,40,137,137,149,199,18,37,37,65,65,83,83,83,117,128,157,157,157,157],"floor_reached":51,"playtime":2068,"items_purged":["alterego_mod:Strike","alterego_mod:Punishment+1"],"score":1331,"play_id":"5ca80cce-f4b5-4a27-bc2a-d641c2420be4","local_time":"20210102175422","is_ascension_mode":true,"campfire_choices":[{"data":"alterego_mod:Venus","floor":6,"key":"SMITH"},{"data":"alterego_mod:MagicResistance","floor":8,"key":"SMITH"},{"data":"alterego_mod:Weigh","floor":15,"key":"SMITH"},{"data":"alterego_mod:Palingenesis","floor":23,"key":"SMITH"},{"data":"alterego_mod:Punishment","floor":30,"key":"SMITH"},{"data":"alterego_mod:BrynhildrsRune","floor":32,"key":"SMITH"},{"data":"alterego_mod:Palingenesis+1","floor":41,"key":"SMITH"},{"data":"alterego_mod:Palingenesis+2","floor":44,"key":"SMITH"},{"data":"alterego_mod:Palingenesis+3","floor":49,"key":"SMITH"}],"circlet_count":0,"master_deck":["AscendersBane","alterego_mod:Strike","alterego_mod:Strike","alterego_mod:Strike","alterego_mod:Defend","alterego_mod:Defend","alterego_mod:Defend","alterego_mod:Defend+1","alterego_mod:BigMeatyClaws","alterego_mod:BrynhildrsRune+1","alterego_mod:Venus+1","alterego_mod:IndependentAction","alterego_mod:MagicResistance+1","alterego_mod:Undulate+1","alterego_mod:Lift","alterego_mod:GoddessCore","alterego_mod:Weigh+1","alterego_mod:Pet","alterego_mod:Palingenesis+4","alterego_mod:Skirt+1","alterego_mod:Bunnysuit","alterego_mod:SakuraFive","alterego_mod:TrashNCrash+1","alterego_mod:1TonWallop+1","alterego_mod:Skirt+1","alterego_mod:Bounce+1","alterego_mod:BiFurious+1","alterego_mod:BreastValley+1","alterego_mod:Venus+1","alterego_mod:1TonWallop+1","alterego_mod:Undulate","alterego_mod:Cushion","alterego_mod:Nekomimi+1"],"relics":["alterego_mod:MasochisticConstitution","ThirstyCross","Toy Ornithopter","Akabeko","Turnip","Coffee Dripper","Orichalcum","Molten Egg 2","HornCleat","Vajra","Runic Pyramid","jedi:kaleidoscope","Art of War","War Paint","Mastiff:ReiMu","Bottled Lightning"],"acts_visited":["Exordium","TheCity","TheBeyond"],"potions_floor_usage":[10,22,27,33,40,42,45,46],"damage_taken":[{"damage":0,"enemies":"2 Louse","floor":1,"turns":2},{"damage":0,"enemies":"Small Slimes","floor":4,"turns":3},{"damage":4,"enemies":"Jaw Worm","floor":5,"turns":2},{"damage":5,"enemies":"3 Sentries","floor":7,"turns":6},{"damage":3,"enemies":"Gremlin Nob","floor":10,"turns":2},{"damage":0,"enemies":"Exordium Thugs","floor":11,"turns":2},{"damage":3,"enemies":"3 Louse","floor":12,"turns":4},{"damage":27,"enemies":"Hexaghost","floor":16,"turns":8},{"damage":7,"enemies":"Chosen","floor":18,"turns":3},{"damage":5,"enemies":"Spheric Guardian","floor":20,"turns":2},{"damage":9,"enemies":"Snake Plant","floor":22,"turns":3},{"damage":13,"enemies":"Centurion and Healer","floor":24,"turns":4},{"damage":21,"enemies":"Slavers","floor":25,"turns":4},{"damage":0,"enemies":"Gremlin Leader","floor":27,"turns":3},{"damage":0,"enemies":"Snecko","floor":28,"turns":1},{"damage":0,"enemies":"Snake Plant","floor":31,"turns":2},{"damage":12,"enemies":"Automaton","floor":33,"turns":6},{"damage":26,"enemies":"3 Shapes","floor":35,"turns":5},{"damage":5,"enemies":"2 Orb Walkers","floor":36,"turns":4},{"damage":0,"enemies":"Orb Walker","floor":38,"turns":1},{"damage":22,"enemies":"Nemesis","floor":40,"turns":3},{"damage":29,"enemies":"Transient","floor":42,"turns":5},{"damage":11,"enemies":"Reptomancer","floor":45,"turns":7},{"damage":14,"enemies":"Maw","floor":46,"turns":5},{"damage":8,"enemies":"Giant Head","floor":47,"turns":7},{"damage":82,"enemies":"Time Eater","floor":50,"turns":8}],"seed_played":"1901446410497644933","potions_obtained":[{"floor":5,"key":"jedi:StrikingPotion"},{"floor":7,"key":"Fruit Juice"},{"floor":10,"key":"Swift Potion"},{"floor":18,"key":"AttackPotion"},{"floor":20,"key":"SpeedPotion"},{"floor":21,"key":"FairyPotion"},{"floor":21,"key":"Weak Potion"},{"floor":22,"key":"Fire Potion"},{"floor":31,"key":"GrandPatriotsElixir:ReiMu"},{"floor":38,"key":"GamblersBrew"},{"floor":40,"key":"GamblersBrew"},{"floor":42,"key":"Strength Potion"},{"floor":45,"key":"SpeedPotion"}],"is_trial":false,"path_per_floor":["M","?","?","M","M","R","E","R","T","E","M","M","$","?","R","B",null,"M","$","M","?","M","R","M","E","T","E","M","$","R","M","R","B",null,"M","?","$","M","?","E","R","M","T","R","E","M","E","?","R","B",null],"character_chosen":"The_Alterego","items_purchased":["alterego_mod:Weigh","alterego_mod:Pet","alterego_mod:Punishment","Orichalcum","alterego_mod:BiFurious+1","alterego_mod:Cushion"],"campfire_rested":0,"item_purchase_floors":[13,13,19,19,29,37],"current_hp_per_floor":[70,70,63,70,67,67,72,72,72,78,78,79,79,68,68,49,72,73,73,76,76,73,73,68,48,48,53,53,53,53,53,53,54,78,60,63,63,63,88,79,79,56,56,56,79,78,78,78,78,28],"gold":157,"neow_bonus":"ONE_RANDOM_RARE_CARD","is_daily":false,"chose_seed":false,"campfire_upgraded":9,"win_rate":0.0,"timestamp":1609577662,"path_taken":["M","?","?","M","M","R","E","R","T","E","M","M","$","?","R","BOSS","M","$","M","?","M","R","?","E","T","E","M","$","R","M","R","BOSS","M","?","$","M","?","E","R","M","T","R","E","?","E","?","R","BOSS"],"items_purchased_type":["Card","Card","Card","Relic","Card","Card"],"build_version":"2020-12-22","purchased_purges":2,"victory":true,"max_hp_per_floor":[70,70,70,70,71,71,72,72,72,78,78,79,79,79,79,80,80,81,81,82,82,83,83,84,85,85,85,85,85,85,85,85,86,86,87,88,88,88,88,89,89,90,90,90,91,92,93,93,93,94],"card_choices":[{"not_picked":["alterego_mod:DiscoLights","alterego_mod:SakuraLabyrinth","alterego_mod:BeGentle"],"picked":"SKIP","floor":1},{"not_picked":["alterego_mod:Bounce","alterego_mod:DiscoLights"],"picked":"alterego_mod:IndependentAction","floor":4},{"not_picked":["alterego_mod:Skirt","alterego_mod:Bunnysuit"],"picked":"alterego_mod:MagicResistance","floor":5},{"not_picked":["alterego_mod:Cooking","alterego_mod:GachaTicket"],"picked":"alterego_mod:Undulate","floor":7},{"not_picked":["alterego_mod:Support","alterego_mod:SakuraLabyrinth"],"picked":"alterego_mod:Lift","floor":10},{"not_picked":["alterego_mod:SakuraLabyrinth","alterego_mod:SakuraPetals","alterego_mod:Skirt"],"picked":"SKIP","floor":11},{"not_picked":["alterego_mod:SuperDuperMasochism","alterego_mod:TrashNCrash"],"picked":"alterego_mod:GoddessCore","floor":12},{"not_picked":["alterego_mod:Alter","alterego_mod:SideboobHour"],"picked":"alterego_mod:Palingenesis","floor":16},{"not_picked":["alterego_mod:SakuraPetals","alterego_mod:Cycle"],"picked":"alterego_mod:Skirt+1","floor":18},{"not_picked":["alterego_mod:Skirt","alterego_mod:Complex"],"picked":"alterego_mod:Bunnysuit","floor":20},{"not_picked":["alterego_mod:Mirror","alterego_mod:Jiggle"],"picked":"alterego_mod:SakuraFive","floor":22},{"not_picked":["alterego_mod:SuperDuperMasochism","alterego_mod:Clones"],"picked":"alterego_mod:TrashNCrash+1","floor":24},{"not_picked":["alterego_mod:Rip","alterego_mod:Collar+1"],"picked":"alterego_mod:1TonWallop+1","floor":25},{"not_picked":["alterego_mod:STier","alterego_mod:BusterCard+1"],"picked":"alterego_mod:Skirt+1","floor":27},{"not_picked":["alterego_mod:DiscoLights","alterego_mod:Cycle"],"picked":"alterego_mod:Bounce+1","floor":28},{"not_picked":["alterego_mod:Belle+1","alterego_mod:1TonWallop+1"],"picked":"alterego_mod:BreastValley+1","floor":31},{"not_picked":["alterego_mod:Valkyrie+1","alterego_mod:Weigh+1"],"picked":"alterego_mod:Venus+1","floor":33},{"not_picked":["alterego_mod:PerceptionDisorder","alterego_mod:SakuraLabyrinth"],"picked":"alterego_mod:1TonWallop+1","floor":35},{"not_picked":["alterego_mod:PurpleHair","alterego_mod:DeftHands+1"],"picked":"alterego_mod:Undulate","floor":36},{"not_picked":["alterego_mod:Skirt+1","alterego_mod:Mirror","alterego_mod:DeftHands+1"],"picked":"SKIP","floor":38},{"not_picked":["alterego_mod:Bloomers+1","alterego_mod:Complex+1","alterego_mod:PresenceConcealment"],"picked":"SKIP","floor":40},{"not_picked":["alterego_mod:Swimsuit+1","alterego_mod:Maid+1","alterego_mod:PerceptionDisorder"],"picked":"SKIP","floor":42},{"not_picked":["alterego_mod:BeGentle","alterego_mod:TrashNCrash"],"picked":"alterego_mod:Nekomimi+1","floor":45},{"not_picked":["alterego_mod:Mirror","alterego_mod:Crossover","alterego_mod:Antipathy"],"picked":"SKIP","floor":46},{"not_picked":["alterego_mod:Skirt+1","alterego_mod:Santa","alterego_mod:1TonWallop+1"],"picked":"SKIP","floor":47}],"player_experience":1184586,"relics_obtained":[{"floor":7,"key":"Toy Ornithopter"},{"floor":9,"key":"Akabeko"},{"floor":10,"key":"Turnip"},{"floor":25,"key":"Molten Egg 2"},{"floor":26,"key":"HornCleat"},{"floor":27,"key":"Vajra"},{"floor":36,"key":"jedi:kaleidoscope"},{"floor":40,"key":"Art of War"},{"floor":43,"key":"War Paint"},{"floor":45,"key":"Mastiff:ReiMu"},{"floor":47,"key":"Bottled Lightning"}],"event_choices":[{"cards_removed":["alterego_mod:Impale"],"damage_healed":0,"gold_gain":0,"player_choice":"Card Removal","damage_taken":7,"max_hp_gain":0,"max_hp_loss":0,"event_name":"Golden Wing","floor":3,"gold_loss":0},{"damage_healed":0,"gold_gain":75,"player_choice":"Gather Gold","damage_taken":11,"max_hp_gain":0,"max_hp_loss":0,"event_name":"World of Goop","floor":14,"gold_loss":0},{"damage_healed":0,"gold_gain":0,"player_choice":"Got Potions","damage_taken":0,"max_hp_gain":0,"max_hp_loss":0,"event_name":"Lab","floor":21,"gold_loss":0},{"damage_healed":0,"gold_gain":0,"player_choice":"Fight","damage_taken":0,"max_hp_gain":0,"max_hp_loss":0,"event_name":"Mysterious Sphere","floor":36,"gold_loss":0},{"damage_healed":25,"gold_gain":0,"player_choice":"Full Heal","damage_taken":0,"max_hp_gain":0,"max_hp_loss":0,"event_name":"Wheel of Change","floor":39,"gold_loss":0},{"damage_healed":0,"gold_gain":0,"player_choice":"Ignored","damage_taken":0,"max_hp_gain":0,"max_hp_loss":0,"event_name":"SecretPortal","floor":48,"gold_loss":0}],"is_beta":false,"boss_relics":[{"not_picked":["Snecko Eye","RedLine:ReiMu"],"picked":"Coffee Dripper"},{"not_picked":["Fusion Hammer","SacredBark"],"picked":"Runic Pyramid"}],"items_purged_floors":[29,37],"is_endless":false,"potions_floor_spawned":[5,7,10,11,18,20,22,31,38,40,42,45],"ascension_level":12}}