{"host":"1a0tas65lso7aoyx","time":1609568315,"event":{"mods":["Arknights The Spire","BaseMod","Hermit","Koishi","Lobotomy","Marisa£¨Ùöéë¡¡Øª×âÞÞ£©","Minty Spire (QoL Compilation)","READ ME - Guardian Mod","StSLib","Td1madao Mod","The Bug Knight","The Cursed","The Dragon Tamer","The Gatherer","The Hierophant","The Runesmith","Uncapped"],"gold_per_floor":[50019,49092,49004,49021,48342,48372,48383,48383,48383,48403,48403,48403,48464,48464,48464,48560,48560,48545,48545,47968,47987,48004,48014,48026,47007,47061,47076,47175,47188,47218,47218,47218],"floor_reached":31,"playtime":2562,"items_purged":["ats:Defend","ats:Strike S","ats:Strike V","ats:Directed Diagnosis"],"score":322,"play_id":"061e3101-4479-4aae-9bc0-0a4f414b733b","local_time":"20210102151835","is_ascension_mode":true,"campfire_choices":[{"data":"ats:Emotion Absorption","floor":8,"key":"SMITH"},{"data":"ats:Counter Healing Mode","floor":12,"key":"SMITH"},{"data":"ats:Composite Medical Shells","floor":15,"key":"SMITH"}],"circlet_count":0,"master_deck":["ats:Strike C","ats:Strike G","ats:Armor Crushing Shot+1","ats:Defend+1","ats:Defend+1","ats:Emotion Absorption+1","ats:Composite Medical Shells+1","ats:Counter Healing Mode+1","ats:Charging Defense+1","ats:Healing Drone","ats:Thorns","Apotheosis","ats:Directed Diagnosis","Purity"],"relics":["ats:Sanity","ats:Ability Aura","Du-Vu Doll","TheAbacus","Ornamental Fan","Runesmith:AutoHammer","ats:Special","ats:Originium","Art of War","Bottled Tornado","War Paint","Sozu","Nloth\u0027s Gift","ats:Arts","Nunchaku","Bag of Preparation","Ice Cream","Bag of Marbles","Omamori","Dream Catcher"],"acts_visited":["Exordium","TheCity"],"potions_floor_usage":[2,6,6,6,6,6,13,13,16],"damage_taken":[{"damage":7,"enemies":"2 Louse","floor":1,"turns":3},{"damage":0,"enemies":"Cultist","floor":4,"turns":3},{"damage":7,"enemies":"Lagavulin","floor":6,"turns":7},{"damage":1,"enemies":"Jaw Worm","floor":7,"turns":6},{"damage":2,"enemies":"Blue Slaver","floor":10,"turns":5},{"damage":0,"enemies":"Gremlin Nob","floor":13,"turns":6},{"damage":0,"enemies":"Slime Boss","floor":16,"turns":20},{"damage":8,"enemies":"2 Thieves","floor":18,"turns":4},{"damage":0,"enemies":"Shell Parasite","floor":21,"turns":8},{"damage":18,"enemies":"Snecko","floor":22,"turns":11},{"damage":0,"enemies":"Sentry and Sphere","floor":23,"turns":15},{"damage":3,"enemies":"3 Cultists","floor":24,"turns":9},{"damage":26,"enemies":"Centurion and Healer","floor":27,"turns":7},{"damage":35,"enemies":"Shelled Parasite and Fungi","floor":29,"turns":8},{"damage":80,"enemies":"Book of Stabbing","floor":30,"turns":8},{"damage":25,"enemies":"Colosseum Slavers","floor":31,"turns":1}],"seed_played":"8687329280272074022","potions_obtained":[{"floor":1,"key":"CultistPotion"},{"floor":7,"key":"Energy Potion"},{"floor":13,"key":"Fire Potion"}],"is_trial":false,"path_per_floor":["M","$","?","M","$","E","M","R","T","M","?","R","?","?","R","B",null,"M","?","$","M","M","M","M","$","T","M","?","M","E","?"],"character_chosen":"DOCTOR_CLASS","items_purchased":["ats:Ability Aura","Du-Vu Doll","TheAbacus","Fruit Juice","EntropicBrew","PowerPotion","Strawberry","Runesmith:AutoHammer","ats:Special","ats:Counter Healing Mode","Fire Potion","ats:Arts","Nunchaku","Bag of Preparation","Ice Cream","Bag of Marbles","ats:Thorns","Apotheosis","ats:Directed Diagnosis","Purity"],"campfire_rested":0,"item_purchase_floors":[2,2,2,2,2,2,5,5,5,5,5,20,20,20,25,25,25,25,25,25],"current_hp_per_floor":[65,70,70,70,77,84,83,83,83,81,64,64,64,64,64,64,84,76,76,76,76,68,74,73,73,73,79,79,74,18,0,0],"gold":47218,"neow_bonus":"HUNDRED_GOLD","is_daily":false,"chose_seed":false,"campfire_upgraded":3,"win_rate":0.0,"timestamp":1609568315,"path_taken":["M","$","?","M","$","E","?","R","T","M","?","R","?","?","R","BOSS","M","?","$","?","M","M","M","$","T","?","?","M","E","?"],"items_purchased_type":["Relic","Relic","Relic","Potion","Potion","Potion","Relic","Relic","Relic","Card","Potion","Relic","Relic","Relic","Relic","Relic","Card","Card","Card","Card"],"build_version":"2020-12-22","purchased_purges":4,"victory":false,"max_hp_per_floor":[72,77,77,77,84,84,84,84,84,84,84,84,84,84,84,84,84,84,84,84,84,84,84,84,84,84,84,84,84,84,84,84],"card_choices":[{"not_picked":["ats:Sword Rain","ats:Hammer On","ats:Steam Pump"],"picked":"SKIP","floor":1},{"not_picked":["ats:Part Time Job","ats:Hammer On"],"picked":"ats:Composite Medical Shells","floor":4},{"not_picked":["ats:Automatic Cover","ats:Cat Scratch"],"picked":"ats:Charging Defense","floor":6},{"not_picked":["ats:Soul Absorption","ats:Guardian Obelisk","ats:Support Order"],"picked":"SKIP","floor":7},{"not_picked":["ats:Steam Pump","ats:Leaping Hammer","ats:Consecutive Shot Auto"],"picked":"SKIP","floor":10},{"not_picked":["ats:Neurotoxin","ats:Consecutive Shot Auto","ats:Cat Scratch+1"],"picked":"SKIP","floor":18},{"not_picked":["ats:Leaping Hammer","ats:Flame Of Heaven+1"],"picked":"ats:Directed Diagnosis","floor":21},{"not_picked":["ats:Hammer On","ats:Rapid Magazine","ats:Explosion Area Strengthen+1"],"picked":"SKIP","floor":22},{"not_picked":["ats:Nebulous Foxfire","ats:Curse Doll+1","ats:Very Hot Blade"],"picked":"SKIP","floor":23},{"not_picked":["ats:Explosion Area Strengthen","ats:Ignite"],"picked":"ats:Healing Drone","floor":24},{"not_picked":["ats:Counter Healing Mode","ats:Poison Spread","ats:Soul Rend"],"picked":"SKIP","floor":27},{"not_picked":["ats:Very Hot Blade","ats:Curse Doll","ats:Cat Scratch"],"picked":"SKIP","floor":29},{"not_picked":["ats:Childhood Dance","ats:Closed Bolt Burst Fire","ats:Powerful Strike+1"],"picked":"SKIP","floor":30}],"player_experience":674917,"relics_obtained":[{"floor":6,"key":"ats:Originium"},{"floor":6,"key":"Art of War"},{"floor":9,"key":"Bottled Tornado"},{"floor":13,"key":"War Paint"},{"floor":26,"key":"Omamori"},{"floor":30,"key":"ats:Originium"},{"floor":30,"key":"Dream Catcher"}],"event_choices":[{"damage_healed":0,"gold_gain":0,"player_choice":"Paid Gold","damage_taken":0,"relics_obtained":["Ornamental Fan"],"max_hp_gain":0,"max_hp_loss":0,"event_name":"WeMeetAgain","floor":3,"gold_loss":88},{"damage_healed":0,"gold_gain":0,"player_choice":"Entered Light","damage_taken":17,"max_hp_gain":0,"max_hp_loss":0,"event_name":"Shining Light","floor":11,"gold_loss":0,"cards_upgraded":["ats:Armor Crushing Shot","ats:Charging Defense"]},{"damage_healed":0,"gold_gain":30,"player_choice":"Searched \u00272\u0027 times","damage_taken":0,"max_hp_gain":0,"max_hp_loss":0,"event_name":"Dead Adventurer","floor":13,"gold_loss":0},{"cards_removed":["ats:Defend"],"damage_healed":0,"gold_gain":0,"player_choice":"Forget","damage_taken":0,"max_hp_gain":0,"max_hp_loss":0,"event_name":"Living Wall","floor":14,"gold_loss":0},{"damage_healed":0,"gold_gain":0,"player_choice":"Traded Relic","damage_taken":0,"relics_obtained":["Nloth\u0027s Gift"],"max_hp_gain":0,"max_hp_loss":0,"event_name":"N\u0027loth","floor":19,"relics_lost":["Strawberry"],"gold_loss":0},{"damage_healed":0,"gold_gain":99,"player_choice":"Stole From Cult","damage_taken":0,"max_hp_gain":0,"max_hp_loss":0,"event_name":"Nest","floor":28,"gold_loss":0},{"damage_healed":0,"gold_gain":0,"player_choice":"Fight","damage_taken":0,"max_hp_gain":0,"max_hp_loss":0,"event_name":"Colosseum","floor":31,"gold_loss":0}],"is_beta":false,"boss_relics":[{"not_picked":["Astrolabe","Runesmith:UraniumAnvil"],"picked":"Sozu"}],"items_purged_floors":[2,5,20,25],"is_endless":false,"potions_floor_spawned":[1,4,7,13,21,23,29],"killed_by":"Colosseum Slavers","ascension_level":1}}