{"host":"qrec1pgksm53712r","time":1609562551,"event":{"mods":["Act Like it!","Aspiration","BaseMod","CapriCore","Clawfect","Conjunction","Eldritch Tears","Energized Spire","Hubris","Hyrulean Relics","Minty Spire (QoL Compilation)","StSLib","The Marked","????"],"gold_per_floor":[111,111,111,36,48,76,96,96,96,96,113,113,39,50,50,150,150,169,179,66,66,66,66,83,109,155,155,188,198,218,26,26,128,128,140,140,140,52,67,67,85,85,110,110,110],"floor_reached":44,"playtime":1334,"items_purged":["theMarked:Strike","Bite","theMarked:Opportunist"],"score":471,"play_id":"bc43f7d6-3ddc-4cee-bfec-9bd4dcfbdc7e","local_time":"20210101224231","is_ascension_mode":false,"campfire_choices":[{"floor":10,"key":"REST"},{"floor":12,"key":"REST"},{"data":"theMarked:ParalyzingBlade","floor":15,"key":"SMITH"},{"data":"theMarked:ComboAttacks","floor":23,"key":"SMITH"},{"floor":27,"key":"REST"},{"floor":32,"key":"REST"},{"data":"theMarked:AttractMetal","floor":40,"key":"SMITH"},{"data":"theMarked:BanishingWave","floor":42,"key":"SMITH"}],"circlet_count":0,"master_deck":["Madness+1","theMarked:SoldierOfQuellstein+1","theMarked:Seal+1","theMarked:ElectricStrings","theMarked:ParalyzingBlade+1","theMarked:EmpowerWeapon","theMarked:BindingBlade","theMarked:BanishingWave+1","theMarked:ComboAttacks+1","theMarked:BanishingStrike","Bite","Bite","Bite","Bite","theMarked:TwofoldDefense+1","theMarked:SummonStrength","theMarked:ThrowWeapon","theMarked:Opportunist","theMarked:Abjuration","theMarked:AttractMetal+1","theMarked:Frustration","theMarked:RogueSparks"],"relics":["theMarked:BronzeBlade","hubris:MedicalManual","Mercury Hourglass","PlaceholderMod:SoulofChaos","Smiling Mask","theMarked:NailFile","Pandora\u0027s Box"],"acts_visited":["Exordium","TheCity","TheBeyond"],"potions_floor_usage":[7,28,33,33,33,44],"damage_taken":[{"damage":1,"enemies":"Jaw Worm","floor":1,"turns":4},{"damage":8,"enemies":"Small Slimes","floor":5,"turns":5},{"damage":59,"enemies":"Gremlin Nob","floor":6,"turns":6},{"damage":1,"enemies":"Cultist","floor":7,"turns":4},{"damage":12,"enemies":"Large Slime","floor":11,"turns":4},{"damage":12,"enemies":"Exordium Thugs","floor":14,"turns":3},{"damage":21,"enemies":"The Guardian","floor":16,"turns":8},{"damage":24,"enemies":"3 Byrds","floor":18,"turns":4},{"damage":5,"enemies":"Chosen","floor":19,"turns":3},{"damage":22,"enemies":"Shelled Parasite and Fungi","floor":24,"turns":4},{"damage":30,"enemies":"Book of Stabbing","floor":25,"turns":4},{"damage":22,"enemies":"Gremlin Leader","floor":28,"turns":5},{"damage":0,"enemies":"Centurion and Healer","floor":29,"turns":3},{"damage":20,"enemies":"Chosen and Byrds","floor":30,"turns":4},{"damage":43,"enemies":"hubris:MusketHawk","floor":33,"turns":8},{"damage":13,"enemies":"3 Shapes","floor":35,"turns":3},{"damage":18,"enemies":"Orb Walker","floor":39,"turns":3},{"damage":28,"enemies":"Jaw Worm Horde","floor":41,"turns":4},{"damage":35,"enemies":"Reptomancer","floor":44,"turns":2}],"seed_played":"-3315493971084541227","potions_obtained":[{"floor":6,"key":"Energy Potion"},{"floor":7,"key":"Fruit Juice"},{"floor":8,"key":"ColorlessPotion"},{"floor":8,"key":"Explosive Potion"},{"floor":16,"key":"DuplicationPotion"},{"floor":24,"key":"PlaceholderMod:PlaceholderPotion"},{"floor":28,"key":"Energy Potion"},{"floor":30,"key":"SkillPotion"},{"floor":35,"key":"Conjunction:LightningMarble"}],"is_trial":false,"path_per_floor":["M","?","?","$","M","E","M","?","T","R","M","R","$","M","R","B",null,"M","M","$","?","$","R","M","E","T","R","E","M","M","$","R","B",null,"M","?","?","$","M","R","M","R","T","E"],"character_chosen":"THE_DEFAULT","items_purchased":["theMarked:ParalyzingBlade","theMarked:ComboAttacks","theMarked:BanishingStrike","theMarked:SummonStrength","theMarked:RogueSparks"],"campfire_rested":4,"item_purchase_floors":[13,20,20,31,38],"current_hp_per_floor":[76,76,76,76,68,9,13,13,13,37,25,49,49,37,37,16,82,58,53,53,53,53,53,37,17,17,34,20,38,26,26,43,18,57,51,54,63,63,52,52,30,30,30,0,0],"gold":110,"neow_bonus":"TEN_PERCENT_HP_BONUS","is_daily":false,"chose_seed":false,"campfire_upgraded":4,"win_rate":0.0,"timestamp":1609562551,"path_taken":["M","?","?","$","M","E","?","?","T","R","M","R","$","M","R","BOSS","M","M","$","?","$","R","M","E","T","R","E","M","M","$","R","BOSS","M","?","?","$","M","R","M","R","T","E"],"items_purchased_type":["Card","Card","Card","Card","Card"],"build_version":"2020-12-22","purchased_purges":3,"victory":false,"max_hp_per_floor":[77,77,77,77,77,77,82,82,82,82,82,82,82,82,82,82,82,82,82,82,57,57,57,57,57,57,57,57,57,57,57,57,57,57,57,60,63,63,63,63,63,63,63,63,63],"card_choices":[{"not_picked":["theMarked:Aftermath","theMarked:Static"],"picked":"theMarked:Seal","floor":1},{"not_picked":["theMarked:HeightenedSenses","theMarked:WardOff"],"picked":"theMarked:ElectricStrings","floor":5},{"not_picked":["theMarked:KeepCalmAndFightOn","theMarked:MaelstromOfLightning","theMarked:ShockingTouch"],"picked":"SKIP","floor":6},{"not_picked":["theMarked:Panic","theMarked:ChainLightning","theMarked:ResourceFulStrike"],"picked":"SKIP","floor":7},{"not_picked":["theMarked:ChainLightning","theMarked:ElectricStrings","theMarked:MaelstromOfLightning"],"picked":"SKIP","floor":11},{"not_picked":["theMarked:ElectricStrings","theMarked:ShockingTouch"],"picked":"theMarked:EmpowerWeapon","floor":14},{"not_picked":["theMarked:MagicAdept","theMarked:FavorableWinds"],"picked":"theMarked:BindingBlade","floor":16},{"not_picked":["theMarked:Improvise","theMarked:Frustration"],"picked":"theMarked:BanishingWave","floor":18},{"not_picked":["theMarked:EmpowerWeapon+1","theMarked:ParalyzingBlade"],"picked":"theMarked:Opportunist","floor":19},{"not_picked":["theMarked:ChainLightning+1","theMarked:Convert","theMarked:StartUp+1"],"picked":"SKIP","floor":24},{"not_picked":["theMarked:SwordAndMagic","theMarked:Parkour"],"picked":"theMarked:TwofoldDefense+1","floor":25},{"not_picked":["theMarked:ElectricStrings","theMarked:EmpowerWeapon","theMarked:Opportunist"],"picked":"SKIP","floor":28},{"not_picked":["theMarked:Parkour","theMarked:SelfDefenseTraining+1","theMarked:Convert"],"picked":"SKIP","floor":29},{"not_picked":["theMarked:ResourceFulStrike","theMarked:Frustration","theMarked:TunnelVision"],"picked":"SKIP","floor":30},{"not_picked":["theMarked:DispelDoubt","theMarked:TurnInvisible"],"picked":"theMarked:ThrowWeapon","floor":33},{"not_picked":["theMarked:Improvise","theMarked:Opportunist+1","theMarked:SelfDefenseTraining+1"],"picked":"SKIP","floor":35},{"not_picked":["theMarked:ElectricStrings","theMarked:RogueSparks+1","theMarked:WastefulAttack+1"],"picked":"SKIP","floor":39},{"not_picked":["theMarked:DeterminationOfTheMarked","theMarked:TwofoldDefense+1","theMarked:TunnelVision+1"],"picked":"SKIP","floor":41}],"player_experience":186686,"relics_obtained":[{"floor":6,"key":"hubris:MedicalManual"},{"floor":9,"key":"Mercury Hourglass"},{"floor":25,"key":"PlaceholderMod:SoulofChaos"},{"floor":26,"key":"Smiling Mask"},{"floor":28,"key":"theMarked:NailFile"}],"event_choices":[{"damage_healed":0,"gold_gain":0,"player_choice":"Forge","damage_taken":0,"max_hp_gain":0,"max_hp_loss":0,"event_name":"Accursed Blacksmith","floor":3,"gold_loss":0,"cards_upgraded":["theMarked:Seal"]},{"damage_healed":0,"gold_gain":0,"player_choice":"Got Potions","damage_taken":0,"max_hp_gain":0,"max_hp_loss":0,"event_name":"Lab","floor":8,"gold_loss":0},{"damage_healed":0,"gold_gain":0,"player_choice":"Became a vampire","damage_taken":0,"max_hp_gain":0,"max_hp_loss":25,"event_name":"Vampires","floor":21,"gold_loss":0,"cards_obtained":["Bite","Bite","Bite","Bite","Bite"]},{"damage_healed":0,"gold_gain":0,"player_choice":"Memory 1","damage_taken":0,"max_hp_gain":0,"max_hp_loss":0,"event_name":"SensoryStone","floor":36,"gold_loss":0}],"is_beta":false,"boss_relics":[{"not_picked":["Velvet Choker","Cursed Key"],"picked":"theMarked:BronzeBlade"},{"not_picked":["Philosopher\u0027s Stone","Fusion Hammer"],"picked":"Pandora\u0027s Box"}],"items_purged_floors":[4,31,38],"is_endless":false,"potions_floor_spawned":[6,7,11,16,24,28,30,35],"killed_by":"Reptomancer","ascension_level":0}}