{"host":"tr12w2fixbnujl15","time":1609616812,"event":{"mods":["2.2 Compatiblity","BaseMod","Better Skull","BetterRewards","Colored Powertips","Hubris","Infinite Spire","Minty Spire (QoL Compilation)","Quick Restart","Replay The Spire","Shop Mod","StSLib","SuperFastMode","The Necromancer","The Sage","The Senshi","The Servant 0.9.4","The Spell Scribe","TheFirefly","WarShipGirlsR/????R mod"],"gold_per_floor":[112,55,70,70,80,80,94,94,120,120,120,131,131,131,150,165,165,265,265,276,276,276,295,306,322,322,342,365,376,148,166,177,177,177],"floor_reached":33,"playtime":996,"items_purged":[],"score":245,"play_id":"fc437d4a-54e1-4068-a4bd-acf000811802","local_time":"20210102144652","is_ascension_mode":false,"campfire_choices":[{"data":"Storm","floor":6,"key":"SMITH"},{"floor":8,"key":"REST"},{"floor":14,"key":"REST"},{"floor":17,"key":"REST"},{"floor":26,"key":"REST"}],"circlet_count":0,"master_deck":["Strike_B","Strike_B","Strike_B","Defend_B","Defend_B","Defend_B","Defend_B","Zap","Dualcast","Cold Snap","Storm+1","Storm","ReplayRNGCard","Fusion","Tempest","Sweeping Beam","Compile Driver","Streamline","Thunder Strike","Compile Driver","Storm+1","Glacier","Static Discharge+1","Creative AI","Crystallizer+1","Time Bomb","Capacitor","Beam Cell+1","Static Discharge"],"relics":["Cracked Core","NeowsBlessing","Anchor","hubris:RunicObelisk","hubris:Icosahedron","ReplayFunnel","hubris:BallOfYels"],"acts_visited":["Exordium","TheCity"],"potions_floor_usage":[25,27,29,32],"damage_taken":[{"damage":0,"enemies":"Cultist","floor":1,"turns":1},{"damage":0,"enemies":"Small Slimes","floor":3,"turns":1},{"damage":0,"enemies":"2 Louse","floor":5,"turns":1},{"damage":32,"enemies":"Lots of Slimes","floor":7,"turns":4},{"damage":22,"enemies":"Exordium Thugs","floor":12,"turns":4},{"damage":9,"enemies":"Large Slime","floor":15,"turns":7},{"damage":18,"enemies":"Lots of Slimes","floor":16,"turns":3},{"damage":60,"enemies":"Fading Forest","floor":18,"turns":11},{"damage":19,"enemies":"Chosen","floor":20,"turns":5},{"damage":17,"enemies":"Shell Parasite","floor":23,"turns":5},{"damage":20,"enemies":"Centurion and Healer","floor":24,"turns":6},{"damage":10,"enemies":"Snecko","floor":25,"turns":4},{"damage":0,"enemies":"Shelled Parasite and Fungi","floor":27,"turns":4},{"damage":11,"enemies":"Snake Plant","floor":29,"turns":2},{"damage":8,"enemies":"Snecko","floor":31,"turns":3},{"damage":6,"enemies":"Chosen and Byrds","floor":32,"turns":3},{"damage":10,"enemies":"Sentry and Sphere","floor":33,"turns":2}],"seed_played":"141221393721244593","potions_obtained":[{"floor":3,"key":"Dexterity Potion"},{"floor":12,"key":"Milkshake"},{"floor":18,"key":"Swift Potion"},{"floor":23,"key":"BlessingOfTheForge"},{"floor":25,"key":"LiquidBronze"},{"floor":31,"key":"DuplicationPotion"},{"floor":32,"key":"Fire Potion"}],"is_trial":false,"path_per_floor":["M","$","M","$","M","R","M","R","T","PTL","PTL","M","?","R","M","M","R","B",null,"M","?","?","M","M","M","R","M","T","M","$","M","M","M"],"character_chosen":"DEFECT","items_purchased":["Storm","hubris:BallOfYels","Capacitor"],"campfire_rested":4,"item_purchase_floors":[2,30,30],"current_hp_per_floor":[75,75,75,75,75,75,43,65,65,65,65,43,43,65,56,38,60,18,75,56,56,56,39,19,9,31,31,31,20,20,12,6,0,0],"gold":177,"neow_bonus":"THREE_ENEMY_KILL","is_daily":false,"chose_seed":false,"campfire_upgraded":1,"win_rate":0.0,"timestamp":1609616812,"path_taken":["M","?","M","$","M","R","?","R","T","PTL","PTL","M","?","R","?","M","R","BOSS","M","?","?","M","M","M","R","M","T","?","?","M","M","M"],"items_purchased_type":["Card","Relic","Card"],"build_version":"2020-12-22","purchased_purges":0,"victory":false,"max_hp_per_floor":[75,75,75,75,75,75,75,75,75,75,75,75,75,75,75,75,75,75,75,75,75,75,75,75,75,75,75,75,75,75,75,75,75,75],"card_choices":[{"not_picked":["Streamline","Panic Button"],"picked":"Cold Snap","floor":1},{"not_picked":["ReplayTheSpireMod:GoodbyeWorld","Ball Lightning"],"picked":"ReplayRNGCard","floor":3},{"not_picked":["Cold Snap","Stack"],"picked":"Fusion","floor":5},{"not_picked":["Redo","Beam Cell"],"picked":"Tempest","floor":7},{"not_picked":["Panic Button","Redo"],"picked":"Sweeping Beam","floor":12},{"not_picked":["Amplify","ReplayGash"],"picked":"Compile Driver","floor":15},{"not_picked":["Blizzard","ReplayTheSpireMod:Reroute Power"],"picked":"Streamline","floor":16},{"not_picked":["Biased Cognition","Reboot"],"picked":"Thunder Strike","floor":18},{"not_picked":["Streamline","Time Bomb"],"picked":"Compile Driver","floor":20},{"not_picked":["Compile Driver+1","Panic Button"],"picked":"Glacier","floor":23},{"not_picked":["Panic Button","Cold Snap"],"picked":"Static Discharge+1","floor":24},{"not_picked":["Barrage+1","Compile Driver+1"],"picked":"Creative AI","floor":25},{"not_picked":["Redo","ReplayTheSpireMod:Calculation Training"],"picked":"Crystallizer+1","floor":27},{"not_picked":["Stack+1","Panic Button"],"picked":"Time Bomb","floor":29},{"not_picked":["Hologram","Sweeping Beam+1"],"picked":"Beam Cell+1","floor":31},{"not_picked":["Steam","Redo"],"picked":"Static Discharge","floor":32}],"player_experience":20956,"relics_obtained":[{"floor":9,"key":"Anchor"},{"floor":28,"key":"ReplayFunnel"}],"event_choices":[{"cards_removed":["Strike_B"],"damage_healed":0,"gold_gain":0,"player_choice":"Purged","damage_taken":0,"max_hp_gain":0,"max_hp_loss":0,"event_name":"Purifier","floor":13,"gold_loss":0},{"damage_healed":0,"gold_gain":0,"player_choice":"Copied","damage_taken":0,"max_hp_gain":0,"max_hp_loss":0,"event_name":"Duplicator","floor":22,"gold_loss":0,"cards_obtained":["Storm"]}],"is_beta":false,"boss_relics":[{"not_picked":["hubris:GrandSneckoEye","Fusion Hammer"],"picked":"hubris:RunicObelisk"}],"items_purged_floors":[],"is_endless":false,"potions_floor_spawned":[3,12,18,23,25,31,32],"killed_by":"Sentry and Sphere","ascension_level":0}}