{"host":"Timothy","time":1609608163,"event":{"mods":["AchievementEnabler","BaseMod","Bestiary","Highlight Path","Minty Spire (QoL Compilation)","Quick Restart","Slay-I"],"gold_per_floor":[119,119,194,209,66,98,98,115,115,115,131,189,205,60,60,164,164,180,280,9,22,34,34,49,49,49,64,89,89,103,103,103,206,206,220,235,16,33,33,59,59,92,92,107,107,126,160,170,170,170,170,170,25,54,54],"floor_reached":56,"playtime":3933,"items_purged":["Strike_G","Strike_G","Strike_G+1","Writhe"],"score":1259,"play_id":"c5ff45f3-2dda-4637-91d5-5e3871fc0a60","local_time":"20210102092243","is_ascension_mode":false,"campfire_choices":[{"floor":10.0,"key":"REST"},{"data":"Noxious Fumes","floor":15.0,"key":"SMITH"},{"data":"Footwork","floor":23.0,"key":"SMITH"},{"data":"Noxious Fumes","floor":25.0,"key":"SMITH"},{"data":"Catalyst","floor":32.0,"key":"SMITH"},{"data":"Neutralize","floor":41.0,"key":"SMITH"},{"floor":49.0,"key":"RECALL"},{"data":"Flechettes","floor":52.0,"key":"SMITH"}],"circlet_count":0,"master_deck":["Strike_G+1","Defend_G+1","Defend_G+1","Defend_G+1","Defend_G+1","Defend_G+1","Survivor","Neutralize+1","Poisoned Stab","Footwork+1","Heel Hook","Backflip","Catalyst+1","Dash","Noxious Fumes+1","After Image","Noxious Fumes+1","Blur","Backflip","After Image","Dark Shackles","Dodge and Roll+1","Flechettes+1","Catalyst","Tools of the Trade"],"relics":["Cursed Key","Blue Candle","Toy Ornithopter","Lee\u0027s Waffle","Velvet Choker","Membership Card","Bronze Scales","Coffee Dripper","Bird Faced Urn","Blood Vial","Orichalcum","Mummified Hand","Ginger"],"acts_visited":["Exordium","TheCity","TheBeyond","TheEnding"],"potions_floor_usage":[55,55],"damage_taken":[{"damage":3.0,"enemies":"Jaw Worm","floor":1.0,"turns":4.0},{"damage":0.0,"enemies":"Small Slimes","floor":4.0,"turns":4.0},{"damage":37.0,"enemies":"3 Sentries","floor":6.0,"turns":13.0},{"damage":0.0,"enemies":"Cultist","floor":8.0,"turns":4.0},{"damage":4.0,"enemies":"Gremlin Gang","floor":11.0,"turns":5.0},{"damage":3.0,"enemies":"Lagavulin Event","floor":12.0,"turns":8.0},{"damage":0.0,"enemies":"3 Louse","floor":13.0,"turns":3.0},{"damage":35.0,"enemies":"Hexaghost","floor":16.0,"turns":9.0},{"damage":12.0,"enemies":"3 Byrds","floor":18.0,"turns":5.0},{"damage":22.0,"enemies":"Chosen","floor":21.0,"turns":7.0},{"damage":3.0,"enemies":"Snake Plant","floor":22.0,"turns":5.0},{"damage":0.0,"enemies":"Chosen and Byrds","floor":24.0,"turns":6.0},{"damage":0.0,"enemies":"Cultist and Chosen","floor":27.0,"turns":6.0},{"damage":33.0,"enemies":"Slavers","floor":28.0,"turns":5.0},{"damage":0.0,"enemies":"3 Cultists","floor":30.0,"turns":6.0},{"damage":21.0,"enemies":"Automaton","floor":33.0,"turns":10.0},{"damage":25.0,"enemies":"3 Darklings","floor":35.0,"turns":5.0},{"damage":20.0,"enemies":"Orb Walker","floor":36.0,"turns":5.0},{"damage":2.0,"enemies":"Sphere and 2 Shapes","floor":38.0,"turns":5.0},{"damage":6.0,"enemies":"Nemesis","floor":40.0,"turns":7.0},{"damage":0.0,"enemies":"Giant Head","floor":42.0,"turns":10.0},{"damage":11.0,"enemies":"4 Shapes","floor":44.0,"turns":5.0},{"damage":0.0,"enemies":"3 Darklings","floor":46.0,"turns":5.0},{"damage":11.0,"enemies":"Reptomancer","floor":47.0,"turns":6.0},{"damage":5.0,"enemies":"Transient","floor":48.0,"turns":5.0},{"damage":61.0,"enemies":"Donu and Deca","floor":50.0,"turns":13.0},{"damage":29.0,"enemies":"Shield and Spear","floor":54.0,"turns":7.0},{"damage":33,"enemies":"The Heart","floor":55,"turns":11}],"seed_played":"6285514269218809963","potions_obtained":[{"floor":6.0,"key":"DistilledChaos"},{"floor":11.0,"key":"Ancient Potion"},{"floor":12.0,"key":"EssenceOfSteel"},{"floor":16.0,"key":"DuplicationPotion"},{"floor":18.0,"key":"AttackPotion"},{"floor":27.0,"key":"Regen Potion"},{"floor":28.0,"key":"SteroidPotion"},{"floor":36.0,"key":"LiquidMemories"},{"floor":44.0,"key":"Explosive Potion"},{"floor":47.0,"key":"GhostInAJar"},{"floor":48.0,"key":"Fruit Juice"}],"is_trial":false,"path_per_floor":["M","?","?","M","$","E","T","M","T","R","M","?","M","$","R","B",null,"M","?","$","M","M","R","M","R","T","M","E","?","M","?","R","B",null,"M","M","$","M","?","E","R","E","T","M","?","M","E","M","R","B",null,"R","$","E","B",null],"character_chosen":"THE_SILENT","items_purchased":["Footwork","Lee\u0027s Waffle","Membership Card","Noxious Fumes","Blur","Bird Faced Urn","Tools of the Trade"],"campfire_rested":1,"item_purchase_floors":[5,14,20,20,20,37,53],"current_hp_per_floor":[67,53,42,42,42,5,5,5,5,26,22,19,19,77,77,42,77,65,65,65,43,40,40,40,40,40,40,37,23,23,23,23,2,82,57,37,37,43,43,47,47,59,59,60,60,72,73,87,87,32,87,87,87,66,57],"gold":54,"neow_bonus":"BOSS_RELIC","is_daily":false,"chose_seed":false,"campfire_upgraded":6,"win_rate":0.0,"timestamp":1609608163,"path_taken":["M","?","?","M","$","E","?","?","T","R","?","?","M","$","R","BOSS","M","?","$","?","M","R","M","R","T","M","E","?","M","?","R","BOSS","M","M","$","M","?","E","R","E","T","M","?","M","E","M","R","BOSS","R","$","E","BOSS"],"items_purchased_type":["Card","Relic","Relic","Card","Card","Relic","Card"],"build_version":"2020-12-18","purchased_purges":4,"victory":true,"max_hp_per_floor":[70,70,70,70,70,70,70,70,70,70,70,70,70,77,77,77,77,77,77,77,77,77,77,77,77,77,77,77,82,82,82,82,82,82,82,82,82,82,82,82,82,82,82,82,82,82,82,87,87,87,87,87,87,87,87],"card_choices":[{"not_picked":["Dagger Spray","Dagger Throw"],"picked":"Poisoned Stab","floor":1.0},{"not_picked":["Deadly Poison","Acrobatics","Bane"],"picked":"SKIP","floor":4.0},{"not_picked":["Bane","Flying Knee"],"picked":"Heel Hook","floor":6.0},{"not_picked":["Underhanded Strike","Terror"],"picked":"Backflip","floor":8.0},{"not_picked":["Slice","Quick Slash"],"picked":"Catalyst","floor":11.0},{"not_picked":["Underhanded Strike","Die Die Die"],"picked":"Dash","floor":12.0},{"not_picked":["Terror","Deadly Poison"],"picked":"Noxious Fumes","floor":13.0},{"not_picked":["Burst","Corpse Explosion"],"picked":"After Image","floor":16.0},{"not_picked":["Deadly Poison","Concentrate","Distraction+1"],"picked":"SKIP","floor":18.0},{"not_picked":["Skewer","Blade Dance","Infinite Blades"],"picked":"SKIP","floor":21.0},{"not_picked":["PiercingWail","Cloak And Dagger"],"picked":"Backflip","floor":22.0},{"not_picked":["Outmaneuver","Deflect+1","Acrobatics"],"picked":"SKIP","floor":24.0},{"not_picked":["Sucker Punch","Flying Knee","Dodge and Roll"],"picked":"SKIP","floor":27.0},{"not_picked":["Bullet Time","Tactician+1","Backstab"],"picked":"SKIP","floor":28.0},{"not_picked":["Quick Slash","Blade Dance","Skewer"],"picked":"SKIP","floor":30.0},{"not_picked":["Adrenaline","Envenom"],"picked":"After Image","floor":33.0},{"not_picked":["Poisoned Stab+1","Underhanded Strike+1","Blade Dance+1"],"picked":"SKIP","floor":35.0},{"not_picked":["Expertise","Acrobatics+1","Choke+1"],"picked":"SKIP","floor":36.0},{"not_picked":["Underhanded Strike","Dagger Spray","Flechettes"],"picked":"SKIP","floor":38.0},{"not_picked":["Mind Blast","Violence"],"picked":"Dark Shackles","floor":39.0},{"not_picked":["Deadly Poison","Cloak And Dagger+1","Eviscerate+1"],"picked":"SKIP","floor":40.0},{"not_picked":["Dagger Throw+1","Underhanded Strike"],"picked":"Dodge and Roll+1","floor":42.0},{"not_picked":["Blade Dance","Underhanded Strike+1","Concentrate"],"picked":"SKIP","floor":44.0},{"not_picked":["Bouncing Flask","Choke+1"],"picked":"Catalyst","floor":46.0},{"not_picked":["Terror","Dagger Throw","Reflex"],"picked":"SKIP","floor":47.0},{"not_picked":["Well Laid Plans","Flying Knee","Dagger Throw"],"picked":"SKIP","floor":48.0},{"not_picked":["Flying Knee","Slice+1","Dagger Throw"],"picked":"SKIP","floor":54.0}],"player_experience":711314,"relics_obtained":[{"floor":6.0,"key":"Blue Candle"},{"floor":12.0,"key":"Toy Ornithopter"},{"floor":28.0,"key":"Bronze Scales"},{"floor":40.0,"key":"Blood Vial"},{"floor":42.0,"key":"Orichalcum"},{"floor":47.0,"key":"Mummified Hand"},{"floor":54.0,"key":"Ginger"}],"event_choices":[{"damage_healed":0.0,"max_hp_gain":0.0,"max_hp_loss":0.0,"gold_gain":0.0,"event_name":"Shining Light","player_choice":"Entered Light","floor":2.0,"gold_loss":0.0,"damage_taken":14.0,"cards_upgraded":["Strike_G","Defend_G"]},{"damage_healed":0.0,"max_hp_gain":0.0,"max_hp_loss":0.0,"gold_gain":75.0,"event_name":"World of Goop","player_choice":"Gather Gold","floor":3.0,"gold_loss":0.0,"damage_taken":11.0},{"damage_healed":0.0,"max_hp_gain":0.0,"max_hp_loss":0.0,"gold_gain":30.0,"event_name":"Dead Adventurer","player_choice":"Searched \u00272\u0027 times","floor":12.0,"gold_loss":0.0,"damage_taken":0.0},{"damage_healed":0.0,"max_hp_gain":0.0,"max_hp_loss":0.0,"gold_gain":100.0,"event_name":"Golden Shrine","player_choice":"Pray","floor":19.0,"gold_loss":0.0,"damage_taken":0.0},{"damage_healed":0.0,"max_hp_gain":5.0,"max_hp_loss":0.0,"gold_gain":0.0,"event_name":"Forgotten Altar","player_choice":"Shed Blood","floor":29.0,"gold_loss":0.0,"damage_taken":19.0},{"damage_healed":0.0,"max_hp_gain":0.0,"max_hp_loss":0.0,"gold_gain":0.0,"event_name":"Back to Basics","player_choice":"Simplicity","floor":31.0,"gold_loss":0.0,"damage_taken":0.0,"cards_upgraded":["Strike_G","Strike_G","Defend_G","Defend_G","Defend_G","Defend_G"]},{"damage_healed":0.0,"max_hp_gain":0.0,"max_hp_loss":0.0,"gold_gain":0.0,"event_name":"SensoryStone","player_choice":"Memory 1","floor":39.0,"gold_loss":0.0,"damage_taken":0.0},{"damage_healed":0.0,"max_hp_gain":0.0,"max_hp_loss":0.0,"gold_gain":0.0,"cards_transformed":["Strike_G"],"event_name":"Transmorgrifier","player_choice":"Transformed","floor":45.0,"gold_loss":0.0,"damage_taken":0.0,"cards_obtained":["Flechettes"]}],"is_beta":true,"boss_relics":[{"not_picked":["HoveringKite","Astrolabe"],"picked":"Velvet Choker"},{"not_picked":["Tiny House","Philosopher\u0027s Stone"],"picked":"Coffee Dripper"}],"items_purged_floors":[5,20,37,53],"is_endless":false,"potions_floor_spawned":[6,11,12,16,18,22,24,27,28,36,44,47,48],"ascension_level":0}}