{"host":"n4oa921u88t6jog9","time":1609596315,"event":{"mods":["AchievementEnabler","BaseMod","DeckTracker","Keyboard Shortcuts","Minty Spire (QoL Compilation)","Quick Restart","StSLib","SuperFastMode"],"gold_per_floor":[114,39,55,130,130,161,171,185,262,262,278,293,11,31,31,110,110,121,133,159,169,169,169,184,184,208,220,237,71,71,84,84,157,157,171,171,183,193,193,228,228,243,243,143,155,182,182,202,202,202],"floor_reached":51,"playtime":3147,"items_purged":["Caltrops","Dodge and Roll+1"],"score":1479,"play_id":"e670b753-3e63-42b9-a9f3-03acac4d1439","local_time":"20210102230515","is_ascension_mode":true,"campfire_choices":[{"data":"Cloak And Dagger","floor":10.0,"key":"SMITH"},{"data":"Deadly Poison","floor":15.0,"key":"SMITH"},{"data":"Well Laid Plans","floor":23.0,"key":"SMITH"},{"data":"Adrenaline","floor":25.0,"key":"SMITH"},{"data":"Deep Breath","floor":30.0,"key":"SMITH"},{"data":"Setup","floor":32.0,"key":"SMITH"},{"data":"Adrenaline","floor":49,"key":"SMITH"}],"circlet_count":0,"master_deck":["AscendersBane","Survivor","Neutralize","Slice","Cloak And Dagger+1","Reflex","Crippling Poison","After Image","Deadly Poison+1","Prepared","Adrenaline+1","Bane","Adrenaline+1","Well Laid Plans+1","Crippling Poison","Venomology","Setup+1","Night Terror","Blade Dance+1","Acrobatics+1","Deep Breath+1","Backflip+1","Envenom","Parasite","Catalyst+1"],"relics":["Ring of the Snake","NeowsBlessing","TungstenRod","Potion Belt","Shuriken","Pandora\u0027s Box","Bronze Scales","FaceOfCleric","MealTicket","SlaversCollar","Oddly Smooth Stone","Incense Burner","Gremlin Horn","Dream Catcher"],"acts_visited":["Exordium","TheCity","TheBeyond"],"potions_floor_usage":[46,50,50,50,50],"damage_taken":[{"damage":0.0,"enemies":"Jaw Worm","floor":1.0,"turns":1.0},{"damage":0.0,"enemies":"Small Slimes","floor":3.0,"turns":1.0},{"damage":0.0,"enemies":"Lagavulin","floor":6.0,"turns":1.0},{"damage":0.0,"enemies":"Cultist","floor":7.0,"turns":4.0},{"damage":8.0,"enemies":"Exordium Wildlife","floor":8.0,"turns":7.0},{"damage":7.0,"enemies":"Red Slaver","floor":11.0,"turns":4.0},{"damage":7.0,"enemies":"3 Louse","floor":12.0,"turns":4.0},{"damage":6.0,"enemies":"Lots of Slimes","floor":14.0,"turns":4.0},{"damage":8.0,"enemies":"The Guardian","floor":16.0,"turns":11.0},{"damage":7.0,"enemies":"Spheric Guardian","floor":18.0,"turns":3.0},{"damage":9.0,"enemies":"2 Thieves","floor":19.0,"turns":4.0},{"damage":27.0,"enemies":"Snecko","floor":21.0,"turns":6.0},{"damage":18.0,"enemies":"Cultist and Chosen","floor":24.0,"turns":7.0},{"damage":14.0,"enemies":"Centurion and Healer","floor":27.0,"turns":5.0},{"damage":0.0,"enemies":"Snake Plant","floor":28.0,"turns":5.0},{"damage":0.0,"enemies":"3 Cultists","floor":31.0,"turns":4.0},{"damage":0.0,"enemies":"Champ","floor":33.0,"turns":8.0},{"damage":0.0,"enemies":"3 Shapes","floor":35.0,"turns":7.0},{"damage":13.0,"enemies":"3 Darklings","floor":37.0,"turns":6.0},{"damage":2.0,"enemies":"4 Shapes","floor":38.0,"turns":8.0},{"damage":1.0,"enemies":"Giant Head","floor":40.0,"turns":4.0},{"damage":4.0,"enemies":"Transient","floor":42.0,"turns":6.0},{"damage":0.0,"enemies":"Writhing Mass","floor":45.0,"turns":7.0},{"damage":8,"enemies":"Reptomancer","floor":46,"turns":5},{"damage":13,"enemies":"4 Shapes","floor":48,"turns":4},{"damage":18,"enemies":"Donu and Deca","floor":50,"turns":7}],"seed_played":"3853348548308754443","potions_obtained":[{"floor":1.0,"key":"DistilledChaos"},{"floor":7.0,"key":"Weak Potion"},{"floor":8.0,"key":"LiquidBronze"},{"floor":16.0,"key":"DuplicationPotion"},{"floor":21.0,"key":"AttackPotion"},{"floor":24.0,"key":"ColorlessPotion"},{"floor":31.0,"key":"Energy Potion"},{"floor":40.0,"key":"Explosive Potion"},{"floor":41.0,"key":"SpeedPotion"},{"floor":41.0,"key":"Explosive Potion"},{"floor":46,"key":"FairyPotion"}],"is_trial":false,"path_per_floor":["M","?","M","?","T","E","M","M","T","R","M","M","$","M","R","B",null,"M","M","T","M","?","R","M","R","T","M","M","$","R","M","R","B",null,"M","?","M","M","?","E","?","M","T","$","M","E","?","M","R","B",null],"character_chosen":"THE_SILENT","items_purchased":["Shuriken","Deep Breath"],"campfire_rested":0,"item_purchase_floors":[13,29],"current_hp_per_floor":[59,59,59,48,48,48,48,40,40,40,33,26,26,20,20,12,53,46,37,37,10,10,10,20,20,20,7,8,23,23,24,24,25,60,61,61,49,48,48,48,48,45,45,60,61,54,54,42,42,25],"gold":202,"neow_bonus":"THREE_ENEMY_KILL","is_daily":false,"chose_seed":false,"campfire_upgraded":7,"win_rate":0.0,"timestamp":1609596315,"path_taken":["M","?","M","?","?","E","M","M","T","R","M","M","$","M","R","BOSS","M","M","?","M","?","R","M","R","T","M","M","$","R","?","R","BOSS","M","?","M","?","?","E","?","?","T","$","M","E","?","M","R","BOSS"],"items_purchased_type":["Relic","Card"],"build_version":"2020-12-22","purchased_purges":2,"victory":true,"max_hp_per_floor":[66,66,66,66,66,66,66,66,66,66,66,66,66,66,66,66,66,66,66,66,66,66,66,67,67,67,68,69,69,69,70,70,71,71,72,72,73,74,74,75,75,76,76,76,77,78,78,79,79,80],"card_choices":[{"not_picked":["Caltrops","PiercingWail"],"picked":"Slice","floor":1.0},{"not_picked":["Blade Dance","Dagger Throw"],"picked":"Cloak And Dagger","floor":3.0},{"not_picked":["PiercingWail","Catalyst"],"picked":"Reflex","floor":6.0},{"not_picked":["PiercingWail","Sucker Punch"],"picked":"Crippling Poison","floor":7.0},{"not_picked":["Deflect","Backflip"],"picked":"After Image","floor":8.0},{"not_picked":["Deflect","Underhanded Strike","Terror"],"picked":"SKIP","floor":11.0},{"not_picked":["Finisher","Underhanded Strike"],"picked":"Deadly Poison","floor":12.0},{"not_picked":["Poisoned Stab","Masterful Stab"],"picked":"Prepared","floor":14.0},{"not_picked":["Night Terror","Venomology"],"picked":"Adrenaline","floor":16.0},{"not_picked":["Outmaneuver","Endless Agony+1","Dagger Throw"],"picked":"SKIP","floor":18.0},{"not_picked":["Deflect","Flying Knee"],"picked":"Dodge and Roll+1","floor":19.0},{"not_picked":["Die Die Die","Dagger Throw"],"picked":"Blade Dance+1","floor":21.0},{"not_picked":["Distraction","Concentrate"],"picked":"Acrobatics+1","floor":24.0},{"not_picked":["Acrobatics","Deadly Poison","Dash"],"picked":"SKIP","floor":27.0},{"not_picked":["Slice","Outmaneuver","Deflect+1"],"picked":"SKIP","floor":28.0},{"not_picked":["Unload","Predator"],"picked":"Backflip+1","floor":31.0},{"not_picked":["After Image","Bullet Time"],"picked":"Envenom","floor":33.0},{"not_picked":["Slice","Choke","Eviscerate+1"],"picked":"SKIP","floor":35.0},{"not_picked":["Flying Knee+1","Skewer","Dagger Throw"],"picked":"SKIP","floor":37.0},{"not_picked":["Cloak And Dagger","Sucker Punch+1","Reflex"],"picked":"SKIP","floor":38.0},{"not_picked":["Sucker Punch","Noxious Fumes+1","Caltrops"],"picked":"SKIP","floor":40.0},{"not_picked":["Deadly Poison","Noxious Fumes","Prepared"],"picked":"SKIP","floor":42.0},{"not_picked":["Underhanded Strike","PiercingWail"],"picked":"Catalyst","floor":45.0},{"not_picked":["Catalyst","Prepared","Slice"],"picked":"SKIP","floor":46},{"not_picked":["Bouncing Flask","Heel Hook","Dagger Throw"],"picked":"SKIP","floor":48}],"player_experience":380799,"relics_obtained":[{"floor":5.0,"key":"TungstenRod"},{"floor":6.0,"key":"Potion Belt"},{"floor":20.0,"key":"Bronze Scales"},{"floor":26.0,"key":"MealTicket"},{"floor":40.0,"key":"Incense Burner"},{"floor":43.0,"key":"Gremlin Horn"},{"floor":46,"key":"Dream Catcher"}],"event_choices":[{"cards_removed":["Defend_G"],"damage_healed":0.0,"max_hp_gain":0.0,"max_hp_loss":0.0,"gold_gain":0.0,"event_name":"The Cleric","player_choice":"Card Removal","floor":2.0,"gold_loss":75.0,"damage_taken":0.0},{"damage_healed":0.0,"max_hp_gain":0.0,"max_hp_loss":0.0,"gold_gain":75.0,"event_name":"World of Goop","player_choice":"Gather Gold","floor":4.0,"gold_loss":0.0,"damage_taken":11.0},{"damage_healed":0.0,"max_hp_gain":0.0,"max_hp_loss":0.0,"gold_gain":0.0,"event_name":"FaceTrader","player_choice":"Trade","floor":22.0,"gold_loss":0.0,"damage_taken":0.0,"relics_obtained":["FaceOfCleric"]},{"damage_healed":0.0,"max_hp_gain":0.0,"max_hp_loss":0.0,"gold_gain":0.0,"event_name":"WeMeetAgain","player_choice":"Gave Potion","floor":36.0,"gold_loss":0.0,"damage_taken":0.0,"relics_obtained":["Oddly Smooth Stone"]},{"cards_removed":["Quick Slash"],"damage_healed":0.0,"max_hp_gain":0.0,"max_hp_loss":0.0,"gold_gain":0.0,"event_name":"Falling","player_choice":"Removed Attack","floor":39.0,"gold_loss":0.0,"damage_taken":0.0},{"damage_healed":0.0,"max_hp_gain":0.0,"max_hp_loss":0.0,"gold_gain":0.0,"event_name":"Lab","player_choice":"Got Potions","floor":41.0,"gold_loss":0.0,"damage_taken":0.0},{"damage_healed":0,"gold_gain":0,"player_choice":"Forge","damage_taken":0,"max_hp_gain":0,"max_hp_loss":0,"event_name":"Accursed Blacksmith","floor":47,"gold_loss":0,"cards_upgraded":["Catalyst"]}],"is_beta":false,"boss_relics":[{"not_picked":["Philosopher\u0027s Stone","Runic Dome"],"picked":"Pandora\u0027s Box"},{"not_picked":["Tiny House","Black Star"],"picked":"SlaversCollar"}],"items_purged_floors":[29,44],"is_endless":false,"potions_floor_spawned":[1,7,8,16,21,24,31,35,40,46,48],"ascension_level":18}}