{"host":"dlskvfecb6rtl9z1","time":1609609623,"event":{"mods":["2.2 Compatiblity","AchievementEnabler","Aspiration","BaseMod","Better Third Choice","Colored Map","Colored Powertips","Downfall","Duelist Mod","Hermit","Hubris","Infinite Spire","KinomotoSakuraMod(????)","Koishi","Marisa????????","Minty Spire (QoL Compilation)","Remilia??????","Replay The Spire","Shop Mod","StSLib","Td1madao Mod","The Administrix","The Bug Knight","The Construct","The Cursed","The Disciple","The Hierophant","The Jungle","The Mystic","The Necromancer","The Runesmith","The Senshi","The Servant 0.9.4"],"gold_per_floor":[109,159,161,171,188,237,237,249,249],"floor_reached":8,"playtime":676,"items_purged":[],"score":65,"play_id":"a3c571b6-da03-48c0-baa5-5ee422b077d1","local_time":"20210102194703","is_ascension_mode":true,"campfire_choices":[{"floor":7,"key":"REST"}],"circlet_count":0,"master_deck":["Strike_R","Strike_R","Strike_R","Strike_R+1","Strike_R","Defend_R","Defend_R","Defend_R","Defend_R+1","Bash","Body Slam","Spreading Infection","Sanctity+1","Ghostly Armor"],"relics":["Burning Blood","Ring of Greed","Replay:Wax Seal","infinitespire:Midas Blood","Nunchaku","Blue Candle"],"acts_visited":["Exordium"],"potions_floor_usage":[],"damage_taken":[{"damage":12,"enemies":"2 Louse","floor":1,"turns":2},{"damage":0,"enemies":"Small Slimes","floor":5,"turns":3},{"damage":48,"enemies":"3 Sentries","floor":6,"turns":12},{"damage":42,"enemies":"Lagavulin","floor":8,"turns":10}],"seed_played":"-1934832853544184117","potions_obtained":[{"floor":1,"key":"SneckoOil"},{"floor":5,"key":"Venom Potion"}],"is_trial":false,"path_per_floor":["M","?","?","?","M","E","R","E"],"character_chosen":"IRONCLAD","items_purchased":[],"campfire_rested":1,"item_purchase_floors":[],"current_hp_per_floor":[82,82,64,44,50,8,34,0,0],"gold":249,"neow_bonus":"TEN_PERCENT_HP_BONUS","is_daily":false,"chose_seed":false,"campfire_upgraded":0,"win_rate":0.0,"timestamp":1609609623,"path_taken":["M","?","?","?","M","E","R","E"],"items_purchased_type":[],"build_version":"2020-12-22","purchased_purges":0,"victory":false,"max_hp_per_floor":[88,88,88,88,88,88,88,88,88],"card_choices":[{"not_picked":["Iron Wave","Wild Strike"],"picked":"Body Slam","floor":1},{"not_picked":["Iron Wave","Perfected Strike","Anger"],"picked":"SKIP","floor":5},{"not_picked":["Brutality","Flex"],"picked":"Ghostly Armor","floor":6}],"player_experience":115317,"relics_obtained":[{"floor":2,"key":"Ring of Greed"},{"floor":2,"key":"Replay:Wax Seal"},{"floor":2,"key":"infinitespire:Midas Blood"},{"floor":6,"key":"Blue Candle"}],"event_choices":[{"damage_healed":82,"gold_gain":0,"player_choice":"Upgrade","damage_taken":18,"max_hp_gain":0,"max_hp_loss":88,"event_name":"betterThird:BetterShining","floor":3,"gold_loss":0,"cards_upgraded":["Defend_R","Strike_R"]}],"is_beta":false,"boss_relics":[],"items_purged_floors":[],"is_endless":false,"potions_floor_spawned":[1,5],"killed_by":"Lagavulin","ascension_level":4}}