{"host":"kda2p2afd6bvz6qo","time":1609549316,"event":{"mods":["BaseMod","Colored Map","Minty Spire (QoL Compilation)","Relic Stats"],"gold_per_floor":[115,115,115,134,154,154,154],"floor_reached":6,"playtime":135,"items_purged":[],"score":68,"play_id":"505e91b1-7698-442b-ad3f-38b0fac5b9b5","local_time":"20210102010156","is_ascension_mode":true,"campfire_choices":[],"circlet_count":0,"master_deck":["AscendersBane","Strike_G","Strike_G","Strike_G","Strike_G","Strike_G","Defend_G","Defend_G","Defend_G","Defend_G","Defend_G","Survivor","Neutralize","Cloak And Dagger","Injury","Choke","Backstab"],"relics":["Ring of the Snake","NeowsBlessing","Golden Idol","Torii"],"acts_visited":["Exordium"],"potions_floor_usage":[6],"damage_taken":[{"damage":0,"enemies":"2 Louse","floor":1,"turns":1},{"damage":0,"enemies":"Jaw Worm","floor":4,"turns":1},{"damage":0,"enemies":"Cultist","floor":5,"turns":1},{"damage":41,"enemies":"Gremlin Nob","floor":6,"turns":4}],"seed_played":"-7459810421409266313","potions_obtained":[{"floor":1,"key":"SpeedPotion"}],"is_trial":false,"path_per_floor":["M","?","?","M","M","E"],"character_chosen":"THE_SILENT","items_purchased":[],"campfire_rested":0,"item_purchase_floors":[],"current_hp_per_floor":[59,59,41,41,41,0,0],"gold":154,"neow_bonus":"THREE_ENEMY_KILL","is_daily":false,"chose_seed":false,"campfire_upgraded":0,"win_rate":0.0,"timestamp":1609549316,"path_taken":["M","?","?","M","M","E"],"items_purchased_type":[],"build_version":"2020-12-22","purchased_purges":0,"victory":false,"max_hp_per_floor":[66,66,66,66,66,66,66],"relic_stats":{"Torii":0,"counters":[4,7],"Golden Idol":8,"obtain_stats":[{"NeowsBlessing":0,"Torii":3,"Golden Idol":2,"Ring of the Snake":0},{"NeowsBlessing":0,"Torii":1,"Golden Idol":1,"Ring of the Snake":0},{"NeowsBlessing":0,"Torii":1,"Golden Idol":1,"Ring of the Snake":0}],"Ring of the Snake":[8]},"card_choices":[{"not_picked":["Masterful Stab","Slice"],"picked":"Cloak And Dagger","floor":1},{"not_picked":["Prepared","PiercingWail"],"picked":"Choke","floor":4},{"not_picked":["Bane","Sucker Punch"],"picked":"Backstab","floor":5}],"player_experience":110227,"relics_obtained":[],"event_choices":[{"damage_healed":0,"gold_gain":0,"player_choice":"Take Wound","damage_taken":0,"relics_obtained":["Golden Idol"],"max_hp_gain":0,"max_hp_loss":0,"event_name":"Golden Idol","floor":2,"gold_loss":0,"cards_obtained":["Injury"]},{"damage_healed":0,"gold_gain":0,"player_choice":"Success","damage_taken":18,"relics_obtained":["Torii"],"max_hp_gain":0,"max_hp_loss":0,"event_name":"Scrap Ooze","floor":3,"gold_loss":0}],"is_beta":false,"boss_relics":[],"items_purged_floors":[],"is_endless":false,"potions_floor_spawned":[1],"killed_by":"Gremlin Nob","ascension_level":18}}