{"host":"192sgrl3shqffln2","time":1609553320,"event":{"mods":["Act Like it!","Aspiration","BaseMod","BetterRewards","Challenge The Spire","Colored Map","Colored Powertips","Downfall","Gensokyo","Hallownest","Hubris","Infinite Spire","Lobotomy","Minty Spire (QoL Compilation)","Quick Restart","READ ME - Snecko Mod","Replay The Spire","Shop Mod","StSLib","The Construct","The Cursed","The Hierophant","The Runesmith"],"gold_per_floor":[99,99,99,99,99,131,182,200,213,246,346,356,206,219,232,232,232],"floor_reached":16,"playtime":493,"items_purged":[],"score":167,"play_id":"6d203e79-3e3f-4785-9532-87a22fa121ab","local_time":"20210102100840","is_ascension_mode":true,"campfire_choices":[{"floor":1.0,"key":"RECALL"},{"data":"TheCursedMod:CircleOfFocus","floor":13,"key":"SMITH"}],"circlet_count":0,"master_deck":["TheCursedMod:Strike_TheCursed","TheCursedMod:Strike_TheCursed","TheCursedMod:Strike_TheCursed","TheCursedMod:Strike_TheCursed","TheCursedMod:Defend_TheCursed","TheCursedMod:Defend_TheCursed","TheCursedMod:Defend_TheCursed","TheCursedMod:Defend_TheCursed","TheCursedMod:CursedWand","TheCursedMod:CleanUpWorkshop","TheCursedMod:SpitefulStrike+1","Hallucinations","TheCursedMod:CircleOfFlame","TheCursedMod:CircleOfFocus+1","TheCursedMod:CircleOfAbyss","TheCursedMod:HellfireBreathing","TheCursedMod:WearCloak"],"relics":["TheCursedMod:BlackMagic101","downfall:HeartsMalice","ReplayFunnel","Strawberry","downfall:HeartBlessingRed","downfall:HeartBlessingBlue"],"acts_visited":["Exordium"],"potions_floor_usage":[14,16,16],"damage_taken":[{"damage":0.0,"enemies":"Jaw Worm","floor":2.0,"turns":1.0},{"damage":0.0,"enemies":"2 Louse","floor":3.0,"turns":1.0},{"damage":0,"enemies":"Gremlin Nob","floor":6,"turns":1},{"damage":0,"enemies":"Cultist","floor":8,"turns":4},{"damage":0,"enemies":"2 Fungi Beasts","floor":9,"turns":2},{"damage":34,"enemies":"Lagavulin","floor":10,"turns":8},{"damage":9,"enemies":"3 Louse","floor":12,"turns":4},{"damage":4,"enemies":"Exordium Wildlife","floor":14,"turns":5},{"damage":6,"enemies":"2 Fungi Beasts","floor":15,"turns":3},{"damage":46,"enemies":"downfall:Defect","floor":16,"turns":6}],"seed_played":"680504589325547973","potions_obtained":[{"floor":6,"key":"Adrenaline Potion"},{"floor":8,"key":"Fruit Juice"},{"floor":12,"key":"TheCursedMod:DregsPotion"},{"floor":14,"key":"Energy Potion"}],"is_trial":false,"path_per_floor":["R","M","M","?","?","E","T","M","M","E","?","M","R","M","M","B"],"character_chosen":"THE_CURSED","items_purchased":[],"campfire_rested":0,"item_purchase_floors":[],"current_hp_per_floor":[75,75,75,75,75,75,75,75,75,48,48,39,49,50,44,0,0],"gold":232,"neow_bonus":"THREE_ENEMY_KILL","is_daily":false,"chose_seed":false,"campfire_upgraded":1,"win_rate":0.0,"timestamp":1609553320,"path_taken":["R","M","M","?","?","E","T","M","?","E","?","M","R","M","M","BOSS"],"items_purchased_type":[],"build_version":"2020-12-22","purchased_purges":0,"victory":false,"max_hp_per_floor":[75,75,75,75,75,75,75,75,75,82,82,82,92,97,97,97,97],"card_choices":[{"not_picked":["TheCursedMod:CircleOfFlame","TheCursedMod:DoubleShield"],"picked":"TheCursedMod:SpitefulStrike","floor":2.0},{"not_picked":["TheCursedMod:Stretching","TheCursedMod:Hemoplague","TheCursedMod:Wield"],"picked":"SKIP","floor":3.0},{"not_picked":["TheCursedMod:ManaBullet","TheCursedMod:Stretching","TheCursedMod:Obscuration"],"picked":"SKIP","floor":6},{"not_picked":["TheCursedMod:RavingStaff","TheCursedMod:TacticalStrike"],"picked":"TheCursedMod:CircleOfFlame","floor":8},{"not_picked":["TheCursedMod:Hemoplague","TheCursedMod:CursedAmulet"],"picked":"TheCursedMod:CircleOfFocus","floor":9},{"not_picked":["TheCursedMod:SoulCrush","TheCursedMod:Torture"],"picked":"TheCursedMod:CircleOfAbyss","floor":10},{"not_picked":["TheCursedMod:RapidMovement","TheCursedMod:SpitefulPlan"],"picked":"TheCursedMod:HellfireBreathing","floor":12},{"not_picked":["TheCursedMod:CursedStaff","TheCursedMod:ManaBullet"],"picked":"TheCursedMod:WearCloak","floor":14},{"not_picked":["TheCursedMod:VitalStrike","TheCursedMod:CursedAmulet","TheCursedMod:RapidMovement"],"picked":"SKIP","floor":15}],"player_experience":352656,"relics_obtained":[{"floor":6,"key":"ReplayFunnel"},{"floor":10,"key":"Strawberry"}],"event_choices":[{"damage_healed":0,"gold_gain":0,"player_choice":"Upgraded","damage_taken":0,"max_hp_gain":0,"max_hp_loss":0,"event_name":"Upgrade Shrine","floor":5,"gold_loss":0,"cards_upgraded":["TheCursedMod:SpitefulStrike"]}],"is_beta":false,"boss_relics":[],"items_purged_floors":[],"is_endless":false,"potions_floor_spawned":[6,8,12,14,15],"killed_by":"downfall:Defect","ascension_level":1}}