{"host":"x1qj4d8ympd5jdqh","time":1609585693,"event":{"mods":["AchievementEnabler","AlwaysNeverKeys","BaseMod","Colored Map","Custom Start","DeckTracker","Highlight Path","Minty Spire (QoL Compilation)","StSLib","SuperFastMode"],"gold_per_floor":[209,228,228,15,30,30,58,74,74,32,32,42,42,54,54,54,54],"floor_reached":16,"playtime":377,"items_purged":[],"score":204,"play_id":"fb41dd57-7f1b-4232-a36d-fdf386f818d9","local_time":"20210102200813","is_ascension_mode":true,"campfire_choices":[{"data":"Body Slam","floor":6,"key":"SMITH"},{"floor":11,"key":"REST"},{"floor":13,"key":"REST"},{"data":"Ghostly Armor","floor":15,"key":"SMITH"}],"circlet_count":0,"master_deck":["AscendersBane","Strike_R","Strike_R","Strike_R","Strike_R","Defend_R","Defend_R","Defend_R","Defend_R","Bash","Shrug It Off","Body Slam+1","Anger","Combust","Ghostly Armor+1","Shrug It Off","Evolve"],"relics":["Burning Blood","Kunai","WingedGreaves"],"acts_visited":["Exordium"],"potions_floor_usage":[7,12],"damage_taken":[{"damage":1,"enemies":"Small Slimes","floor":1,"turns":4},{"damage":9,"enemies":"Cultist","floor":2,"turns":4},{"damage":3,"enemies":"2 Louse","floor":5,"turns":4},{"damage":48,"enemies":"Gremlin Nob","floor":7,"turns":5},{"damage":25,"enemies":"Gremlin Gang","floor":8,"turns":4},{"damage":17,"enemies":"Exordium Thugs","floor":12,"turns":4},{"damage":6,"enemies":"Red Slaver","floor":14,"turns":4},{"damage":0,"enemies":"The Guardian","floor":16,"turns":2}],"seed_played":"1111392837276103019","potions_obtained":[{"floor":7,"key":"DistilledChaos"},{"floor":8,"key":"DuplicationPotion"}],"is_trial":false,"path_per_floor":["M","M","?","$","M","R","E","M","T","$","R","M","R","M","R","B"],"character_chosen":"IRONCLAD","items_purchased":["Combust","Ghostly Armor","PowerPotion","Evolve"],"campfire_rested":2,"item_purchase_floors":[4,4,4,10],"current_hp_per_floor":[73,70,70,70,73,73,31,12,12,12,34,23,45,45,45,45,45],"gold":54,"neow_bonus":"HUNDRED_GOLD","is_daily":false,"chose_seed":false,"campfire_upgraded":2,"win_rate":0.0,"timestamp":1609585693,"path_taken":["M","M","?","?","M","R","E","M","T","$","R","M","R","M","R","BOSS"],"items_purchased_type":["Card","Card","Potion","Card"],"build_version":"2020-12-22","purchased_purges":0,"victory":false,"max_hp_per_floor":[75,75,75,75,75,75,75,75,75,75,75,75,75,75,75,75,75],"card_choices":[{"not_picked":["Thunderclap","Armaments"],"picked":"Shrug It Off","floor":1},{"not_picked":["Clash","Flame Barrier"],"picked":"Body Slam","floor":2},{"not_picked":["Flex","Clothesline","Warcry"],"picked":"SKIP","floor":5},{"not_picked":["Cleave","Combust","Metallicize"],"picked":"SKIP","floor":7},{"not_picked":["Iron Wave","Clash"],"picked":"Shrug It Off","floor":8},{"not_picked":["Bloodletting","Cleave","Dual Wield"],"picked":"SKIP","floor":12},{"not_picked":["Shrug It Off","True Grit","Headbutt"],"picked":"SKIP","floor":14}],"player_experience":1304772,"relics_obtained":[{"floor":7,"key":"Kunai"},{"floor":9,"key":"WingedGreaves"}],"event_choices":[{"damage_healed":0,"gold_gain":0,"cards_transformed":["Strike_R"],"player_choice":"Transformed","damage_taken":0,"max_hp_gain":0,"max_hp_loss":0,"event_name":"Transmorgrifier","floor":3,"gold_loss":0,"cards_obtained":["Anger"]}],"is_beta":false,"boss_relics":[],"items_purged_floors":[],"is_endless":false,"potions_floor_spawned":[7,8],"killed_by":"The Guardian","ascension_level":20}}