{"host":"p4zclu0beiy6gkiq","time":1609577209,"event":{"mods":["AchievementEnabler","BaseMod","Bestiary","Colored Map","Colored Powertips","DeckTracker","Minty Spire (QoL Compilation)","Quick Restart","StSLib","SuperFastMode","The Cursed"],"gold_per_floor":[119,44,44,44,55,55,82,82,108,141,160,160,177,196,196,196,196],"floor_reached":16,"playtime":5637,"items_purged":["Strike_B"],"score":110,"play_id":"5ee1d202-103f-4816-a356-70d34d9b4b05","local_time":"20210102174649","is_ascension_mode":false,"campfire_choices":[{"data":"Double Energy","floor":6,"key":"SMITH"},{"floor":8,"key":"RECALL"},{"floor":15,"key":"REST"}],"circlet_count":0,"master_deck":["Strike_B","Strike_B+1","Strike_B","Defend_B","Defend_B","Defend_B","Defend_B","Zap","Dualcast","Aggregate+1","Double Energy+1","Rip and Tear","Go for the Eyes","Coolheaded","Melter"],"relics":["Cracked Core","Pear","Kunai"],"acts_visited":["Exordium"],"potions_floor_usage":[7,7,13,14],"damage_taken":[{"damage":0,"enemies":"Cultist","floor":1,"turns":3},{"damage":0,"enemies":"Small Slimes","floor":5,"turns":2},{"damage":25,"enemies":"3 Sentries","floor":7,"turns":7},{"damage":25,"enemies":"Gremlin Nob","floor":10,"turns":4},{"damage":0,"enemies":"2 Louse","floor":11,"turns":2},{"damage":9,"enemies":"Large Slime","floor":13,"turns":4},{"damage":9,"enemies":"Lots of Slimes","floor":14,"turns":5},{"damage":28,"enemies":"Slime Boss","floor":16,"turns":3}],"seed_played":"-5922559844776230532","potions_obtained":[{"floor":1,"key":"PowerPotion"},{"floor":5,"key":"Swift Potion"},{"floor":10,"key":"SkillPotion"},{"floor":13,"key":"EssenceOfDarkness"}],"is_trial":false,"path_per_floor":["M","$","?","$","M","R","E","R","T","E","M","?","M","M","R","B"],"character_chosen":"DEFECT","items_purchased":[],"campfire_rested":1,"item_purchase_floors":[],"current_hp_per_floor":[75,75,60,60,60,60,45,45,45,20,20,20,11,2,27,0,0],"gold":196,"neow_bonus":"THREE_CARDS","is_daily":false,"chose_seed":false,"campfire_upgraded":1,"win_rate":0.0,"timestamp":1609577209,"path_taken":["M","?","?","$","M","R","E","R","T","E","M","?","?","M","R","BOSS"],"items_purchased_type":[],"build_version":"2020-12-22","purchased_purges":1,"victory":false,"max_hp_per_floor":[75,75,75,75,75,75,85,85,85,85,85,85,85,85,85,85,85],"card_choices":[{"not_picked":["Barrage","Sweeping Beam"],"picked":"Aggregate","floor":0},{"not_picked":["Self Repair","White Noise"],"picked":"Double Energy","floor":1},{"not_picked":["Auto Shields","Streamline"],"picked":"Rip and Tear","floor":5},{"not_picked":["Rebound","Amplify","Chaos"],"picked":"SKIP","floor":7},{"not_picked":["Conserve Battery","Streamline"],"picked":"Go for the Eyes","floor":10},{"not_picked":["Steam","Sweeping Beam"],"picked":"Coolheaded","floor":11},{"not_picked":["Compile Driver","Redo","Leap"],"picked":"SKIP","floor":13},{"not_picked":["Compile Driver","Loop"],"picked":"Melter","floor":14}],"player_experience":89110,"relics_obtained":[{"floor":7,"key":"Pear"},{"floor":10,"key":"Kunai"}],"event_choices":[{"damage_healed":0,"gold_gain":0,"player_choice":"Entered Light","damage_taken":15,"max_hp_gain":0,"max_hp_loss":0,"event_name":"Shining Light","floor":3,"gold_loss":0,"cards_upgraded":["Strike_B","Aggregate"]},{"damage_healed":0,"gold_gain":0,"player_choice":"Ignored","damage_taken":0,"max_hp_gain":0,"max_hp_loss":0,"event_name":"NoteForYourself","floor":12,"gold_loss":0}],"is_beta":false,"boss_relics":[],"items_purged_floors":[2],"is_endless":false,"potions_floor_spawned":[1,5,10,13],"killed_by":"Slime Boss","ascension_level":0}}