{"host":"vumwfieg2b2mnrfl","time":1609564910,"event":{"mods":["AchievementEnabler","BaseMod","Minty Spire (QoL Compilation)","Rare Cards Sparkle","Relic Stats"],"gold_per_floor":[111,124,124,42,117,143,143,143,167,167,132,145,177,191,191,290,290,290,290,290,217,217,217,217,217,217,217,217,217,217,217,217,217,217,217,217,217,71,71,71,71,71,71,71,71,71,71,71,71,71,71,71,0,0,0],"floor_reached":56,"playtime":2535,"items_purged":["WindmillStrike"],"score":1509,"play_id":"6c92975c-0295-4759-a7e7-d429a7d1a5f0","local_time":"20210101232150","is_ascension_mode":true,"campfire_choices":[{"data":"FearNoEvil","floor":8.0,"key":"SMITH"},{"data":"Eruption","floor":10.0,"key":"SMITH"},{"data":"TalkToTheHand","floor":15.0,"key":"SMITH"},{"data":"TalkToTheHand","floor":24,"key":"SMITH"},{"floor":32,"key":"REST"},{"floor":41,"key":"RECALL"},{"data":"1","floor":44,"key":"LIFT"},{"data":"2","floor":47,"key":"LIFT"},{"data":"TalkToTheHand","floor":49,"key":"SMITH"},{"data":"ConjureBlade","floor":52,"key":"SMITH"}],"circlet_count":0,"master_deck":["Strike_P","Strike_P+1","Strike_P+1","Defend_P","Defend_P","Defend_P","Defend_P","Eruption+1","Vigilance+1","Conclude","TalkToTheHand+1","FearNoEvil+1","EmptyBody","FlurryOfBlows","WheelKick+1","LessonLearned+1","TalkToTheHand+1","Evaluate+1","TalkToTheHand+1","TalkToTheHand+1","WindmillStrike+1","ClearTheMind+1","Vault","ConjureBlade+1","TalkToTheHand+1","Omniscience","Indignation+1","Swivel+1","TalkToTheHand"],"relics":["PureWater","NeowsBlessing","Bottled Flame","Darkstone Periapt","Ancient Tea Set","Anchor","Ectoplasm","Strawberry","Girya","Singing Bowl","Lantern","Enchiridion","Snecko Eye","Akabeko","Pen Nib","PreservedInsect","HornCleat","Shuriken"],"acts_visited":["Exordium","TheCity","TheBeyond","TheEnding"],"potions_floor_usage":[25,33,33,33,42,48,55,55],"damage_taken":[{"damage":0.0,"enemies":"Jaw Worm","floor":1.0,"turns":1.0},{"damage":0.0,"enemies":"Small Slimes","floor":2.0,"turns":1.0},{"damage":0.0,"enemies":"3 Sentries","floor":6.0,"turns":1.0},{"damage":0.0,"enemies":"2 Louse","floor":12.0,"turns":2.0},{"damage":22.0,"enemies":"Gremlin Nob","floor":13.0,"turns":4.0},{"damage":4.0,"enemies":"Blue Slaver","floor":14.0,"turns":3.0},{"damage":23.0,"enemies":"The Guardian","floor":16.0,"turns":10.0},{"damage":5.0,"enemies":"Chosen","floor":18.0,"turns":6.0},{"damage":0.0,"enemies":"Shell Parasite","floor":19.0,"turns":3.0},{"damage":4,"enemies":"Centurion and Healer","floor":22,"turns":4},{"damage":5,"enemies":"Book of Stabbing","floor":23,"turns":6},{"damage":16,"enemies":"Slavers","floor":25,"turns":7},{"damage":2,"enemies":"Snake Plant","floor":28,"turns":4},{"damage":4,"enemies":"Book of Stabbing","floor":29,"turns":6},{"damage":0,"enemies":"3 Cultists","floor":30,"turns":7},{"damage":43,"enemies":"Collector","floor":33,"turns":12},{"damage":10,"enemies":"3 Darklings","floor":35,"turns":5},{"damage":7,"enemies":"3 Shapes","floor":36,"turns":4},{"damage":0,"enemies":"Maw","floor":39,"turns":9},{"damage":0,"enemies":"Nemesis","floor":40,"turns":6},{"damage":6,"enemies":"Reptomancer","floor":42,"turns":7},{"damage":0,"enemies":"Giant Head","floor":46,"turns":8},{"damage":0,"enemies":"Nemesis","floor":48,"turns":4},{"damage":43,"enemies":"Donu and Deca","floor":50,"turns":10},{"damage":20,"enemies":"Shield and Spear","floor":54,"turns":7},{"damage":17,"enemies":"The Heart","floor":55,"turns":9}],"seed_played":"677036389269153914","potions_obtained":[{"floor":1.0,"key":"StancePotion"},{"floor":14.0,"key":"FearPotion"},{"floor":16.0,"key":"SkillPotion"},{"floor":29,"key":"EntropicBrew"},{"floor":33,"key":"EssenceOfSteel"},{"floor":35,"key":"LiquidMemories"},{"floor":42,"key":"LiquidMemories"},{"floor":54,"key":"DuplicationPotion"}],"is_trial":false,"path_per_floor":["M","M","?","$","?","E","?","R","T","R","?","M","E","M","R","B",null,"M","M","?","$","M","E","R","E","T","?","M","E","M","?","R","B",null,"M","M","?","$","M","E","R","E","T","R","?","E","R","E","R","B",null,"R","$","E","B",null],"character_chosen":"WATCHER","items_purchased":["FearNoEvil","TalkToTheHand","TalkToTheHand","TalkToTheHand"],"campfire_rested":1,"item_purchase_floors":[4,21,38,53],"current_hp_per_floor":[72,72,72,72,61,61,58,58,58,58,72,72,50,46,46,23,72,67,67,67,67,63,65,65,49,49,49,47,45,45,29,53,10,81,73,68,70,70,72,74,74,68,68,68,68,68,68,68,68,25,91,91,91,73,56],"gold":0,"neow_bonus":"THREE_ENEMY_KILL","is_daily":false,"chose_seed":false,"campfire_upgraded":6,"win_rate":0.0,"timestamp":1609564910,"path_taken":["M","M","?","$","?","E","?","R","T","R","?","M","E","M","R","BOSS","M","M","?","?","?","E","R","E","T","?","M","E","M","?","R","BOSS","M","M","?","$","M","E","R","E","T","R","?","E","R","E","R","BOSS","R","$","E","BOSS"],"items_purchased_type":["Card","Card","Card","Card"],"build_version":"2020-12-22","purchased_purges":1,"victory":true,"max_hp_per_floor":[72,72,72,72,72,72,72,72,72,72,72,72,72,72,72,72,72,72,72,72,72,72,79,79,79,79,79,79,81,81,81,81,81,81,83,85,87,87,89,91,91,91,91,91,91,91,91,91,91,91,91,91,91,93,93],"relic_stats":{"Darkstone Periapt":0,"Singing Bowl":14,"counters":[26,146],"Shuriken":[6],"Snecko Eye":[140,107,104,126],"Ectoplasm":528,"Pen Nib":[10],"PreservedInsect":126,"obtain_stats":[{"Darkstone Periapt":7,"Girya":25,"Lantern":29,"NeowsBlessing":0,"Singing Bowl":26,"Enchiridion":31,"Pen Nib":42,"PreservedInsect":46,"Ancient Tea Set":9,"Akabeko":40,"Bottled Flame":6,"Anchor":13,"HornCleat":48,"Shuriken":54,"Strawberry":23,"Snecko Eye":34,"Ectoplasm":17,"PureWater":0},{"Darkstone Periapt":3,"Girya":12,"Lantern":14,"NeowsBlessing":0,"Singing Bowl":12,"Enchiridion":15,"Pen Nib":21,"PreservedInsect":22,"Ancient Tea Set":3,"Akabeko":20,"Bottled Flame":3,"Anchor":5,"HornCleat":23,"Shuriken":25,"Strawberry":11,"Snecko Eye":16,"Ectoplasm":7,"PureWater":0},{"Darkstone Periapt":3,"Girya":48,"Lantern":58,"NeowsBlessing":0,"Singing Bowl":48,"Enchiridion":65,"Pen Nib":108,"PreservedInsect":116,"Ancient Tea Set":3,"Akabeko":101,"Bottled Flame":3,"Anchor":9,"HornCleat":120,"Shuriken":137,"Strawberry":41,"Snecko Eye":77,"Ectoplasm":22,"PureWater":0}]},"card_choices":[{"not_picked":["WreathOfFlame","Sanctity"],"picked":"Conclude","floor":1.0},{"not_picked":["Halt","Wallop"],"picked":"TalkToTheHand","floor":2.0},{"not_picked":["CrushJoints","BowlingBash"],"picked":"EmptyBody","floor":6.0},{"not_picked":["EmptyBody","Worship"],"picked":"FlurryOfBlows","floor":12.0},{"not_picked":["PathToVictory","Adaptation"],"picked":"WheelKick","floor":13.0},{"not_picked":["SashWhip","Prostrate","PathToVictory"],"picked":"SKIP","floor":14.0},{"not_picked":["SashWhip","PathToVictory"],"picked":"Prostrate","floor":14.0},{"not_picked":["Blasphemy","DevaForm"],"picked":"LessonLearned","floor":16.0},{"not_picked":["Consecrate+1","FlurryOfBlows+1"],"picked":"TalkToTheHand+1","floor":18.0},{"not_picked":["Consecrate","Study"],"picked":"Evaluate+1","floor":19.0},{"not_picked":["ThirdEye+1","FlurryOfBlows","Perseverance"],"picked":"SKIP","floor":22},{"not_picked":["CrushJoints","CutThroughFate","EmptyMind"],"picked":"SKIP","floor":23},{"not_picked":["Protect+1","Conclude"],"picked":"TalkToTheHand","floor":25},{"not_picked":["FollowUp+1","PathToVictory"],"picked":"ClearTheMind+1","floor":28},{"not_picked":["BattleHymn","FearNoEvil","CrushJoints"],"picked":"Singing Bowl","floor":29},{"not_picked":["FlurryOfBlows","Crescendo"],"picked":"Vault","floor":30},{"not_picked":["LessonLearned","DevaForm"],"picked":"ConjureBlade","floor":33},{"not_picked":["FollowUp+1","Halt+1","Perseverance"],"picked":"Singing Bowl","floor":35},{"not_picked":["WindmillStrike","FlyingSleeves","Protect"],"picked":"Singing Bowl","floor":36},{"not_picked":["Blind","Dark Shackles","Panacea"],"picked":"Singing Bowl","floor":37},{"not_picked":["JustLucky","BowlingBash","Consecrate+1"],"picked":"Singing Bowl","floor":39},{"not_picked":["ForeignInfluence+1","ThirdEye+1","PathToVictory"],"picked":"Singing Bowl","floor":40},{"not_picked":["FollowUp+1","FlurryOfBlows+1"],"picked":"Omniscience","floor":42},{"not_picked":["ReachHeaven+1","Swivel+1"],"picked":"Indignation+1","floor":46},{"not_picked":["Crescendo","SashWhip"],"picked":"Swivel+1","floor":48},{"not_picked":["JustLucky","FlurryOfBlows+1","WreathOfFlame+1"],"picked":"Singing Bowl","floor":54}],"player_experience":354572,"relics_obtained":[{"floor":6.0,"key":"Bottled Flame"},{"floor":9.0,"key":"Ancient Tea Set"},{"floor":13.0,"key":"Anchor"},{"floor":23,"key":"Strawberry"},{"floor":25,"key":"Girya"},{"floor":26,"key":"Singing Bowl"},{"floor":29,"key":"Lantern"},{"floor":31,"key":"Enchiridion"},{"floor":40,"key":"Akabeko"},{"floor":42,"key":"Pen Nib"},{"floor":46,"key":"PreservedInsect"},{"floor":48,"key":"HornCleat"},{"floor":54,"key":"Shuriken"}],"event_choices":[{"damage_healed":0.0,"max_hp_gain":0.0,"max_hp_loss":0.0,"gold_gain":0.0,"cards_transformed":["Strike_P"],"event_name":"Living Wall","player_choice":"Change","floor":3.0,"gold_loss":0.0,"damage_taken":0.0,"cards_obtained":["Devotion"]},{"damage_healed":0.0,"max_hp_gain":0.0,"max_hp_loss":0.0,"gold_gain":75.0,"event_name":"World of Goop","player_choice":"Gather Gold","floor":5.0,"gold_loss":0.0,"damage_taken":11.0},{"damage_healed":0.0,"max_hp_gain":0.0,"max_hp_loss":0.0,"gold_gain":0.0,"event_name":"Scrap Ooze","player_choice":"Success","floor":7.0,"gold_loss":0.0,"damage_taken":3.0,"relics_obtained":["Darkstone Periapt"]},{"damage_healed":18.0,"max_hp_gain":0.0,"max_hp_loss":0.0,"gold_gain":0.0,"event_name":"The Cleric","player_choice":"Healed","floor":11.0,"gold_loss":35.0,"damage_taken":0.0},{"damage_healed":0,"gold_gain":0,"player_choice":"Leave","damage_taken":0,"max_hp_gain":0,"max_hp_loss":0,"event_name":"FaceTrader","floor":20,"gold_loss":0},{"damage_healed":0,"gold_gain":0,"cards_transformed":["Devotion","Prostrate"],"player_choice":"Became Test Subject","damage_taken":0,"max_hp_gain":0,"max_hp_loss":0,"event_name":"Drug Dealer","floor":27,"gold_loss":0,"cards_obtained":["WindmillStrike","WindmillStrike"]},{"damage_healed":0,"gold_gain":0,"player_choice":"Obtained Book","damage_taken":16,"max_hp_gain":0,"max_hp_loss":0,"event_name":"Cursed Tome","floor":31,"gold_loss":0},{"damage_healed":0,"gold_gain":0,"player_choice":"Memory 1","damage_taken":0,"max_hp_gain":0,"max_hp_loss":0,"event_name":"SensoryStone","floor":37,"gold_loss":0},{"damage_healed":0,"gold_gain":0,"player_choice":"Upgraded","damage_taken":0,"max_hp_gain":0,"max_hp_loss":0,"event_name":"Upgrade Shrine","floor":45,"gold_loss":0,"cards_upgraded":["TalkToTheHand"]}],"is_beta":false,"boss_relics":[{"not_picked":["Busted Crown","Cursed Key"],"picked":"Ectoplasm"},{"not_picked":["Runic Pyramid","Runic Dome"],"picked":"Snecko Eye"}],"items_purged_floors":[38],"is_endless":false,"potions_floor_spawned":[1,14,16,18,29,30,33,35,39,42,54],"ascension_level":1}}