{"host":"dlskvfecb6rtl9z1","time":1609608008,"event":{"mods":["2.2 Compatiblity","AchievementEnabler","Aspiration","BaseMod","Better Third Choice","Colored Map","Colored Powertips","Downfall","Duelist Mod","Hermit","Hubris","Infinite Spire","KinomotoSakuraMod(????)","Koishi","Marisa????????","Minty Spire (QoL Compilation)","Remilia??????","Replay The Spire","Shop Mod","StSLib","Td1madao Mod","The Administrix","The Bug Knight","The Construct","The Cursed","The Disciple","The Hierophant","The Jungle","The Mystic","The Necromancer","The Runesmith","The Senshi","The Servant 0.9.4"],"gold_per_floor":[118,136,136,136,61,61,95,108,132,132,156,189,189,205,205,205,205],"floor_reached":16,"playtime":2500,"items_purged":["Defend_R"],"score":130,"play_id":"8c6ead01-8946-48fd-b0ac-56946d46b201","local_time":"20210102192008","is_ascension_mode":true,"campfire_choices":[{"data":"Clash","floor":6,"key":"SMITH"},{"data":"Rage","floor":13,"key":"SMITH"},{"data":"Rage","floor":15,"key":"SMITH"}],"circlet_count":0,"master_deck":["Strike_R","Strike_R","Strike_R","Strike_R","Defend_R","Defend_R","Bash","Clash+1","Power Through+1","Rage+1","Perfected Strike","Rage+1"],"relics":["Burning Blood","Kunai","Blue Doll","hubris:Towel","Regal Pillow","Replay:Bottled Steam"],"acts_visited":["Exordium"],"potions_floor_usage":[12,16,16],"damage_taken":[{"damage":15,"enemies":"Small Slimes","floor":1,"turns":3},{"damage":0,"enemies":"2 Louse","floor":2,"turns":2},{"damage":13,"enemies":"Gremlin Nob","floor":7,"turns":4},{"damage":0,"enemies":"Jaw Worm","floor":8,"turns":2},{"damage":44,"enemies":"3 Sentries","floor":12,"turns":14},{"damage":3,"enemies":"Blue Slaver","floor":14,"turns":2},{"damage":44,"enemies":"Hexaghost","floor":16,"turns":11}],"seed_played":"-4244233781412020822","potions_obtained":[{"floor":7,"key":"Guardian:BlockOnCardUsePotion"},{"floor":8,"key":"Dexterity Potion"},{"floor":14,"key":"Adrenaline Potion"}],"is_trial":false,"path_per_floor":["M","M","?","?","$","R","E","M","T","?","T","E","R","M","R","B"],"character_chosen":"IRONCLAD","items_purchased":[],"campfire_rested":0,"item_purchase_floors":[],"current_hp_per_floor":[79,85,78,78,78,78,71,77,77,77,77,39,39,42,42,0,0],"gold":205,"neow_bonus":"TEN_PERCENT_HP_BONUS","is_daily":false,"chose_seed":false,"campfire_upgraded":3,"win_rate":0.0,"timestamp":1609608008,"path_taken":["M","M","?","?","$","R","E","M","T","?","?","E","R","M","R","BOSS"],"items_purchased_type":[],"build_version":"2020-12-22","purchased_purges":1,"victory":false,"max_hp_per_floor":[88,88,88,88,88,88,88,88,88,88,88,88,88,88,88,88,88],"card_choices":[{"not_picked":["Headbutt","Twin Strike"],"picked":"Clash","floor":1},{"not_picked":["Heavy Blade","Power Through","Pummel"],"picked":"SKIP","floor":2},{"not_picked":["Replay:Undeath\u0027s Touch","Barricade"],"picked":"Rage","floor":7},{"not_picked":["Disarm","True Grit","Heavy Blade"],"picked":"SKIP","floor":8},{"not_picked":["Headbutt","Run Through"],"picked":"Perfected Strike","floor":12},{"not_picked":["Pummel","Replay:Undeath\u0027s Touch"],"picked":"Rage","floor":14}],"player_experience":111912,"relics_obtained":[{"floor":7,"key":"Kunai"},{"floor":9,"key":"Blue Doll"},{"floor":11,"key":"Regal Pillow"},{"floor":12,"key":"Replay:Bottled Steam"}],"event_choices":[{"cards_removed":["Defend_R"],"damage_healed":0,"gold_gain":0,"player_choice":"Card Removal","damage_taken":7,"max_hp_gain":0,"max_hp_loss":0,"event_name":"Golden Wing","floor":3,"gold_loss":0}],"is_beta":false,"boss_relics":[],"items_purged_floors":[5],"is_endless":false,"potions_floor_spawned":[7,8,14],"killed_by":"Hexaghost","ascension_level":4}}