{"host":"l60rmjjsfi0fipmi","time":1609629066,"event":{"mods":["BaseMod","Colored Map","DeckTracker","Highlight Path","Minty Spire (QoL Compilation)"],"gold_per_floor":[217,217,12,12,12,47,62,62,62,76,76,107,137,155,155,274,274,297,297,315,295,140,140,160,160,160,201,224,240,265,265,265],"floor_reached":31,"playtime":2800,"items_purged":["Strike_B"],"score":265,"play_id":"20760766-08b5-4e47-a64f-64841beec0aa","local_time":"20210102181106","is_ascension_mode":false,"campfire_choices":[{"data":"Redo","floor":8,"key":"SMITH"},{"floor":11,"key":"REST"},{"data":"Gash","floor":15,"key":"SMITH"},{"floor":23,"key":"REST"},{"floor":25,"key":"REST"}],"circlet_count":0,"master_deck":["Strike_B","Strike_B","Strike_B","Defend_B","Defend_B","Defend_B","Defend_B","Zap+1","Dualcast","Gash+1","Cold Snap","Loop","Redo+1","Undo","Gash","Coolheaded","Electrodynamics","Go for the Eyes","All For One","Rebound","RitualDagger","Creative AI","Stack+1","Conserve Battery","Hologram"],"relics":["Cracked Core","Golden Idol","Bottled Flame","Ornamental Fan","Pocketwatch","Odd Mushroom","SlaversCollar","Mercury Hourglass","Potion Belt"],"acts_visited":["Exordium","TheCity"],"potions_floor_usage":[6,12,16,27,29,30,30,31],"damage_taken":[{"damage":0,"enemies":"Small Slimes","floor":1,"turns":2},{"damage":24,"enemies":"3 Sentries","floor":6,"turns":5},{"damage":5,"enemies":"2 Louse","floor":7,"turns":2},{"damage":2,"enemies":"Jaw Worm","floor":10,"turns":2},{"damage":14,"enemies":"Lagavulin","floor":12,"turns":6},{"damage":0,"enemies":"The Mushroom Lair","floor":13,"turns":2},{"damage":6,"enemies":"Large Slime","floor":14,"turns":4},{"damage":4,"enemies":"The Guardian","floor":16,"turns":11},{"damage":35,"enemies":"2 Thieves","floor":18,"turns":4},{"damage":10,"enemies":"Shell Parasite","floor":20,"turns":6},{"damage":37,"enemies":"Snake Plant","floor":24,"turns":6},{"damage":22,"enemies":"Slavers","floor":27,"turns":4},{"damage":1,"enemies":"Cultist and Chosen","floor":28,"turns":4},{"damage":4,"enemies":"3 Cultists","floor":29,"turns":4},{"damage":0,"enemies":"Chosen and Byrds","floor":30,"turns":5},{"damage":4,"enemies":"Shelled Parasite and Fungi","floor":31,"turns":1}],"seed_played":"-903436008496305823","potions_obtained":[{"floor":1,"key":"AttackPotion"},{"floor":12,"key":"BlessingOfTheForge"},{"floor":14,"key":"BlessingOfTheForge"},{"floor":16,"key":"DistilledChaos"},{"floor":21,"key":"Ancient Potion"},{"floor":27,"key":"DistilledChaos"},{"floor":28,"key":"Explosive Potion"},{"floor":30,"key":"SpeedPotion"}],"is_trial":false,"path_per_floor":["M","?","$","?","?","E","M","R","T","M","R","E","?","M","R","B",null,"M","?","M","?","$","R","M","R","T","E","M","M","M","M"],"character_chosen":"DEFECT","items_purchased":["Cold Snap","Loop","Explosive Potion","Redo","Creative AI"],"campfire_rested":3,"item_purchase_floors":[3,3,3,3,22],"current_hp_per_floor":[75,69,69,74,74,50,45,45,45,43,65,51,51,45,45,41,74,39,33,23,23,23,45,8,30,30,8,7,3,3,0,0],"gold":265,"neow_bonus":"HUNDRED_GOLD","is_daily":false,"chose_seed":false,"campfire_upgraded":2,"win_rate":0.0,"timestamp":1609629066,"path_taken":["M","?","$","?","?","E","M","R","T","?","R","E","?","M","R","BOSS","M","?","M","?","$","R","M","R","T","E","M","?","M","M"],"items_purchased_type":["Card","Card","Potion","Card","Card"],"build_version":"2020-12-22","purchased_purges":1,"victory":false,"max_hp_per_floor":[75,69,69,74,74,74,74,74,74,74,74,74,74,74,74,74,74,74,74,74,74,74,74,74,74,74,74,74,74,74,74,74],"card_choices":[{"not_picked":["Doom and Gloom","Coolheaded"],"picked":"Gash","floor":1},{"not_picked":["Consume","Biased Cognition"],"picked":"Undo","floor":6},{"not_picked":["Turbo","Ball Lightning"],"picked":"Gash","floor":7},{"not_picked":["Force Field","Heatsinks"],"picked":"Coolheaded","floor":10},{"not_picked":["Coolheaded","Reinforced Body"],"picked":"Electrodynamics","floor":12},{"not_picked":["Turbo","Heatsinks"],"picked":"Go for the Eyes","floor":14},{"not_picked":["Thunder Strike","Hyperbeam"],"picked":"All For One","floor":16},{"not_picked":["Steam+1","Hello World"],"picked":"Rebound","floor":18},{"not_picked":["Force Field","Doom and Gloom","Compile Driver"],"picked":"SKIP","floor":20},{"not_picked":["Go for the Eyes","Rebound"],"picked":"Stack+1","floor":24},{"not_picked":["Fission","Tempest"],"picked":"Conserve Battery","floor":27},{"not_picked":["Sweeping Beam","Double Energy"],"picked":"Hologram","floor":28},{"not_picked":["Coolheaded","Streamline","Creative AI"],"picked":"SKIP","floor":29},{"not_picked":["Cold Snap","Compile Driver+1","Rebound"],"picked":"SKIP","floor":30}],"player_experience":193612,"relics_obtained":[{"floor":6,"key":"Bottled Flame"},{"floor":9,"key":"Ornamental Fan"},{"floor":12,"key":"Pocketwatch"},{"floor":13,"key":"Odd Mushroom"},{"floor":26,"key":"Mercury Hourglass"},{"floor":27,"key":"Potion Belt"}],"event_choices":[{"damage_healed":0,"gold_gain":0,"player_choice":"Lose Max HP","damage_taken":0,"relics_obtained":["Golden Idol"],"max_hp_gain":0,"max_hp_loss":6,"event_name":"Golden Idol","floor":2,"gold_loss":0},{"damage_healed":0,"gold_gain":0,"player_choice":"Donut","damage_taken":0,"max_hp_gain":5,"max_hp_loss":0,"event_name":"Big Fish","floor":4,"gold_loss":0},{"damage_healed":0,"gold_gain":0,"player_choice":"Grow","damage_taken":0,"max_hp_gain":0,"max_hp_loss":0,"event_name":"Living Wall","floor":5,"gold_loss":0,"cards_upgraded":["Zap"]},{"damage_healed":0,"gold_gain":0,"player_choice":"Fought Mushrooms","damage_taken":0,"max_hp_gain":0,"max_hp_loss":0,"event_name":"Mushrooms","floor":13,"gold_loss":0},{"damage_healed":0,"gold_gain":0,"player_choice":"Joined the Cult","damage_taken":6,"max_hp_gain":0,"max_hp_loss":0,"event_name":"Nest","floor":19,"gold_loss":0,"cards_obtained":["RitualDagger"]},{"damage_healed":0,"gold_gain":0,"player_choice":"Bought 1 Potion","damage_taken":0,"max_hp_gain":0,"max_hp_loss":0,"event_name":"The Woman in Blue","floor":21,"gold_loss":0}],"is_beta":false,"boss_relics":[{"not_picked":["FrozenCore","Cursed Key"],"picked":"SlaversCollar"}],"items_purged_floors":[22],"is_endless":false,"potions_floor_spawned":[1,12,14,16,27,28,30],"killed_by":"Shelled Parasite and Fungi","ascension_level":0}}