{"host":"x1qj4d8ympd5jdqh","time":1609585307,"event":{"mods":["AchievementEnabler","AlwaysNeverKeys","BaseMod","Colored Map","Custom Start","DeckTracker","Highlight Path","Minty Spire (QoL Compilation)","StSLib","SuperFastMode"],"gold_per_floor":[113,113,38,61,8,47,47,72,95,95,104,131,153,182,182,268,268,281,281,300,15,32,32,32,32],"floor_reached":24,"playtime":637,"items_purged":["Strike_R"],"score":428,"play_id":"0e513359-1a9b-4779-a55d-81dc45bb95f6","local_time":"20210102200147","is_ascension_mode":true,"campfire_choices":[{"data":"Bludgeon","floor":7.0,"key":"SMITH"},{"floor":10.0,"key":"REST"},{"data":"Armaments","floor":15,"key":"SMITH"},{"floor":23,"key":"REST"}],"circlet_count":0,"master_deck":["AscendersBane","Strike_R","Defend_R","Defend_R","Defend_R","Defend_R","Bash","Bludgeon+1","Armaments+1","Combust","Fire Breathing","Fiend Fire","Body Slam","Bloodletting","Reaper","Battle Trance","Demon Form"],"relics":["Burning Blood","CeramicFish","Centennial Puzzle","Mummified Hand","Omamori","Empty Cage"],"acts_visited":["Exordium","TheCity"],"potions_floor_usage":[12,16,18,22,24],"damage_taken":[{"damage":2.0,"enemies":"2 Louse","floor":1.0,"turns":3.0},{"damage":7.0,"enemies":"Small Slimes","floor":4.0,"turns":6.0},{"damage":38.0,"enemies":"Lagavulin","floor":6.0,"turns":9.0},{"damage":35.0,"enemies":"3 Sentries","floor":8.0,"turns":7.0},{"damage":10,"enemies":"Lagavulin","floor":12,"turns":4},{"damage":1,"enemies":"Cultist","floor":13,"turns":2},{"damage":8,"enemies":"Large Slime","floor":14,"turns":4},{"damage":7,"enemies":"Slime Boss","floor":16,"turns":5},{"damage":38,"enemies":"Shell Parasite","floor":18,"turns":6},{"damage":25,"enemies":"Spheric Guardian","floor":20,"turns":5},{"damage":21,"enemies":"Cultist and Chosen","floor":22,"turns":5},{"damage":31,"enemies":"Slavers","floor":24,"turns":2}],"seed_played":"1951186055514190674","potions_obtained":[{"floor":6.0,"key":"BloodPotion"},{"floor":8.0,"key":"FearPotion"},{"floor":14,"key":"Block Potion"},{"floor":16,"key":"HeartOfIron"}],"is_trial":false,"path_per_floor":["M","?","?","M","$","E","R","E","T","R","?","E","M","M","R","B",null,"M","?","M","$","M","R","E"],"character_chosen":"IRONCLAD","items_purchased":["FearPotion","Demon Form","Energy Potion"],"campfire_rested":2,"item_purchase_floors":[5,21,21],"current_hp_per_floor":[72,54,54,53,53,21,21,7,7,29,29,25,30,28,28,27,63,35,35,20,20,11,33,14,14],"gold":32,"neow_bonus":"ONE_RANDOM_RARE_CARD","is_daily":false,"chose_seed":false,"campfire_upgraded":2,"win_rate":0.0,"timestamp":1609585307,"path_taken":["M","?","?","M","$","E","R","E","T","R","?","E","?","M","R","BOSS","M","?","M","$","M","R","E"],"items_purchased_type":["Potion","Card","Potion"],"build_version":"2020-12-22","purchased_purges":1,"victory":false,"max_hp_per_floor":[75,75,75,75,75,75,75,75,75,75,75,75,75,75,75,75,75,75,75,75,75,75,75,75,75],"card_choices":[{"not_picked":["Sword Boomerang","Heavy Blade"],"picked":"Armaments","floor":1.0},{"not_picked":["Sever Soul","Clothesline"],"picked":"Combust","floor":4.0},{"not_picked":["Rupture","Body Slam"],"picked":"Fire Breathing","floor":6.0},{"not_picked":["Perfected Strike","Blood for Blood","Rampage"],"picked":"SKIP","floor":8.0},{"not_picked":["Metallicize","Disarm","Feel No Pain"],"picked":"SKIP","floor":12},{"not_picked":["Thunderclap","Rupture"],"picked":"Body Slam","floor":13},{"not_picked":["Sentinel","Disarm"],"picked":"Bloodletting","floor":14},{"not_picked":["Exhume","Bludgeon"],"picked":"Reaper","floor":16},{"not_picked":["Rampage","Wild Strike","Thunderclap"],"picked":"SKIP","floor":18},{"not_picked":["Warcry","Feel No Pain"],"picked":"Battle Trance","floor":20},{"not_picked":["Clothesline","Armaments+1","Pommel Strike"],"picked":"SKIP","floor":22}],"player_experience":1304135,"relics_obtained":[{"floor":6.0,"key":"Centennial Puzzle"},{"floor":8.0,"key":"Mummified Hand"},{"floor":9.0,"key":"Omamori"}],"event_choices":[{"damage_healed":0.0,"max_hp_gain":0.0,"max_hp_loss":0.0,"gold_gain":0.0,"event_name":"Scrap Ooze","player_choice":"Success","floor":2.0,"gold_loss":0.0,"damage_taken":18.0,"relics_obtained":["CeramicFish"]},{"cards_removed":["Strike_R"],"damage_healed":0.0,"max_hp_gain":0.0,"max_hp_loss":0.0,"gold_gain":0.0,"event_name":"The Cleric","player_choice":"Card Removal","floor":3.0,"gold_loss":75.0,"damage_taken":0.0},{"damage_healed":0,"gold_gain":0,"player_choice":"1 cards matched","damage_taken":0,"max_hp_gain":0,"max_hp_loss":0,"event_name":"Match and Keep!","floor":11,"gold_loss":0,"cards_obtained":["Fiend Fire"]},{"damage_healed":0,"gold_gain":0,"player_choice":"Ignored","damage_taken":0,"max_hp_gain":0,"max_hp_loss":0,"event_name":"Vampires","floor":19,"gold_loss":0}],"is_beta":false,"boss_relics":[{"not_picked":["Black Star","Tiny House"],"picked":"Empty Cage"}],"items_purged_floors":[21],"is_endless":false,"potions_floor_spawned":[6,8,14,16],"killed_by":"Slavers","ascension_level":20}}