{"host":"lhth1efayex2023z","time":1609562182,"event":{"mods":["BaseMod","Colored Map","Googly Eyes","Minty Spire (QoL Compilation)","StSLib"],"gold_per_floor":[116,169,169,184,63,94,94,143,143,171,186,186,217,277,277,350,350,367,292,312,347,262,295,295,329,353,353,367,396,408,454,466,555,567,597,413,432,443,460,489,504,535,609,629,92,92,102,117,117,117],"floor_reached":51,"playtime":2197,"items_purged":["Strike_G","Defend_G","Venomology+1"],"score":1712,"play_id":"943395fb-7c22-484e-950e-ab757494b03d","local_time":"20210101213622","is_ascension_mode":true,"campfire_choices":[{"data":"Venomology","floor":7.0,"key":"SMITH"},{"data":"Prepared","floor":15.0,"key":"SMITH"},{"data":"Burst","floor":24,"key":"SMITH"},{"data":"Envenom","floor":30,"key":"SMITH"},{"data":"Choke","floor":32,"key":"SMITH"},{"data":"Impatience","floor":46,"key":"SMITH"},{"data":"Adrenaline","floor":49,"key":"SMITH"}],"circlet_count":0,"master_deck":["AscendersBane","Defend_G","Defend_G","Defend_G","Survivor","Neutralize","Flying Knee+1","Deflect+1","Choke+1","Backflip","Blade Dance","Prepared+1","Burst+1","Envenom+1","Blade Dance","Cloak And Dagger+1","Adrenaline+1","Impatience+1","Blur"],"relics":["Astrolabe","Ginger","PreservedInsect","Darkstone Periapt","Bag of Preparation","Ancient Tea Set","Letter Opener","Coffee Dripper","Red Mask","Molten Egg 2","Bag of Marbles","CaptainsWheel","Regal Pillow","MawBank","Centennial Puzzle","Sozu","Eternal Feather","Du-Vu Doll","Bottled Flame","Singing Bowl","MealTicket"],"acts_visited":["Exordium","TheCity","TheBeyond"],"potions_floor_usage":[16,16,16,18,20,21,23,25,28,28,29,29,31,33,50],"damage_taken":[{"damage":0.0,"enemies":"Small Slimes","floor":1.0,"turns":3.0},{"damage":1.0,"enemies":"Jaw Worm","floor":4.0,"turns":2.0},{"damage":8.0,"enemies":"Gremlin Nob","floor":6.0,"turns":3.0},{"damage":7.0,"enemies":"Lagavulin","floor":8.0,"turns":6.0},{"damage":0.0,"enemies":"3 Sentries","floor":10.0,"turns":2.0},{"damage":0.0,"enemies":"Cultist","floor":11.0,"turns":2.0},{"damage":1.0,"enemies":"Lagavulin","floor":13.0,"turns":4.0},{"damage":5.0,"enemies":"3 Sentries","floor":14.0,"turns":7.0},{"damage":0,"enemies":"Slime Boss","floor":16,"turns":9},{"damage":0,"enemies":"3 Byrds","floor":18,"turns":3},{"damage":2,"enemies":"Shell Parasite","floor":20,"turns":3},{"damage":0,"enemies":"Masked Bandits","floor":21,"turns":3},{"damage":10,"enemies":"Book of Stabbing","floor":23,"turns":4},{"damage":0,"enemies":"Gremlin Leader","floor":25,"turns":3},{"damage":0,"enemies":"3 Cultists","floor":28,"turns":3},{"damage":8,"enemies":"Slavers","floor":29,"turns":4},{"damage":0,"enemies":"Book of Stabbing","floor":31,"turns":2},{"damage":51,"enemies":"Automaton","floor":33,"turns":8},{"damage":2,"enemies":"3 Shapes","floor":35,"turns":3},{"damage":0,"enemies":"Orb Walker","floor":37,"turns":2},{"damage":5,"enemies":"Maw","floor":38,"turns":5},{"damage":0,"enemies":"3 Darklings","floor":39,"turns":3},{"damage":0,"enemies":"Nemesis","floor":40,"turns":3},{"damage":0,"enemies":"Sphere and 2 Shapes","floor":41,"turns":3},{"damage":0,"enemies":"Giant Head","floor":42,"turns":4},{"damage":0,"enemies":"Transient","floor":44,"turns":5},{"damage":0,"enemies":"Maw","floor":47,"turns":2},{"damage":0,"enemies":"Jaw Worm Horde","floor":48,"turns":2},{"damage":7,"enemies":"Awakened One","floor":50,"turns":5}],"seed_played":"-3248837455467807929","potions_obtained":[{"floor":1.0,"key":"DistilledChaos"},{"floor":6.0,"key":"ColorlessPotion"},{"floor":11.0,"key":"Weak Potion"},{"floor":20,"key":"SneckoOil"},{"floor":23,"key":"Strength Potion"},{"floor":25,"key":"Block Potion"},{"floor":33,"key":"ColorlessPotion"}],"is_trial":false,"path_per_floor":["M","?","?","M","$","E","R","E","T","E","M","?","E","?","R","B",null,"M","?","M","?","?","E","R","E","T","?","M","E","R","E","R","B",null,"M","$","M","M","M","E","M","E","T","M","$","R","M","M","R","B",null],"character_chosen":"THE_SILENT","items_purchased":["Backflip","Impatience","Singing Bowl","MealTicket"],"campfire_rested":0,"item_purchase_floors":[5,36,45,45],"current_hp_per_floor":[59,59,59,58,58,50,50,43,43,43,43,43,42,37,37,37,59,59,59,57,57,57,47,47,47,47,47,47,39,39,39,39,19,54,52,52,52,47,47,47,47,47,47,47,47,56,58,60,69,62],"gold":117,"neow_bonus":"BOSS_RELIC","is_daily":false,"chose_seed":false,"campfire_upgraded":7,"win_rate":0.0,"timestamp":1609562182,"path_taken":["M","?","?","?","$","E","R","E","T","E","M","?","E","?","R","BOSS","M","?","M","?","?","E","R","E","T","?","M","E","R","E","R","BOSS","M","$","M","M","M","E","M","E","T","M","$","R","M","M","R","BOSS"],"items_purchased_type":["Card","Card","Relic","Relic"],"build_version":"2020-12-22","purchased_purges":3,"victory":true,"max_hp_per_floor":[66,66,66,66,66,66,66,66,66,66,66,66,66,66,66,66,66,66,66,66,66,66,66,66,66,66,66,66,66,66,66,66,66,66,66,66,66,66,66,66,66,66,66,66,66,66,68,70,70,70],"card_choices":[{"not_picked":["Slice","Concentrate"],"picked":"Choke","floor":1.0},{"not_picked":["Slice","Deflect","Well Laid Plans"],"picked":"SKIP","floor":4.0},{"not_picked":["Choke","Dagger Spray"],"picked":"Venomology","floor":6.0},{"not_picked":["Bane","Flying Knee","Skewer"],"picked":"SKIP","floor":8.0},{"not_picked":["Dagger Throw","Dodge and Roll"],"picked":"Blade Dance","floor":10.0},{"not_picked":["Slice","PiercingWail","Poisoned Stab"],"picked":"SKIP","floor":11.0},{"not_picked":["Dash","A Thousand Cuts"],"picked":"Prepared","floor":13.0},{"not_picked":["Phantasmal Killer","Tools of the Trade"],"picked":"Burst","floor":16},{"not_picked":["Slice","Dagger Throw","Quick Slash+1"],"picked":"SKIP","floor":18},{"not_picked":["Underhanded Strike","Flying Knee","Skewer"],"picked":"SKIP","floor":20},{"not_picked":["Quick Slash+1","After Image"],"picked":"Envenom","floor":23},{"not_picked":["Noxious Fumes","Outmaneuver","Dash+1"],"picked":"SKIP","floor":25},{"not_picked":["Predator+1","Prepared"],"picked":"Cloak And Dagger+1","floor":28},{"not_picked":["Glass Knife+1","Eviscerate+1","Dash+1"],"picked":"SKIP","floor":29},{"not_picked":["Poisoned Stab+1","Expertise","Backflip"],"picked":"SKIP","floor":31},{"not_picked":["Wraith Form v2","Unload+1"],"picked":"Adrenaline","floor":33},{"not_picked":["Outmaneuver","Bane+1","Dagger Spray+1"],"picked":"SKIP","floor":35},{"not_picked":["Outmaneuver","Dagger Throw+1"],"picked":"Blur","floor":37},{"not_picked":["Eviscerate+1","Choke+1","Outmaneuver"],"picked":"SKIP","floor":38},{"not_picked":["Eviscerate+1","Choke+1","Outmaneuver"],"picked":"SKIP","floor":38},{"not_picked":["Heel Hook+1","Distraction","Poisoned Stab+1"],"picked":"SKIP","floor":39},{"not_picked":["Blur","Slice+1","Skewer+1"],"picked":"SKIP","floor":40},{"not_picked":["Backflip+1","Prepared","Outmaneuver"],"picked":"SKIP","floor":41},{"not_picked":["Noxious Fumes+1","Wraith Form v2","Flechettes+1"],"picked":"SKIP","floor":42},{"not_picked":["Dagger Throw+1","Dodge and Roll","Slice+1"],"picked":"SKIP","floor":44},{"not_picked":["Escape Plan","Deadly Poison+1","Dagger Spray+1"],"picked":"Singing Bowl","floor":47},{"not_picked":["Setup","Well Laid Plans","Infinite Blades"],"picked":"Singing Bowl","floor":48}],"player_experience":445658,"relics_obtained":[{"floor":6.0,"key":"Ginger"},{"floor":8.0,"key":"PreservedInsect"},{"floor":9.0,"key":"Darkstone Periapt"},{"floor":10.0,"key":"Bag of Preparation"},{"floor":13.0,"key":"Ancient Tea Set"},{"floor":14.0,"key":"Letter Opener"},{"floor":21,"key":"Red Mask"},{"floor":23,"key":"Bag of Marbles"},{"floor":25,"key":"CaptainsWheel"},{"floor":26,"key":"Regal Pillow"},{"floor":29,"key":"MawBank"},{"floor":31,"key":"Centennial Puzzle"},{"floor":40,"key":"Eternal Feather"},{"floor":42,"key":"Du-Vu Doll"},{"floor":43,"key":"Bottled Flame"}],"event_choices":[{"damage_healed":0.0,"max_hp_gain":0.0,"max_hp_loss":0.0,"gold_gain":53.0,"event_name":"Golden Wing","player_choice":"Gained Gold","floor":2.0,"gold_loss":0.0,"damage_taken":0.0},{"cards_removed":["Strike_G"],"damage_healed":0.0,"max_hp_gain":0.0,"max_hp_loss":0.0,"gold_gain":0.0,"event_name":"Bonfire Elementals","player_choice":"Offered Basic","floor":3.0,"gold_loss":0.0,"damage_taken":0.0},{"cards_removed":["Strike_G"],"damage_healed":0.0,"max_hp_gain":0.0,"max_hp_loss":0.0,"gold_gain":0.0,"event_name":"Living Wall","player_choice":"Forget","floor":12.0,"gold_loss":0.0,"damage_taken":0.0},{"damage_healed":0.0,"max_hp_gain":0.0,"max_hp_loss":0.0,"gold_gain":0.0,"event_name":"Dead Adventurer","player_choice":"Searched \u00271\u0027 times","floor":14.0,"gold_loss":0.0,"damage_taken":0.0},{"cards_removed":["Poisoned Stab"],"damage_healed":0,"gold_gain":0,"player_choice":"Gave Gold","damage_taken":0,"max_hp_gain":0,"max_hp_loss":0,"event_name":"Beggar","floor":19,"gold_loss":75},{"damage_healed":0,"gold_gain":0,"player_choice":"Fought Bandits","damage_taken":0,"max_hp_gain":0,"max_hp_loss":0,"event_name":"Masked Bandits","floor":21,"gold_loss":0},{"damage_healed":0,"gold_gain":0,"player_choice":"Obtained Relic","damage_taken":0,"relics_obtained":["Molten Egg 2"],"max_hp_gain":0,"max_hp_loss":0,"event_name":"Addict","floor":22,"gold_loss":85},{"damage_healed":0,"gold_gain":0,"player_choice":"Read","damage_taken":0,"max_hp_gain":0,"max_hp_loss":0,"event_name":"The Library","floor":27,"gold_loss":0,"cards_obtained":["Blade Dance"]}],"is_beta":false,"boss_relics":[{"not_picked":["Velvet Choker","Snecko Eye"],"picked":"Coffee Dripper"},{"not_picked":["Tiny House","Pandora\u0027s Box"],"picked":"Sozu"}],"items_purged_floors":[5,36,45],"is_endless":false,"potions_floor_spawned":[1,6,11,20,23,25,29,33,37,41,42,44,47,48],"ascension_level":14}}