{"host":"eeeqmyc7a1933jos","time":1609600157,"event":{"mods":["2.2 Compatiblity","Act Like it!","BaseMod","CapriCore","Colored Powertips","Conspire","Downfall","Elementarium","Friendly Minions","Gensokyo","GifTheSpireLib","Gremlin Mod","Hallownest","Hermit","Hubris","Infinite Spire","Jorbs\u0027s Wanderer Trilogy","Marisa????????","Mimic Mod","Minty Spire (QoL Compilation)","Pale of the Ancients","Random Character Button","Random Character Mod","Reimu??????","Relic Sorter","Relic Stats","Replay The Spire","SIMod","Shade Mod","StSLib","The Administrix","The Bug Knight","The Hierophant","The Immortal","The Mystic","The Runesmith","The Senshi","The Vixen","TheBandit","TheFirefly","TheVacant","Wandering Minibosses"],"gold_per_floor":[115,115,129,129,143,143,169,169,169,169,203,236,236,236,236,340,340,356,375,46,46,63,63,63,63,63,63,79,93,104,121,121,218,218,247,4,4,37,74,74,135,135,159,221,221,270,319,393,393,413],"floor_reached":51,"playtime":3593,"items_purged":["Gremlin:Strike","Gremlin:Defend"],"score":818,"play_id":"090b4ce4-71a1-4ab7-824d-dc1729c7934e","local_time":"20210102160917","is_ascension_mode":true,"campfire_choices":[{"data":"Gremlin:Unforgiving","floor":6.0,"key":"SMITH"},{"data":"Gremlin:TagTeam","floor":10.0,"key":"SMITH"},{"data":"Gremlin:FollowThrough","floor":13.0,"key":"SMITH"},{"data":"Gremlin:Pinprick","floor":15.0,"key":"SMITH"},{"floor":32,"key":"REST"},{"data":"Gremlin:CounterStrike","floor":40,"key":"SMITH"},{"data":"Gremlin:PinNeedle","floor":42,"key":"SMITH"},{"data":"Gremlin:BubbleBarrier","floor":49,"key":"SMITH"}],"circlet_count":0,"master_deck":["Gremlin:Strike+1","Gremlin:Strike+1","Gremlin:Strike+1","Gremlin:Defend+1","Gremlin:Defend+1","Gremlin:TagTeam+1","Gremlin:GremlinDance+1","Gremlin:Unforgiving+1","Gremlin:FeelTheAudience+1","Gremlin:TwistTheKnife+1","Gremlin:FollowThrough+1","Gremlin:CatScratch+1","Gremlin:Pinprick+1","Gremlin:GlitterGuard+1","PartyCana+1","Winterwrapup+1","Tornado+1","Gremlin:Changeo+1","Gremlin:RageBreak+1","wanderingMiniBosses:FinaleOfPromise+1","Gremlin:Irritability+1","Yay+1","Gremlin:SecondVolley+1","Louder+1","Gremlin:CounterStrike+1","Gremlin:Pinprick+1","Gremlin:PinNeedle+1","Madness","Madness","Gremlin:FollowThrough+1","TenInstruments","Gremlin:BubbleBarrier+1"],"relics":["Gremlin:GremlinKnob","Hallownest:DreamNailRelic","Shuriken","hubris:DisguiseKit","PreservedInsect","Darkstone Periapt","hubris:Towel","Ring of Chaos","hubris:Metronome","hubris:BottledHeart","Garlic","wanderingMiniBosses:Blackblade","infinitespire:EvilPickle","SlaversCollar","Replay:Bandana","Mark of the Bloom","infinitespire:Satchel","HollowMod:PaleOreRelic"],"acts_visited":["Exordium","TheCity","TheBeyond"],"potions_floor_usage":[28,33,39,50,50,50],"damage_taken":[{"damage":6.0,"enemies":"Hallownest:monsterHuskGuard","floor":1.0,"turns":6.0},{"damage":0.0,"enemies":"Hallownest:2_Tiktiks_and_1_Crawlid","floor":3.0,"turns":2.0},{"damage":0.0,"enemies":"Hallownest:monsterHuskWarrior","floor":5.0,"turns":3.0},{"damage":38.0,"enemies":"Hallownest:eliteCrystalGuardian","floor":7.0,"turns":6.0},{"damage":4.0,"enemies":"Hallownest:eliteMossKnight","floor":11.0,"turns":5.0},{"damage":8.0,"enemies":"Hallownest:eliteCrystalGuardian","floor":12.0,"turns":4.0},{"damage":56.0,"enemies":"Hallownest:BossFalseKnight","floor":16.0,"turns":8.0},{"damage":2.0,"enemies":"3 Byrds","floor":18.0,"turns":4.0},{"damage":3.0,"enemies":"Shell Parasite","floor":19.0,"turns":7.0},{"damage":15,"enemies":"Centurion and Healer","floor":22,"turns":4},{"damage":15,"enemies":"Sentry and Sphere","floor":28,"turns":6},{"damage":0,"enemies":"Chosen and Byrds","floor":29,"turns":2},{"damage":0,"enemies":"3 Cultists","floor":30,"turns":3},{"damage":0,"enemies":"Snecko","floor":31,"turns":4},{"damage":0,"enemies":"Pondfish","floor":33,"turns":3},{"damage":10,"enemies":"3 Darklings","floor":35,"turns":3},{"damage":0,"enemies":"3 Shapes","floor":38,"turns":4},{"damage":5,"enemies":"Spire Growth","floor":39,"turns":4},{"damage":0,"enemies":"HollowMod:StalkingDevout","floor":41,"turns":1},{"damage":0,"enemies":"3 Darklings","floor":44,"turns":2},{"damage":0,"enemies":"Sphere and 2 Shapes","floor":46,"turns":1},{"damage":8,"enemies":"4 Shapes","floor":47,"turns":2},{"damage":0,"enemies":"3 Darklings","floor":48,"turns":2},{"damage":2,"enemies":"conspire:OrnateMirror","floor":50,"turns":6}],"seed_played":"-5463270389984016939","potions_obtained":[{"floor":11.0,"key":"EssenceOfSteel"},{"floor":16.0,"key":"AttackPotion"},{"floor":18.0,"key":"Elixir"},{"floor":19.0,"key":"AttackPotion"},{"floor":22,"key":"ColorlessPotion"},{"floor":30,"key":"DistilledChaos"},{"floor":35,"key":"Death Potion"},{"floor":41,"key":"Ancient Potion"},{"floor":44,"key":"SteroidPotion"}],"is_trial":false,"path_per_floor":["M","?","M","?","M","R","E","R","T","R","E","?","R","?","R","B",null,"M","M","$","?","M","R","?","R","T","R","M","M","M","M","R","B",null,"M","$","?","M","M","R","E","R","T","M","?","M","M","M","R","B",null],"character_chosen":"GREMLIN","items_purchased":["hubris:Metronome","Replay:Bandana"],"campfire_rested":1,"item_purchase_floors":[20,36],"current_hp_per_floor":[20,20,20,11,20,20,14,14,14,14,14,9,9,9,9,3,19,19,17,17,1,6,6,6,6,6,6,15,8,6,8,12,15,15,6,6,6,15,10,10,6,6,6,14,12,15,15,6,6,15],"gold":413,"neow_bonus":"THREE_RARE_CARDS","is_daily":false,"chose_seed":false,"campfire_upgraded":7,"win_rate":0.0,"timestamp":1609600157,"path_taken":["M","?","?","?","M","R","E","R","T","R","E","?","R","?","R","BOSS","M","M","$","?","M","R","?","R","T","R","M","M","?","M","R","BOSS","M","$","?","M","M","R","E","R","T","M","?","M","M","M","R","BOSS"],"items_purchased_type":["Relic","Relic"],"build_version":"2020-12-22","purchased_purges":2,"victory":true,"max_hp_per_floor":[20,20,20,20,20,20,20,19,19,19,19,19,19,19,19,19,19,19,19,19,15,15,15,15,15,15,15,15,15,15,15,15,15,15,15,15,15,15,15,15,15,15,15,15,15,15,15,15,15,15],"relic_stats":{"Darkstone Periapt":0,"Mark of the Bloom":0,"counters":[24,92],"Shuriken":[50],"PreservedInsect":83,"obtain_stats":[{"Darkstone Periapt":12,"hubris:DisguiseKit":9,"hubris:Metronome":20,"Mark of the Bloom":37,"PreservedInsect":11,"Ring of Chaos":17,"Hallownest:DreamNailRelic":2,"hubris:Towel":14,"infinitespire:EvilPickle":33,"SlaversCollar":34,"Replay:Bandana":36,"wanderingMiniBosses:Blackblade":28,"Shuriken":7,"hubris:BottledHeart":21,"Gremlin:GremlinKnob":0,"infinitespire:Satchel":41,"Garlic":26,"HollowMod:PaleOreRelic":43},{"Darkstone Periapt":6,"hubris:DisguiseKit":4,"hubris:Metronome":9,"Mark of the Bloom":16,"PreservedInsect":5,"Ring of Chaos":7,"Hallownest:DreamNailRelic":1,"hubris:Towel":6,"infinitespire:EvilPickle":15,"SlaversCollar":15,"Replay:Bandana":16,"wanderingMiniBosses:Blackblade":11,"Shuriken":4,"hubris:BottledHeart":9,"Gremlin:GremlinKnob":0,"infinitespire:Satchel":19,"Garlic":10,"HollowMod:PaleOreRelic":19},{"Darkstone Periapt":26,"hubris:DisguiseKit":17,"hubris:Metronome":45,"Mark of the Bloom":70,"PreservedInsect":22,"Ring of Chaos":34,"Hallownest:DreamNailRelic":6,"hubris:Towel":26,"infinitespire:EvilPickle":67,"SlaversCollar":67,"Replay:Bandana":70,"wanderingMiniBosses:Blackblade":55,"Shuriken":17,"hubris:BottledHeart":45,"Gremlin:GremlinKnob":0,"infinitespire:Satchel":79,"Garlic":49,"HollowMod:PaleOreRelic":79}]},"card_choices":[{"not_picked":["Gremlin:Fury","Gremlin:TargetWeakness"],"picked":"Gremlin:Unforgiving","floor":0.0},{"not_picked":["Gremlin:TwistTheKnife","Gremlin:PourSalt"],"picked":"Gremlin:FeelTheAudience","floor":1.0},{"not_picked":["Gremlin:Presto","Gremlin:PourSalt"],"picked":"Gremlin:TwistTheKnife","floor":3.0},{"not_picked":["Gremlin:Irritability","Gremlin:BubbleBarrier"],"picked":"Gremlin:FollowThrough","floor":5.0},{"not_picked":["Gremlin:Stupend","Gremlin:GlitterGuard"],"picked":"Gremlin:CatScratch","floor":7.0},{"not_picked":["Gremlin:Raid","Gremlin:Flurry","Boundary"],"picked":"Gremlin:Pinprick","floor":11.0},{"not_picked":["Gremlin:EdibleArmor","Gremlin:Tadah","Honesty"],"picked":"Gremlin:GlitterGuard","floor":12.0},{"not_picked":["Gremlin:Unforgiving","Gremlin:Exacerbate","Gremlin:CongaLine"],"picked":"PartyCana","floor":16.0},{"not_picked":["Gremlin:Jeer","Gremlin:EdibleArmor+1","Gremlin:PourSalt"],"picked":"Winterwrapup","floor":18.0},{"not_picked":["Gremlin:BubbleBarrier","Gremlin:Polish+1","Gremlin:Tricksy"],"picked":"Tornado","floor":19.0},{"not_picked":["Gremlin:DaggerDance+1","Gremlin:Raid","CheerUp"],"picked":"Gremlin:Changeo","floor":22},{"not_picked":[],"picked":"wanderingMiniBosses:FinaleOfPromise","floor":28},{"not_picked":["Gremlin:Pretaliation","Gremlin:SharpenBlades+1","Celebrities"],"picked":"Gremlin:Irritability+1","floor":28},{"not_picked":["Gremlin:GremlinArms","Gremlin:Astound","Gremlin:TwistTheKnife","ISayNo"],"picked":"SKIP","floor":29},{"not_picked":["Gremlin:Pretaliation","Gremlin:Glimmer","Gremlin:ShowStopper","Magic_Beam"],"picked":"SKIP","floor":30},{"not_picked":["Gremlin:Changeo+1","Gremlin:AggressiveDefense","Gremlin:Mockery"],"picked":"Yay","floor":31},{"not_picked":["Gremlin:FairyDust","Gremlin:TargetWeakness","Sisterhood"],"picked":"Gremlin:SecondVolley","floor":33},{"not_picked":["Gremlin:Changeo","Gremlin:GlitterGuard+1","Gremlin:Necromancy"],"picked":"Louder","floor":35},{"not_picked":["Gremlin:PourSalt","Gremlin:Jeer","PartyAlone"],"picked":"Gremlin:CounterStrike","floor":38},{"not_picked":["Gremlin:Stupend+1","Gremlin:SharpenBlades","Anxiousness"],"picked":"Gremlin:Pinprick+1","floor":39},{"not_picked":["Gremlin:ShowOfHands+1","Gremlin:ArmsTheft+1","Tornado"],"picked":"Gremlin:PinNeedle","floor":41},{"not_picked":["Gremlin:SharpenBlades","Gremlin:Pretaliation","Gremlin:AggressiveDefense+1","Magic_Beam"],"picked":"SKIP","floor":44},{"not_picked":["Gremlin:TargetWeakness","Gremlin:Jeer","Tornado"],"picked":"Gremlin:FollowThrough+1","floor":46},{"not_picked":["Gremlin:BulkUp+1","Gremlin:TwistTheKnife","Gremlin:Patsy+1"],"picked":"TenInstruments","floor":47},{"not_picked":["Gremlin:Irritability+1","Gremlin:AggressiveDefense","SwiftKick"],"picked":"Gremlin:BubbleBarrier","floor":48}],"player_experience":1395336,"relics_obtained":[{"floor":7.0,"key":"Shuriken"},{"floor":9.0,"key":"hubris:DisguiseKit"},{"floor":11.0,"key":"PreservedInsect"},{"floor":12.0,"key":"Darkstone Periapt"},{"floor":26,"key":"Garlic"},{"floor":28,"key":"wanderingMiniBosses:Blackblade"},{"floor":41,"key":"infinitespire:Satchel"},{"floor":43,"key":"HollowMod:PaleOreRelic"}],"event_choices":[{"damage_healed":0,"gold_gain":0,"cards_transformed":["Gremlin:Defend"],"player_choice":"Transformed","damage_taken":0,"max_hp_gain":0,"max_hp_loss":0,"event_name":"Transmorgrifier","floor":24,"gold_loss":0,"cards_obtained":["Gremlin:RageBreak"]},{"damage_healed":0,"gold_gain":0,"player_choice":"Upgrade","damage_taken":0,"relics_obtained":["Mark of the Bloom"],"max_hp_gain":0,"max_hp_loss":0,"event_name":"MindBloom","floor":37,"gold_loss":0,"cards_upgraded":["Gremlin:Strike","Gremlin:Strike","Gremlin:Strike","Gremlin:Defend","Gremlin:Defend","Gremlin:GremlinDance","Gremlin:FeelTheAudience","Gremlin:TwistTheKnife","Gremlin:CatScratch","Gremlin:GlitterGuard","PartyCana","Winterwrapup","Tornado","Gremlin:Changeo","Gremlin:RageBreak","wanderingMiniBosses:FinaleOfPromise","Yay","Gremlin:SecondVolley","Louder"]},{"damage_healed":0,"gold_gain":0,"player_choice":"Embrace Madness","damage_taken":2,"max_hp_gain":0,"max_hp_loss":0,"event_name":"Winding Halls","floor":45,"gold_loss":0,"cards_obtained":["Madness","Madness"]}],"is_beta":false,"boss_relics":[{"not_picked":["Replay:Wanted Poster","Runesmith:UraniumAnvil"],"picked":"Ring of Chaos"},{"not_picked":["Pandora\u0027s Box","ReplayTheSpireMod:SealedPack"],"picked":"SlaversCollar"}],"items_purged_floors":[20,36],"is_endless":false,"potions_floor_spawned":[11,16,18,19,22,30,35,41,44],"ascension_level":2}}