{"host":"kpklgwyuz86bov3e","time":1609562159,"event":{"mods":["Aspiration","BaseMod","Better Third Choice","BetterRewards","Conspire","Energized Spire","GifTheSpireLib","Halation","Highlight Path","Hubris","Jedi Mod","Minty Spire (QoL Compilation)","Permanent Neow","Relic Sorter","Replay The Spire","Shop Mod","Spicy Shops","Spikes Relics","StSLib","Stuff the Spire","The Blue Laboratory","Waifu the Spire","slay the spire mod where everything is the same but ironclad has a cowboy hat"],"gold_per_floor":[116,116,116,176,203,244,256,268,332,344,344],"floor_reached":10,"playtime":557,"items_purged":[],"score":67,"play_id":"56c5022c-19b0-472d-a276-d43b95fea258","local_time":"20210101233559","is_ascension_mode":true,"campfire_choices":[{"data":"Anger","floor":8,"key":"SMITH"}],"circlet_count":0,"master_deck":["Strike_R","Strike_R","Strike_R","Strike_R","Strike_R","Defend_R","Defend_R","Defend_R","Defend_R","Bash","Twin Strike","Burn","conspire:Rain+1","Dark Embrace","Anger+1","Impervious"],"relics":["Burning Blood","aspiration:Nostalgia","PureWater","MawBank","Shuriken","Replay:Wax Seal","Golden Egg","Dream Catcher"],"acts_visited":["Exordium"],"potions_floor_usage":[6,6],"damage_taken":[{"damage":1,"enemies":"Jaw Worm","floor":1,"turns":3},{"damage":0,"enemies":"conspire:RoseBush","floor":5,"turns":5},{"damage":16,"enemies":"Gremlin Nob","floor":6,"turns":3},{"damage":29,"enemies":"Lagavulin","floor":10,"turns":7}],"seed_played":"1247764800914124184","potions_obtained":[{"floor":4,"key":"Strength Potion"},{"floor":5,"key":"Fire Potion"}],"is_trial":false,"path_per_floor":["M","?","?","?","M","E","T","R","T","E"],"character_chosen":"IRONCLAD","items_purchased":[],"campfire_rested":0,"item_purchase_floors":[],"current_hp_per_floor":[80,80,64,32,38,28,28,28,28,0,0],"gold":344,"neow_bonus":"NOSTALGIA","is_daily":false,"chose_seed":false,"campfire_upgraded":1,"win_rate":0.0,"timestamp":1609562159,"path_taken":["M","?","?","?","M","E","?","R","T","E"],"items_purchased_type":[],"build_version":"2020-12-22","purchased_purges":0,"victory":false,"max_hp_per_floor":[80,80,80,80,80,80,80,80,80,80,80],"card_choices":[{"not_picked":["Wild Strike","Second Wind"],"picked":"Twin Strike","floor":1},{"not_picked":["StuffTheSpire:Incineration","Wild Strike"],"picked":"Dark Embrace","floor":4},{"not_picked":["Pommel Strike","StuffTheSpire:Slingshot"],"picked":"Anger","floor":5},{"not_picked":["jedi:controlledanger","Spot Weakness"],"picked":"Impervious","floor":6}],"player_experience":347329,"relics_obtained":[{"floor":4,"key":"Shuriken"},{"floor":6,"key":"Replay:Wax Seal"},{"floor":7,"key":"Golden Egg"},{"floor":9,"key":"Dream Catcher"}],"event_choices":[{"damage_healed":80,"gold_gain":0,"player_choice":"Embrace Burn","damage_taken":0,"max_hp_gain":0,"max_hp_loss":80,"event_name":"betterThird:BetterShining","floor":2,"gold_loss":0}],"is_beta":false,"boss_relics":[],"items_purged_floors":[],"is_endless":false,"potions_floor_spawned":[5],"killed_by":"Lagavulin","ascension_level":1}}