{"host":"hjw1ay65n7jm40lc","time":1609622545,"event":{"mods":["AchievementEnabler","BaseMod","Block Reminder","Colored Map","Colored Powertips","Curses Come First","Downfall","Googly Eyes","Hermit","Highlight Path","Jorbs\u0027s Wanderer Trilogy","Minty Spire (QoL Compilation)","Quick Restart","Relic Stats","StSLib"],"gold_per_floor":[119,294,310,310,322,322,353,366,391,407,193,193,221,250,250,351,351,365,365,67,57,57,85,97,126,138,150,150],"floor_reached":27,"playtime":11583,"items_purged":[],"score":291,"play_id":"11c1433a-cea0-49bf-92a6-88e5cd2c4092","local_time":"20210102162225","is_ascension_mode":false,"campfire_choices":[{"data":"stsjorbsmod:BookOfTongues","floor":6.0,"key":"SMITH"},{"data":"stsjorbsmod:FindFamiliar","floor":12.0,"key":"SMITH"},{"data":"stsjorbsmod:Channel","floor":15.0,"key":"SMITH"},{"data":"stsjorbsmod:Fireball","floor":24.0,"key":"SMITH"}],"circlet_count":0,"master_deck":["stsjorbsmod:ForbiddenGrimoire+1","stsjorbsmod:Strike_Wanderer","stsjorbsmod:Strike_Wanderer","stsjorbsmod:Strike_Wanderer","stsjorbsmod:Strike_Wanderer","stsjorbsmod:Defend_Wanderer+1","stsjorbsmod:Defend_Wanderer","stsjorbsmod:Defend_Wanderer+1","stsjorbsmod:Defend_Wanderer","stsjorbsmod:FreshAdventure","stsjorbsmod:EyeOfTheStorm","stsjorbsmod:FracturedMind","stsjorbsmod:Channel+1","stsjorbsmod:BookOfTongues+1","stsjorbsmod:WanderingMind","stsjorbsmod:FindFamiliar+1","stsjorbsmod:ArcaneForm","stsjorbsmod:SmithingStrike","stsjorbsmod:Pyromancy","stsjorbsmod:TrueStrike","stsjorbsmod:Firebolt","stsjorbsmod:Inferno+1","stsjorbsmod:Fireball+1"],"relics":["Velvet Choker","Centennial Puzzle","Oddly Smooth Stone","OrangePellets","Odd Mushroom","Happy Flower","Black Star","CultistMask","Eternal Feather","MawBank","Torii","Mummified Hand"],"acts_visited":["Exordium","TheCity"],"potions_floor_usage":[27],"damage_taken":[{"damage":6.0,"enemies":"Jaw Worm","floor":1.0,"turns":4.0},{"damage":0.0,"enemies":"Small Slimes","floor":3.0,"turns":6.0},{"damage":0.0,"enemies":"Cultist","floor":5.0,"turns":4.0},{"damage":5.0,"enemies":"3 Sentries","floor":7.0,"turns":7.0},{"damage":0.0,"enemies":"2 Fungi Beasts","floor":8.0,"turns":4.0},{"damage":1.0,"enemies":"3 Louse","floor":10.0,"turns":4.0},{"damage":6.0,"enemies":"The Mushroom Lair","floor":13.0,"turns":6.0},{"damage":0.0,"enemies":"Lagavulin","floor":14.0,"turns":7.0},{"damage":3.0,"enemies":"Slime Boss","floor":16.0,"turns":6.0},{"damage":14.0,"enemies":"Spheric Guardian","floor":18.0,"turns":6.0},{"damage":0.0,"enemies":"2 Thieves","floor":21.0,"turns":4.0},{"damage":26.0,"enemies":"Book of Stabbing","floor":23.0,"turns":6.0},{"damage":29,"enemies":"Snake Plant","floor":25,"turns":3},{"damage":12,"enemies":"Slavers","floor":27,"turns":1}],"seed_played":"-5727218187595812320","potions_obtained":[{"floor":8.0,"key":"SpeedPotion"},{"floor":14.0,"key":"hexamod:EctoCoolerPotion"},{"floor":16.0,"key":"SpeedPotion"},{"floor":23.0,"key":"LiquidBronze"}],"is_trial":false,"path_per_floor":["M","?","M","?","M","R","E","M","T","M","$","R","?","E","R","B",null,"M","?","$","M","?","E","R","M","T","E"],"character_chosen":"WANDERER","items_purchased":["stsjorbsmod:FindFamiliar","OrangePellets","stsjorbsmod:Firebolt","Eternal Feather"],"campfire_rested":0,"item_purchase_floors":[11,11,20,20],"current_hp_per_floor":[62,62,62,55,55,55,56,56,56,55,55,55,51,53,53,50,78,66,66,66,66,51,25,37,8,8,0,0],"gold":150,"neow_bonus":"BOSS_RELIC","is_daily":false,"chose_seed":false,"campfire_upgraded":4,"win_rate":0.0,"timestamp":1609622545,"path_taken":["M","?","M","?","M","R","E","M","T","M","$","R","?","E","R","BOSS","M","?","$","?","?","E","R","M","T","E"],"items_purchased_type":["Card","Relic","Card","Relic"],"build_version":"2020-12-22","purchased_purges":0,"victory":false,"max_hp_per_floor":[68,68,68,68,68,68,74,74,74,74,74,74,76,78,78,78,78,80,80,80,80,85,85,85,85,85,85,85],"relic_stats":{"OrangePellets":[2],"Centennial Puzzle":[21],"Happy Flower":[8],"Torii":9,"counters":[14,68],"Mummified Hand":[6],"Eternal Feather":12,"Black Star":1,"MawBank":48,"obtain_stats":[{"Happy Flower":14,"Torii":23,"Velvet Choker":0,"Oddly Smooth Stone":9,"stsjorbsmod:GrimoireRelic":0,"Eternal Feather":20,"Odd Mushroom":13,"MawBank":23,"OrangePellets":11,"Centennial Puzzle":7,"Mummified Hand":26,"CultistMask":19,"Black Star":17},{"Happy Flower":8,"Torii":12,"Velvet Choker":0,"Oddly Smooth Stone":5,"stsjorbsmod:GrimoireRelic":0,"Eternal Feather":10,"Odd Mushroom":7,"MawBank":12,"OrangePellets":6,"Centennial Puzzle":4,"Mummified Hand":13,"CultistMask":10,"Black Star":9},{"Happy Flower":42,"Torii":64,"Velvet Choker":0,"Oddly Smooth Stone":25,"stsjorbsmod:GrimoireRelic":0,"Eternal Feather":54,"Odd Mushroom":35,"MawBank":64,"OrangePellets":29,"Centennial Puzzle":21,"Mummified Hand":67,"CultistMask":54,"Black Star":48}]},"card_choices":[{"not_picked":["stsjorbsmod:WeightOfMemory","stsjorbsmod:Materialize"],"picked":"stsjorbsmod:FracturedMind","floor":1.0},{"not_picked":["stsjorbsmod:DisguiseSelf","stsjorbsmod:FaerieFire"],"picked":"stsjorbsmod:Channel","floor":3.0},{"not_picked":["stsjorbsmod:Prestidigitation","stsjorbsmod:Hibernate"],"picked":"stsjorbsmod:BookOfTongues","floor":5.0},{"not_picked":["stsjorbsmod:UnseenServant","stsjorbsmod:HoldMonster"],"picked":"stsjorbsmod:WanderingMind","floor":7.0},{"not_picked":["stsjorbsmod:Materialize","stsjorbsmod:WanderingMind","stsjorbsmod:Channel"],"picked":"SKIP","floor":8.0},{"not_picked":["stsjorbsmod:Prestidigitation","stsjorbsmod:Hibernate","stsjorbsmod:Materialize"],"picked":"SKIP","floor":10.0},{"not_picked":["stsjorbsmod:LoseGrip","stsjorbsmod:ArcaneWeapon"],"picked":"stsjorbsmod:ArcaneForm","floor":13.0},{"not_picked":["stsjorbsmod:MagicMirror","stsjorbsmod:Introspection"],"picked":"stsjorbsmod:SmithingStrike","floor":14.0},{"not_picked":["stsjorbsmod:Determination","stsjorbsmod:Banish"],"picked":"stsjorbsmod:Pyromancy","floor":16.0},{"not_picked":["stsjorbsmod:Prestidigitation","stsjorbsmod:RayOfFrost"],"picked":"stsjorbsmod:TrueStrike","floor":18.0},{"not_picked":["stsjorbsmod:Will+1","stsjorbsmod:Firebolt"],"picked":"stsjorbsmod:Inferno+1","floor":21.0},{"not_picked":["stsjorbsmod:DoubleCheck","stsjorbsmod:Will"],"picked":"stsjorbsmod:Fireball","floor":23.0},{"not_picked":["stsjorbsmod:Firebolt","stsjorbsmod:Channel","stsjorbsmod:ParryingBlow"],"picked":"SKIP","floor":25}],"player_experience":751650,"relics_obtained":[{"floor":7.0,"key":"Centennial Puzzle"},{"floor":9.0,"key":"Oddly Smooth Stone"},{"floor":13.0,"key":"Odd Mushroom"},{"floor":14.0,"key":"Happy Flower"},{"floor":23.0,"key":"MawBank"},{"floor":23.0,"key":"Torii"},{"floor":26,"key":"Mummified Hand"}],"event_choices":[{"damage_healed":0.0,"max_hp_gain":0.0,"max_hp_loss":0.0,"gold_gain":175.0,"event_name":"Liars Game","player_choice":"AGREE","floor":2.0,"gold_loss":0.0,"damage_taken":0.0,"cards_obtained":["Doubt"]},{"cards_removed":["Doubt"],"damage_healed":0.0,"max_hp_gain":0.0,"max_hp_loss":0.0,"gold_gain":0.0,"event_name":"Golden Wing","player_choice":"Card Removal","floor":4.0,"gold_loss":0.0,"damage_taken":7.0},{"damage_healed":0.0,"max_hp_gain":0.0,"max_hp_loss":0.0,"gold_gain":0.0,"event_name":"Mushrooms","player_choice":"Fought Mushrooms","floor":13.0,"gold_loss":0.0,"damage_taken":0.0},{"damage_healed":0.0,"max_hp_gain":0.0,"max_hp_loss":0.0,"gold_gain":0.0,"event_name":"FaceTrader","player_choice":"Trade","floor":19.0,"gold_loss":0.0,"damage_taken":0.0,"relics_obtained":["CultistMask"]},{"damage_healed":0.0,"max_hp_gain":5.0,"max_hp_loss":0.0,"gold_gain":0.0,"event_name":"Forgotten Altar","player_choice":"Shed Blood","floor":22.0,"gold_loss":0.0,"damage_taken":20.0}],"is_beta":false,"boss_relics":[{"not_picked":["Fusion Hammer","Philosopher\u0027s Stone"],"picked":"Black Star"}],"items_purged_floors":[],"is_endless":false,"potions_floor_spawned":[8,14,16,23],"killed_by":"Slavers","ascension_level":0}}