{"host":"hwrdjx5eod2cxh09","time":1609594348,"event":{"mods":["AchievementEnabler","BaseMod","Bestiary","Minty Spire (QoL Compilation)","Relic Stats"],"gold_per_floor":[117,128,142,162,176,201,219,219,219,219,219,252,269,293,293,293,293],"floor_reached":16,"playtime":597,"items_purged":[],"score":114,"play_id":"f640da07-ab4a-4f76-99ea-224aedc0a3fb","local_time":"20210102223228","is_ascension_mode":false,"campfire_choices":[{"data":"Sunder","floor":8,"key":"SMITH"},{"floor":10,"key":"REST"},{"data":"Capacitor","floor":15,"key":"SMITH"}],"circlet_count":0,"master_deck":["Strike_B","Strike_B","Strike_B","Defend_B","Defend_B","Defend_B","Defend_B","Zap","Dualcast","Chill","Beam Cell","Capacitor+1","Sunder+1","Consume","Machine Learning","Coolheaded"],"relics":["Cracked Core","NeowsBlessing","Dead Branch","Matryoshka","Anchor","Regal Pillow","Bag of Preparation"],"acts_visited":["Exordium"],"potions_floor_usage":[16,16],"damage_taken":[{"damage":0,"enemies":"Small Slimes","floor":1,"turns":1},{"damage":0,"enemies":"Jaw Worm","floor":2,"turns":1},{"damage":0,"enemies":"2 Louse","floor":3,"turns":1},{"damage":7,"enemies":"Blue Slaver","floor":4,"turns":3},{"damage":15,"enemies":"Exordium Thugs","floor":5,"turns":4},{"damage":39,"enemies":"Lagavulin","floor":6,"turns":6},{"damage":0,"enemies":"3 Louse","floor":7,"turns":3},{"damage":4,"enemies":"3 Sentries","floor":12,"turns":8},{"damage":0,"enemies":"2 Fungi Beasts","floor":13,"turns":3},{"damage":26,"enemies":"Hexaghost","floor":16,"turns":9}],"seed_played":"-7345289170708359274","potions_obtained":[{"floor":1,"key":"Dexterity Potion"},{"floor":5,"key":"SneckoOil"},{"floor":6,"key":"Strength Potion"}],"is_trial":false,"path_per_floor":["M","M","M","M","M","E","M","R","T","R","?","E","M","T","R","B"],"character_chosen":"DEFECT","items_purchased":[],"campfire_rested":1,"item_purchase_floors":[],"current_hp_per_floor":[75,75,75,68,53,14,14,14,14,36,29,25,25,25,25,0,0],"gold":293,"neow_bonus":"THREE_ENEMY_KILL","is_daily":false,"chose_seed":false,"campfire_upgraded":2,"win_rate":0.0,"timestamp":1609594348,"path_taken":["M","M","M","M","M","E","M","R","T","R","?","E","M","?","R","BOSS"],"items_purchased_type":[],"build_version":"2020-12-22","purchased_purges":0,"victory":false,"max_hp_per_floor":[75,75,75,75,75,75,75,75,75,75,75,75,75,75,75,75,75],"relic_stats":{"Regal Pillow":0,"counters":[10,39],"Dead Branch":[14],"Bag of Preparation":[2],"obtain_stats":[{"Anchor":12,"Regal Pillow":14,"Matryoshka":9,"NeowsBlessing":0,"Dead Branch":6,"Bag of Preparation":14,"Cracked Core":0},{"Anchor":8,"Regal Pillow":9,"Matryoshka":7,"NeowsBlessing":0,"Dead Branch":6,"Bag of Preparation":9,"Cracked Core":0},{"Anchor":27,"Regal Pillow":30,"Matryoshka":19,"NeowsBlessing":0,"Dead Branch":16,"Bag of Preparation":30,"Cracked Core":0}]},"card_choices":[{"not_picked":["Reprogram","Conserve Battery"],"picked":"Chill","floor":1},{"not_picked":["Static Discharge","Melter"],"picked":"Beam Cell","floor":2},{"not_picked":["Melter","Beam Cell","Streamline"],"picked":"SKIP","floor":3},{"not_picked":["Chaos","Aggregate","Stack"],"picked":"SKIP","floor":4},{"not_picked":["Double Energy","Turbo"],"picked":"Capacitor","floor":5},{"not_picked":["Coolheaded","Turbo"],"picked":"Sunder","floor":6},{"not_picked":["Turbo","Conserve Battery"],"picked":"Consume","floor":7},{"not_picked":["Conserve Battery","Scrape"],"picked":"Machine Learning","floor":12},{"not_picked":["White Noise","Hello World"],"picked":"Coolheaded","floor":13}],"player_experience":161331,"relics_obtained":[{"floor":6,"key":"Dead Branch"},{"floor":9,"key":"Matryoshka"},{"floor":12,"key":"Anchor"},{"floor":14,"key":"Regal Pillow"},{"floor":14,"key":"Bag of Preparation"}],"event_choices":[{"cards_removed":["Strike_B"],"damage_healed":0,"gold_gain":0,"player_choice":"Card Removal","damage_taken":7,"max_hp_gain":0,"max_hp_loss":0,"event_name":"Golden Wing","floor":11,"gold_loss":0}],"is_beta":false,"boss_relics":[],"items_purged_floors":[],"is_endless":false,"potions_floor_spawned":[1,5,6,7,13],"killed_by":"Hexaghost","ascension_level":0}}