{"host":"v9ordiuf4xzdpttp","time":1609570263,"event":{"mods":["AchievementEnabler","Act Like it!","AlwaysNeverKeys","Aspiration","Bartender","BaseMod","Better Third Choice","Better Vampires","BetterRewards","Colored Map","Conspire","Dio Mod","Downfall","Energized Spire","Gold Saver","GungeonMod","Halation","Hubris","Infinite Spire","Ironclad Rager","Jedi Mod","Marked Mod","Melee Mod","Minty Spire (QoL Compilation)","Pale of the Ancients","Remove Card Discount Mod","Replay The Spire","Robot Space Explorer","SOS???????","Shop Mod","Small Relic Pack","Somnambulant","Spicy Shops","StSLib","The Bladedancer","The Bug Knight","The Construct","The Death Knight","The Exalted","The Hayseed","The Runesmith","The Senshi","The Servant 0.9.4","The Wild Card","TheBandit","??????REMEMod"],"gold_per_floor":[468,468,468,517,16,114,114,225,225,332,332,332,443,7,56,92,92,417,417,417],"floor_reached":19,"playtime":940,"items_purged":["Defend_R","Bash","Strike_R","Strike_R","Defend_R","Strike_R","Strike_R","Strike_R","Defend_R","Defend_R"],"score":360,"play_id":"fcd0716d-a474-4602-8312-c1dae9ac5876","local_time":"20210102015103","daily_mods":["downfall:Lament","DeadlyEvents","Elite Swarm","Midas"],"is_ascension_mode":true,"campfire_choices":[{"floor":7,"key":"REST"},{"floor":17,"key":"REST"}],"circlet_count":0,"master_deck":["Anger+1","Double Tap","jedi:unlimitedpower","theWildCard:TheUniverse","Overencumbered","TheSimpletonMod:Nettles","ReplayTheSpireMod:Splinters"],"relics":["Burning Blood","REME_ComplimentaryCards","NeowsBlessing","jedi:maincommand","halation:StarCompass","Golden Idol","Membership Card","Unceasing Top","Replay:Bottled Eggs","hubris:Zylophone","Nunchaku","Matryoshka","DemoMod:GlassGuonStoneRelic","Bag of Marbles","HollowMod:StagPassRelic","MerchantsRug","aspiration:Nostalgia","m_SnakeBloodCore","RobotSpaceExplorer:FoglandsKnife","Replay:WaspNest","Replay:Ancient Bell","Juzu Bracelet","conspire:Flyswatter","TungstenRod"],"acts_visited":["Exordium","TheCity"],"potions_floor_usage":[13],"damage_taken":[{"damage":0,"enemies":"2 Louse","floor":1,"turns":1},{"damage":0,"enemies":"Small Slimes","floor":4,"turns":1},{"damage":9,"enemies":"3 Sentries","floor":6,"turns":2},{"damage":0,"enemies":"Lagavulin","floor":8,"turns":1},{"damage":18,"enemies":"Gremlin Nob","floor":10,"turns":2},{"damage":6,"enemies":"3 Sentries","floor":13,"turns":1},{"damage":0,"enemies":"Cultist","floor":15,"turns":1},{"damage":8,"enemies":"3 Louse","floor":16,"turns":1},{"damage":32,"enemies":"Slime Boss","floor":18,"turns":1}],"seed_played":"-8700647151973560259","potions_obtained":[{"floor":4,"key":"ElixirPotion"},{"floor":8,"key":"ElixirPotion"},{"floor":16,"key":"ColorlessPotion"},{"floor":18,"key":"LiquidBronze"}],"is_trial":true,"path_per_floor":["M","?","?","M","$","E","R","E","T","E","PTL","PTL","E","$","M","M","R","B",null],"character_chosen":"IRONCLAD","items_purchased":["jedi:command_shop","jedi:command_rare","jedi:command_uncommon","MerchantsRug","jedi:command_shop","jedi:command_common","jedi:command_uncommon"],"campfire_rested":2,"item_purchase_floors":[5,5,14,14,14,14,14],"current_hp_per_floor":[80,80,60,66,66,63,80,80,80,68,68,68,68,68,77,78,80,57,80,80],"gold":417,"neow_bonus":"","is_daily":false,"chose_seed":false,"campfire_upgraded":0,"win_rate":0.0,"timestamp":1609570263,"path_taken":["M","?","?","M","$","E","R","E","T","E","PTL","PTL","E","?","?","M","R","BOSS"],"items_purchased_type":["Relic","Relic","Relic","Relic","Relic","Relic","Relic"],"build_version":"2020-12-22","purchased_purges":10,"victory":false,"max_hp_per_floor":[80,80,80,80,80,80,80,80,80,80,80,80,80,80,80,80,80,80,80,80],"card_choices":[{"not_picked":["Havoc","theWildCard:StingingStrike"],"picked":"Anger","floor":1},{"not_picked":["theWildCard:CryOfAgony","True Grit","theWildCard:StalwartBlade"],"picked":"SKIP","floor":4},{"not_picked":["Reaper","theWildCard:Satanael"],"picked":"Double Tap","floor":6},{"not_picked":["REME_ACTH","Brutality"],"picked":"jedi:unlimitedpower","floor":8},{"not_picked":["Juggernaut","jedi:harder","Reaper"],"picked":"SKIP","floor":10},{"not_picked":["theWildCard:Overwhelm","Hemogenesis"],"picked":"theWildCard:TheUniverse","floor":13},{"not_picked":["Rampage","theWildCard:SeveringSlash","theWildCard:Attunement"],"picked":"SKIP","floor":15},{"not_picked":["theWildCard:Patience","theWildCard:EnergizedStroke","theWildCard:Unburden"],"picked":"SKIP","floor":16},{"not_picked":["Delirium","hubris:Envy"],"picked":"Overencumbered","floor":19},{"not_picked":["CurseOfTheBell","Normality"],"picked":"TheSimpletonMod:Nettles","floor":19},{"not_picked":["ReplayTheSpireMod:Restless Dread","hubris:Envy"],"picked":"ReplayTheSpireMod:Splinters","floor":19}],"player_experience":234517,"relics_obtained":[{"floor":6,"key":"jedi:command_uncommon"},{"floor":8,"key":"jedi:command_rare"},{"floor":9,"key":"jedi:command_common"},{"floor":10,"key":"jedi:command_uncommon"},{"floor":13,"key":"jedi:command_common"}],"event_choices":[{"damage_healed":0,"gold_gain":0,"player_choice":"Take Damage","damage_taken":20,"relics_obtained":["Golden Idol"],"max_hp_gain":0,"max_hp_loss":0,"event_name":"Golden Idol","floor":3,"gold_loss":0}],"is_beta":false,"boss_relics":[{"not_picked":["jedi:command_boss","jedi:command_boss"],"picked":"jedi:command_boss"},{"not_picked":["jedi:command_common","jedi:command_common"],"picked":"jedi:command_common"},{"not_picked":["jedi:command_uncommon","jedi:command_uncommon"],"picked":"jedi:command_uncommon"},{"not_picked":["jedi:command_rare","jedi:command_rare"],"picked":"jedi:command_rare"}],"items_purged_floors":[5,5,5,5,5,5,5,5,5,5],"is_endless":false,"potions_floor_spawned":[4,8,16,18],"ascension_level":1}}