{"host":"2qv44oxt58ptq59r","time":1609617211,"event":{"mods":["AchievementEnabler","BaseMod","Colored Powertips","Highlight Path","Minty Spire (QoL Compilation)","Permanent Neow","StSLib"],"gold_per_floor":[116,133,133,150,1,29,49,49,49,49,49,59,132,146,146,251,251,271,271,290,301,320,320,349,349,373,39,39,39,12,22,22,117,117,134,14,14,14,14,14,14,24,47,0,0,12,32,44,44,44,44,44,44,44,44],"floor_reached":54,"playtime":15591,"items_purged":[],"score":657,"play_id":"0a50f819-bc53-4b38-9d65-cdd6a2d7ca1d","local_time":"20210102195331","is_ascension_mode":false,"campfire_choices":[{"data":"Fire Breathing","floor":10.0,"key":"SMITH"},{"data":"Armaments","floor":15.0,"key":"SMITH"},{"floor":23.0,"key":"REST"},{"data":"Barricade","floor":25.0,"key":"SMITH"},{"data":"Inflame","floor":28.0,"key":"SMITH"},{"floor":32.0,"key":"RECALL"},{"data":"Juggernaut","floor":40.0,"key":"SMITH"},{"floor":49,"key":"REST"},{"data":"Demon Form","floor":52,"key":"SMITH"}],"circlet_count":0,"master_deck":["Strike_R+1","Strike_R+1","Strike_R+1","Strike_R+1","Strike_R+1","Defend_R+1","Defend_R+1","Defend_R+1","Bash+1","Perfected Strike","Cleave","Fire Breathing+1","Armaments+1","Clothesline","Heavy Blade","Wild Strike","Reaper","Disarm+1","Reckless Charge+1","Barricade+1","Inflame+1","Body Slam","Blood for Blood","Juggernaut+1","Shrug It Off+1","Whirlwind","Transmutation","Dark Shackles","Demon Form+1"],"relics":["Burning Blood","Bird Faced Urn","ClockworkSouvenir","Question Card","Bottled Tornado","Shuriken","SlaversCollar","War Paint","Blood Vial","Lantern","Juzu Bracelet","Busted Crown","Pear","Singing Bowl","Red Mask"],"acts_visited":["Exordium","TheCity","TheBeyond","TheEnding"],"potions_floor_usage":[42,46,48,50,54,54],"damage_taken":[{"damage":2.0,"enemies":"2 Louse","floor":1.0,"turns":3.0},{"damage":6.0,"enemies":"Jaw Worm","floor":2.0,"turns":3.0},{"damage":0.0,"enemies":"Small Slimes","floor":4.0,"turns":2.0},{"damage":19.0,"enemies":"Gremlin Nob","floor":6.0,"turns":4.0},{"damage":6.0,"enemies":"Exordium Wildlife","floor":7.0,"turns":2.0},{"damage":20.0,"enemies":"Gremlin Gang","floor":12.0,"turns":4.0},{"damage":7.0,"enemies":"2 Fungi Beasts","floor":14.0,"turns":4.0},{"damage":18.0,"enemies":"Hexaghost","floor":16.0,"turns":9.0},{"damage":40.0,"enemies":"Spheric Guardian","floor":18.0,"turns":6.0},{"damage":7.0,"enemies":"Chosen","floor":20.0,"turns":6.0},{"damage":14.0,"enemies":"Shelled Parasite and Fungi","floor":21.0,"turns":9.0},{"damage":27.0,"enemies":"Centurion and Healer","floor":22.0,"turns":7.0},{"damage":18.0,"enemies":"Gremlin Leader","floor":24.0,"turns":6.0},{"damage":18.0,"enemies":"Snecko","floor":31.0,"turns":5.0},{"damage":80.0,"enemies":"Collector","floor":33.0,"turns":9.0},{"damage":9.0,"enemies":"Orb Walker","floor":35.0,"turns":4.0},{"damage":12,"enemies":"3 Darklings","floor":42,"turns":4},{"damage":37,"enemies":"Jaw Worm Horde","floor":46,"turns":6},{"damage":22,"enemies":"Transient","floor":47,"turns":5},{"damage":17,"enemies":"3 Darklings","floor":48,"turns":4},{"damage":134,"enemies":"Donu and Deca","floor":50,"turns":7},{"damage":118,"enemies":"Shield and Spear","floor":54,"turns":5}],"seed_played":"-1465048885338170528","potions_obtained":[{"floor":2.0,"key":"Block Potion"},{"floor":7.0,"key":"PowerPotion"},{"floor":12.0,"key":"SkillPotion"},{"floor":16.0,"key":"BlessingOfTheForge"},{"floor":20.0,"key":"ColorlessPotion"},{"floor":22.0,"key":"EntropicBrew"},{"floor":31.0,"key":"FairyPotion"},{"floor":42,"key":"Block Potion"},{"floor":47,"key":"SteroidPotion"},{"floor":48,"key":"PowerPotion"}],"is_trial":false,"path_per_floor":["M","M","?","M","$","E","M","T","T","R","?","M","?","M","R","B",null,"M","?","M","M","M","R","E","R","T","$","R","?","$","M","R","B",null,"M","$","?","?","?","R","T","M","T","?","$","M","M","M","R","B",null,"R","$","E"],"character_chosen":"IRONCLAD","items_purchased":["ClockworkSouvenir","Lantern","Inflame","Juzu Bracelet","Body Slam","Whirlwind","Block Potion"],"campfire_rested":2,"item_purchase_floors":[5,27,27,27,30,36,36],"current_hp_per_floor":[80,80,77,80,80,67,67,67,67,67,72,58,58,59,59,49,85,53,53,59,53,38,63,63,63,63,63,63,63,63,59,59,24,85,84,84,94,94,89,89,89,91,91,91,91,72,62,59,89,36,101,101,101,0,0],"gold":44,"neow_bonus":"UPGRADE_CARD","is_daily":false,"chose_seed":false,"campfire_upgraded":6,"win_rate":0.0,"timestamp":1609617211,"path_taken":["M","M","?","M","$","E","M","?","T","R","?","M","?","M","R","BOSS","M","?","M","M","M","R","E","R","T","$","R","?","$","M","R","BOSS","M","$","?","?","?","R","?","M","T","?","$","M","M","M","R","BOSS","R","$","E"],"items_purchased_type":["Relic","Relic","Card","Relic","Card","Card","Potion"],"build_version":"2020-12-22","purchased_purges":0,"victory":false,"max_hp_per_floor":[80,80,80,80,80,80,80,80,80,80,85,85,85,85,85,85,85,85,85,85,85,85,85,85,85,85,85,85,85,85,85,85,85,85,85,85,95,95,95,95,95,97,97,97,97,99,99,101,101,101,101,101,101,101,101],"card_choices":[{"not_picked":["Wild Strike","Sword Boomerang"],"picked":"Perfected Strike","floor":1.0},{"not_picked":["Warcry","True Grit"],"picked":"Cleave","floor":2.0},{"not_picked":["Flex","True Grit"],"picked":"Fire Breathing","floor":4.0},{"not_picked":["Clash","Flex"],"picked":"Armaments","floor":6.0},{"not_picked":["Headbutt","Flame Barrier","Sword Boomerang"],"picked":"Clothesline","floor":7.0},{"not_picked":["Dropkick","Bludgeon","Infernal Blade"],"picked":"Heavy Blade","floor":12.0},{"not_picked":["Anger","Carnage","Thunderclap"],"picked":"Wild Strike","floor":14.0},{"not_picked":["Exhume","Corruption","Berserk"],"picked":"Reaper","floor":16.0},{"not_picked":["Thunderclap","Heavy Blade","Sword Boomerang","Dropkick"],"picked":"SKIP","floor":18.0},{"not_picked":["Impervious","Seeing Red+1","Power Through+1"],"picked":"Disarm+1","floor":20.0},{"not_picked":["Battle Trance","Burning Pact","Bloodletting"],"picked":"Heavy Blade+1","floor":21.0},{"not_picked":["Armaments+1","Bloodletting","Heavy Blade"],"picked":"Reckless Charge+1","floor":22.0},{"not_picked":["Heavy Blade","Seeing Red","Body Slam"],"picked":"Barricade","floor":24.0},{"not_picked":["Body Slam","Pommel Strike","Barricade"],"picked":"Blood for Blood","floor":31.0},{"not_picked":["Reaper","Barricade","Exhume"],"picked":"Juggernaut","floor":33.0},{"not_picked":["Rage"],"picked":"Shrug It Off+1","floor":35.0},{"not_picked":["Dramatic Entrance"],"picked":"Transmutation","floor":39.0},{"not_picked":["Thinking Ahead"],"picked":"Dark Shackles","floor":39.0},{"not_picked":["True Grit","Iron Wave+1"],"picked":"Singing Bowl","floor":42},{"not_picked":["Body Slam","Clothesline+1"],"picked":"Singing Bowl","floor":46},{"not_picked":["Flame Barrier"],"picked":"Demon Form","floor":47},{"not_picked":["Flex+1","Thunderclap+1"],"picked":"Singing Bowl","floor":48}],"player_experience":5160834,"relics_obtained":[{"floor":6.0,"key":"Question Card"},{"floor":8.0,"key":"Bottled Tornado"},{"floor":9.0,"key":"Shuriken"},{"floor":24.0,"key":"War Paint"},{"floor":26.0,"key":"Blood Vial"},{"floor":41,"key":"Singing Bowl"}],"event_choices":[{"damage_healed":0.0,"max_hp_gain":0.0,"max_hp_loss":0.0,"gold_gain":0.0,"event_name":"Scrap Ooze","player_choice":"Success","floor":3.0,"gold_loss":0.0,"damage_taken":3.0,"relics_obtained":["Bird Faced Urn"]},{"damage_healed":0.0,"max_hp_gain":5.0,"max_hp_loss":0.0,"gold_gain":0.0,"event_name":"Big Fish","player_choice":"Donut","floor":11.0,"gold_loss":0.0,"damage_taken":0.0},{"damage_healed":0.0,"max_hp_gain":0.0,"max_hp_loss":0.0,"gold_gain":73.0,"event_name":"Golden Wing","player_choice":"Gained Gold","floor":13.0,"gold_loss":0.0,"damage_taken":0.0},{"damage_healed":0.0,"max_hp_gain":0.0,"max_hp_loss":0.0,"gold_gain":0.0,"event_name":"Cursed Tome","player_choice":"Ignored","floor":19.0,"gold_loss":0.0,"damage_taken":0.0},{"damage_healed":0.0,"max_hp_gain":0.0,"max_hp_loss":0.0,"gold_gain":0.0,"event_name":"Back to Basics","player_choice":"Simplicity","floor":29.0,"gold_loss":0.0,"damage_taken":0.0,"cards_upgraded":["Strike_R","Strike_R","Strike_R","Strike_R","Strike_R","Defend_R","Defend_R"]},{"cards_removed":["Heavy Blade"],"damage_healed":0.0,"max_hp_gain":0.0,"max_hp_loss":0.0,"gold_gain":0.0,"event_name":"WeMeetAgain","player_choice":"Gave Card","floor":37.0,"gold_loss":0.0,"damage_taken":0.0,"relics_obtained":["Pear"]},{"cards_removed":["Defend_R"],"damage_healed":0.0,"max_hp_gain":0.0,"max_hp_loss":0.0,"gold_gain":0.0,"event_name":"Falling","player_choice":"Removed Skill","floor":38.0,"gold_loss":0.0,"damage_taken":0.0},{"damage_healed":0.0,"max_hp_gain":0.0,"max_hp_loss":0.0,"gold_gain":0.0,"event_name":"SensoryStone","player_choice":"Memory 2","floor":39.0,"gold_loss":0.0,"damage_taken":5.0},{"damage_healed":0,"gold_gain":0,"player_choice":"Paid","damage_taken":0,"relics_obtained":["Red Mask"],"max_hp_gain":0,"max_hp_loss":0,"event_name":"Tomb of Lord Red Mask","floor":44,"gold_loss":47}],"is_beta":false,"boss_relics":[{"not_picked":["Cursed Key","Velvet Choker"],"picked":"SlaversCollar"},{"not_picked":["Tiny House","Coffee Dripper"],"picked":"Busted Crown"}],"items_purged_floors":[],"is_endless":false,"potions_floor_spawned":[2,7,12,16,20,22,31,42,47,48],"killed_by":"Shield and Spear","ascension_level":0}}