{"host":"7cp3z5w0tcrrm8ys","time":1609588845,"event":{"mods":["AchievementEnabler","BaseMod","DeckTracker","Minty Spire (QoL Compilation)","StSLib","SuperFastMode"],"gold_per_floor":[18,29,29,179,203,203,203,223,302,7,7,7,22,42,42,138,138,156,156,156,156],"floor_reached":20,"playtime":442,"items_purged":["Doubt"],"score":378,"play_id":"d765171d-9faa-4d59-b46b-065e32cf38f2","local_time":"20210102210045","is_ascension_mode":true,"campfire_choices":[{"data":"Bash","floor":6,"key":"SMITH"},{"data":"Cleave","floor":12,"key":"SMITH"},{"data":"Uppercut","floor":15,"key":"SMITH"}],"circlet_count":0,"master_deck":["AscendersBane","Strike_R","Strike_R","Strike_R","Strike_R","Strike_R","Defend_R","Defend_R","Defend_R","Defend_R","Bash+1","Feed+1","Sword Boomerang","Anger","Ghostly Armor","Cleave+1","Shrug It Off","Whirlwind","Uppercut+1","Corruption","Dark Embrace"],"relics":["Burning Blood","Golden Idol","InkBottle","Lee\u0027s Waffle","SlaversCollar"],"acts_visited":["Exordium","TheCity"],"potions_floor_usage":[14,16,18,20],"damage_taken":[{"damage":7,"enemies":"2 Louse","floor":1,"turns":4},{"damage":12,"enemies":"Cultist","floor":2,"turns":4},{"damage":7,"enemies":"Jaw Worm","floor":5,"turns":4},{"damage":38,"enemies":"Large Slime","floor":8,"turns":8},{"damage":8,"enemies":"3 Louse","floor":13,"turns":3},{"damage":5,"enemies":"2 Fungi Beasts","floor":14,"turns":5},{"damage":57,"enemies":"Slime Boss","floor":16,"turns":8},{"damage":25,"enemies":"3 Byrds","floor":18,"turns":5},{"damage":82,"enemies":"Masked Bandits","floor":20,"turns":4}],"seed_played":"1046480612978516966","potions_obtained":[{"floor":13,"key":"GamblersBrew"},{"floor":14,"key":"Strength Potion"},{"floor":16,"key":"LiquidMemories"},{"floor":18,"key":"BlessingOfTheForge"}],"is_trial":false,"path_per_floor":["M","M","?","?","M","R","?","M","T","$","?","R","M","M","R","B",null,"M","?","?"],"character_chosen":"IRONCLAD","items_purchased":["Lee\u0027s Waffle","Shrug It Off"],"campfire_rested":0,"item_purchase_floors":[10,10],"current_hp_per_floor":[70,67,67,67,69,69,69,41,41,87,92,92,94,99,99,52,91,76,76,0,0],"gold":156,"neow_bonus":"THREE_RARE_CARDS","is_daily":false,"chose_seed":false,"campfire_upgraded":3,"win_rate":0.0,"timestamp":1609588845,"path_taken":["M","M","?","?","M","R","?","?","T","$","?","R","M","M","R","BOSS","M","?","?"],"items_purchased_type":["Relic","Card"],"build_version":"2020-12-22","purchased_purges":1,"victory":false,"max_hp_per_floor":[78,81,73,73,76,76,76,80,80,87,92,92,96,100,100,104,104,108,108,112,112],"card_choices":[{"not_picked":["Fiend Fire","Offering"],"picked":"Feed","floor":0},{"not_picked":["Heavy Blade","True Grit"],"picked":"Sword Boomerang","floor":1},{"not_picked":["Infernal Blade","Reckless Charge"],"picked":"Anger","floor":2},{"not_picked":["Battle Trance","Rampage"],"picked":"Ghostly Armor","floor":5},{"not_picked":["Sword Boomerang","Shrug It Off"],"picked":"Cleave","floor":8},{"not_picked":["Armaments","True Grit"],"picked":"Whirlwind","floor":13},{"not_picked":["Thunderclap","Wild Strike"],"picked":"Uppercut","floor":14},{"not_picked":["Fiend Fire","Barricade"],"picked":"Corruption","floor":16},{"not_picked":["Warcry","Armaments"],"picked":"Dark Embrace","floor":18}],"player_experience":794622,"relics_obtained":[{"floor":9,"key":"InkBottle"}],"event_choices":[{"damage_healed":0,"gold_gain":0,"player_choice":"Lose Max HP","damage_taken":0,"relics_obtained":["Golden Idol"],"max_hp_gain":0,"max_hp_loss":8,"event_name":"Golden Idol","floor":3,"gold_loss":0},{"damage_healed":0,"gold_gain":150,"player_choice":"AGREE","damage_taken":0,"max_hp_gain":0,"max_hp_loss":0,"event_name":"Liars Game","floor":4,"gold_loss":0,"cards_obtained":["Doubt"]},{"damage_healed":0,"gold_gain":0,"player_choice":"Upgraded","damage_taken":0,"max_hp_gain":0,"max_hp_loss":0,"event_name":"Upgrade Shrine","floor":7,"gold_loss":0,"cards_upgraded":["Feed"]},{"damage_healed":0,"gold_gain":0,"player_choice":"Donut","damage_taken":0,"max_hp_gain":5,"max_hp_loss":0,"event_name":"Big Fish","floor":11,"gold_loss":0},{"damage_healed":0,"gold_gain":0,"player_choice":"Ignored","damage_taken":0,"max_hp_gain":0,"max_hp_loss":0,"event_name":"Beggar","floor":19,"gold_loss":0},{"damage_healed":0,"gold_gain":0,"player_choice":"Fought Bandits","damage_taken":0,"max_hp_gain":0,"max_hp_loss":0,"event_name":"Masked Bandits","floor":20,"gold_loss":0}],"is_beta":false,"boss_relics":[{"not_picked":["Tiny House","Runic Dome"],"picked":"SlaversCollar"}],"items_purged_floors":[10],"is_endless":false,"potions_floor_spawned":[13,14,16,18],"killed_by":"Masked Bandits","ascension_level":20}}