{"host":"52zmxm0oht7x0uft","time":1609610390,"event":{"mods":["AchievementEnabler","BaseMod","Colored Map","Minty Spire (QoL Compilation)","Quick Restart"],"gold_per_floor":[119,137,148,73,87,87,104,104,104,54,54,54],"floor_reached":11,"playtime":279,"items_purged":["Strike_R"],"score":81,"play_id":"cccd9c10-1f73-4814-9a9e-09db2cfe2d0c","local_time":"20210102185950","is_ascension_mode":true,"campfire_choices":[{"data":"Barricade","floor":6,"key":"SMITH"},{"data":"Twin Strike","floor":8,"key":"SMITH"}],"circlet_count":0,"master_deck":["Strike_R","Strike_R","Strike_R","Defend_R","Defend_R","Defend_R","Defend_R","Bash","Twin Strike+1","Barricade+1"],"relics":["Burning Blood","Kunai"],"acts_visited":["Exordium"],"potions_floor_usage":[],"damage_taken":[{"damage":6,"enemies":"Jaw Worm","floor":1,"turns":5},{"damage":7,"enemies":"2 Louse","floor":2,"turns":2},{"damage":6,"enemies":"Cultist","floor":3,"turns":3},{"damage":27,"enemies":"Blue Slaver","floor":5,"turns":5},{"damage":19,"enemies":"Exordium Wildlife","floor":7,"turns":5},{"damage":54,"enemies":"3 Sentries","floor":11,"turns":6}],"seed_played":"-3606211840886074538","potions_obtained":[{"floor":3,"key":"BlessingOfTheForge"}],"is_trial":false,"path_per_floor":["M","M","M","$","M","R","M","R","T","?","E"],"character_chosen":"IRONCLAD","items_purchased":[],"campfire_rested":0,"item_purchase_floors":[],"current_hp_per_floor":[88,87,87,87,66,66,53,53,53,53,0,0],"gold":54,"neow_bonus":"TEN_PERCENT_HP_BONUS","is_daily":false,"chose_seed":false,"campfire_upgraded":2,"win_rate":0.0,"timestamp":1609610390,"path_taken":["M","M","M","$","M","R","M","R","T","?","E"],"items_purchased_type":[],"build_version":"2020-12-22","purchased_purges":1,"victory":false,"max_hp_per_floor":[88,88,88,88,88,88,88,88,88,88,88,88],"card_choices":[{"not_picked":["Heavy Blade","Perfected Strike"],"picked":"Twin Strike","floor":1},{"not_picked":["Body Slam","Thunderclap"],"picked":"Barricade","floor":2},{"not_picked":["Iron Wave","Anger","Heavy Blade"],"picked":"SKIP","floor":3},{"not_picked":["Burning Pact","Blood for Blood","Warcry"],"picked":"SKIP","floor":5},{"not_picked":["Inflame","Uppercut","Clash"],"picked":"SKIP","floor":7}],"player_experience":358322,"relics_obtained":[{"floor":9,"key":"Kunai"}],"event_choices":[{"cards_removed":["Strike_R"],"damage_healed":0,"gold_gain":0,"player_choice":"Card Removal","damage_taken":0,"max_hp_gain":0,"max_hp_loss":0,"event_name":"The Cleric","floor":10,"gold_loss":50}],"is_beta":false,"boss_relics":[],"items_purged_floors":[4],"is_endless":false,"potions_floor_spawned":[3],"killed_by":"3 Sentries","ascension_level":5}}