{"host":"9vecvdjkx64cw9bo","time":1609583376,"event":{"mods":["Ascension Unlocker","BaseMod","Custom Start","Keyboard Shortcuts","Minty Spire (QoL Compilation)","Quick Restart","StSLib","SuperFastMode"],"gold_per_floor":[119,119,44,44,44,77,152,152,178,178,211,211,238,258,258,258,258],"floor_reached":16,"playtime":211,"items_purged":[],"score":208,"play_id":"f8e7ea7e-fe54-43a1-984e-2b26262b64b7","local_time":"20210102192936","is_ascension_mode":true,"campfire_choices":[{"data":"Deep Breath","floor":8.0,"key":"SMITH"},{"floor":10.0,"key":"REST"},{"data":"Pommel Strike","floor":12.0,"key":"SMITH"},{"data":"Spot Weakness","floor":15,"key":"SMITH"}],"circlet_count":0,"master_deck":["AscendersBane","Strike_R+1","Strike_R","Strike_R","Strike_R","Defend_R","Defend_R","Defend_R","Defend_R","Bash+1","Deep Breath+1","Spot Weakness+1","Fire Breathing","Pommel Strike+1","Shrug It Off"],"relics":["Burning Blood","Blood Vial","InkBottle","Whetstone","Bronze Scales","Odd Mushroom"],"acts_visited":["Exordium"],"potions_floor_usage":[13],"damage_taken":[{"damage":0.0,"enemies":"Small Slimes","floor":1.0,"turns":4.0},{"damage":53.0,"enemies":"Lagavulin","floor":6.0,"turns":10.0},{"damage":20.0,"enemies":"3 Sentries","floor":11.0,"turns":4.0},{"damage":11,"enemies":"The Mushroom Lair","floor":13,"turns":3},{"damage":13,"enemies":"2 Louse","floor":14,"turns":3},{"damage":24,"enemies":"Hexaghost","floor":16,"turns":8}],"seed_played":"1176445700735728852","potions_obtained":[{"floor":6.0,"key":"AttackPotion"},{"floor":13,"key":"Block Potion"}],"is_trial":false,"path_per_floor":["M","?","?","?","$","E","?","R","T","R","E","R","?","M","R","B"],"character_chosen":"IRONCLAD","items_purchased":[],"campfire_rested":1,"item_purchase_floors":[],"current_hp_per_floor":[74,69,69,74,74,29,18,18,18,42,30,30,27,22,22,0,0],"gold":258,"neow_bonus":"RANDOM_COLORLESS","is_daily":false,"chose_seed":false,"campfire_upgraded":3,"win_rate":0.0,"timestamp":1609583376,"path_taken":["M","?","?","?","?","E","?","R","T","R","E","R","?","M","R","BOSS"],"items_purchased_type":[],"build_version":"2020-12-22","purchased_purges":0,"victory":false,"max_hp_per_floor":[75,75,75,80,80,80,80,80,80,80,80,80,80,80,80,80,80],"card_choices":[{"not_picked":["Discovery","Forethought"],"picked":"Deep Breath","floor":0.0},{"not_picked":["Burning Pact","Seeing Red"],"picked":"Spot Weakness","floor":1.0},{"not_picked":["Cleave","Feel No Pain"],"picked":"Fire Breathing","floor":6.0},{"not_picked":["Havoc","Entrench"],"picked":"Pommel Strike","floor":11.0},{"not_picked":["Barricade","Wild Strike"],"picked":"Shrug It Off","floor":14}],"player_experience":777151,"relics_obtained":[{"floor":6.0,"key":"InkBottle"},{"floor":9.0,"key":"Whetstone"},{"floor":11.0,"key":"Bronze Scales"},{"floor":13,"key":"Odd Mushroom"}],"event_choices":[{"damage_healed":0.0,"max_hp_gain":0.0,"max_hp_loss":0.0,"gold_gain":0.0,"event_name":"Scrap Ooze","player_choice":"Success","floor":2.0,"gold_loss":0.0,"damage_taken":5.0,"relics_obtained":["Blood Vial"]},{"cards_removed":["Strike_R"],"damage_healed":0.0,"max_hp_gain":0.0,"max_hp_loss":0.0,"gold_gain":0.0,"event_name":"The Cleric","player_choice":"Card Removal","floor":3.0,"gold_loss":75.0,"damage_taken":0.0},{"damage_healed":0.0,"max_hp_gain":5.0,"max_hp_loss":0.0,"gold_gain":0.0,"event_name":"Big Fish","player_choice":"Donut","floor":4.0,"gold_loss":0.0,"damage_taken":0.0},{"damage_healed":0.0,"max_hp_gain":0.0,"max_hp_loss":0.0,"gold_gain":75.0,"event_name":"World of Goop","player_choice":"Gather Gold","floor":7.0,"gold_loss":0.0,"damage_taken":11.0},{"damage_healed":0,"gold_gain":0,"player_choice":"Fought Mushrooms","damage_taken":0,"max_hp_gain":0,"max_hp_loss":0,"event_name":"Mushrooms","floor":13,"gold_loss":0}],"is_beta":false,"boss_relics":[],"items_purged_floors":[],"is_endless":false,"potions_floor_spawned":[6,13],"killed_by":"Hexaghost","ascension_level":20}}