{"host":"9d9dhukr2jywmy0f","time":1609601281,"event":{"mods":["2.2 Compatiblity","Alarm Clock","BaseMod","Bestiary","Block Reminder","Colored Map","Colored Powertips","Curses Come First","DeckTracker","Highlight Path","Key Reminder","Keyboard Shortcuts","Koishi","Minty Spire (QoL Compilation)","MonsterHotkey","Quick Restart","Rare Cards Sparkle","Relic Sorter","Relic Stats","Spire Birthday Party","StSLib","SuperFastMode","Synergy Search","Unceasing Turn Reminder","Unknown Chances"],"gold_per_floor":[119,119,140,140,65,65,65,96,96,96,96,96,8,33,33,132,195,209,209,250,150,150,150,170,184,184,184,59,80,95,113,113,211,211,227,49,49,65,129,129,170,170,238,258,279,304,103,436,436,436,436,436,26,59,59],"floor_reached":56,"playtime":1659,"items_purged":["Koishi:BasicStrike","Koishi:BasicStrike","Koishi:BasicStrike","Koishi:BasicDefend","Koishi:BasicDefend","Koishi:Provoke+1"],"score":2249,"play_id":"56c9fa99-7e67-4b8f-b4fd-d44f5a0ebfec","local_time":"20210102232801","is_ascension_mode":true,"campfire_choices":[{"data":"Koishi:SubconsciousSweep","floor":6.0,"key":"SMITH"},{"floor":12.0,"key":"RECALL"},{"data":"Koishi:HeartAttack","floor":15.0,"key":"SMITH"},{"data":"Koishi:EmbersOfLove","floor":23.0,"key":"SMITH"},{"floor":32.0,"key":"REST"},{"data":"Koishi:UnconsciousUprising","floor":40,"key":"SMITH"},{"data":"Koishi:IdleWhim","floor":42,"key":"SMITH"},{"data":"Koishi:SubterraneanRose","floor":49,"key":"SMITH"},{"data":"Koishi:EmbersOfLove","floor":52,"key":"SMITH"}],"circlet_count":0,"master_deck":["AscendersBane","Koishi:FreudianInstinct","Koishi:SubconsciousSweep+1","Koishi:EmbersOfLove+1","Koishi:HeartAttack+1","Koishi:ReflexRadar","Koishi:HeartAttack+1","Koishi:EmbersOfLove+1","Koishi:ReflexRadar","Koishi:ReflexRadar","Koishi:UnconsciousUprising+1","Koishi:IdleWhim+1","Koishi:SubterraneanRose+1","Dark Shackles"],"relics":["Koishi:ImaginaryFriend","NeowsBlessing","Pantograph","Darkstone Periapt","Koishi:AHoleWhereASisterShouldBe","Tiny House","Red Mask","Letter Opener","Empty Cage","Incense Burner","Pear","Eternal Feather","Happy Flower"],"acts_visited":["Exordium","TheCity","TheBeyond","TheEnding"],"potions_floor_usage":[41,55],"damage_taken":[{"damage":0.0,"enemies":"Jaw Worm","floor":1.0,"turns":1.0},{"damage":0.0,"enemies":"Small Slimes","floor":3.0,"turns":1.0},{"damage":0.0,"enemies":"3 Sentries","floor":8.0,"turns":2.0},{"damage":0.0,"enemies":"2 Louse","floor":14.0,"turns":3.0},{"damage":46.0,"enemies":"Hexaghost","floor":16.0,"turns":9.0},{"damage":7.0,"enemies":"Chosen","floor":18.0,"turns":4.0},{"damage":15.0,"enemies":"Masked Bandits","floor":20.0,"turns":4.0},{"damage":13.0,"enemies":"Shell Parasite","floor":24.0,"turns":3.0},{"damage":0.0,"enemies":"Centurion and Healer","floor":25.0,"turns":3.0},{"damage":0.0,"enemies":"Snecko","floor":29.0,"turns":2.0},{"damage":3.0,"enemies":"Cultist and Chosen","floor":30.0,"turns":3.0},{"damage":0.0,"enemies":"3 Cultists","floor":31.0,"turns":3.0},{"damage":5,"enemies":"Collector","floor":33,"turns":8},{"damage":8,"enemies":"Orb Walker","floor":35,"turns":2},{"damage":22,"enemies":"3 Shapes","floor":38,"turns":1},{"damage":0,"enemies":"2 Orb Walkers","floor":39,"turns":1},{"damage":0,"enemies":"Nemesis","floor":41,"turns":3},{"damage":0,"enemies":"Transient","floor":44,"turns":5},{"damage":7,"enemies":"Sphere and 2 Shapes","floor":45,"turns":2},{"damage":0,"enemies":"4 Shapes","floor":46,"turns":3},{"damage":4,"enemies":"Donu and Deca","floor":50,"turns":4},{"damage":0,"enemies":"Shield and Spear","floor":54,"turns":3},{"damage":15,"enemies":"The Heart","floor":55,"turns":5}],"seed_played":"5937761538634223335","potions_obtained":[{"floor":1.0,"key":"SpeedPotion"},{"floor":17.0,"key":"BlessingOfTheForge"},{"floor":18.0,"key":"PowerPotion"},{"floor":24.0,"key":"Energy Potion"},{"floor":31.0,"key":"Fire Potion"},{"floor":38,"key":"Explosive Potion"},{"floor":44,"key":"FearPotion"},{"floor":46,"key":"Dexterity Potion"}],"is_trial":false,"path_per_floor":["M","?","M","T","$","R","?","E","T","?","?","R","$","M","R","B",null,"M","?","?","$","?","R","M","M","T","?","$","M","M","M","R","B",null,"M","$","?","M","?","R","E","R","T","M","M","M","$","?","R","B",null,"R","$","E","B",null],"character_chosen":"KOISHI","items_purchased":["Koishi:HeartAttack","Koishi:ReflexRadar","Koishi:SubterraneanRose","FairyPotion","Dark Shackles"],"campfire_rested":1,"item_purchase_floors":[13,36,47,53,53],"current_hp_per_floor":[51,51,51,51,51,51,40,40,40,45,45,45,45,46,46,13,51,44,44,31,31,31,31,18,19,19,19,19,20,18,19,37,60,62,54,54,54,32,32,32,42,42,42,42,35,35,35,35,41,62,70,72,72,72,57],"gold":59,"neow_bonus":"THREE_ENEMY_KILL","is_daily":false,"chose_seed":false,"campfire_upgraded":7,"win_rate":0.0,"timestamp":1609601281,"path_taken":["M","?","M","?","$","R","?","E","T","?","?","R","?","M","R","BOSS","M","?","?","$","?","R","M","M","T","?","$","M","M","?","R","BOSS","M","$","?","?","?","R","E","R","T","M","M","M","$","?","R","BOSS","R","$","E","BOSS"],"items_purchased_type":["Card","Card","Card","Potion","Card"],"build_version":"2020-11-30","purchased_purges":6,"victory":true,"max_hp_per_floor":[57,52,52,52,52,52,52,52,52,57,57,57,57,57,57,57,62,62,62,62,62,62,62,62,62,62,62,62,62,62,62,62,62,62,62,62,62,62,62,62,72,72,72,72,72,72,72,72,72,72,72,72,72,72,72],"relic_stats":{"Darkstone Periapt":0,"Happy Flower":[1],"counters":[23,75],"Pantograph":61,"Eternal Feather":8,"Letter Opener":[339],"obtain_stats":[{"Darkstone Periapt":7,"Tiny House":17,"Pear":41,"NeowsBlessing":0,"Happy Flower":54,"Golden Idol":2,"Eternal Feather":43,"Incense Burner":39,"Letter Opener":26,"Empty Cage":34,"keyreminder:keyreminder":8,"Pantograph":4,"Koishi:AHoleWhereASisterShouldBe":8,"Red Mask":20,"Koishi:ImaginaryFriend":0},{"Darkstone Periapt":2,"Tiny House":5,"Pear":17,"NeowsBlessing":0,"Happy Flower":22,"Golden Idol":1,"Eternal Feather":17,"Incense Burner":16,"Letter Opener":9,"Empty Cage":13,"keyreminder:keyreminder":3,"Pantograph":2,"Koishi:AHoleWhereASisterShouldBe":3,"Red Mask":7,"Koishi:ImaginaryFriend":0},{"Darkstone Periapt":2,"Tiny House":16,"Pear":53,"NeowsBlessing":0,"Happy Flower":70,"Golden Idol":1,"Eternal Feather":53,"Incense Burner":50,"Letter Opener":30,"Empty Cage":46,"keyreminder:keyreminder":4,"Pantograph":2,"Koishi:AHoleWhereASisterShouldBe":4,"Red Mask":24,"Koishi:ImaginaryFriend":0}]},"card_choices":[{"not_picked":["Koishi:PhantomStrike","Koishi:TraumaticStroke"],"picked":"Koishi:FreudianInstinct","floor":1.0},{"not_picked":["Koishi:GeneticsOfTheUnconscious","Koishi:ParalyzingFear"],"picked":"Koishi:SubconsciousSweep","floor":3.0},{"not_picked":["Koishi:SubconsciousSweep","Koishi:UnansweredLove"],"picked":"Koishi:EmbersOfLove","floor":8.0},{"not_picked":["Koishi:SpiritedAway","Koishi:SubconsciousSweep"],"picked":"Koishi:ReflexRadar","floor":14.0},{"not_picked":["Koishi:RacingHeart","Koishi:Jaunt","Koishi:ApparitionsStalkTheNight"],"picked":"SKIP","floor":18.0},{"not_picked":["Koishi:BloodcurdlingScream+1","Koishi:FreudianInstinct"],"picked":"Koishi:HeartAttack","floor":24.0},{"not_picked":["Koishi:CatchAndRose","Koishi:Prune","Koishi:DNAsFlaw"],"picked":"SKIP","floor":25.0},{"not_picked":["Koishi:GhostParty","Koishi:LastRemote"],"picked":"Koishi:EmbersOfLove","floor":29.0},{"not_picked":["Koishi:Prune","Koishi:Heartbroken","Koishi:TraumaticStroke+1"],"picked":"SKIP","floor":30.0},{"not_picked":["Koishi:JumpScare+1","Koishi:PhantomStrike","Koishi:ParalyzingFear"],"picked":"SKIP","floor":31.0},{"not_picked":["Koishi:HeartAttack","Koishi:EmbryosDream","Koishi:PhantomStrike"],"picked":"SKIP","floor":35},{"not_picked":["Koishi:UnseenTerror+1","Koishi:BramblyRoseGarden","Koishi:DNAsFlaw"],"picked":"SKIP","floor":38},{"not_picked":["Koishi:VengefulSpirit","Koishi:Whimsy"],"picked":"Koishi:UnconsciousUprising","floor":39},{"not_picked":["Koishi:EmbryosDream+1","Koishi:StingingMind"],"picked":"Koishi:IdleWhim","floor":41},{"not_picked":["Koishi:FleetingPhantom","Koishi:RacingHeart","Koishi:UnconsciousUprising"],"picked":"SKIP","floor":44},{"not_picked":["Koishi:FleetingPhantom","Koishi:RacingHeart","Koishi:UnconsciousUprising"],"picked":"SKIP","floor":44},{"not_picked":["Koishi:FleetingPhantom","Koishi:RacingHeart","Koishi:UnconsciousUprising"],"picked":"SKIP","floor":44},{"not_picked":["Koishi:RacingHeart","Koishi:MindNumbingTerror","Koishi:HeartfeltFancy+1"],"picked":"SKIP","floor":45},{"not_picked":["Koishi:StrangeCloudFist","Koishi:ImGoingToCallYouNow","Koishi:FourthEye"],"picked":"SKIP","floor":46},{"not_picked":["Koishi:JumpScare","Koishi:PhantomBarrier","Koishi:YoukaiPolygraph"],"picked":"SKIP","floor":54}],"player_experience":881020,"relics_obtained":[{"floor":4.0,"key":"Pantograph"},{"floor":8.0,"key":"Koishi:AHoleWhereASisterShouldBe"},{"floor":20.0,"key":"Red Mask"},{"floor":26.0,"key":"Letter Opener"},{"floor":39,"key":"Incense Burner"},{"floor":41,"key":"Pear"},{"floor":43,"key":"Eternal Feather"},{"floor":54,"key":"Happy Flower"}],"event_choices":[{"damage_healed":0.0,"max_hp_gain":0.0,"max_hp_loss":5.0,"gold_gain":0.0,"event_name":"Golden Idol","player_choice":"Lose Max HP","floor":2.0,"gold_loss":0.0,"damage_taken":0.0,"relics_obtained":["Golden Idol"]},{"damage_healed":0.0,"max_hp_gain":0.0,"max_hp_loss":0.0,"gold_gain":0.0,"event_name":"Scrap Ooze","player_choice":"Success","floor":7.0,"gold_loss":0.0,"damage_taken":11.0,"relics_obtained":["Darkstone Periapt"]},{"damage_healed":0.0,"max_hp_gain":5.0,"max_hp_loss":0.0,"gold_gain":0.0,"event_name":"Big Fish","player_choice":"Donut","floor":10.0,"gold_loss":0.0,"damage_taken":0.0},{"cards_removed":["Koishi:BasicDefend"],"damage_healed":0.0,"max_hp_gain":0.0,"max_hp_loss":0.0,"gold_gain":0.0,"event_name":"Living Wall","player_choice":"Forget","floor":11.0,"gold_loss":0.0,"damage_taken":0.0},{"damage_healed":0.0,"max_hp_gain":0.0,"max_hp_loss":0.0,"gold_gain":0.0,"event_name":"Ghosts","player_choice":"Ignored","floor":19.0,"gold_loss":0.0,"damage_taken":0.0},{"damage_healed":0.0,"max_hp_gain":0.0,"max_hp_loss":0.0,"gold_gain":0.0,"event_name":"Masked Bandits","player_choice":"Fought Bandits","floor":20.0,"gold_loss":0.0,"damage_taken":0.0},{"cards_removed":["Koishi:BasicDefend"],"damage_healed":0.0,"max_hp_gain":0.0,"max_hp_loss":0.0,"gold_gain":0.0,"event_name":"Back to Basics","player_choice":"Elegance","floor":22.0,"gold_loss":0.0,"damage_taken":0.0},{"damage_healed":0.0,"max_hp_gain":0.0,"max_hp_loss":0.0,"gold_gain":0.0,"event_name":"Accursed Blacksmith","player_choice":"Forge","floor":27.0,"gold_loss":0.0,"damage_taken":0.0,"cards_upgraded":["Koishi:HeartAttack"]},{"damage_healed":0,"gold_gain":0,"player_choice":"Copied","damage_taken":0,"max_hp_gain":0,"max_hp_loss":0,"event_name":"Duplicator","floor":37,"gold_loss":0,"cards_obtained":["Koishi:ReflexRadar"]},{"damage_healed":0,"gold_gain":0,"player_choice":"Fight","damage_taken":0,"max_hp_gain":0,"max_hp_loss":0,"event_name":"Mysterious Sphere","floor":39,"gold_loss":0},{"damage_healed":0,"gold_gain":333,"player_choice":"Gave Idol","damage_taken":0,"max_hp_gain":0,"max_hp_loss":0,"event_name":"The Moai Head","floor":48,"relics_lost":["Golden Idol"],"gold_loss":0}],"is_beta":false,"boss_relics":[{"not_picked":["SlaversCollar","Sozu"],"picked":"Tiny House"},{"not_picked":["Busted Crown","Runic Dome"],"picked":"Empty Cage"}],"items_purged_floors":[5,21,28,36,47,53],"is_endless":false,"potions_floor_spawned":[1,18,24,31,38,39,44,46,54],"ascension_level":19}}