{"host":"vsdszi3rnxsdp24p","time":1609590017,"event":{"mods":["AchievementEnabler","BaseMod","Colored Map","Colored Powertips","Hermit","Highlight Path","Minty Spire (QoL Compilation)","Quick Restart","Relic Sorter","Relic Stats","StSLib","SuperFastMode","Synergy Search","The Cursed"],"gold_per_floor":[113,113,113,137,161,161,185,185,210,226,251,266,266,307,307,307,307],"floor_reached":16,"playtime":1008,"items_purged":[],"score":104,"play_id":"6d7ae46b-5d84-4637-883a-fa0d648f1000","local_time":"20210102132017","is_ascension_mode":false,"campfire_choices":[{"data":"hermit:Combo","floor":6,"key":"SMITH"},{"data":"hermit:Vantage","floor":8,"key":"SMITH"},{"floor":13,"key":"REST"},{"floor":15,"key":"REST"}],"circlet_count":0,"master_deck":["hermit:Strike_Hermit","hermit:Strike_Hermit","hermit:Strike_Hermit","hermit:Strike_Hermit","hermit:Defend_Hermit+1","hermit:Defend_Hermit","hermit:Defend_Hermit","hermit:Defend_Hermit","hermit:Snapshot","hermit:Covet+1","hermit:Malice","Regret","hermit:Headshot","hermit:Combo+1","hermit:Vantage+1","hermit:GhostlyPresence","hermit:Manifest","hermit:FatalDesire","hermit:Midnight"],"relics":["hermit:Momento","NeowsBlessing","Golden Idol","Potion Belt","War Paint","FossilizedHelix"],"acts_visited":["Exordium"],"potions_floor_usage":[14],"damage_taken":[{"damage":0,"enemies":"2 Louse","floor":1,"turns":1},{"damage":0,"enemies":"Cultist","floor":4,"turns":1},{"damage":0,"enemies":"Jaw Worm","floor":5,"turns":1},{"damage":7,"enemies":"2 Fungi Beasts","floor":7,"turns":3},{"damage":0,"enemies":"Large Slime","floor":10,"turns":5},{"damage":12,"enemies":"Blue Slaver","floor":11,"turns":4},{"damage":8,"enemies":"Red Slaver","floor":12,"turns":4},{"damage":25,"enemies":"Lagavulin","floor":14,"turns":9},{"damage":50,"enemies":"The Guardian","floor":16,"turns":15}],"seed_played":"-6765299760666217910","potions_obtained":[{"floor":4,"key":"AttackPotion"},{"floor":5,"key":"SteroidPotion"}],"is_trial":false,"path_per_floor":["M","?","?","M","M","R","M","R","T","M","M","M","R","E","R","B"],"character_chosen":"HERMIT","items_purchased":[],"campfire_rested":2,"item_purchase_floors":[],"current_hp_per_floor":[75,57,57,57,57,57,50,50,50,50,38,30,52,27,49,0,0],"gold":307,"neow_bonus":"THREE_ENEMY_KILL","is_daily":false,"chose_seed":false,"campfire_upgraded":2,"win_rate":0.0,"timestamp":1609590017,"path_taken":["M","?","?","M","M","R","M","R","T","M","M","M","R","E","R","BOSS"],"items_purchased_type":[],"build_version":"2020-12-22","purchased_purges":0,"victory":false,"max_hp_per_floor":[75,75,75,75,75,75,75,75,75,75,75,75,75,75,75,75,75],"relic_stats":{"counters":[9,43],"Golden Idol":34,"War Paint":["hermit:Defend_Hermit","hermit:Covet"],"obtain_stats":[{"Potion Belt":3,"NeowsBlessing":0,"Golden Idol":2,"War Paint":9,"hermit:Momento":0,"FossilizedHelix":14},{"Potion Belt":1,"NeowsBlessing":0,"Golden Idol":1,"War Paint":4,"hermit:Momento":0,"FossilizedHelix":8},{"Potion Belt":1,"NeowsBlessing":0,"Golden Idol":1,"War Paint":6,"hermit:Momento":0,"FossilizedHelix":28}]},"card_choices":[{"not_picked":["hermit:ItchyTrigger","hermit:Feint"],"picked":"hermit:Malice","floor":1},{"not_picked":["hermit:SprayPray","hermit:Scavenge"],"picked":"hermit:Headshot","floor":4},{"not_picked":["hermit:Misfire","hermit:Vantage"],"picked":"hermit:Combo","floor":5},{"not_picked":["hermit:Virtue","hermit:Showdown"],"picked":"hermit:Vantage","floor":7},{"not_picked":["hermit:FlashPowder","hermit:Midnight"],"picked":"hermit:GhostlyPresence","floor":10},{"not_picked":["hermit:Showdown","hermit:Determination"],"picked":"hermit:Manifest","floor":11},{"not_picked":["hermit:Dive","hermit:BodyArmor"],"picked":"hermit:FatalDesire","floor":12},{"not_picked":["hermit:TrackingShot","hermit:Combo"],"picked":"hermit:Midnight","floor":14}],"player_experience":105991,"relics_obtained":[{"floor":9,"key":"War Paint"},{"floor":14,"key":"FossilizedHelix"}],"event_choices":[{"damage_healed":0,"gold_gain":0,"player_choice":"Take Damage","damage_taken":18,"relics_obtained":["Golden Idol"],"max_hp_gain":0,"max_hp_loss":0,"event_name":"Golden Idol","floor":2,"gold_loss":0},{"damage_healed":0,"gold_gain":0,"player_choice":"Box","damage_taken":0,"relics_obtained":["Potion Belt"],"max_hp_gain":0,"max_hp_loss":0,"event_name":"Big Fish","floor":3,"gold_loss":0,"cards_obtained":["Regret"]}],"is_beta":false,"boss_relics":[],"items_purged_floors":[],"is_endless":false,"potions_floor_spawned":[4,5],"killed_by":"The Guardian","ascension_level":0}}