{"host":"w9yruvs4bqht6bhw","time":1609623620,"event":{"mods":["BaseMod","Colored Powertips","Minty Spire (QoL Compilation)"],"gold_per_floor":[110,129,5,5,16,16,54,54,81,81,100,52,85,104,104,230,230,249,124,124,113,113,113,128,148,230,254,295,98,98,98,98,198,198,209,13,33,33,33,33,33],"floor_reached":40,"playtime":1265,"items_purged":["Defend_R","Bash"],"score":638,"play_id":"aab5d308-45d4-4a69-9517-70fcbfa7d19b","local_time":"20210102164020","is_ascension_mode":true,"campfire_choices":[{"data":"Limit Break","floor":8,"key":"SMITH"},{"data":"Anger","floor":15,"key":"SMITH"},{"data":"Spot Weakness","floor":23,"key":"SMITH"},{"data":"Intimidate","floor":32,"key":"SMITH"}],"circlet_count":0,"master_deck":["Defend_R","Defend_R","Defend_R","Clash","Intimidate+1","Limit Break+1","Spot Weakness+1","Shrug It Off","Anger+1","Bite","Bite","Bite","Bite","Bite","Battle Trance","Limit Break+1","Battle Trance+1","Uppercut+1","Impervious","Madness","Madness"],"relics":["Burning Blood","NeowsBlessing","Bloody Idol","Anchor","Regal Pillow","Odd Mushroom","Pantograph","Mercury Hourglass","Black Star","Sling"],"acts_visited":["Exordium","TheCity","TheBeyond"],"potions_floor_usage":[7,7,16,16,21,25,25,28,28,33,33,37,40],"damage_taken":[{"damage":0,"enemies":"Cultist","floor":1,"turns":1},{"damage":0,"enemies":"2 Louse","floor":2,"turns":1},{"damage":0,"enemies":"Small Slimes","floor":5,"turns":1},{"damage":26,"enemies":"Lagavulin","floor":7,"turns":6},{"damage":9,"enemies":"3 Louse","floor":11,"turns":4},{"damage":10,"enemies":"The Mushroom Lair","floor":13,"turns":4},{"damage":0,"enemies":"Lots of Slimes","floor":14,"turns":4},{"damage":0,"enemies":"Slime Boss","floor":16,"turns":5},{"damage":35,"enemies":"Chosen","floor":18,"turns":7},{"damage":11,"enemies":"2 Thieves","floor":21,"turns":4},{"damage":3,"enemies":"Snake Plant","floor":24,"turns":3},{"damage":27,"enemies":"Centurion and Healer","floor":25,"turns":7},{"damage":30,"enemies":"Snecko","floor":27,"turns":7},{"damage":15,"enemies":"Book of Stabbing","floor":28,"turns":4},{"damage":36,"enemies":"Champ","floor":33,"turns":6},{"damage":8,"enemies":"Orb Walker","floor":35,"turns":3},{"damage":12,"enemies":"3 Darklings","floor":37,"turns":5},{"damage":66,"enemies":"Reptomancer","floor":40,"turns":3}],"seed_played":"-3942531702469498882","potions_obtained":[{"floor":5,"key":"EssenceOfSteel"},{"floor":7,"key":"Regen Potion"},{"floor":10,"key":"Swift Potion"},{"floor":10,"key":"SpeedPotion"},{"floor":16,"key":"Dexterity Potion"},{"floor":18,"key":"SpeedPotion"},{"floor":21,"key":"Explosive Potion"},{"floor":27,"key":"BlessingOfTheForge"},{"floor":35,"key":"Block Potion"}],"is_trial":false,"path_per_floor":["M","M","$","$","M","?","E","R","T","?","M","$","?","M","R","B",null,"M","$","?","M","?","R","M","M","T","M","E","$","?","?","R","B",null,"M","$","M","$","?","E"],"character_chosen":"IRONCLAD","items_purchased":["Limit Break","Energy Potion","SteroidPotion","Strength Potion","Strength Potion","PowerPotion","Sling","FearPotion"],"campfire_rested":0,"item_purchase_floors":[3,3,12,19,29,29,36,36],"current_hp_per_floor":[78,80,80,80,80,74,54,54,54,54,51,51,47,53,53,59,70,41,41,41,44,44,44,51,39,39,27,30,30,47,47,47,32,46,51,51,51,51,45,0,0],"gold":33,"neow_bonus":"THREE_ENEMY_KILL","is_daily":false,"chose_seed":false,"campfire_upgraded":4,"win_rate":0.0,"timestamp":1609623620,"path_taken":["M","M","?","$","M","?","E","R","T","?","?","?","?","M","R","BOSS","M","$","?","M","?","R","M","?","T","M","E","$","?","?","R","BOSS","M","$","M","$","?","E"],"items_purchased_type":["Card","Potion","Potion","Potion","Potion","Potion","Relic","Potion"],"build_version":"2020-12-22","purchased_purges":2,"victory":false,"max_hp_per_floor":[80,80,80,80,80,74,74,74,74,74,74,74,74,74,74,74,74,74,74,51,51,51,51,51,51,51,51,51,51,51,51,51,51,51,51,51,51,51,51,51,51],"card_choices":[{"not_picked":["Armaments","Blood for Blood"],"picked":"Clash","floor":1},{"not_picked":["Armaments","Pommel Strike"],"picked":"Intimidate","floor":2},{"not_picked":["Headbutt","Sword Boomerang","Power Through"],"picked":"SKIP","floor":5},{"not_picked":["Flame Barrier","Searing Blow"],"picked":"Spot Weakness","floor":7},{"not_picked":["Iron Wave","Reckless Charge"],"picked":"Shrug It Off","floor":11},{"not_picked":["Havoc","Wild Strike"],"picked":"Anger","floor":13},{"not_picked":["Dual Wield","Dark Embrace","Pommel Strike"],"picked":"SKIP","floor":14},{"not_picked":["Sever Soul","Blood for Blood","Cleave"],"picked":"SKIP","floor":18},{"not_picked":["Ghostly Armor","Pummel"],"picked":"Battle Trance","floor":21},{"not_picked":["Burning Pact","Warcry","Sword Boomerang+1"],"picked":"SKIP","floor":24},{"not_picked":["Iron Wave","Headbutt","Thunderclap"],"picked":"SKIP","floor":25},{"not_picked":["Perfected Strike+1","Reckless Charge"],"picked":"Battle Trance+1","floor":27},{"not_picked":["Pummel","Twin Strike+1"],"picked":"Uppercut+1","floor":28},{"not_picked":["Double Tap","Juggernaut"],"picked":"Impervious","floor":33},{"not_picked":["Whirlwind+1","Perfected Strike","Cleave"],"picked":"SKIP","floor":35},{"not_picked":["Dark Embrace+1","Rupture","Headbutt+1"],"picked":"SKIP","floor":37}],"player_experience":268908,"relics_obtained":[{"floor":7,"key":"Anchor"},{"floor":9,"key":"Regal Pillow"},{"floor":13,"key":"Odd Mushroom"},{"floor":26,"key":"Pantograph"},{"floor":28,"key":"Mercury Hourglass"}],"event_choices":[{"damage_healed":0,"gold_gain":0,"player_choice":"Lose Max HP","damage_taken":0,"relics_obtained":["Golden Idol"],"max_hp_gain":0,"max_hp_loss":6,"event_name":"Golden Idol","floor":6,"gold_loss":0},{"damage_healed":0,"gold_gain":0,"player_choice":"Got Potions","damage_taken":0,"max_hp_gain":0,"max_hp_loss":0,"event_name":"Lab","floor":10,"gold_loss":0},{"damage_healed":0,"gold_gain":0,"player_choice":"Fought Mushrooms","damage_taken":0,"max_hp_gain":0,"max_hp_loss":0,"event_name":"Mushrooms","floor":13,"gold_loss":0},{"damage_healed":0,"gold_gain":0,"player_choice":"Became a vampire","damage_taken":0,"max_hp_gain":0,"max_hp_loss":23,"event_name":"Vampires","floor":20,"gold_loss":0,"cards_obtained":["Bite","Bite","Bite","Bite","Bite"]},{"damage_healed":0,"gold_gain":0,"player_choice":"Copied","damage_taken":0,"max_hp_gain":0,"max_hp_loss":0,"event_name":"Duplicator","floor":22,"gold_loss":0,"cards_obtained":["Limit Break"]},{"damage_healed":17,"gold_gain":0,"player_choice":"Heal","damage_taken":0,"max_hp_gain":0,"max_hp_loss":0,"event_name":"The Library","floor":30,"gold_loss":0},{"damage_healed":0,"gold_gain":0,"player_choice":"Gave Idol","damage_taken":0,"relics_obtained":["Bloody Idol"],"max_hp_gain":0,"max_hp_loss":0,"event_name":"Forgotten Altar","floor":31,"relics_lost":["Golden Idol"],"gold_loss":0},{"damage_healed":0,"gold_gain":0,"player_choice":"Embrace Madness","damage_taken":6,"max_hp_gain":0,"max_hp_loss":0,"event_name":"Winding Halls","floor":39,"gold_loss":0,"cards_obtained":["Madness","Madness"]}],"is_beta":false,"boss_relics":[{"not_picked":["Astrolabe","Philosopher\u0027s Stone","Fusion Hammer"]},{"not_picked":["Sozu","Tiny House"],"picked":"Black Star"}],"items_purged_floors":[19,29],"is_endless":false,"potions_floor_spawned":[5,7,14,16,18,21,27,35],"killed_by":"Reptomancer","ascension_level":7}}