{"host":"31s8hzukbhz1k6i6","time":1609547053,"event":{"mods":["AchievementEnabler","BaseMod","Bestiary","Colored Map","Filter the Spire","Minty Spire (QoL Compilation)","Relic Stats","UnlockEverythingMod","ojb\u0027s Info Mod"],"gold_per_floor":[12,30,30,49,67,67,80,94,119,119,153,172,234,338,338,411,411,427,477,488,190,240,240,272,272,341,341,352,383,451,451,451],"floor_reached":31,"playtime":1275,"items_purged":["Strike_G"],"score":608,"play_id":"96bdf163-f1ee-4db5-b1af-a7d4a3dc91e0","local_time":"20210101162413","is_ascension_mode":true,"campfire_choices":[{"data":"Terror","floor":6.0,"key":"SMITH"},{"data":"Glass Knife","floor":10.0,"key":"SMITH"},{"floor":15.0,"key":"REST"},{"data":"Finisher","floor":23.0,"key":"SMITH"},{"data":"Footwork","floor":25,"key":"SMITH"},{"data":"Blade Dance","floor":27,"key":"SMITH"}],"circlet_count":0,"master_deck":["AscendersBane","Strike_G","Strike_G","Strike_G","Defend_G","Defend_G","Defend_G","Defend_G","Defend_G","Survivor","Neutralize","Glass Knife+1","Backflip","Terror+1","Blade Dance+1","Flying Knee","Corpse Explosion","Finisher+1","Well Laid Plans","Footwork+1","Cloak And Dagger","PiercingWail","Well Laid Plans","Outmaneuver","Leg Sweep","Blade Dance+1"],"relics":["Ring of the Snake","SsserpentHead","Strawberry","The Courier","WristBlade","Regal Pillow","Bottled Lightning","Vajra"],"acts_visited":["Exordium","TheCity"],"potions_floor_usage":[24,29,30],"damage_taken":[{"damage":1.0,"enemies":"Cultist","floor":1.0,"turns":3.0},{"damage":11.0,"enemies":"Jaw Worm","floor":2.0,"turns":4.0},{"damage":2.0,"enemies":"2 Louse","floor":4.0,"turns":3.0},{"damage":9.0,"enemies":"Exordium Wildlife","floor":5.0,"turns":7.0},{"damage":12.0,"enemies":"Exordium Thugs","floor":7.0,"turns":4.0},{"damage":0.0,"enemies":"2 Fungi Beasts","floor":8.0,"turns":3.0},{"damage":8.0,"enemies":"Gremlin Nob","floor":11.0,"turns":3.0},{"damage":0.0,"enemies":"Looter","floor":12.0,"turns":2.0},{"damage":6.0,"enemies":"Large Slime","floor":13.0,"turns":7.0},{"damage":37.0,"enemies":"Slime Boss","floor":16.0,"turns":11.0},{"damage":0.0,"enemies":"2 Thieves","floor":18.0,"turns":1.0},{"damage":18.0,"enemies":"Shell Parasite","floor":20.0,"turns":5.0},{"damage":0,"enemies":"Gremlin Leader","floor":24,"turns":5},{"damage":13,"enemies":"Centurion and Healer","floor":28,"turns":4},{"damage":14,"enemies":"Book of Stabbing","floor":29,"turns":3},{"damage":14,"enemies":"Snake Plant","floor":30,"turns":4},{"damage":5,"enemies":"Shelled Parasite and Fungi","floor":31,"turns":1}],"seed_played":"-3880660376725273351","potions_obtained":[{"floor":1.0,"key":"Swift Potion"},{"floor":4.0,"key":"Poison Potion"},{"floor":12.0,"key":"BlessingOfTheForge"},{"floor":16.0,"key":"Fruit Juice"},{"floor":29,"key":"LiquidMemories"}],"is_trial":false,"path_per_floor":["M","M","?","M","M","R","M","M","T","R","E","M","M","?","R","B",null,"M","?","M","$","?","R","E","R","T","R","M","E","M","M"],"character_chosen":"THE_SILENT","items_purchased":["Footwork","Cloak And Dagger","SteroidPotion","Block Potion","PiercingWail"],"campfire_rested":1,"item_purchase_floors":[21,21,21,21,21],"current_hp_per_floor":[58,47,47,45,36,36,24,24,31,31,23,23,17,17,38,1,55,55,55,37,42,42,42,42,42,42,42,29,15,1,0,0],"gold":451,"neow_bonus":"THREE_RARE_CARDS","is_daily":false,"chose_seed":false,"campfire_upgraded":5,"win_rate":0.0,"timestamp":1609547053,"path_taken":["M","?","?","M","M","R","M","M","T","R","E","M","?","?","R","BOSS","M","?","M","$","?","R","E","R","T","R","M","E","?","M"],"items_purchased_type":["Card","Card","Potion","Potion","Card"],"build_version":"2020-12-22","purchased_purges":1,"victory":false,"max_hp_per_floor":[66,66,66,66,66,66,66,66,73,73,73,73,73,73,73,73,73,73,73,73,78,78,78,78,78,78,78,78,78,78,78,78],"relic_stats":{"SsserpentHead":250,"Regal Pillow":0,"counters":[17,70],"obtain_stats":[{"SsserpentHead":3,"Regal Pillow":24,"WristBlade":17,"Strawberry":9,"Vajra":29,"The Courier":11,"Bottled Lightning":26,"Ring of the Snake":0},{"SsserpentHead":2,"Regal Pillow":13,"WristBlade":10,"Strawberry":6,"Vajra":15,"The Courier":7,"Bottled Lightning":13,"Ring of the Snake":0},{"SsserpentHead":7,"Regal Pillow":58,"WristBlade":47,"Strawberry":24,"Vajra":65,"The Courier":27,"Bottled Lightning":58,"Ring of the Snake":0}],"Ring of the Snake":[34]},"card_choices":[{"not_picked":["Unload","A Thousand Cuts"],"picked":"Glass Knife","floor":0.0},{"not_picked":["Distraction","Slice","Flechettes"],"picked":"SKIP","floor":1.0},{"not_picked":["Underhanded Strike","Bane"],"picked":"Backflip","floor":2.0},{"not_picked":["Accuracy","Backflip","PiercingWail"],"picked":"SKIP","floor":4.0},{"not_picked":["Dodge and Roll","Bane"],"picked":"Terror","floor":5.0},{"not_picked":["Bane","Dagger Spray"],"picked":"Blade Dance","floor":7.0},{"not_picked":["Underhanded Strike","Dagger Spray"],"picked":"Flying Knee","floor":8.0},{"not_picked":["Slice","Night Terror","Backflip"],"picked":"SKIP","floor":11.0},{"not_picked":["Deflect","Slice","Dodge and Roll"],"picked":"SKIP","floor":12.0},{"not_picked":["Heel Hook","Poisoned Stab","Dodge and Roll"],"picked":"SKIP","floor":13.0},{"not_picked":["Tools of the Trade","Malaise"],"picked":"Corpse Explosion","floor":16.0},{"not_picked":["Slice","Backflip","Bane"],"picked":"SKIP","floor":18.0},{"not_picked":["Bane","Prepared"],"picked":"Well Laid Plans","floor":20.0},{"not_picked":["Tactician","Slice","Endless Agony"],"picked":"SKIP","floor":24},{"not_picked":["PiercingWail","Flechettes"],"picked":"Outmaneuver","floor":28},{"not_picked":["Crippling Poison","Reflex"],"picked":"Leg Sweep","floor":29},{"not_picked":["Quick Slash","PiercingWail"],"picked":"Blade Dance+1","floor":30}],"player_experience":126516,"relics_obtained":[{"floor":9.0,"key":"Strawberry"},{"floor":11.0,"key":"The Courier"},{"floor":24,"key":"Regal Pillow"},{"floor":26,"key":"Bottled Lightning"},{"floor":29,"key":"Vajra"}],"event_choices":[{"damage_healed":0.0,"max_hp_gain":0.0,"max_hp_loss":0.0,"gold_gain":0.0,"event_name":"FaceTrader","player_choice":"Trade","floor":3.0,"gold_loss":0.0,"damage_taken":0.0,"relics_obtained":["SsserpentHead"]},{"damage_healed":0.0,"max_hp_gain":0.0,"max_hp_loss":0.0,"gold_gain":54.0,"event_name":"Golden Wing","player_choice":"Gained Gold","floor":14.0,"gold_loss":0.0,"damage_taken":0.0},{"damage_healed":0.0,"max_hp_gain":0.0,"max_hp_loss":0.0,"gold_gain":0.0,"event_name":"The Library","player_choice":"Read","floor":19.0,"gold_loss":0.0,"damage_taken":0.0,"cards_obtained":["Finisher"]},{"damage_healed":0.0,"max_hp_gain":0.0,"max_hp_loss":0.0,"gold_gain":0.0,"cards_transformed":["Strike_G"],"event_name":"Transmorgrifier","player_choice":"Transformed","floor":22.0,"gold_loss":0.0,"damage_taken":0.0,"cards_obtained":["Well Laid Plans"]}],"is_beta":false,"boss_relics":[{"not_picked":["Velvet Choker","Runic Dome"],"picked":"WristBlade"}],"items_purged_floors":[21],"is_endless":false,"potions_floor_spawned":[1,4,12,16,29],"killed_by":"Shelled Parasite and Fungi","ascension_level":20}}