{"host":"svjtl4dki9uqj609","time":1609602725,"event":{"mods":["BaseMod","Colored Map","Keyboard Shortcuts","Minty Spire (QoL Compilation)","StSLib","SuperFastMode"],"gold_per_floor":[111,130,130,205,205,239,239,254,254,273,273,302,302,151,151,253,253,272,272,292,48,65,84,111,126,126,126,139,152,52,52,52,152,152,166,41,57,0,11,11,36,36,36,36,53,98,50,64,64,64],"floor_reached":51,"playtime":1497,"items_purged":["Strike_R","Strike_R","Strike_R"],"score":782,"play_id":"e47c9cfe-e822-4eb1-a950-1365a64f503a","local_time":"20210103005205","is_ascension_mode":false,"campfire_choices":[{"data":"True Grit","floor":7.0,"key":"SMITH"},{"data":"Bash","floor":11.0,"key":"SMITH"},{"data":"Battle Trance","floor":13.0,"key":"SMITH"},{"data":"Inflame","floor":15.0,"key":"SMITH"},{"data":"Limit Break","floor":27.0,"key":"SMITH"},{"floor":32.0,"key":"REST"},{"floor":40.0,"key":"REST"},{"floor":44,"key":"REST"},{"floor":49,"key":"REST"}],"circlet_count":0,"master_deck":["Strike_R","Defend_R","Defend_R","Defend_R","Defend_R","Bash+1","Cleave","True Grit+1","Heavy Blade","Battle Trance+1","Pummel","Feed","Inflame+1","Shrug It Off","Limit Break+1","Burning Pact","Inflame+1","Shrug It Off","Flame Barrier+1","Shrug It Off+1","Pummel+1","Limit Break","Warcry+1","Inflame+1"],"relics":["Burning Blood","NeowsBlessing","Blood Vial","WingedGreaves","Gremlin Horn","Orrery","SlaversCollar","DollysMirror","Lizard Tail","Dream Catcher","CaptainsWheel","Fusion Hammer","Red Mask","Calipers","Pear","Charon\u0027s Ashes"],"acts_visited":["Exordium","TheCity","TheBeyond"],"potions_floor_usage":[45,46,50,50],"damage_taken":[{"damage":0.0,"enemies":"Cultist","floor":1.0,"turns":1.0},{"damage":0.0,"enemies":"Small Slimes","floor":2.0,"turns":1.0},{"damage":0.0,"enemies":"Gremlin Nob","floor":6.0,"turns":1.0},{"damage":0.0,"enemies":"2 Louse","floor":8.0,"turns":3.0},{"damage":14.0,"enemies":"Blue Slaver","floor":10.0,"turns":4.0},{"damage":29.0,"enemies":"3 Sentries","floor":12.0,"turns":8.0},{"damage":29.0,"enemies":"The Guardian","floor":16.0,"turns":11.0},{"damage":1.0,"enemies":"Chosen","floor":18.0,"turns":5.0},{"damage":21.0,"enemies":"Shell Parasite","floor":20.0,"turns":7.0},{"damage":34.0,"enemies":"Sentry and Sphere","floor":22.0,"turns":5.0},{"damage":33.0,"enemies":"Shelled Parasite and Fungi","floor":23.0,"turns":7.0},{"damage":12.0,"enemies":"Book of Stabbing","floor":24.0,"turns":6.0},{"damage":33.0,"enemies":"Snake Plant","floor":25.0,"turns":5.0},{"damage":6.0,"enemies":"Snecko","floor":28.0,"turns":5.0},{"damage":3.0,"enemies":"3 Cultists","floor":29.0,"turns":5.0},{"damage":5.0,"enemies":"Automaton","floor":33.0,"turns":6.0},{"damage":10.0,"enemies":"Orb Walker","floor":35.0,"turns":4.0},{"damage":0.0,"enemies":"3 Shapes","floor":37.0,"turns":3.0},{"damage":20.0,"enemies":"3 Darklings","floor":39.0,"turns":4.0},{"damage":32.0,"enemies":"Nemesis","floor":41.0,"turns":3.0},{"damage":2,"enemies":"Jaw Worm Horde","floor":45,"turns":4},{"damage":19,"enemies":"2 Orb Walkers","floor":46,"turns":5},{"damage":8,"enemies":"Spire Growth","floor":48,"turns":3},{"damage":24,"enemies":"Donu and Deca","floor":50,"turns":5}],"seed_played":"-843182314661878944","potions_obtained":[{"floor":2.0,"key":"BlessingOfTheForge"},{"floor":8.0,"key":"Dexterity Potion"},{"floor":12.0,"key":"SkillPotion"},{"floor":22.0,"key":"FearPotion"},{"floor":23.0,"key":"Block Potion"},{"floor":28.0,"key":"FearPotion"},{"floor":29.0,"key":"SkillPotion"},{"floor":33.0,"key":"Strength Potion"},{"floor":35.0,"key":"EssenceOfSteel"},{"floor":41.0,"key":"SteroidPotion"},{"floor":48,"key":"Fire Potion"}],"is_trial":false,"path_per_floor":["M","M","?","?","T","E","R","M","T","M","R","E","R","$","R","B",null,"M","?","M","$","M","M","E","M","T","R","M","M","$","?","R","B",null,"M","$","M","?","M","R","E","?","T","R","M","?","$","M","R","B",null],"character_chosen":"IRONCLAD","items_purchased":["Orrery","DollysMirror","Shrug It Off","Strength Potion"],"campfire_rested":4,"item_purchase_floors":[14,21,21,47],"current_hp_per_floor":[80,80,73,62,62,68,68,76,76,70,70,49,49,49,49,31,83,86,78,65,65,39,17,13,36,36,36,38,43,43,43,69,72,89,85,85,89,89,75,89,66,66,76,102,102,89,89,92,105,90],"gold":64,"neow_bonus":"THREE_ENEMY_KILL","is_daily":false,"chose_seed":false,"campfire_upgraded":5,"win_rate":0.0,"timestamp":1609602725,"path_taken":["M","?","?","?","?","E","R","M","T","M","R","E","R","$","R","BOSS","M","?","M","$","?","M","E","M","T","R","M","M","$","?","R","BOSS","M","$","M","?","M","R","E","?","T","R","M","?","$","M","R","BOSS"],"items_purchased_type":["Relic","Relic","Card","Potion"],"build_version":"2020-12-22","purchased_purges":3,"victory":true,"max_hp_per_floor":[80,80,80,80,80,80,80,80,80,80,80,80,80,80,80,83,83,86,86,86,86,86,89,89,89,89,89,89,89,89,89,89,89,89,89,89,89,89,89,89,92,92,102,102,102,102,102,105,105,108],"card_choices":[{"not_picked":["Warcry","Ghostly Armor"],"picked":"Twin Strike","floor":1.0},{"not_picked":["Clothesline","Infernal Blade"],"picked":"Cleave","floor":2.0},{"not_picked":["Intimidate","Headbutt"],"picked":"True Grit","floor":6.0},{"not_picked":["Burning Pact","Anger"],"picked":"Heavy Blade","floor":8.0},{"not_picked":["Anger","Corruption"],"picked":"Battle Trance","floor":10.0},{"not_picked":["True Grit","Sword Boomerang"],"picked":"Pummel","floor":12.0},{"not_picked":["Body Slam","Rampage"],"picked":"Feed","floor":14.0},{"not_picked":["Intimidate","Rupture"],"picked":"Inflame","floor":14.0},{"not_picked":["Iron Wave","Pommel Strike"],"picked":"Shrug It Off","floor":14.0},{"not_picked":["Demon Form","Brutality"],"picked":"Limit Break","floor":16.0},{"not_picked":["Dropkick+1","Cleave"],"picked":"Burning Pact","floor":18.0},{"not_picked":["Heavy Blade","Anger","Uppercut"],"picked":"SKIP","floor":20.0},{"not_picked":["Metallicize+1","Iron Wave","Body Slam"],"picked":"SKIP","floor":22.0},{"not_picked":["Rampage","Rupture"],"picked":"Flame Barrier+1","floor":23.0},{"not_picked":["Reckless Charge","Anger","Thunderclap+1"],"picked":"SKIP","floor":24.0},{"not_picked":["Barricade","Cleave"],"picked":"Shrug It Off+1","floor":25.0},{"not_picked":["Heavy Blade","Fire Breathing+1","Anger"],"picked":"SKIP","floor":28.0},{"not_picked":["Feel No Pain","Pommel Strike+1","Dropkick"],"picked":"SKIP","floor":29.0},{"not_picked":["Anger","Perfected Strike"],"picked":"Pummel+1","floor":32.0},{"not_picked":["Demon Form","Double Tap"],"picked":"Limit Break","floor":33.0},{"not_picked":["Dark Embrace+1","Feel No Pain","Rupture"],"picked":"SKIP","floor":35.0},{"not_picked":["Twin Strike","Pommel Strike","Burning Pact+1"],"picked":"SKIP","floor":37.0},{"not_picked":["Sever Soul","Anger"],"picked":"Warcry+1","floor":39.0},{"not_picked":["Heavy Blade","Burning Pact","Rupture+1"],"picked":"SKIP","floor":41.0},{"not_picked":["Headbutt","Body Slam","Entrench+1"],"picked":"SKIP","floor":45},{"not_picked":["Perfected Strike","Sword Boomerang"],"picked":"Inflame+1","floor":48}],"player_experience":7138,"relics_obtained":[{"floor":6.0,"key":"Blood Vial"},{"floor":9.0,"key":"WingedGreaves"},{"floor":12.0,"key":"Gremlin Horn"},{"floor":24.0,"key":"Lizard Tail"},{"floor":26.0,"key":"Dream Catcher"},{"floor":41.0,"key":"Calipers"},{"floor":43.0,"key":"Pear"},{"floor":46,"key":"Charon\u0027s Ashes"}],"event_choices":[{"cards_removed":["Strike_R"],"damage_healed":0.0,"max_hp_gain":0.0,"max_hp_loss":0.0,"gold_gain":0.0,"event_name":"Golden Wing","player_choice":"Card Removal","floor":3.0,"gold_loss":0.0,"damage_taken":7.0},{"damage_healed":0.0,"max_hp_gain":0.0,"max_hp_loss":0.0,"gold_gain":75.0,"event_name":"World of Goop","player_choice":"Gather Gold","floor":4.0,"gold_loss":0.0,"damage_taken":11.0},{"damage_healed":0.0,"max_hp_gain":0.0,"max_hp_loss":0.0,"gold_gain":0.0,"event_name":"Wheel of Change","player_choice":"Damaged","floor":19.0,"gold_loss":0.0,"damage_taken":8.0},{"damage_healed":0.0,"max_hp_gain":0.0,"max_hp_loss":0.0,"gold_gain":0.0,"event_name":"The Mausoleum","player_choice":"Opened","floor":31.0,"gold_loss":0.0,"damage_taken":0.0,"relics_obtained":["CaptainsWheel"]},{"damage_healed":0.0,"max_hp_gain":0.0,"max_hp_loss":0.0,"gold_gain":0.0,"event_name":"Tomb of Lord Red Mask","player_choice":"Paid","floor":38.0,"gold_loss":57.0,"damage_taken":0.0,"relics_obtained":["Red Mask"]},{"cards_removed":["Twin Strike"],"damage_healed":0.0,"max_hp_gain":0.0,"max_hp_loss":0.0,"gold_gain":0.0,"event_name":"Falling","player_choice":"Removed Attack","floor":42.0,"gold_loss":0.0,"damage_taken":0.0},{"damage_healed":0,"gold_gain":0,"player_choice":"Fight","damage_taken":0,"max_hp_gain":0,"max_hp_loss":0,"event_name":"Mysterious Sphere","floor":46,"gold_loss":0}],"is_beta":false,"boss_relics":[{"not_picked":["Black Star","Velvet Choker"],"picked":"SlaversCollar"},{"not_picked":["Philosopher\u0027s Stone","Astrolabe"],"picked":"Fusion Hammer"}],"items_purged_floors":[21,30,36],"is_endless":false,"potions_floor_spawned":[2,8,12,22,23,28,29,33,35,41,48],"ascension_level":0}}