{"host":"f5uumzf5hfexzk8l","time":1609627593,"event":{"mods":["AchievementEnabler","BaseMod","Colored Map","Googly Eyes","Highlight Path","Minty Spire (QoL Compilation)","Permanent Neow","StSLib","SuperFastMode","Unceasing Turn Reminder","everything is the same but u backflip on backflip"],"gold_per_floor":[117,129,142,153,170,170,200,210,210,237,237,237,257,278,278,407,407,425,441,466,318,318,353,353,395,395,414,451,451,481,511,511,623,623,643,672,682,711,711,741,741,767,791,829,873,873,199,231,231,231],"floor_reached":51,"playtime":2283,"items_purged":["Strike_R"],"score":1447,"play_id":"8ac9a934-eb00-4c9b-b157-9eab18923251","local_time":"20210102144633","is_ascension_mode":true,"campfire_choices":[{"data":"Carnage","floor":6.0,"key":"SMITH"},{"data":"Flame Barrier","floor":11.0,"key":"SMITH"},{"floor":15.0,"key":"REST"},{"data":"Corruption","floor":24.0,"key":"SMITH"},{"floor":29.0,"key":"REST"},{"data":"Exhume","floor":32.0,"key":"SMITH"},{"data":"Impervious","floor":41,"key":"SMITH"},{"floor":49,"key":"DIG"}],"circlet_count":0,"master_deck":["Strike_R","Strike_R","Strike_R","Strike_R","Defend_R","Defend_R","Defend_R","Defend_R","Bash","Carnage+1","Twin Strike","Disarm","Flame Barrier+1","Offering","Shrug It Off","Corruption+1","Inflame+1","Uppercut+1","Dark Embrace","Exhume+1","Metallicize","Impervious+1","Shrug It Off","Dark Embrace+1","Body Slam+1","Cleave+1","Bloodletting+1","Shrug It Off","Metallicize","Shrug It Off","Bloodletting","Chrysalis"],"relics":["Black Blood","Regal Pillow","Bag of Marbles","WingedGreaves","Bloody Idol","Philosopher\u0027s Stone","CeramicFish","HornCleat","Mummified Hand","Bird Faced Urn","Oddly Smooth Stone","Ginger","Letter Opener","Happy Flower","Shovel","Blood Vial","Bottled Tornado","Red Skull","Bag of Preparation","Pen Nib"],"acts_visited":["Exordium","TheCity","TheBeyond"],"potions_floor_usage":[50,50,50],"damage_taken":[{"damage":0.0,"enemies":"2 Louse","floor":1.0,"turns":2.0},{"damage":2.0,"enemies":"Jaw Worm","floor":2.0,"turns":3.0},{"damage":1.0,"enemies":"Cultist","floor":3.0,"turns":3.0},{"damage":0.0,"enemies":"2 Fungi Beasts","floor":4.0,"turns":3.0},{"damage":20.0,"enemies":"Exordium Wildlife","floor":5.0,"turns":7.0},{"damage":23.0,"enemies":"Lagavulin","floor":7.0,"turns":5.0},{"damage":6.0,"enemies":"Looter","floor":8.0,"turns":3.0},{"damage":21.0,"enemies":"3 Sentries","floor":10.0,"turns":10.0},{"damage":3.0,"enemies":"Gremlin Gang","floor":13.0,"turns":5.0},{"damage":14.0,"enemies":"Exordium Thugs","floor":14.0,"turns":4.0},{"damage":16.0,"enemies":"The Guardian","floor":16.0,"turns":11.0},{"damage":12.0,"enemies":"2 Thieves","floor":18.0,"turns":5.0},{"damage":12.0,"enemies":"Spheric Guardian","floor":19.0,"turns":3.0},{"damage":6.0,"enemies":"Centurion and Healer","floor":20.0,"turns":5.0},{"damage":68.0,"enemies":"Book of Stabbing","floor":23.0,"turns":6.0},{"damage":27.0,"enemies":"Gremlin Leader","floor":25.0,"turns":6.0},{"damage":15.0,"enemies":"Chosen and Byrds","floor":27.0,"turns":5.0},{"damage":0.0,"enemies":"Slavers","floor":28.0,"turns":1.0},{"damage":17.0,"enemies":"Book of Stabbing","floor":30.0,"turns":4.0},{"damage":15.0,"enemies":"Slavers","floor":31.0,"turns":4.0},{"damage":87.0,"enemies":"Champ","floor":33.0,"turns":12.0},{"damage":28,"enemies":"3 Darklings","floor":35,"turns":10},{"damage":24,"enemies":"3 Shapes","floor":36,"turns":6},{"damage":15,"enemies":"Sphere and 2 Shapes","floor":37,"turns":5},{"damage":19,"enemies":"Transient","floor":38,"turns":5},{"damage":59,"enemies":"Nemesis","floor":40,"turns":7},{"damage":11,"enemies":"4 Shapes","floor":42,"turns":3},{"damage":23,"enemies":"Reptomancer","floor":44,"turns":4},{"damage":18,"enemies":"Nemesis","floor":45,"turns":5},{"damage":12,"enemies":"Reptomancer","floor":48,"turns":1},{"damage":82,"enemies":"Time Eater","floor":50,"turns":11}],"seed_played":"683785144973292943","potions_obtained":[{"floor":3.0,"key":"Dexterity Potion"},{"floor":7.0,"key":"EntropicBrew"},{"floor":8.0,"key":"Block Potion"},{"floor":14.0,"key":"Weak Potion"},{"floor":19.0,"key":"ElixirPotion"},{"floor":20.0,"key":"Strength Potion"},{"floor":25.0,"key":"Ancient Potion"},{"floor":36,"key":"LiquidMemories"},{"floor":37,"key":"CultistPotion"},{"floor":42,"key":"SteroidPotion"},{"floor":48,"key":"Fruit Juice"}],"is_trial":false,"path_per_floor":["M","M","M","M","M","R","E","M","T","E","R","?","M","M","R","B",null,"M","M","M","$","?","E","R","E","T","M","E","R","E","E","R","B",null,"M","M","M","M","$","E","R","M","T","E","E","?","$","E","R","B",null],"character_chosen":"IRONCLAD","items_purchased":["Dark Embrace","Bottled Tornado","Metallicize","Shrug It Off","Bloodletting","Chrysalis","Red Skull"],"campfire_rested":2,"item_purchase_floors":[21,47,47,47,47,47,47],"current_hp_per_floor":[78,80,80,80,66,66,49,49,49,34,34,14,17,9,48,38,70,64,58,58,58,58,31,31,20,20,16,32,71,73,77,77,53,73,75,78,80,80,80,46,46,67,72,80,80,76,76,76,76,23],"gold":231,"neow_bonus":"THREE_CARDS","is_daily":false,"chose_seed":false,"campfire_upgraded":5,"win_rate":0.0,"timestamp":1609627593,"path_taken":["M","M","M","M","M","R","E","M","T","E","R","?","M","M","R","BOSS","M","M","M","$","?","E","R","E","T","M","E","R","E","E","R","BOSS","M","M","M","M","$","E","R","M","T","E","E","?","$","E","R","BOSS"],"items_purchased_type":["Card","Relic","Card","Card","Card","Card","Relic"],"build_version":"2020-12-22","purchased_purges":1,"victory":true,"max_hp_per_floor":[80,80,80,80,80,80,80,80,80,80,80,80,80,80,80,80,80,80,80,80,80,80,80,80,80,80,80,80,80,80,80,80,80,80,80,80,80,80,80,80,80,80,80,80,80,76,76,76,76,81],"card_choices":[{"not_picked":["Clash","Pommel Strike"],"picked":"Carnage","floor":0.0},{"not_picked":["Body Slam","Whirlwind"],"picked":"Twin Strike","floor":1.0},{"not_picked":["Thunderclap","Fire Breathing"],"picked":"Disarm","floor":2.0},{"not_picked":["Hemokinesis","Iron Wave"],"picked":"Flame Barrier","floor":3.0},{"not_picked":["Warcry","Combust","Intimidate"],"picked":"SKIP","floor":4.0},{"not_picked":["Burning Pact","Twin Strike","Dark Embrace"],"picked":"SKIP","floor":5.0},{"not_picked":["Thunderclap","Entrench","Warcry"],"picked":"SKIP","floor":7.0},{"not_picked":["Intimidate","Heavy Blade","Whirlwind"],"picked":"SKIP","floor":8.0},{"not_picked":["Blood for Blood","Cleave"],"picked":"Offering","floor":10.0},{"not_picked":["Burning Pact","Reckless Charge","Dark Embrace"],"picked":"SKIP","floor":13.0},{"not_picked":["Heavy Blade","Wild Strike"],"picked":"Shrug It Off","floor":14.0},{"not_picked":["Juggernaut","Double Tap"],"picked":"Corruption","floor":16.0},{"not_picked":["Flex","Anger+1"],"picked":"Inflame+1","floor":18.0},{"not_picked":["Perfected Strike","Heavy Blade","Havoc+1"],"picked":"SKIP","floor":19.0},{"not_picked":["Pommel Strike","Seeing Red"],"picked":"Uppercut+1","floor":20.0},{"not_picked":["Warcry","Rupture","Thunderclap"],"picked":"SKIP","floor":23.0},{"not_picked":["Intimidate","Wild Strike"],"picked":"Exhume","floor":25.0},{"not_picked":["Reckless Charge","Clothesline","Heavy Blade+1"],"picked":"SKIP","floor":27.0},{"not_picked":["Clash+1","Rampage+1"],"picked":"Metallicize","floor":28.0},{"not_picked":["Cleave","Intimidate","Pummel"],"picked":"SKIP","floor":30.0},{"not_picked":["Anger","Warcry","Power Through"],"picked":"SKIP","floor":31.0},{"not_picked":["Limit Break","Feed"],"picked":"Impervious","floor":33.0},{"not_picked":["Headbutt+1","Wild Strike+1"],"picked":"Shrug It Off","floor":35},{"not_picked":["Perfected Strike+1","Clash"],"picked":"Dark Embrace+1","floor":36},{"not_picked":["Infernal Blade","Heavy Blade+1","True Grit+1"],"picked":"SKIP","floor":37},{"not_picked":["Limit Break","Anger"],"picked":"Body Slam+1","floor":38},{"not_picked":["Anger+1","Perfected Strike+1","Uppercut"],"picked":"SKIP","floor":40},{"not_picked":["Sentinel","Hemokinesis"],"picked":"Cleave+1","floor":42},{"not_picked":["Metallicize+1","Second Wind"],"picked":"Bloodletting+1","floor":44},{"not_picked":["Havoc+1","True Grit"],"picked":"Shrug It Off","floor":45},{"not_picked":["Wild Strike+1","Havoc","Heavy Blade"],"picked":"SKIP","floor":48}],"player_experience":353131,"relics_obtained":[{"floor":7.0,"key":"Regal Pillow"},{"floor":9.0,"key":"Bag of Marbles"},{"floor":10.0,"key":"WingedGreaves"},{"floor":23.0,"key":"CeramicFish"},{"floor":25.0,"key":"HornCleat"},{"floor":26.0,"key":"Mummified Hand"},{"floor":28.0,"key":"Bird Faced Urn"},{"floor":30.0,"key":"Oddly Smooth Stone"},{"floor":31.0,"key":"Ginger"},{"floor":40,"key":"Letter Opener"},{"floor":43,"key":"Happy Flower"},{"floor":44,"key":"Shovel"},{"floor":45,"key":"Blood Vial"},{"floor":48,"key":"Bag of Preparation"},{"floor":49,"key":"Pen Nib"}],"event_choices":[{"damage_healed":0.0,"max_hp_gain":0.0,"max_hp_loss":0.0,"gold_gain":0.0,"event_name":"Golden Idol","player_choice":"Take Damage","floor":12.0,"gold_loss":0.0,"damage_taken":20.0,"relics_obtained":["Golden Idol"]},{"damage_healed":0.0,"max_hp_gain":0.0,"max_hp_loss":0.0,"gold_gain":0.0,"event_name":"Forgotten Altar","player_choice":"Gave Idol","floor":22.0,"relics_lost":["Golden Idol"],"gold_loss":0.0,"damage_taken":0.0,"relics_obtained":["Bloody Idol"]},{"damage_healed":0,"gold_gain":0,"player_choice":"Max HP","damage_taken":0,"max_hp_gain":0,"max_hp_loss":4,"event_name":"Winding Halls","floor":46,"gold_loss":0}],"is_beta":false,"boss_relics":[{"not_picked":["Runic Dome","Tiny House"],"picked":"Philosopher\u0027s Stone"},{"not_picked":["Velvet Choker","Empty Cage"],"picked":"Black Blood"}],"items_purged_floors":[21],"is_endless":false,"potions_floor_spawned":[3,7,8,10,14,19,20,25,28,31,36,37,42,45,48],"ascension_level":9}}