{"host":"2pt9f5ojqg0apn28","time":1609609713,"event":{"mods":["AchievementEnabler","BaseMod","Better Altar","Better Match","Better Note","Better Sensory Stone","Better Skull","Better Third Choice","Colored Map","Colored Powertips","Hubris","Infinite Spire","Lobotomy","LobotomyExtend","Minty Spire (QoL Compilation)","Replay The Spire","StSLib"],"gold_per_floor":[109,119,119,129,79,79,113,113,165,165,200,200,219,239,239,334,334,344,29,29,45,45,45,70,70,70,89,89,89],"floor_reached":28,"playtime":949,"items_purged":["Strike_R","Defend_R"],"score":246,"play_id":"c996c260-b702-47e3-9f28-73c81943d0a8","local_time":"20210103004833","is_ascension_mode":false,"campfire_choices":[{"data":"Shrug It Off","floor":6,"key":"SMITH"},{"data":"Pommel Strike","floor":8,"key":"SMITH"},{"data":"Fiend Fire","floor":10,"key":"SMITH"},{"data":"Bash","floor":15,"key":"SMITH"},{"data":"Offering","floor":23,"key":"SMITH"}],"circlet_count":0,"master_deck":["Strike_R","Strike_R","Defend_R","Defend_R","Bash+1","Shrug It Off+1","Pommel Strike+1","Fiend Fire+1","Iron Wave","Twin Strike","Offering+1","Inflame+1","Fire Breathing+1","Seeing Red+1","Armaments","Discovery","Offering","infinitespire:Gouge","Seeing Red"],"relics":["Burning Blood","NeowsBlessing","LetterFromLob","Ring of Hypnosis","Ring of Fury","Anchor","Onion Ring","NlothsMask","Astrolabe","Happy Flower","Nloth\u0027s Gift","Chameleon Ring","Boot"],"acts_visited":["Exordium","TheCity"],"potions_floor_usage":[],"damage_taken":[{"damage":0,"enemies":"2 Louse","floor":1,"turns":1},{"damage":0,"enemies":"Jaw Worm","floor":2,"turns":1},{"damage":0,"enemies":"Cultist","floor":4,"turns":1},{"damage":18,"enemies":"Lagavulin","floor":7,"turns":5},{"damage":18,"enemies":"3 Sentries","floor":11,"turns":5},{"damage":0,"enemies":"Large Slime","floor":13,"turns":2},{"damage":1,"enemies":"Red Slaver","floor":14,"turns":2},{"damage":59,"enemies":"The Guardian","floor":16,"turns":10},{"damage":2,"enemies":"Shell Parasite","floor":18,"turns":2},{"damage":6,"enemies":"Chosen","floor":21,"turns":2},{"damage":59,"enemies":"Replay:Snechameleon","floor":24,"turns":7},{"damage":6,"enemies":"Centurion and Healer","floor":27,"turns":2}],"seed_played":"-6363324186948150810","potions_obtained":[{"floor":2,"key":"Languid Potion"},{"floor":7,"key":"DuplicationPotion"},{"floor":11,"key":"BloodPotion"}],"is_trial":false,"path_per_floor":["M","M","?","M","?","R","E","R","T","R","E","?","M","M","R","B",null,"M","$","?","M","?","R","E","AVR","T","M","M"],"character_chosen":"IRONCLAD","items_purchased":["Happy Flower","Discovery"],"campfire_rested":0,"item_purchase_floors":[19,19],"current_hp_per_floor":[80,80,80,80,80,80,68,68,68,68,56,56,62,67,67,14,80,80,80,80,80,80,80,27,27,27,27,0,0],"gold":89,"neow_bonus":"THREE_ENEMY_KILL","is_daily":false,"chose_seed":false,"campfire_upgraded":5,"win_rate":0.0,"timestamp":1609609713,"path_taken":["M","M","?","M","?","R","E","R","T","R","E","?","M","M","R","BOSS","M","$","?","?","?","R","E","AVR","T","?","M"],"items_purchased_type":["Relic","Card"],"build_version":"2020-12-22","purchased_purges":2,"victory":false,"max_hp_per_floor":[80,80,80,80,80,80,80,80,80,80,80,80,80,80,80,80,80,80,80,80,80,80,80,80,80,80,80,80,80],"card_choices":[{"not_picked":["Flex","Sword Boomerang"],"picked":"Shrug It Off","floor":1},{"not_picked":["Sword Boomerang","Twin Strike"],"picked":"Pommel Strike","floor":2},{"not_picked":["Massacre","ReplayTheSpireMod:Limb From Limb","Rampage"],"picked":"SKIP","floor":4},{"not_picked":["Heavy Blade","Flex"],"picked":"Fiend Fire","floor":7},{"not_picked":["True Grit","Fire Breathing"],"picked":"Iron Wave","floor":11},{"not_picked":["Run Through","Dropkick"],"picked":"Twin Strike","floor":13},{"not_picked":["Shrug It Off","Battle Trance","Clothesline"],"picked":"SKIP","floor":14},{"not_picked":["Eclipse","Demon Form"],"picked":"Offering","floor":16},{"not_picked":["Clash","Spot Weakness+1"],"picked":"Armaments","floor":18},{"not_picked":["Barricade","Clash","Shrug It Off"],"picked":"SKIP","floor":21},{"not_picked":["Replay:Undeath\u0027s Touch","Sword Boomerang"],"picked":"Offering","floor":24},{"not_picked":["Shockwave","Whirlwind"],"picked":"Seeing Red","floor":27}],"player_experience":40374,"relics_obtained":[{"floor":1,"key":"LetterFromLob"},{"floor":3,"key":"Ring of Hypnosis"},{"floor":3,"key":"Ring of Fury"},{"floor":7,"key":"Regal Pillow"},{"floor":9,"key":"Anchor"},{"floor":11,"key":"Onion Ring"},{"floor":24,"key":"Chameleon Ring"}],"event_choices":[{"cards_removed":["Looming Evil"],"damage_healed":0,"gold_gain":0,"player_choice":"Card Removal","damage_taken":0,"max_hp_gain":0,"max_hp_loss":0,"event_name":"The Cleric","floor":5,"gold_loss":50},{"damage_healed":0,"gold_gain":0,"player_choice":"Trade","damage_taken":0,"relics_obtained":["NlothsMask"],"max_hp_gain":0,"max_hp_loss":0,"event_name":"FaceTrader","floor":12,"gold_loss":0},{"damage_healed":0,"gold_gain":0,"player_choice":"Traded Relic","damage_taken":0,"relics_obtained":["Nloth\u0027s Gift"],"max_hp_gain":0,"max_hp_loss":0,"event_name":"N\u0027loth","floor":20,"relics_lost":["Regal Pillow"],"gold_loss":0},{"cards_removed":["Strike_R"],"damage_healed":0,"gold_gain":0,"player_choice":"Give","damage_taken":0,"max_hp_gain":0,"max_hp_loss":0,"event_name":"betterNote:BetterNote","floor":22,"gold_loss":0,"cards_obtained":["Strike_B"]}],"is_beta":false,"boss_relics":[{"not_picked":["Electric Blood","Runic Cube"],"picked":"Astrolabe"}],"items_purged_floors":[19,25],"is_endless":false,"potions_floor_spawned":[2,7,11,21],"ascension_level":0}}