{"host":"mvz90ilxx8epviq1","time":1609563269,"event":{"mods":["2.2 Compatiblity","Act Like it!","BaseMod","Better Note","Better Third Choice","Better Vampires","Clockwork Mod","Colored Map","Colored Powertips","Gensokyo","Hallownest","Hermit","Hubris","Marisa????????","Minty Spire (QoL Compilation)","Replay The Spire","Shop Mod","Spicy Shops","StSLib","The Alterego","The Bug Knight","The Construct","The Cursed","The Mystic","The Senshi","The Servant 0.9.4","The Wild Card","slay the spire mod where everything is the same but ironclad has a cowboy hat"],"gold_per_floor":[110,122,136,162,177,177,206,226,253,253,272,298,310,326,326,427,427,438,438,462,457,469,506,536,548,587,624,6,24,41,141,141,243,243,256,276,276,23,41,74,74,74,156,186,206,219,219,231,231,231,231,231,22,48,48,48],"floor_reached":55,"playtime":9717,"items_purged":["Clockwork:WoundupStrike"],"score":1058,"play_id":"b8bef088-b5e0-4cd0-bfbc-6d5812693848","local_time":"20210101235429","is_ascension_mode":false,"campfire_choices":[{"floor":6.0,"key":"REST"},{"floor":15.0,"key":"REST"},{"data":"Clockwork:CraftVarja","floor":25.0,"key":"SMITH"},{"data":"Clockwork:KaliMa","floor":41.0,"key":"SMITH"},{"data":"Clockwork:CogToss","floor":47.0,"key":"SMITH"},{"floor":49.0,"key":"RECALL"},{"data":"Clockwork:Pluck","floor":52.0,"key":"SMITH"}],"circlet_count":0,"master_deck":["Clockwork:Strike","Clockwork:Strike+1","Clockwork:Shield+1","Clockwork:Tinker+1","Clockwork:WarmUp","Clockwork:TimeWalk+1","Clockwork:CogToss+1","Clockwork:CogToss+1","Clockwork:Enhance","Clockwork:SystemHardening","Clockwork:Strangle","Clockwork:AssemblyLine","Clockwork:Pluck+1","Necronomicurse","Clockwork:ReactiveNanites+1","Clockwork:HoardingStrike+1","Clockwork:ZeroPointEnergy+1","Clockwork:Pluck+1","Clockwork:TimeWalk+1","Clockwork:Improve+1","Clockwork:KaliMa+1","Clockwork:RampUp+1","Clockwork:RampUp+1"],"relics":["Clockwork:MomentumEngine","Art of War","Clockwork:CopperScales","Clockwork:PerpetualMotionMachine","Necronomicon","hubris:BottledHeart","Bag of Marbles","Clockwork:Varja","MerchantsRug","Bag of Preparation","Replay:Drink Me","Replay:Baseball","hubris:CrystalStatue","DollysMirror","hubris:DisguiseKit","hubris:Towel","Kunai","Clockwork:BeatingHeart","Toolbox","Nunchaku","Anchor"],"acts_visited":["Hallownest:Greenpath","TheCity","TheBeyond","TheEnding"],"potions_floor_usage":[55,55],"damage_taken":[{"damage":3.0,"enemies":"Hallownest:monsterHuskGuard","floor":1.0,"turns":6.0},{"damage":13.0,"enemies":"Hallownest:monsterHuskWarrior","floor":2.0,"turns":6.0},{"damage":9.0,"enemies":"2_ Uuma","floor":3.0,"turns":7.0},{"damage":15.0,"enemies":"Hallownest:2_Tiktiks_1_Baldur_1_Crawlid","floor":5.0,"turns":7.0},{"damage":0.0,"enemies":"Hallownest:eliteMossKnight","floor":7.0,"turns":5.0},{"damage":1.0,"enemies":"Hallownest:Wandering_and_Horned","floor":8.0,"turns":5.0},{"damage":0.0,"enemies":"Hallownest:monsterAspidMother","floor":11.0,"turns":6.0},{"damage":18.0,"enemies":"Hallownest:eliteCrystalGuardian","floor":12.0,"turns":5.0},{"damage":20.0,"enemies":"Hallownest:1_Ooma_and_2_Uuma","floor":13.0,"turns":5.0},{"damage":15.0,"enemies":"Hallownest:Guard_and_Warrior","floor":14.0,"turns":3.0},{"damage":15.0,"enemies":"Hallownest:BossBrokenVessel","floor":16.0,"turns":8.0},{"damage":27.0,"enemies":"Chosen","floor":18.0,"turns":8.0},{"damage":0.0,"enemies":"2 Thieves","floor":21.0,"turns":4.0},{"damage":0.0,"enemies":"Book of Stabbing","floor":23.0,"turns":4.0},{"damage":0.0,"enemies":"Snecko","floor":24.0,"turns":4.0},{"damage":0.0,"enemies":"Slavers","floor":27.0,"turns":6.0},{"damage":0.0,"enemies":"Centurion and Healer","floor":29.0,"turns":4.0},{"damage":0.0,"enemies":"Cultist and Chosen","floor":30.0,"turns":4.0},{"damage":0.0,"enemies":"Collector","floor":33.0,"turns":9.0},{"damage":0.0,"enemies":"3 Darklings","floor":35.0,"turns":5.0},{"damage":0.0,"enemies":"Orb Walker","floor":36.0,"turns":2.0},{"damage":0.0,"enemies":"Transient","floor":39.0,"turns":5.0},{"damage":0.0,"enemies":"Giant Head","floor":40.0,"turns":1.0},{"damage":0.0,"enemies":"Reptomancer","floor":44.0,"turns":6.0},{"damage":0.0,"enemies":"Writhing Mass","floor":45.0,"turns":2.0},{"damage":0.0,"enemies":"Jaw Worm Horde","floor":46.0,"turns":3.0},{"damage":0.0,"enemies":"3 Darklings","floor":48.0,"turns":3.0},{"damage":0.0,"enemies":"Awakened One","floor":50.0,"turns":4.0},{"damage":0.0,"enemies":"Shield and Spear","floor":54.0,"turns":2.0},{"damage":1,"enemies":"The Heart","floor":55,"turns":3}],"seed_played":"-1076335936570294838","potions_obtained":[{"floor":2.0,"key":"DistilledChaos"},{"floor":5.0,"key":"Reflective Coating"},{"floor":8.0,"key":"SteroidPotion"},{"floor":11.0,"key":"FearPotion"},{"floor":13.0,"key":"LiquidBronze"},{"floor":18.0,"key":"Dexterity Potion"},{"floor":23.0,"key":"Strength Potion"},{"floor":27.0,"key":"LifebloodPotion"},{"floor":32.0,"key":"Regen Potion"},{"floor":32.0,"key":"DuplicationPotion"},{"floor":36.0,"key":"BlessingOfTheForge"},{"floor":44.0,"key":"BlessingOfTheForge"},{"floor":46.0,"key":"Venom Potion"}],"is_trial":false,"path_per_floor":["M","M","M","T","M","R","E","M","T","?","M","E","M","M","R","B",null,"M","?","T","M","?","E","M","R","T","E","$","M","M","?","R_BF","B",null,"M","M","T","$","M","E","R","?","T","E","M","M","R","M","R","B",null,"R","$","E","B"],"character_chosen":"CLOCKWORK","items_purchased":["MerchantsRug","Clockwork:ZeroPointEnergy","ReplayTheSpireMod:Lightbulb","Bag of Preparation","Guide Book","hubris:CrystalStatue","DollysMirror","Toolbox","Nunchaku"],"campfire_rested":2,"item_purchase_floors":[28,28,28,28,28,38,38,53,53],"current_hp_per_floor":[82,69,60,60,45,70,70,69,69,69,69,61,41,31,56,41,85,58,42,42,42,1,1,1,1,1,1,1,1,1,1,1,1,1,1,1,1,1,1,1,1,1,1,1,1,1,1,1,1,1,1,1,1,1,0,0],"gold":48,"neow_bonus":"ONE_RANDOM_RARE_CARD","is_daily":false,"chose_seed":false,"campfire_upgraded":4,"win_rate":0.0,"timestamp":1609563269,"path_taken":["M","M","M","?","?","R","E","M","T","?","M","E","M","M","R","BOSS","M","?","?","M","?","E","M","R","T","E","$","M","M","?","R_BF","BOSS","M","M","?","$","M","E","R","?","T","E","M","M","R","M","R","BOSS","R","$","E","BOSS"],"items_purchased_type":["Relic","Card","Relic","Relic","Relic","Relic","Relic","Relic","Relic"],"build_version":"2020-12-22","purchased_purges":1,"victory":false,"max_hp_per_floor":[85,85,85,85,85,85,85,85,85,85,85,85,85,85,85,85,85,85,85,85,85,1,1,1,1,1,1,1,1,1,1,1,1,1,1,1,1,1,1,1,1,1,1,1,1,1,1,1,1,1,1,1,1,1,1,1],"card_choices":[{"not_picked":["Clockwork:Minimalism","Clockwork:Redundancy"],"picked":"Clockwork:Clone","floor":1.0},{"not_picked":["Clockwork:Improve","Clockwork:SnapKeep"],"picked":"Clockwork:CogToss","floor":2.0},{"not_picked":["Clockwork:LogisticRegression","Clockwork:Selectivity"],"picked":"Clockwork:Downsize","floor":3.0},{"not_picked":["Clockwork:ReserveSystems","Clockwork:AdaptiveCannon"],"picked":"Clockwork:CogToss","floor":5.0},{"not_picked":["Clockwork:StasisBreak","Clockwork:AdaptiveShield"],"picked":"Clockwork:Enhance","floor":7.0},{"not_picked":["Clockwork:Inspiration","Clockwork:AdaptiveCannon"],"picked":"Clockwork:CraftCopperScales","floor":8.0},{"not_picked":["Clockwork:Redundancy","Clockwork:ChargingBlade"],"picked":"Clockwork:SystemHardening","floor":11.0},{"not_picked":["Clockwork:CogToss","Clockwork:QuantumStrike"],"picked":"Clockwork:Strangle","floor":12.0},{"not_picked":["Clockwork:PerfectedStrike","Clockwork:ChargingShield"],"picked":"Clockwork:AssemblyLine","floor":13.0},{"not_picked":["Clockwork:AdaptiveShield","Clockwork:Pluck","Clockwork:CogToss"],"picked":"SKIP","floor":14.0},{"not_picked":["Clockwork:Halt","Clockwork:AeonShield"],"picked":"Clockwork:WindupStrike","floor":16.0},{"not_picked":["Clockwork:Redundancy+1","Clockwork:CogToss"],"picked":"Clockwork:Pluck","floor":18.0},{"not_picked":["Clockwork:ChargingBlade","Clockwork:Friction+1"],"picked":"Clockwork:CraftVarja+1","floor":21.0},{"not_picked":["Clockwork:SnapKeep","Clockwork:ElasticNanites"],"picked":"Clockwork:ReactiveNanites","floor":23.0},{"not_picked":["Clockwork:RitualDaggerMk0+1","Clockwork:ForgeStrike"],"picked":"Clockwork:CraftVarja","floor":24.0},{"not_picked":["Clockwork:CraftVarja","Clockwork:Improve"],"picked":"Clockwork:HoardingStrike+1","floor":27.0},{"not_picked":["Clockwork:ChargingBlade+1","Clockwork:PerfectedShield","Clockwork:Selectivity"],"picked":"SKIP","floor":29.0},{"not_picked":["Clockwork:RevUp","Clockwork:Minimalism"],"picked":"Clockwork:Pluck","floor":30.0},{"not_picked":["Clockwork:CraftQuicksilverHourglass","Clockwork:SiegeStrike"],"picked":"Clockwork:CraftMomentumEngine","floor":33.0},{"not_picked":["Clockwork:Friction","Clockwork:Improve","Clockwork:SystemScan+1"],"picked":"SKIP","floor":35.0},{"not_picked":["Clockwork:ChargingBlade","Clockwork:ChargingShield","Clockwork:ForgeStrike"],"picked":"SKIP","floor":36.0},{"not_picked":["Clockwork:Friction","Clockwork:ChargingShield"],"picked":"Clockwork:Improve+1","floor":39.0},{"not_picked":["Clockwork:Redundancy+1","Clockwork:SpurOn"],"picked":"Clockwork:KaliMa","floor":40.0},{"not_picked":["Clockwork:EnthusiasticStrike+1","Clockwork:Minimalism","theWildCard:IdentityTheft"],"picked":"Clockwork:RampUp+1","floor":44.0},{"not_picked":["Clockwork:StasisBreak+1","Clockwork:CraftVarja+1","theWildCard:BladeOfGenerations"],"picked":"Clockwork:RampUp+1","floor":45.0},{"not_picked":["Clockwork:Minimalism+1","Clockwork:Strangle","Clockwork:RitualDaggerMk0+1","theWildCard:EnergizedStroke"],"picked":"SKIP","floor":46.0},{"not_picked":["Clockwork:Minimalism+1","Clockwork:Strangle","Clockwork:RitualDaggerMk0+1","theWildCard:EnergizedStroke"],"picked":"SKIP","floor":46.0},{"not_picked":["Clockwork:AssemblyLine","Clockwork:SystemHardening","Clockwork:CogBarrier+1","theWildCard:Patience"],"picked":"SKIP","floor":48.0},{"not_picked":["Clockwork:SystemHardening","Clockwork:CogBarrier+1","Clockwork:ReactiveNanites","theWildCard:StalwartBlade"],"picked":"SKIP","floor":54.0}],"player_experience":409716,"relics_obtained":[{"floor":4.0,"key":"Gremlin Food"},{"floor":7.0,"key":"Toy Ornithopter"},{"floor":9.0,"key":"Art of War"},{"floor":12.0,"key":"War Paint"},{"floor":19.0,"key":"Necronomicon"},{"floor":20.0,"key":"MawBank"},{"floor":23.0,"key":"Bag of Marbles"},{"floor":27.0,"key":"Strawberry"},{"floor":37.0,"key":"Replay:Baseball"},{"floor":40.0,"key":"hubris:DisguiseKit"},{"floor":43.0,"key":"Kunai"},{"floor":44.0,"key":"Whetstone"},{"floor":54.0,"key":"Anchor"}],"event_choices":[{"damage_healed":0.0,"max_hp_gain":0.0,"max_hp_loss":0.0,"gold_gain":0.0,"event_name":"Cursed Tome","player_choice":"Obtained Book","floor":19.0,"gold_loss":0.0,"damage_taken":16.0},{"damage_healed":0.0,"max_hp_gain":0.0,"max_hp_loss":0.0,"gold_gain":100.0,"event_name":"Golden Shrine","player_choice":"Pray","floor":31.0,"gold_loss":0.0,"damage_taken":0.0}],"is_beta":false,"boss_relics":[{"not_picked":["hubris:HollowSoul","hubris:GrandSneckoEye"],"picked":"Clockwork:PerpetualMotionMachine"},{"not_picked":["hubris:RunicObelisk","hubris:Stopwatch"],"picked":"Replay:Drink Me"}],"items_purged_floors":[28],"is_endless":false,"potions_floor_spawned":[2,5,8,11,13,18,23,27,36,44,46],"killed_by":"The Heart","ascension_level":0}}