{"host":"nqsrckqog5ia9mbo","time":1609548878,"event":{"mods":["AchievementEnabler","BaseMod","Colored Map","Highlight Path","Minty Spire (QoL Compilation)"],"gold_per_floor":[109,34,34,34,61,136,168,168,168,183,208,219,251,94,94,190,190,201,126,141,56,56,56,83,83,107,118,217,229,229,189,189,293,293,308,308,328,228,246,246,271,290,290,290,16,26,26,55,55,55],"floor_reached":51,"playtime":2657,"items_purged":["Defend_R","Defend_R","Parasite"],"score":900,"play_id":"47009582-95f9-4967-8674-3c5cf2ae1e02","local_time":"20210102015438","is_ascension_mode":true,"campfire_choices":[{"data":"Flex","floor":8,"key":"SMITH"},{"floor":15,"key":"REST"},{"floor":23,"key":"REST"},{"floor":25,"key":"REST"},{"data":"Limit Break","floor":30,"key":"SMITH"},{"floor":32,"key":"REST"},{"data":"Inflame","floor":40,"key":"SMITH"},{"floor":49,"key":"REST"}],"circlet_count":0,"master_deck":["Strike_R+1","Strike_R","Strike_R","Defend_R+1","Bash","Flex+1","Inflame+1","Limit Break+1","Clash+1","Sword Boomerang+1","Flex"],"relics":["Burning Blood","NeowsBlessing","Eternal Feather","MealTicket","Pocketwatch","WingedGreaves","Vajra","Bronze Scales","Orichalcum","Empty Cage","Matryoshka","Juzu Bracelet","Potion Belt","Boot","Busted Crown","Gambling Chip","Centennial Puzzle","Frozen Egg 2","Thread and Needle","Bag of Preparation","Bag of Marbles"],"acts_visited":["Exordium","TheCity","TheBeyond"],"potions_floor_usage":[13,16,24,48],"damage_taken":[{"damage":0,"enemies":"Cultist","floor":1,"turns":1},{"damage":0,"enemies":"Gremlin Nob","floor":7,"turns":1},{"damage":0,"enemies":"Small Slimes","floor":10,"turns":1},{"damage":30,"enemies":"3 Sentries","floor":11,"turns":6},{"damage":14,"enemies":"Jaw Worm","floor":12,"turns":3},{"damage":40,"enemies":"Lagavulin","floor":13,"turns":5},{"damage":29,"enemies":"Slime Boss","floor":16,"turns":11},{"damage":26,"enemies":"Shell Parasite","floor":18,"turns":5},{"damage":22,"enemies":"2 Thieves","floor":20,"turns":3},{"damage":32,"enemies":"Slavers","floor":24,"turns":5},{"damage":21,"enemies":"Sentry and Sphere","floor":27,"turns":4},{"damage":18,"enemies":"Snake Plant","floor":29,"turns":2},{"damage":35,"enemies":"Champ","floor":33,"turns":6},{"damage":23,"enemies":"3 Shapes","floor":35,"turns":3},{"damage":11,"enemies":"Orb Walker","floor":37,"turns":2},{"damage":6,"enemies":"Writhing Mass","floor":39,"turns":3},{"damage":12,"enemies":"Giant Head","floor":41,"turns":4},{"damage":24,"enemies":"Maw","floor":42,"turns":3},{"damage":0,"enemies":"Transient","floor":46,"turns":5},{"damage":52,"enemies":"Nemesis","floor":48,"turns":4},{"damage":11,"enemies":"Awakened One","floor":50,"turns":3}],"seed_played":"4365372505264332419","potions_obtained":[{"floor":1,"key":"Swift Potion"},{"floor":11,"key":"PowerPotion"},{"floor":16,"key":"PowerPotion"},{"floor":18,"key":"HeartOfIron"},{"floor":22,"key":"BlessingOfTheForge"},{"floor":22,"key":"Weak Potion"},{"floor":27,"key":"Fire Potion"},{"floor":33,"key":"SmokeBomb"},{"floor":37,"key":"DistilledChaos"},{"floor":42,"key":"Regen Potion"},{"floor":48,"key":"Weak Potion"}],"is_trial":false,"path_per_floor":["M","$","?","$","T","?","E","R","T","M","E","M","E","$","R","B",null,"M","?","M","?","?","R","E","R","T","M","?","M","R","?","R","B",null,"M","?","M","$","M","R","E","M","T","?","$","M","?","E","R","B",null],"character_chosen":"IRONCLAD","items_purchased":["Orichalcum","Bag of Preparation"],"campfire_rested":5,"item_purchase_floors":[14,45],"current_hp_per_floor":[80,80,68,68,68,57,63,69,69,75,51,43,9,24,54,31,80,60,60,44,44,44,74,48,78,78,63,63,51,57,57,80,51,80,63,63,58,73,73,79,73,55,55,55,70,73,73,27,54,49],"gold":55,"neow_bonus":"THREE_ENEMY_KILL","is_daily":false,"chose_seed":false,"campfire_upgraded":3,"win_rate":0.0,"timestamp":1609548878,"path_taken":["M","?","?","$","?","?","E","R","T","M","E","M","E","?","R","BOSS","M","?","M","?","?","R","E","R","T","M","?","M","R","?","R","BOSS","M","?","M","$","M","R","E","M","T","?","$","M","?","E","R","BOSS"],"items_purchased_type":["Relic","Relic"],"build_version":"2020-12-22","purchased_purges":3,"victory":true,"max_hp_per_floor":[80,80,80,80,80,80,80,80,80,80,80,80,80,80,80,80,80,80,80,80,80,80,80,80,80,80,80,80,80,80,80,80,80,80,80,80,80,80,80,80,80,80,80,76,73,73,73,73,73,73],"card_choices":[{"not_picked":["Blood for Blood","Uppercut","Fire Breathing"],"picked":"SKIP","floor":1},{"not_picked":["Thunderclap","Twin Strike"],"picked":"Flex","floor":7},{"not_picked":["Cleave","Iron Wave","Perfected Strike"],"picked":"SKIP","floor":10},{"not_picked":["Immolate","Shrug It Off","Berserk"],"picked":"SKIP","floor":11},{"not_picked":["Body Slam","Dropkick","Pommel Strike"],"picked":"SKIP","floor":12},{"not_picked":["Cleave","Rampage"],"picked":"Inflame","floor":13},{"not_picked":["Berserk","Reaper"],"picked":"Limit Break","floor":16},{"not_picked":["Thunderclap","Perfected Strike+1"],"picked":"Clash+1","floor":18},{"not_picked":["Cleave","True Grit","Metallicize+1"],"picked":"SKIP","floor":20},{"not_picked":["Sentinel+1","Rage","Exhume"],"picked":"SKIP","floor":24},{"not_picked":["Shrug It Off","Perfected Strike"],"picked":"Sword Boomerang+1","floor":27},{"not_picked":["Twin Strike","Perfected Strike","Headbutt+1"],"picked":"SKIP","floor":29},{"not_picked":["Second Wind"],"picked":"SKIP","floor":35},{"not_picked":["Sever Soul"],"picked":"SKIP","floor":37},{"not_picked":["Sentinel"],"picked":"SKIP","floor":39},{"not_picked":["Sentinel"],"picked":"SKIP","floor":39},{"not_picked":["Havoc+1"],"picked":"SKIP","floor":41},{"not_picked":["Dark Embrace+1"],"picked":"SKIP","floor":42},{"not_picked":["Headbutt"],"picked":"SKIP","floor":46},{"not_picked":[],"picked":"Flex","floor":48}],"player_experience":66871,"relics_obtained":[{"floor":5,"key":"MealTicket"},{"floor":7,"key":"Pocketwatch"},{"floor":9,"key":"WingedGreaves"},{"floor":11,"key":"Vajra"},{"floor":13,"key":"Bronze Scales"},{"floor":24,"key":"Juzu Bracelet"},{"floor":26,"key":"Potion Belt"},{"floor":26,"key":"Boot"},{"floor":41,"key":"Centennial Puzzle"},{"floor":43,"key":"Frozen Egg 2"},{"floor":43,"key":"Thread and Needle"},{"floor":48,"key":"Bag of Marbles"}],"event_choices":[{"damage_healed":0,"gold_gain":0,"player_choice":"Success","damage_taken":12,"relics_obtained":["Eternal Feather"],"max_hp_gain":0,"max_hp_loss":0,"event_name":"Scrap Ooze","floor":3,"gold_loss":0},{"damage_healed":0,"gold_gain":75,"player_choice":"Gather Gold","damage_taken":11,"max_hp_gain":0,"max_hp_loss":0,"event_name":"World of Goop","floor":6,"gold_loss":0},{"cards_removed":["Defend_R"],"damage_healed":0,"gold_gain":0,"player_choice":"Gave Gold","damage_taken":0,"max_hp_gain":0,"max_hp_loss":0,"event_name":"Beggar","floor":19,"gold_loss":75},{"damage_healed":0,"gold_gain":0,"player_choice":"Obtained Relic","damage_taken":0,"relics_obtained":["Matryoshka"],"max_hp_gain":0,"max_hp_loss":0,"event_name":"Addict","floor":21,"gold_loss":85},{"damage_healed":0,"gold_gain":0,"player_choice":"Got Potions","damage_taken":0,"max_hp_gain":0,"max_hp_loss":0,"event_name":"Lab","floor":22,"gold_loss":0},{"damage_healed":0,"gold_gain":99,"player_choice":"Stole From Cult","damage_taken":0,"max_hp_gain":0,"max_hp_loss":0,"event_name":"Nest","floor":28,"gold_loss":0},{"damage_healed":0,"gold_gain":0,"player_choice":"Upgraded Two","damage_taken":0,"max_hp_gain":0,"max_hp_loss":0,"event_name":"Designer","floor":31,"gold_loss":40,"cards_upgraded":["Defend_R","Strike_R"]},{"damage_healed":0,"gold_gain":0,"player_choice":"Gave Potion","damage_taken":0,"relics_obtained":["Gambling Chip"],"max_hp_gain":0,"max_hp_loss":0,"event_name":"WeMeetAgain","floor":36,"gold_loss":0},{"damage_healed":0,"gold_gain":0,"player_choice":"Max HP","damage_taken":0,"max_hp_gain":0,"max_hp_loss":4,"event_name":"Winding Halls","floor":44,"gold_loss":0},{"damage_healed":0,"gold_gain":0,"player_choice":"Memory 1","damage_taken":0,"max_hp_gain":0,"max_hp_loss":0,"event_name":"SensoryStone","floor":47,"gold_loss":0}],"is_beta":false,"boss_relics":[{"not_picked":["Tiny House","Mark of Pain"],"picked":"Empty Cage"},{"not_picked":["Velvet Choker","SlaversCollar"],"picked":"Busted Crown"}],"items_purged_floors":[2,38,45],"is_endless":false,"potions_floor_spawned":[1,11,16,18,27,33,37,42,48],"ascension_level":3}}