{"host":"q79spna8ofw6hj3r","time":1609583295,"event":{"mods":["Aspiration","Bard","BaseMod","Beaked The Cultist","Bestiary","Better Altar","Better Match","Better Note","Better Sensory Stone","Better Skull","Better Third Choice","Better Vampires","BetterRewards","Block Reminder","Challenge The Spire","Colored Map","Colored Powertips","Conspire","Custom Start","Energized Spire","Friendly Minions","Hubris","Infinite Spire","Jedi Mod","Mimic Mod","Minty Spire (QoL Compilation)","Permanent Neow","Quick Restart","Relic Filter","Relic Sorter","Replay The Spire","Shop Mod","StSLib","SuperFastMode","Synergy Search","The Cursed","The Hierophant","The Runesmith","slay the spire mod where everything is the same but ironclad has a cowboy hat","vexMod"],"gold_per_floor":[111,130,130,179,59,59,115,115,195,231,231,231,231,85,85,134,134,144,146,146,146,146,146,110,110],"floor_reached":24,"playtime":838,"items_purged":["hierophant:Strike_Hierophant"],"score":240,"play_id":"43e96b3a-c3b3-469a-b134-3ef0fe9f1422","local_time":"20210102122815","is_ascension_mode":false,"campfire_choices":[{"data":"hierophant:PassingBell","floor":6.0,"key":"SMITH"},{"data":"hierophant:Cornucopia","floor":8.0,"key":"SMITH"},{"data":"hierophant:Doubloon","floor":12.0,"key":"SMITH"},{"data":"hierophant:Cornucopia","floor":15.0,"key":"SMITH"},{"data":"hierophant:Charity","floor":23,"key":"SMITH"}],"circlet_count":0,"master_deck":["hierophant:Strike_Hierophant","hierophant:Strike_Hierophant","hierophant:Strike_Hierophant","hierophant:Punish","hierophant:Defend_Hierophant","hierophant:Defend_Hierophant","hierophant:Defend_Hierophant","hierophant:Defend_Hierophant","hierophant:ChurchCoffers+1","hierophant:PassingBell+1","hierophant:RustyCrate","hierophant:Doubloon+1","hierophant:Doubloon+1","hierophant:Cornucopia+1","hierophant:Cornucopia+1","hierophant:Doubloon","hierophant:Remorse","hierophant:MorningPrayer","hierophant:RustyCrate","hierophant:Doubloon","hierophant:Doubloon","hierophant:Invocation","hierophant:Doubloon","hierophant:Generosity","hierophant:Doubloon","hierophant:Charity+1","Decay"],"relics":["hierophant:PropheticMaskRelic","hubris:Icosahedron","NeowsBlessing","hubris:TenFootPole","ReplayFunnel","Question Card","Orrery","hubris:ScarierMask"],"acts_visited":["Exordium","TheCity"],"potions_floor_usage":[],"damage_taken":[{"damage":0.0,"enemies":"Cultist","floor":1.0,"turns":1.0},{"damage":0.0,"enemies":"Jaw Worm","floor":2.0,"turns":1.0},{"damage":0.0,"enemies":"Lagavulin","floor":7.0,"turns":1.0},{"damage":0.0,"enemies":"2 Louse","floor":10.0,"turns":2.0},{"damage":35.0,"enemies":"Hexaghost","floor":16.0,"turns":8.0},{"damage":18,"enemies":"Spheric Guardian","floor":18,"turns":6},{"damage":48,"enemies":"Shell Parasite","floor":19,"turns":12},{"damage":17,"enemies":"Snecko","floor":24,"turns":3}],"seed_played":"-8363551948092375709","potions_obtained":[{"floor":1.0,"key":"LiquidMemories"},{"floor":7.0,"key":"ColorlessPotion"},{"floor":16.0,"key":"Elixir"},{"floor":19,"key":"Strength Potion"}],"is_trial":false,"path_per_floor":["M","M","?","T","$","R","E","R","T","M","?","R","?","$","R","B",null,"M","M","?","?","?","R","M"],"character_chosen":"HIEROPHANT","items_purchased":["hierophant:RustyCrate","Orrery"],"campfire_rested":0,"item_purchase_floors":[5,14],"current_hp_per_floor":[75,75,75,75,75,75,75,75,75,75,75,75,75,75,75,40,75,57,9,9,9,9,9,0,0],"gold":110,"neow_bonus":"THREE_ENEMY_KILL","is_daily":false,"chose_seed":false,"campfire_upgraded":5,"win_rate":0.0,"timestamp":1609583295,"path_taken":["M","?","?","?","$","R","E","R","T","?","?","R","?","?","R","BOSS","M","M","?","?","?","R","M"],"items_purchased_type":["Card","Relic"],"build_version":"2020-12-22","purchased_purges":1,"victory":false,"max_hp_per_floor":[75,75,75,75,75,75,75,75,75,75,75,75,75,75,75,75,75,75,75,75,75,75,75,75,75],"card_choices":[{"not_picked":["hierophant:ThreeLashes","hierophant:Patience"],"picked":"hierophant:PassingBell","floor":1.0},{"not_picked":["hierophant:FieryStrike","hierophant:OrnateJavelin","hierophant:Doomsaying"],"picked":"SKIP","floor":2.0},{"not_picked":["hierophant:OrnateBuckler","hierophant:Empathy"],"picked":"hierophant:Cornucopia","floor":7.0},{"not_picked":["hierophant:SealAway","hierophant:Community","hierophant:Encroach","hierophant:DisplayOfPower"],"picked":"SKIP","floor":10.0},{"not_picked":["hierophant:Empathy","hierophant:Bribe","hierophant:Purify"],"picked":"hierophant:Cornucopia","floor":14.0},{"not_picked":["hierophant:Smite","hierophant:Purify","hierophant:WrathOfGod"],"picked":"hierophant:Remorse","floor":14.0},{"not_picked":["hierophant:Shelter","hierophant:AuricBeam","hierophant:Prophecy"],"picked":"hierophant:MorningPrayer","floor":14.0},{"not_picked":["hierophant:FieryStrike","hierophant:Blessing","hierophant:HolyVerse"],"picked":"hierophant:RustyCrate","floor":14.0},{"not_picked":["hierophant:ArchangelShield","hierophant:PassingBell","hierophant:OrnateJavelin"],"picked":"hierophant:Invocation","floor":14.0},{"not_picked":["hierophant:Kindle","hierophant:Determination","hierophant:DivineIntervention"],"picked":"hierophant:Generosity","floor":16.0},{"not_picked":["hierophant:AuricBeam","hierophant:HolyVerse","hierophant:Patience+1","hierophant:Shelter"],"picked":"SKIP","floor":18},{"not_picked":["hierophant:Sermon","hierophant:FieryStrike+1","hierophant:OrnateBuckler"],"picked":"hierophant:Charity","floor":19}],"player_experience":256462,"relics_obtained":[{"floor":4.0,"key":"hubris:TenFootPole"},{"floor":7.0,"key":"ReplayFunnel"},{"floor":9.0,"key":"Question Card"}],"event_choices":[{"damage_healed":0,"gold_gain":0,"player_choice":"Ignored","damage_taken":0,"max_hp_gain":0,"max_hp_loss":0,"event_name":"betterNote:BetterNote","floor":20,"gold_loss":0,"cards_obtained":["ReplayTheSpireMod:Doomed"]},{"damage_healed":0,"gold_gain":0,"player_choice":"Leave","damage_taken":0,"max_hp_gain":0,"max_hp_loss":0,"event_name":"conspire:Investor","floor":21,"gold_loss":0},{"damage_healed":0,"gold_gain":0,"player_choice":"Cursed","damage_taken":0,"max_hp_gain":0,"max_hp_loss":0,"event_name":"Wheel of Change","floor":22,"gold_loss":0,"cards_obtained":["Decay"]}],"is_beta":false,"boss_relics":[{"not_picked":["energizedSpire:DeadBattery","ReplayTheSpireMod:DimensionalGlitch"],"picked":"hubris:ScarierMask"}],"items_purged_floors":[5],"is_endless":false,"potions_floor_spawned":[1,7,16,19],"killed_by":"Snecko","ascension_level":0}}