{"host":"Timothy","time":1609555994,"event":{"mods":["AchievementEnabler","BaseMod","Bestiary","Highlight Path","Minty Spire (QoL Compilation)","Quick Restart","Slay-I"],"gold_per_floor":[110,126,126,126,136,166,166,195,195,195,205,145,145,160,160,260,260,274,274,194,109,122,122,3,17,17,17,17,17,45,55,55,153,153,173,185,185,47,47,47],"floor_reached":39,"playtime":1923,"items_purged":["Strike_P","Strike_P"],"score":532,"play_id":"462c3437-ca97-46b5-abc0-5da5b4804c49","local_time":"20210101185314","is_ascension_mode":false,"campfire_choices":[{"data":"Eruption","floor":10.0,"key":"SMITH"},{"data":"Conclude","floor":13.0,"key":"SMITH"},{"data":"SandsOfTime","floor":15.0,"key":"SMITH"},{"data":"Vigilance","floor":23.0,"key":"SMITH"},{"data":"BattleHymn","floor":27.0,"key":"SMITH"},{"data":"Ghostly","floor":32.0,"key":"SMITH"}],"circlet_count":0,"master_deck":["Defend_P","Defend_P","Defend_P","Eruption+1","Vigilance+1","FollowUp","Conclude+1","Tantrum","JustLucky","FollowUp","FollowUp","SandsOfTime+1","DeusExMachina","Ghostly","Ghostly+1","Ghostly","Ghostly","Ghostly","BattleHymn+1","SandsOfTime","CarveReality+1","ForeignInfluence+1","Apotheosis"],"relics":["HolyWater","Du-Vu Doll","Question Card","The Courier","Blue Candle","Orrery","Meat on the Bone","MutagenicStrength","Thread and Needle","Omamori","Coffee Dripper"],"acts_visited":["Exordium","TheCity","TheBeyond"],"potions_floor_usage":[],"damage_taken":[{"damage":0.0,"enemies":"2 Louse","floor":1.0,"turns":2.0},{"damage":0.0,"enemies":"Small Slimes","floor":2.0,"turns":4.0},{"damage":1.0,"enemies":"Jaw Worm","floor":5.0,"turns":2.0},{"damage":0.0,"enemies":"Gremlin Nob","floor":6.0,"turns":2.0},{"damage":4.0,"enemies":"3 Sentries","floor":8.0,"turns":2.0},{"damage":0.0,"enemies":"Exordium Thugs","floor":11.0,"turns":2.0},{"damage":0.0,"enemies":"Looter","floor":14.0,"turns":1.0},{"damage":24.0,"enemies":"Hexaghost","floor":16.0,"turns":6.0},{"damage":5.0,"enemies":"2 Thieves","floor":18.0,"turns":2.0},{"damage":0.0,"enemies":"Spheric Guardian","floor":22.0,"turns":3.0},{"damage":1.0,"enemies":"3 Cultists","floor":25.0,"turns":4.0},{"damage":0.0,"enemies":"Slavers","floor":30.0,"turns":3.0},{"damage":0.0,"enemies":"Snake Plant","floor":31.0,"turns":4.0},{"damage":0.0,"enemies":"Collector","floor":33.0,"turns":5.0},{"damage":1.0,"enemies":"Orb Walker","floor":35.0,"turns":3.0},{"damage":0.0,"enemies":"3 Darklings","floor":36.0,"turns":5.0},{"damage":51,"enemies":"Writhing Mass","floor":39,"turns":3}],"seed_played":"-7004406042558717423","potions_obtained":[{"floor":2.0,"key":"CultistPotion"},{"floor":22.0,"key":"FearPotion"},{"floor":33.0,"key":"CultistPotion"}],"is_trial":false,"path_per_floor":["M","M","?","?","M","E","?","E","T","R","M","$","R","M","R","B",null,"M","?","$","?","M","R","$","M","T","R","?","?","E","M","R","B",null,"M","M","?","$","M"],"character_chosen":"WATCHER","items_purchased":["Orrery","Apotheosis"],"campfire_rested":0,"item_purchase_floors":[24,38],"current_hp_per_floor":[51,51,56,56,55,55,55,51,51,51,51,51,51,51,51,27,77,72,38,38,38,38,38,38,37,37,37,37,37,37,37,37,37,38,37,37,37,37,0,0],"gold":47,"neow_bonus":"REMOVE_TWO","is_daily":false,"chose_seed":false,"campfire_upgraded":6,"win_rate":0.0,"timestamp":1609555994,"path_taken":["M","M","?","?","M","E","?","E","T","R","M","?","R","M","R","BOSS","M","?","$","?","M","R","$","M","T","R","?","?","E","M","R","BOSS","M","M","?","$","M"],"items_purchased_type":["Relic","Card"],"build_version":"2020-12-18","purchased_purges":2,"victory":false,"max_hp_per_floor":[72,72,77,77,77,77,77,77,77,77,77,77,77,77,77,77,77,77,38,38,38,38,38,38,38,38,38,38,38,38,38,38,38,38,38,38,38,38,38,38],"card_choices":[{"not_picked":["Protect","EmptyBody"],"picked":"FollowUp","floor":1.0},{"not_picked":["SignatureMove","EmptyBody"],"picked":"Conclude","floor":2.0},{"not_picked":["Nirvana","FlyingSleeves"],"picked":"Tantrum","floor":5.0},{"not_picked":["BowlingBash","Consecrate","Prostrate"],"picked":"SKIP","floor":6.0},{"not_picked":["ThirdEye","ReachHeaven"],"picked":"FollowUp","floor":8.0},{"not_picked":["SignatureMove","ClearTheMind","Evaluate"],"picked":"FollowUp","floor":11.0},{"not_picked":["FollowUp","FlurryOfBlows","Evaluate"],"picked":"SandsOfTime","floor":14.0},{"not_picked":["MasterReality","Blasphemy","Brilliance"],"picked":"DeusExMachina","floor":16.0},{"not_picked":["Crescendo","CutThroughFate","SignatureMove","PathToVictory"],"picked":"SKIP","floor":18.0},{"not_picked":["Tantrum","WreathOfFlame","Indignation","Halt+1"],"picked":"SKIP","floor":22.0},{"not_picked":["MentalFortress","DeusExMachina","Evaluate"],"picked":"BattleHymn","floor":24.0},{"not_picked":["Protect+1","SignatureMove","Worship"],"picked":"SandsOfTime","floor":24.0},{"not_picked":["CrushJoints","JustLucky+1","Evaluate"],"picked":"CarveReality+1","floor":25.0},{"not_picked":["EmptyFist+1","CutThroughFate+1","Swivel","Evaluate"],"picked":"SKIP","floor":30.0},{"not_picked":["Consecrate+1","Tantrum+1","Study"],"picked":"Wallop","floor":31.0},{"not_picked":["Evaluate","Halt","FlurryOfBlows"],"picked":"ForeignInfluence+1","floor":35.0},{"not_picked":["Prostrate+1","PathToVictory","JustLucky+1","BowlingBash"],"picked":"SKIP","floor":36.0}],"player_experience":704265,"relics_obtained":[{"floor":6.0,"key":"Du-Vu Doll"},{"floor":8.0,"key":"Question Card"},{"floor":9.0,"key":"The Courier"},{"floor":26.0,"key":"Meat on the Bone"},{"floor":30.0,"key":"Omamori"}],"event_choices":[{"damage_healed":0.0,"max_hp_gain":5.0,"max_hp_loss":0.0,"gold_gain":0.0,"event_name":"Big Fish","player_choice":"Donut","floor":3.0,"gold_loss":0.0,"damage_taken":0.0},{"damage_healed":0.0,"max_hp_gain":0.0,"max_hp_loss":0.0,"gold_gain":0.0,"event_name":"Liars Game","player_choice":"Ignored","floor":4.0,"gold_loss":0.0,"damage_taken":0.0},{"damage_healed":0.0,"max_hp_gain":0.0,"max_hp_loss":0.0,"gold_gain":0.0,"cards_transformed":["Strike_P"],"event_name":"Living Wall","player_choice":"Change","floor":7.0,"gold_loss":0.0,"damage_taken":0.0,"cards_obtained":["JustLucky"]},{"damage_healed":0.0,"max_hp_gain":0.0,"max_hp_loss":39.0,"gold_gain":0.0,"event_name":"Ghosts","player_choice":"Became a Ghost","floor":19.0,"gold_loss":0.0,"damage_taken":0.0,"cards_obtained":["Ghostly","Ghostly","Ghostly","Ghostly","Ghostly"]},{"damage_healed":0.0,"max_hp_gain":0.0,"max_hp_loss":0.0,"gold_gain":0.0,"event_name":"Addict","player_choice":"Obtained Relic","floor":21.0,"gold_loss":85.0,"damage_taken":0.0,"relics_obtained":["Blue Candle"]},{"damage_healed":0.0,"max_hp_gain":0.0,"max_hp_loss":0.0,"gold_gain":0.0,"event_name":"Drug Dealer","player_choice":"Inject Mutagens","floor":28.0,"gold_loss":0.0,"damage_taken":0.0,"relics_obtained":["MutagenicStrength"]},{"damage_healed":0.0,"max_hp_gain":0.0,"max_hp_loss":0.0,"gold_gain":0.0,"event_name":"The Mausoleum","player_choice":"Opened","floor":29.0,"gold_loss":0.0,"damage_taken":0.0,"relics_obtained":["Thread and Needle"]},{"cards_removed":["Wallop"],"damage_healed":0.0,"max_hp_gain":0.0,"max_hp_loss":0.0,"gold_gain":0.0,"event_name":"Falling","player_choice":"Removed Attack","floor":37.0,"gold_loss":0.0,"damage_taken":0.0}],"is_beta":true,"boss_relics":[{"not_picked":["Fusion Hammer","Runic Dome"],"picked":"HolyWater"},{"not_picked":["Velvet Choker","VioletLotus"],"picked":"Coffee Dripper"}],"items_purged_floors":[12,20],"is_endless":false,"potions_floor_spawned":[2,22,33],"killed_by":"Writhing Mass","ascension_level":0}}