{"host":"1kq2ingo3j45gyyp","time":1609629466,"event":{"mods":["BaseMod","Better Note","Better Third Choice","Downfall","Minty Spire (QoL Compilation)","StSLib"],"gold_per_floor":[99,118,131,231,249,174,242,156,176,82,99,110,110,128,145,249,249,174,174,66,84,96,196,196,229,229,229,229,229,229,229],"floor_reached":29,"playtime":1106,"items_purged":[],"score":235,"play_id":"5efb2f04-5e6d-4eee-aef5-af831277a08e","local_time":"20210102181746","is_ascension_mode":false,"campfire_choices":[{"floor":1,"key":"RECALL"},{"data":"hexamod:RainOfEmbers","floor":6,"key":"SMITH"},{"data":"hexamod:VolcanoVisage","floor":18,"key":"SMITH"},{"floor":28,"key":"REST"}],"circlet_count":0,"master_deck":["hexamod:Strike","hexamod:Strike","hexamod:Strike","hexamod:Strike","hexamod:Defend","hexamod:Defend","hexamod:Defend","hexamod:Defend","hexamod:Sear","hexamod:Float","hexamod:SwordOfDarkness","hexamod:HeatCrush","hexamod:RainOfEmbers+1","hexamod:Firestarter","hexamod:Firestarter","hexamod:RainOfEmbers","hexamod:DynamicBlow","hexamod:ThermalTransfer","hexamod:Hexaguard","hexamod:ThermalTransfer","hexamod:CatchUp","hexamod:FastForward","hexamod:InspiringFlames","hexamod:VolcanoVisage+1","CurseOfTheBell","hexamod:HauntingEcho","hexamod:ExtraCrispy","Good Instincts","hexamod:SkipABeat+1","hexamod:BurningTouch","hexamod:RecurringNightmare"],"relics":["hexamod:SpiritBrand","MealTicket","downfall:HeartBlessingRed","Calling Bell","Vajra","Sundial","Ice Cream","downfall:HeartBlessingBlue","InkBottle","Blood Vial"],"acts_visited":["Exordium","TheCity"],"potions_floor_usage":[29,29],"damage_taken":[{"damage":0,"enemies":"2 Louse","floor":2,"turns":3},{"damage":0,"enemies":"Small Slimes","floor":3,"turns":4},{"damage":0,"enemies":"Jaw Worm","floor":5,"turns":3},{"damage":0,"enemies":"downfall:FleeingMerchant","floor":8,"turns":4},{"damage":6,"enemies":"2 Fungi Beasts","floor":9,"turns":3},{"damage":0,"enemies":"downfall:FleeingMerchant","floor":10,"turns":4},{"damage":0,"enemies":"Gremlin Gang","floor":11,"turns":4},{"damage":5,"enemies":"Exordium Thugs","floor":12,"turns":3},{"damage":2,"enemies":"Blue Slaver","floor":14,"turns":3},{"damage":1,"enemies":"3 Louse","floor":15,"turns":4},{"damage":36,"enemies":"downfall:Ironclad","floor":16,"turns":9},{"damage":0,"enemies":"Chosen","floor":19,"turns":1},{"damage":9,"enemies":"downfall:FleeingMerchant","floor":20,"turns":4},{"damage":16,"enemies":"Shell Parasite","floor":21,"turns":6},{"damage":6,"enemies":"Centurion and Healer","floor":22,"turns":4},{"damage":29,"enemies":"Book of Stabbing","floor":25,"turns":6},{"damage":49,"enemies":"Slavers","floor":29,"turns":3}],"seed_played":"-828059842903143918","potions_obtained":[{"floor":5,"key":"hexamod:InfernoChargePotion"},{"floor":9,"key":"Strength Potion"},{"floor":12,"key":"Guardian:BlockOnCardUsePotion"},{"floor":16,"key":"SkillPotion"}],"is_trial":false,"path_per_floor":["R","M","M","?","M","R","T","$","M","$","M","M","?","M","M","B",null,"R","M","$","M","M","?","T","E","?","?","R","E"],"character_chosen":"THE_SPIRIT","items_purchased":["hexamod:Firestarter","hexamod:RainOfEmbers","hexamod:ThermalTransfer","hexamod:Hexaguard","Good Instincts"],"campfire_rested":1,"item_purchase_floors":[8,8,10,10,20],"current_hp_per_floor":[70,70,70,70,70,70,70,70,64,70,70,65,65,63,62,26,70,80,80,71,55,49,49,49,20,20,20,44,0,0,0],"gold":229,"neow_bonus":"RANDOM_COMMON_RELIC","is_daily":false,"chose_seed":false,"campfire_upgraded":2,"win_rate":0.0,"timestamp":1609629466,"path_taken":["R","M","M","?","M","R","T","$","M","$","M","M","?","M","M","BOSS","R","M","$","M","M","?","T","E","?","?","R","E"],"items_purchased_type":["Card","Card","Card","Card","Card"],"build_version":"2020-12-22","purchased_purges":0,"victory":false,"max_hp_per_floor":[70,70,70,70,70,70,70,70,70,70,70,70,70,70,70,70,70,80,80,80,80,80,80,80,80,80,80,80,80,80,80],"card_choices":[{"not_picked":["hexamod:Haunt","hexamod:Hexaguard"],"picked":"hexamod:SwordOfDarkness","floor":2},{"not_picked":["hexamod:AdvancingGuard","hexamod:Hexaguard"],"picked":"hexamod:HeatCrush","floor":3},{"not_picked":["hexamod:BacktrackSmack","hexamod:WildfireWeapon"],"picked":"hexamod:RainOfEmbers","floor":5},{"not_picked":["hexamod:NightmareStrike","hexamod:PowerFromBeyond"],"picked":"hexamod:Firestarter","floor":8},{"not_picked":["hexamod:ShieldOfDarkness","hexamod:ThirdSeal","hexamod:RetreatToShadows"],"picked":"SKIP","floor":9},{"not_picked":["hexamod:SpectralAdrenaline","hexamod:NightmareStrike"],"picked":"hexamod:DynamicBlow","floor":10},{"not_picked":["hexamod:GhostOfSpirePresent","hexamod:Hexaguard"],"picked":"hexamod:ThermalTransfer","floor":11},{"not_picked":["hexamod:AdvancingGuard","hexamod:FirstSeal"],"picked":"hexamod:CatchUp","floor":12},{"not_picked":["hexamod:Firestarter","hexamod:BacktrackSmack"],"picked":"hexamod:FastForward","floor":14},{"not_picked":["hexamod:TimeWarp","hexamod:ThirdSeal"],"picked":"hexamod:InspiringFlames","floor":15},{"not_picked":["hexamod:GiftsFromTheDead","hexamod:GhostflameInferno"],"picked":"hexamod:VolcanoVisage","floor":16},{"not_picked":["hexamod:PhantomCloak","hexamod:RainOfEmbers+1"],"picked":"hexamod:HauntingEcho","floor":19},{"not_picked":["hexamod:RadiantFlame+1","hexamod:Incineration"],"picked":"hexamod:ExtraCrispy","floor":20},{"not_picked":["hexamod:InspiringFlames","hexamod:Hexaguard"],"picked":"hexamod:SkipABeat+1","floor":21},{"not_picked":["hexamod:GhostShield+1","hexamod:NightmareGuise"],"picked":"hexamod:BurningTouch","floor":22},{"not_picked":["hexamod:BurningTouch","hexamod:DynamicBlow"],"picked":"hexamod:RecurringNightmare","floor":25}],"player_experience":829830,"relics_obtained":[{"floor":17,"key":"Vajra"},{"floor":17,"key":"Sundial"},{"floor":17,"key":"Ice Cream"},{"floor":24,"key":"InkBottle"},{"floor":25,"key":"Blood Vial"}],"event_choices":[{"damage_healed":0,"gold_gain":0,"player_choice":"Ignored","damage_taken":0,"max_hp_gain":0,"max_hp_loss":0,"event_name":"betterNote:BetterNote","floor":26,"gold_loss":0,"cards_obtained":["Blind"]},{"damage_healed":0,"gold_gain":0,"player_choice":"Got Potions","damage_taken":0,"max_hp_gain":0,"max_hp_loss":0,"event_name":"Lab","floor":27,"gold_loss":0}],"is_beta":false,"boss_relics":[{"not_picked":["SlaversCollar","Astrolabe"],"picked":"Calling Bell"}],"items_purged_floors":[],"is_endless":false,"potions_floor_spawned":[5,9,12,14,16,21,25],"killed_by":"Slavers","ascension_level":0}}