{"host":"fjaupvxe7fzqrf4j","time":1609596512,"event":{"mods":["ATMod(°¢èªMod)","BaseMod","Minty Spire (QoL Compilation)","StSLib"],"gold_per_floor":[114,189,189,239,252,277,303,336,336,367,367,401,432,76,76,152,152,163,63,63,87,87,121,148,180,180,212,239,239,265,294,294,368,368,378,378,403,9,26,53,80,80,107,139,173,208,237,270,270,270,270,270,270,51,86,86],"floor_reached":57,"playtime":1196,"items_purged":["AT_WindFlip","Dagger Throw","AT_WindFlip","Underhanded Strike"],"score":4860,"play_id":"a91e37cf-fb6e-4f1a-8b06-98f00b90bc7e","local_time":"20210102220832","daily_mods":["SealedDeck","Heirloom","Time Dilation","Flight","Elite Swarm"],"is_ascension_mode":true,"campfire_choices":[{"data":"Reflex","floor":11.0,"key":"SMITH"},{"data":"Prepared","floor":15.0,"key":"SMITH"},{"data":"Acrobatics","floor":29.0,"key":"SMITH"},{"floor":32.0,"key":"RECALL"},{"data":"Backflip","floor":42.0,"key":"SMITH"},{"data":"Adrenaline","floor":49.0,"key":"SMITH"},{"data":"Deflect","floor":53.0,"key":"SMITH"}],"circlet_count":0,"master_deck":["AscendersBane","Prepared","Deflect+1","Reflex+1","Prepared+1","Acrobatics+1","Grand Finale","After Image","AT_KingSlayer+1","CurseOfTheBell","Backflip+1","Adrenaline+1"],"relics":["Ring of the Snake","AT_ATBox","Ice Cream","MealTicket","Lizard Tail","AT_ForceNature","Molten Egg 2","Paper Crane","Sundial","Calling Bell","Dream Catcher","Blue Candle","AT_LudenTempest","Happy Flower","Pen Nib","AT_EbonyIvory","Calipers","Letter Opener","AT_ImmortalShieldbow","AT_Manta","Shuriken","Du-Vu Doll","Black Star","FossilizedHelix","Membership Card","Ginger","Eternal Feather","Vajra","Mango","AT_GoldPhoenixTree","Snake Skull","Boot","AT_RedTearstoneRing","Toy Ornithopter","Orichalcum","Question Card","Oddly Smooth Stone","Akabeko","AT_ChloranthyRing","Turnip","Meat on the Bone","Gremlin Horn","Gambling Chip","Bronze Scales"],"acts_visited":["Exordium","TheCity","TheBeyond","TheEnding"],"potions_floor_usage":[56,56],"damage_taken":[{"damage":0.0,"enemies":"Small Slimes","floor":1.0,"turns":1.0},{"damage":0.0,"enemies":"2 Louse","floor":5.0,"turns":1.0},{"damage":0.0,"enemies":"Gremlin Nob","floor":6.0,"turns":2.0},{"damage":0.0,"enemies":"3 Sentries","floor":7.0,"turns":1.0},{"damage":0.0,"enemies":"Gremlin Nob","floor":8.0,"turns":1.0},{"damage":0.0,"enemies":"Lagavulin","floor":10.0,"turns":2.0},{"damage":0.0,"enemies":"Gremlin Nob","floor":12.0,"turns":1.0},{"damage":0.0,"enemies":"3 Sentries","floor":13.0,"turns":1.0},{"damage":0.0,"enemies":"Hexaghost","floor":16.0,"turns":1.0},{"damage":0.0,"enemies":"3 Byrds","floor":18.0,"turns":1.0},{"damage":0.0,"enemies":"Book of Stabbing","floor":23.0,"turns":1.0},{"damage":0.0,"enemies":"Slavers","floor":24.0,"turns":1.0},{"damage":0.0,"enemies":"Gremlin Leader","floor":25.0,"turns":1.0},{"damage":0.0,"enemies":"Slavers","floor":27.0,"turns":1.0},{"damage":0.0,"enemies":"Book of Stabbing","floor":28.0,"turns":1.0},{"damage":0.0,"enemies":"Gremlin Leader","floor":30.0,"turns":1.0},{"damage":0.0,"enemies":"Book of Stabbing","floor":31.0,"turns":1.0},{"damage":0.0,"enemies":"Automaton","floor":33.0,"turns":1.0},{"damage":0.0,"enemies":"3 Darklings","floor":35.0,"turns":1.0},{"damage":0.0,"enemies":"Mind Bloom Boss Battle","floor":37.0,"turns":1.0},{"damage":0.0,"enemies":"Orb Walker","floor":39.0,"turns":1.0},{"damage":0.0,"enemies":"Nemesis","floor":40.0,"turns":1.0},{"damage":0.0,"enemies":"Giant Head","floor":41.0,"turns":1.0},{"damage":0.0,"enemies":"Reptomancer","floor":44.0,"turns":1.0},{"damage":0.0,"enemies":"Giant Head","floor":45.0,"turns":1.0},{"damage":0.0,"enemies":"Nemesis","floor":46.0,"turns":1.0},{"damage":0.0,"enemies":"Giant Head","floor":47.0,"turns":1.0},{"damage":0.0,"enemies":"Nemesis","floor":48.0,"turns":1.0},{"damage":0.0,"enemies":"Donu and Deca","floor":50.0,"turns":1.0},{"damage":0.0,"enemies":"Awakened One","floor":51.0,"turns":2.0},{"damage":0,"enemies":"Shield and Spear","floor":55,"turns":1},{"damage":0,"enemies":"The Heart","floor":56,"turns":4}],"seed_played":"-1510575283677793150","potions_obtained":[{"floor":6.0,"key":"Regen Potion"},{"floor":8.0,"key":"Swift Potion"},{"floor":44.0,"key":"Fruit Juice"},{"floor":45.0,"key":"SteroidPotion"},{"floor":46.0,"key":"Block Potion"}],"is_trial":true,"path_per_floor":["M","?","?","?","M","E","E","E","T","E","R","E","E","$","R","B",null,"M","$","?","T","?","E","E","E","T","E","E","R","E","E","R","B",null,"M","?","?","$","M","E","E","R","T","E","E","E","E","E","R","B","B",null,"R","$","E","B",null],"character_chosen":"THE_SILENT","items_purchased":["Sundial","Membership Card","Ginger","Gremlin Horn"],"campfire_rested":0,"item_purchase_floors":[14,38,38,54],"current_hp_per_floor":[59,48,41,41,41,41,41,41,41,41,41,41,41,56,56,56,64,64,66,66,66,66,66,66,66,66,66,66,66,66,66,66,66,66,66,66,66,66,66,66,80,80,80,85,85,85,85,85,85,85,85,85,85,85,85,85],"gold":86,"neow_bonus":"","is_daily":false,"chose_seed":false,"campfire_upgraded":6,"win_rate":0.0,"timestamp":1609596512,"path_taken":["M","?","?","?","?","E","E","E","T","E","R","E","E","$","R","BOSS","M","$","?","?","?","E","E","E","T","E","E","R","E","E","R","BOSS","M","?","?","$","M","E","E","R","T","E","E","E","E","E","R","BOSS","BOSS","R","$","E","BOSS"],"items_purchased_type":["Relic","Relic","Relic","Relic"],"build_version":"2020-12-22","purchased_purges":4,"victory":true,"max_hp_per_floor":[66,66,66,66,66,66,66,66,66,66,66,66,66,66,66,66,66,66,66,66,66,66,66,66,66,66,66,66,66,66,66,66,66,66,66,66,66,66,66,66,80,80,80,85,85,85,85,85,85,85,85,85,85,85,85,85],"card_choices":[{"not_picked":["Bane","AT_WindFlip","Dagger Throw"],"picked":"SKIP","floor":1.0},{"not_picked":["Choke","Flying Knee","AT_TwilightShroud"],"picked":"SKIP","floor":5.0},{"not_picked":["Storm of Steel","Malaise"],"picked":"Grand Finale","floor":6.0},{"not_picked":["Envenom","Die Die Die","AT_MyraUnstableElement"],"picked":"SKIP","floor":7.0},{"not_picked":["Storm of Steel","Envenom"],"picked":"After Image","floor":8.0},{"not_picked":["Die Die Die","Tools of the Trade","Bullet Time"],"picked":"SKIP","floor":10.0},{"not_picked":["Envenom","A Thousand Cuts","Unload+1"],"picked":"SKIP","floor":12.0},{"not_picked":["AT_EssenceShift","AT_MyraUnstableElement","Night Terror"],"picked":"SKIP","floor":13.0},{"not_picked":["Doppelganger","After Image"],"picked":"AT_KingSlayer+1","floor":16.0},{"not_picked":["Skewer+1","AT_TwilightShroud","Finisher+1"],"picked":"SKIP","floor":18.0},{"not_picked":["Unload+1","A Thousand Cuts","Night Terror"],"picked":"SKIP","floor":23.0},{"not_picked":["AT_MyraUnstableElement","Burst","Phantasmal Killer"],"picked":"SKIP","floor":24.0},{"not_picked":["Adrenaline","Night Terror","Wraith Form v2"],"picked":"SKIP","floor":25.0},{"not_picked":["Burst","Envenom","Corpse Explosion"],"picked":"SKIP","floor":27.0},{"not_picked":["AT_KingSlayer+1","Unload+1","Storm of Steel"],"picked":"SKIP","floor":28.0},{"not_picked":["Unload+1","A Thousand Cuts","Glass Knife+1"],"picked":"SKIP","floor":30.0},{"not_picked":["Die Die Die+1","Storm of Steel","Glass Knife+1"],"picked":"SKIP","floor":31.0},{"not_picked":["Masterful Stab+1","Backflip","Dagger Spray+1"],"picked":"SKIP","floor":35.0},{"not_picked":["PiercingWail+1","Crippling Poison","Bouncing Flask"],"picked":"SKIP","floor":39.0},{"not_picked":["Wraith Form v2","Grand Finale+1","Envenom"],"picked":"SKIP","floor":40.0},{"not_picked":["Night Terror","AT_EssenceShift","Wraith Form v2"],"picked":"SKIP","floor":41.0},{"not_picked":["Burst","AT_KingSlayer+1","Phantasmal Killer"],"picked":"SKIP","floor":44.0},{"not_picked":["AT_KingSlayer+1","AT_MyraUnstableElement","Venomology"],"picked":"SKIP","floor":45.0},{"not_picked":["Corpse Explosion","Doppelganger","Envenom"],"picked":"SKIP","floor":46.0},{"not_picked":["Wraith Form v2","Envenom","Glass Knife+1"],"picked":"Adrenaline","floor":47.0},{"not_picked":["Doppelganger","Malaise","Phantasmal Killer","Bullet Time"],"picked":"SKIP","floor":48.0},{"not_picked":["Venomology","Die Die Die+1","Adrenaline","AT_KingSlayer+1"],"picked":"SKIP","floor":55}],"player_experience":331880,"relics_obtained":[{"floor":6.0,"key":"MealTicket"},{"floor":8.0,"key":"Lizard Tail"},{"floor":10.0,"key":"AT_ForceNature"},{"floor":12.0,"key":"Molten Egg 2"},{"floor":13.0,"key":"Paper Crane"},{"floor":17.0,"key":"Dream Catcher"},{"floor":17.0,"key":"Blue Candle"},{"floor":17.0,"key":"AT_LudenTempest"},{"floor":21.0,"key":"Happy Flower"},{"floor":23.0,"key":"Pen Nib"},{"floor":24.0,"key":"AT_EbonyIvory"},{"floor":25.0,"key":"Calipers"},{"floor":26.0,"key":"Letter Opener"},{"floor":27.0,"key":"AT_ImmortalShieldbow"},{"floor":28.0,"key":"AT_Manta"},{"floor":30.0,"key":"Shuriken"},{"floor":31.0,"key":"Du-Vu Doll"},{"floor":37.0,"key":"FossilizedHelix"},{"floor":40.0,"key":"Eternal Feather"},{"floor":40.0,"key":"Vajra"},{"floor":41.0,"key":"Mango"},{"floor":41.0,"key":"AT_GoldPhoenixTree"},{"floor":43.0,"key":"Snake Skull"},{"floor":44.0,"key":"Boot"},{"floor":44.0,"key":"AT_RedTearstoneRing"},{"floor":45.0,"key":"Toy Ornithopter"},{"floor":45.0,"key":"Orichalcum"},{"floor":46.0,"key":"Question Card"},{"floor":46.0,"key":"Oddly Smooth Stone"},{"floor":47.0,"key":"Akabeko"},{"floor":47.0,"key":"AT_ChloranthyRing"},{"floor":48.0,"key":"Turnip"},{"floor":48.0,"key":"Meat on the Bone"},{"floor":55,"key":"Gambling Chip"},{"floor":55,"key":"Bronze Scales"}],"event_choices":[{"damage_healed":0.0,"max_hp_gain":0.0,"max_hp_loss":0.0,"gold_gain":75.0,"event_name":"World of Goop","player_choice":"Gather Gold","floor":2.0,"gold_loss":0.0,"damage_taken":11.0},{"cards_removed":["Blade Dance"],"damage_healed":0.0,"max_hp_gain":0.0,"max_hp_loss":0.0,"gold_gain":0.0,"event_name":"Golden Wing","player_choice":"Card Removal","floor":3.0,"gold_loss":0.0,"damage_taken":7.0},{"damage_healed":0.0,"max_hp_gain":0.0,"max_hp_loss":0.0,"gold_gain":50.0,"event_name":"Golden Shrine","player_choice":"Pray","floor":4.0,"gold_loss":0.0,"damage_taken":0.0},{"damage_healed":0.0,"max_hp_gain":0.0,"max_hp_loss":0.0,"gold_gain":0.0,"event_name":"Vampires","player_choice":"Ignored","floor":20.0,"gold_loss":0.0,"damage_taken":0.0},{"damage_healed":0.0,"max_hp_gain":0.0,"max_hp_loss":0.0,"gold_gain":0.0,"event_name":"The Library","player_choice":"Read","floor":22.0,"gold_loss":0.0,"damage_taken":0.0,"cards_obtained":["Backflip"]},{"damage_healed":0.0,"max_hp_gain":0.0,"max_hp_loss":0.0,"gold_gain":0.0,"event_name":"Tomb of Lord Red Mask","player_choice":"Ignored","floor":36.0,"gold_loss":0.0,"damage_taken":0.0},{"damage_healed":0.0,"max_hp_gain":0.0,"max_hp_loss":0.0,"gold_gain":0.0,"event_name":"MindBloom","player_choice":"Fight","floor":37.0,"gold_loss":0.0,"damage_taken":0.0}],"is_beta":false,"boss_relics":[{"not_picked":["Busted Crown","Sozu"],"picked":"Calling Bell"},{"not_picked":["Snecko Eye","Runic Pyramid"],"picked":"Black Star"}],"items_purged_floors":[14,19,38,54],"is_endless":false,"potions_floor_spawned":[6,7,8,18,27,28,31,44,45,46,48],"ascension_level":20}}