{"host":"xazfs2cmso1lkipw","time":1609585985,"event":{"mods":["AchievementEnabler","Arknights The Spire","BaseMod","Bestiary","Better Third Choice","BetterRewards","Clockwork Mod","Colored Map","Colored Powertips","Highlight Path","Infinite Spire","Mad Scientist","Minty Spire (QoL Compilation)","Potionbrewer","Quick Restart","Railgun Mod","Rare Cards Sparkle","Relic Stats","Replay The Spire","Shop Mod","StSLib"],"gold_per_floor":[112,112,112,126,136,169,182,193,247,279,279,310,310,344,344,419,419,435,449,449,449],"floor_reached":20,"playtime":903,"items_purged":[],"score":658,"play_id":"5de915c0-b94a-40d8-bbb7-746898548ebf","local_time":"20210102191305","daily_mods":["Vintage","Heirloom","Time Dilation","Flight","Elite Swarm"],"is_ascension_mode":true,"campfire_choices":[{"data":"DevaForm","floor":15,"key":"SMITH"}],"circlet_count":0,"master_deck":["Demon Form","Wraith Form v2","Echo Form","DevaForm+1","TheRailgun:Level_6","potionbrewer:AlchemistForm","Clockwork:PerfectForm","AscendersBane","potionbrewer:PotionbrewerStrike","potionbrewer:PotionbrewerStrike","potionbrewer:PotionbrewerStrike","potionbrewer:PotionbrewerStrike","potionbrewer:PotionbrewerDefend","potionbrewer:PotionbrewerDefend","potionbrewer:PotionbrewerDefend","potionbrewer:PotionbrewerDefend","potionbrewer:Collect","potionbrewer:ChemicalSpill","potionbrewer:BeatDown","potionbrewer:Hoarder","potionbrewer:FlashPowder","potionbrewer:BeatDown","potionbrewer:ChoosePotion"],"relics":["potionbrewer:PotionKit","replay:Trail_Library","Replay:Kaleidoscope","Gremlin Horn","NeowsBlessing","NeowsBlessing","potionbrewer:MortarAndPestle","Blue Doll","PreservedInsect","infinitespire:Eraser","Gremlin Food","ReplayTheSpireMod:TigerMarble","Simple Rune","NeowsBlessing","Vajra","NeowsBlessing","Bottled Tornado","Black Star","Question Card","Regal Pillow"],"acts_visited":["Exordium","TheCity"],"potions_floor_usage":[1,6,8,10,10,12,18,18,19,19,19,20,20,20],"damage_taken":[{"damage":11,"enemies":"Jaw Worm","floor":1,"turns":4},{"damage":0,"enemies":"Small Slimes","floor":4,"turns":3},{"damage":0,"enemies":"2 Louse","floor":5,"turns":1},{"damage":0,"enemies":"3 Sentries","floor":6,"turns":1},{"damage":0,"enemies":"Exordium Wildlife","floor":7,"turns":1},{"damage":14,"enemies":"Exordium Thugs","floor":8,"turns":4},{"damage":20,"enemies":"Lagavulin","floor":10,"turns":5},{"damage":0,"enemies":"3 Sentries","floor":12,"turns":1},{"damage":0,"enemies":"Gremlin Nob","floor":14,"turns":1},{"damage":0,"enemies":"Slime Boss","floor":16,"turns":1},{"damage":11,"enemies":"Spheric Guardian","floor":18,"turns":4},{"damage":0,"enemies":"2 Thieves","floor":19,"turns":1},{"damage":68,"enemies":"3 Cultists","floor":20,"turns":6}],"seed_played":"5107969851339693423","potions_obtained":[{"floor":4,"key":"Explosive Potion"},{"floor":8,"key":"SteroidPotion"},{"floor":10,"key":"potionbrewer:ToxicPotion"},{"floor":12,"key":"BlessingOfTheForge"},{"floor":14,"key":"Block Potion"},{"floor":19,"key":"BlessingOfTheForge"}],"is_trial":true,"path_per_floor":["M","WH","WH","M","M","E","M","M","T","E","WH","E","WH","E","R","B",null,"M","M","M"],"character_chosen":"POTIONBREWER","items_purchased":[],"campfire_rested":0,"item_purchase_floors":[],"current_hp_per_floor":[66,66,66,66,66,66,66,66,66,60,60,60,60,60,60,60,68,57,57,0,0],"gold":449,"neow_bonus":"THREE_ENEMY_KILL","is_daily":false,"chose_seed":false,"campfire_upgraded":1,"win_rate":0.0,"timestamp":1609585985,"path_taken":["M","WH","WH","M","M","E","M","M","T","E","WH","E","WH","E","R","BOSS","M","M","M"],"items_purchased_type":[],"build_version":"2020-12-22","purchased_purges":0,"victory":false,"max_hp_per_floor":[70,70,70,70,70,70,70,70,70,70,70,70,70,70,70,70,70,70,70,70,70],"relic_stats":{"Regal Pillow":0,"Gremlin Horn":[8,8],"counters":[13,33],"PreservedInsect":84,"Black Star":0,"Question Card":0,"obtain_stats":[{"Gremlin Food":8,"Regal Pillow":19,"Gremlin Horn":1,"NeowsBlessing":2,"Vajra":12,"potionbrewer:MortarAndPestle":4,"Blue Doll":5,"PreservedInsect":6,"Replay:Kaleidoscope":0,"Bottled Tornado":14,"Question Card":18,"potionbrewer:PotionKit":0,"Simple Rune":10,"ReplayTheSpireMod:TigerMarble":9,"Black Star":17,"infinitespire:Eraser":7,"replay:Trail_Library":0},{"Gremlin Food":6,"Regal Pillow":12,"Gremlin Horn":1,"NeowsBlessing":1,"Vajra":8,"potionbrewer:MortarAndPestle":2,"Blue Doll":3,"PreservedInsect":4,"Replay:Kaleidoscope":0,"Bottled Tornado":9,"Question Card":11,"potionbrewer:PotionKit":0,"Simple Rune":7,"ReplayTheSpireMod:TigerMarble":6,"Black Star":10,"infinitespire:Eraser":5,"replay:Trail_Library":0},{"Gremlin Food":14,"Regal Pillow":27,"Gremlin Horn":4,"NeowsBlessing":4,"Vajra":20,"potionbrewer:MortarAndPestle":7,"Blue Doll":8,"PreservedInsect":9,"Replay:Kaleidoscope":0,"Bottled Tornado":21,"Question Card":26,"potionbrewer:PotionKit":0,"Simple Rune":19,"ReplayTheSpireMod:TigerMarble":14,"Black Star":22,"infinitespire:Eraser":10,"replay:Trail_Library":0}]},"card_choices":[{"not_picked":["potionbrewer:PotentialEnergy","potionbrewer:Accelerant"],"picked":"potionbrewer:BeatDown","floor":6},{"not_picked":["potionbrewer:TwoForOne","potionbrewer:Transmute"],"picked":"potionbrewer:Hoarder","floor":10},{"not_picked":["potionbrewer:Transmute","potionbrewer:HazardousWaste"],"picked":"potionbrewer:BeatDown","floor":12},{"not_picked":["potionbrewer:Accelerant","potionbrewer:Bribery","potionbrewer:Prototype"],"picked":"potionbrewer:BottomlessFlask","floor":14}],"player_experience":3993,"relics_obtained":[{"floor":1,"key":"Gremlin Horn"},{"floor":4,"key":"potionbrewer:MortarAndPestle"},{"floor":5,"key":"Blue Doll"},{"floor":6,"key":"PreservedInsect"},{"floor":7,"key":"infinitespire:Eraser"},{"floor":8,"key":"Gremlin Food"},{"floor":9,"key":"ReplayTheSpireMod:TigerMarble"},{"floor":10,"key":"Simple Rune"},{"floor":12,"key":"Vajra"},{"floor":14,"key":"Bottled Tornado"},{"floor":18,"key":"Question Card"},{"floor":19,"key":"Regal Pillow"}],"event_choices":[],"is_beta":false,"boss_relics":[{"not_picked":["Painkiller Herb","Replay:Grab Bag"],"picked":"Black Star"}],"items_purged_floors":[],"is_endless":false,"potions_floor_spawned":[4,8,10,12,14,19],"killed_by":"3 Cultists","ascension_level":20}}