{"host":"i4eavuqabbk5mi94","time":1609600224,"event":{"mods":["BaseMod","Googly Eyes","Minty Spire (QoL Compilation)"],"gold_per_floor":[112,127,138,63,83,83,109,119,119,84,97,97,122,138,138,243,243,259,271,98,98,98],"floor_reached":21,"playtime":1123,"items_purged":["Defend_G","Strike_G"],"score":262,"play_id":"54afe59d-fbc3-453b-a101-19e4e3e86ff4","local_time":"20210102151024","is_ascension_mode":true,"campfire_choices":[{"data":"Neutralize","floor":6,"key":"SMITH"},{"floor":12,"key":"REST"},{"floor":15,"key":"REST"}],"circlet_count":0,"master_deck":["Strike_G","Strike_G","Strike_G","Strike_G","Defend_G+1","Defend_G","Defend_G","Defend_G","Survivor+1","Neutralize+1","Riddle With Holes","Dagger Throw","Tactician","Footwork","Caltrops","PiercingWail","Grand Finale","Caltrops","Noxious Fumes","Terror"],"relics":["Runic Pyramid","Centennial Puzzle","War Paint","Snake Skull","Black Star"],"acts_visited":["Exordium","TheCity"],"potions_floor_usage":[7,13,18,19,19,21],"damage_taken":[{"damage":9,"enemies":"Small Slimes","floor":1,"turns":4},{"damage":0,"enemies":"Cultist","floor":2,"turns":4},{"damage":0,"enemies":"2 Louse","floor":3,"turns":2},{"damage":12,"enemies":"Large Slime","floor":5,"turns":6},{"damage":24,"enemies":"Gremlin Nob","floor":7,"turns":4},{"damage":1,"enemies":"3 Louse","floor":8,"turns":4},{"damage":17,"enemies":"Exordium Wildlife","floor":11,"turns":5},{"damage":0,"enemies":"Lagavulin","floor":13,"turns":8},{"damage":0,"enemies":"2 Fungi Beasts","floor":14,"turns":4},{"damage":15,"enemies":"Hexaghost","floor":16,"turns":13},{"damage":26,"enemies":"Spheric Guardian","floor":18,"turns":10},{"damage":14,"enemies":"2 Thieves","floor":19,"turns":4},{"damage":30,"enemies":"3 Cultists","floor":21,"turns":6}],"seed_played":"-7146158585494525774","potions_obtained":[{"floor":3,"key":"PowerPotion"},{"floor":7,"key":"Strength Potion"},{"floor":11,"key":"GhostInAJar"},{"floor":16,"key":"CunningPotion"},{"floor":18,"key":"PowerPotion"},{"floor":19,"key":"SpeedPotion"}],"is_trial":false,"path_per_floor":["M","M","M","$","M","R","E","M","T","?","M","R","E","M","R","B",null,"M","M","$","M"],"character_chosen":"THE_SILENT","items_purchased":["Terror"],"campfire_rested":2,"item_purchase_floors":[20],"current_hp_per_floor":[61,61,61,61,49,49,25,24,24,41,24,45,45,45,66,51,70,44,30,30,0,0],"gold":98,"neow_bonus":"BOSS_RELIC","is_daily":false,"chose_seed":false,"campfire_upgraded":1,"win_rate":0.0,"timestamp":1609600224,"path_taken":["M","M","M","$","M","R","E","M","T","?","M","R","E","M","R","BOSS","M","M","$","M"],"items_purchased_type":["Card"],"build_version":"2020-12-22","purchased_purges":2,"victory":false,"max_hp_per_floor":[70,70,70,70,70,70,70,70,70,70,70,70,70,70,70,70,70,70,70,70,70,70],"card_choices":[{"not_picked":["Slice","Deflect"],"picked":"Riddle With Holes","floor":1},{"not_picked":["Slice","Prepared"],"picked":"Dagger Throw","floor":2},{"not_picked":["Dodge and Roll","Dash","Prepared"],"picked":"SKIP","floor":3},{"not_picked":["Deflect","Quick Slash"],"picked":"Tactician","floor":5},{"not_picked":["Venomology","Distraction"],"picked":"Footwork","floor":7},{"not_picked":["Outmaneuver","Poisoned Stab"],"picked":"Caltrops","floor":8},{"not_picked":["Endless Agony","Riddle With Holes","Expertise"],"picked":"SKIP","floor":11},{"not_picked":["Endless Agony","Underhanded Strike"],"picked":"PiercingWail","floor":13},{"not_picked":["Blur","Slice","Bane"],"picked":"SKIP","floor":14},{"not_picked":["Tools of the Trade","Glass Knife"],"picked":"Grand Finale","floor":16},{"not_picked":["Sucker Punch","Deflect"],"picked":"Caltrops","floor":18},{"not_picked":["Dagger Throw","Flying Knee"],"picked":"Noxious Fumes","floor":19}],"player_experience":367330,"relics_obtained":[{"floor":7,"key":"Centennial Puzzle"},{"floor":9,"key":"War Paint"},{"floor":13,"key":"Snake Skull"}],"event_choices":[{"damage_healed":17,"gold_gain":0,"player_choice":"Healed","damage_taken":0,"max_hp_gain":0,"max_hp_loss":0,"event_name":"The Cleric","floor":10,"gold_loss":35}],"is_beta":false,"boss_relics":[{"not_picked":["Tiny House","Cursed Key"],"picked":"Black Star"}],"items_purged_floors":[4,20],"is_endless":false,"potions_floor_spawned":[3,7,11,16,18,19],"killed_by":"3 Cultists","ascension_level":4}}