{"host":"4lxzgdqpvzyot39g","time":1609567745,"event":{"mods":["Abigail Mod","Act Like it!","Aspiration","BaseMod","Beaked The Cultist","Better Altar","Better Match","Better Note","Better Sensory Stone","Better Skull","Better Third Choice","CCEM","Colored Map","Colored Powertips","Conspire","Displayed Cursed Tome","Dota2Spire","Energized Spire","Friendly Minions","Gensokyo","GifTheSpireLib","Halation","Hallownest","Hermit","Highlight Path","HololiveMod","Hubris","Infinite Spire","Jedi Mod","JesterMod","Mari Mod (Legacy)","Mari\u0027s V1 Patch","MarisaÅiñ∂âJÅ@ñÇóùçπÅj","Minty Spire (QoL Compilation)","Prisma Mod","Quarter Circle Forward PUNCH!","Relic Filter","Replay The Spire","Robot Space Explorer","SCP261 Mod","Small Relic Pack","Spicy Shops","Spikes Relics","StSLib","Stuff the Spire","The Alterego","The Blue Laboratory","The Bug Knight","The Cursed","The Fake Hero","The Servant 0.9.4","The Wild Card","Trackpad","Waifu the Spire","WarShipGirlsR/??è≠èóR mod","vexMod","Åy?ï®?îvÅzREMEMod"],"gold_per_floor":[514,524,449,459,29,29,22,22,22,49,65,40,73,93,93,188,188,201,201,64,78,97,97,111,142,167,35,70,70,83,83,83,182,182,198,209,223,223,235,268,283,295,295,307,317,332,361,98,98,98,98,98,61,86,86],"floor_reached":56,"playtime":3834,"items_purged":["luka_mod:Surrender","luka_mod:Wait","luka_mod:FlailWildly+1","Hatred","conspire:Blindness"],"score":1722,"play_id":"2a576d64-cffb-4f85-a554-0669071f119c","local_time":"20210102010905","is_ascension_mode":true,"campfire_choices":[{"data":"luka_mod:StrikeLukaThree","floor":6.0,"key":"SMITH"},{"data":"luka_mod:StrikeLukaFour","floor":8.0,"key":"SMITH"},{"data":"luka_mod:NotVerySharp","floor":15.0,"key":"SMITH"},{"data":"luka_mod:StrikeLukaTwo","floor":23.0,"key":"SMITH"},{"floor":49,"key":"RECALL"},{"data":"luka_mod:StrikeLukaSix","floor":52,"key":"SMITH"}],"circlet_count":0,"master_deck":["AscendersBane","luka_mod:StrikeLukaOne","luka_mod:StrikeLukaTwo+1","luka_mod:StrikeLukaThree+1","luka_mod:StrikeLukaFour+1","luka_mod:StrikeLukaFive","luka_mod:StrikeLukaSix+1","luka_mod:Salt","luka_mod:SmallBody+1","luka_mod:NotVerySharp+1","luka_mod:Calm+1","luka_mod:Feel+1","luka_mod:Intense+1","luka_mod:Tamamo","luka_mod:Intense+1","luka_mod:AngryLuka+1","luka_mod:StrikeLuka+1","luka_mod:NotVerySharp+1","luka_mod:Struggle+1","luka_mod:AngryLuka+1","luka_mod:Gnome","luka_mod:Calm+1","luka_mod:Granberia","luka_mod:NeverSurrender+1","luka_mod:Feel+1","luka_mod:Calm+1","luka_mod:Struggle+1","luka_mod:SmallBody","luka_mod:PerfectTiming+1","luka_mod:Intense+1","luka_mod:SmallBody"],"relics":["luka_mod:KeepsakeRing","REME_ComplimentaryCards","aspiration:Nostalgia","RobotSpaceExplorer:RoboCore","Hallownest:BankAccountRelic","Toxic Egg 2","Guide Book","StuffTheSpire:PointBlank","Dota2Spire:LinkenSphere","Dota2Spire:PowerTreads","conspire:RunicOctahedron","hubris:BottledHeart","War Paint","Nunchaku","Replay:Rubber Ducky","conspire:Boomerang","vexMod:NewClearReactor","Kintsugi","Turnip","Kunai","StuffTheSpire:ForceGauntlet","trackpad:WritersBlock"],"acts_visited":["Hallownest:Greenpath","TheCity","TheBeyond","TheEnding"],"potions_floor_usage":[55,55],"damage_taken":[{"damage":5.0,"enemies":"Hallownest:monsterHuskGuard","floor":1.0,"turns":4.0},{"damage":15.0,"enemies":"Hallownest:2_Baldur","floor":2.0,"turns":4.0},{"damage":12.0,"enemies":"Hallownest:2_MossCreeps","floor":4.0,"turns":5.0},{"damage":30.0,"enemies":"Hallownest:eliteVengeflyKing","floor":10.0,"turns":5.0},{"damage":25.0,"enemies":"Hallownest:MossCreep_and_Mosskin","floor":11.0,"turns":6.0},{"damage":43.0,"enemies":"Hallownest:eliteCrystalGuardian","floor":13.0,"turns":5.0},{"damage":7.0,"enemies":"Hallownest:monsterMossCharger","floor":14.0,"turns":4.0},{"damage":30.0,"enemies":"Hallownest:BossBrokenVessel","floor":16.0,"turns":6.0},{"damage":0.0,"enemies":"2 Thieves","floor":18.0,"turns":1.0},{"damage":0.0,"enemies":"Spheric Guardian","floor":21.0,"turns":1.0},{"damage":0.0,"enemies":"Snecko","floor":22.0,"turns":1.0},{"damage":0.0,"enemies":"Sentry and Sphere","floor":24.0,"turns":2.0},{"damage":0.0,"enemies":"REME_1_Revenger","floor":25.0,"turns":2.0},{"damage":0.0,"enemies":"conspire:SneckoGhost","floor":28.0,"turns":2.0},{"damage":0.0,"enemies":"Chosen and Byrds","floor":30.0,"turns":1.0},{"damage":0.0,"enemies":"Collector","floor":33.0,"turns":1.0},{"damage":0,"enemies":"3 Darklings","floor":35,"turns":1},{"damage":0,"enemies":"Orb Walker","floor":36,"turns":1},{"damage":0,"enemies":"Jaw Worm Horde","floor":37,"turns":1},{"damage":0,"enemies":"Maw","floor":39,"turns":1},{"damage":0,"enemies":"Reptomancer","floor":40,"turns":1},{"damage":0,"enemies":"4 Shapes","floor":41,"turns":1},{"damage":0,"enemies":"Writhing Mass","floor":42,"turns":1},{"damage":0,"enemies":"Spire Growth","floor":44,"turns":1},{"damage":0,"enemies":"Sphere and 2 Shapes","floor":45,"turns":1},{"damage":0,"enemies":"3 Darklings","floor":46,"turns":1},{"damage":0,"enemies":"Nightmare","floor":47,"turns":1},{"damage":0,"enemies":"Replay:Hell Engine","floor":50,"turns":1},{"damage":0,"enemies":"Shield and Spear","floor":54,"turns":1},{"damage":0,"enemies":"The Heart","floor":55,"turns":3}],"seed_played":"1635451768742335997","potions_obtained":[{"floor":10.0,"key":"Elixir"},{"floor":14.0,"key":"Ancient Potion"},{"floor":18.0,"key":"Strength Potion"},{"floor":28.0,"key":"blueLaboratory:HeartbeatPotion"},{"floor":30.0,"key":"blueLaboratory:PhilterOfMotion"},{"floor":36,"key":"Block Potion"},{"floor":47,"key":"SCP261:GirlTearsPotion"}],"is_trial":false,"path_per_floor":["M","M","?","M","$","R","$","R","T","E","M","?","E","M","R","B",null,"M","?","$","M","M","R","M","E","T","$","E","?","M","?","R_BF","B",null,"M","M","M","AVR","M","E","M","M","T","M","M","M","NM","$","R","B",null,"R","$","E","B",null],"character_chosen":"LUKA_CLASS","items_purchased":["Toxic Egg 2","Guide Book","luka_mod:Calm+1","War Paint","luka_mod:Intense+1","luka_mod:SmallBody","luka_mod:PerfectTiming+1","luka_mod:Intense+1","luka_mod:SmallBody"],"campfire_rested":0,"item_purchase_floors":[5,5,7,20,27,48,48,48,53],"current_hp_per_floor":[40,25,25,38,38,38,38,38,38,31,27,27,16,29,29,40,40,40,1,1,1,1,1,1,1,1,1,1,1,1,1,1,1,1,1,1,1,1,1,1,1,1,1,1,1,1,1,1,1,1,1,1,1,1,1],"gold":86,"neow_bonus":"NOSTALGIA","is_daily":false,"chose_seed":false,"campfire_upgraded":5,"win_rate":0.0,"timestamp":1609567745,"path_taken":["M","?","?","M","$","R","$","R","T","E","M","?","E","M","R","BOSS","M","?","$","M","M","R","M","E","T","$","E","?","?","?","R_BF","BOSS","M","?","M","AVR","M","E","M","M","T","M","?","M","NM","$","R","BOSS","R","$","E","BOSS"],"items_purchased_type":["Relic","Relic","Card","Relic","Card","Card","Card","Card","Card"],"build_version":"2020-12-22","purchased_purges":5,"victory":true,"max_hp_per_floor":[40,40,40,40,40,40,40,40,40,40,40,40,40,40,40,40,40,40,1,1,1,1,1,1,1,1,1,1,1,1,1,1,1,1,1,1,1,1,1,1,1,1,1,1,1,1,1,1,1,1,1,1,1,1,1],"card_choices":[{"not_picked":["luka_mod:BladeOfHowlingWind","luka_mod:StrikeLuka"],"picked":"luka_mod:SmallBody","floor":1.0},{"not_picked":["luka_mod:IliasesJudgement","luka_mod:AlicesGuard"],"picked":"luka_mod:NotVerySharp","floor":2.0},{"not_picked":["luka_mod:DemonSkullBeheading","luka_mod:Feel"],"picked":"luka_mod:Request","floor":4.0},{"not_picked":["luka_mod:StressRelief","luka_mod:BladeOfStillWater","luka_mod:SereneDemonSword"],"picked":"SKIP","floor":10.0},{"not_picked":["luka_mod:RestrictedStrike","luka_mod:Overexert","luka_mod:TouchFluffyTail+1"],"picked":"SKIP","floor":11.0},{"not_picked":["luka_mod:AlicesGuard+1","luka_mod:GuardedStrike"],"picked":"luka_mod:Feel+1","floor":13.0},{"not_picked":["luka_mod:UnusedPoison+1","luka_mod:GuardedStrike"],"picked":"luka_mod:Intense+1","floor":14.0},{"not_picked":["luka_mod:Alice+1","luka_mod:SpoilerDance+1"],"picked":"luka_mod:Tamamo","floor":16.0},{"not_picked":["luka_mod:Request+1","luka_mod:WaterSlash","luka_mod:PeacePreach+1"],"picked":"SKIP","floor":18.0},{"not_picked":["luka_mod:Request+1","luka_mod:FlashKill","luka_mod:FireSlash"],"picked":"SKIP","floor":21.0},{"not_picked":["luka_mod:RestrictedStrike","luka_mod:SereneDemonSword"],"picked":"luka_mod:BegIlias+1","floor":22.0},{"not_picked":["luka_mod:FireSlash","luka_mod:UnusedPoison+1","luka_mod:AlicesGuard+1"],"picked":"SKIP","floor":24.0},{"not_picked":["luka_mod:HeroicStrike","luka_mod:VaporizingRebellionSword","luka_mod:Determination+1"],"picked":"SKIP","floor":25.0},{"not_picked":["luka_mod:Request+1","luka_mod:FlashKill"],"picked":"luka_mod:AngryLuka+1","floor":28.0},{"not_picked":["luka_mod:NoDebuffs+1","luka_mod:Request+1"],"picked":"luka_mod:StrikeLuka+1","floor":30.0},{"not_picked":["luka_mod:NinefoldRakshasa","luka_mod:Ilias+1"],"picked":"luka_mod:AlmaElma","floor":33.0},{"not_picked":["luka_mod:WaterSlash+1","luka_mod:WindSlash"],"picked":"luka_mod:Struggle+1","floor":35},{"not_picked":["luka_mod:Request+1","luka_mod:Calm+1"],"picked":"luka_mod:AngryLuka+1","floor":36},{"not_picked":["luka_mod:StrikeLuka","luka_mod:WindSlash"],"picked":"luka_mod:Gnome","floor":37},{"not_picked":["luka_mod:BladeOfStillWater","luka_mod:OiAlice+1"],"picked":"luka_mod:Calm+1","floor":39},{"not_picked":["luka_mod:StrikeLuka+1","luka_mod:DemonDecapitation"],"picked":"luka_mod:Granberia","floor":40},{"not_picked":["luka_mod:FireSlash+1","luka_mod:HeroicStrike+1","luka_mod:IliasesJudgement"],"picked":"SKIP","floor":41},{"not_picked":["luka_mod:WaterSlash+1","luka_mod:Undine+1"],"picked":"luka_mod:NeverSurrender+1","floor":42},{"not_picked":["luka_mod:StrikeLuka","luka_mod:PerfectTiming+1","luka_mod:Sara+1"],"picked":"SKIP","floor":44},{"not_picked":["luka_mod:Undine","luka_mod:Intense+1"],"picked":"luka_mod:Feel+1","floor":45},{"not_picked":["luka_mod:OiAlice+1","luka_mod:Granberia"],"picked":"luka_mod:Calm+1","floor":46},{"not_picked":["luka_mod:Sylph+1","luka_mod:EarthSlash+1"],"picked":"luka_mod:Struggle+1","floor":47},{"not_picked":["luka_mod:LightningSwordFlash+1","luka_mod:Intense+1","luka_mod:WindSlash+1"],"picked":"SKIP","floor":54}],"player_experience":1015687,"relics_obtained":[{"floor":10.0,"key":"StuffTheSpire:PointBlank"},{"floor":13.0,"key":"Dota2Spire:PowerTreads"},{"floor":25.0,"key":"Nunchaku"},{"floor":26.0,"key":"Replay:Rubber Ducky"},{"floor":28.0,"key":"conspire:Boomerang"},{"floor":40,"key":"Turnip"},{"floor":43,"key":"Kunai"},{"floor":47,"key":"StuffTheSpire:ForceGauntlet"},{"floor":54,"key":"trackpad:WritersBlock"}],"event_choices":[{"cards_removed":["luka_mod:Meditation"],"damage_healed":0.0,"max_hp_gain":0.0,"max_hp_loss":0.0,"gold_gain":0.0,"event_name":"Purifier","player_choice":"Purged","floor":31.0,"gold_loss":0.0,"damage_taken":0.0}],"is_beta":false,"boss_relics":[{"not_picked":["halation:HeavySnake","vexMod:MegatonBomb"],"picked":"conspire:RunicOctahedron"},{"not_picked":["energizedSpire:MagnifyingGlass","vexMod:MysteryBossChallenge"],"picked":"Kintsugi"}],"items_purged_floors":[5,20,27,38,48],"is_endless":false,"potions_floor_spawned":[10,14,18,28,30,36,37,39,41,46,47],"ascension_level":10}}