{"host":"qwttrqaysb380yri","time":1609615385,"event":{"mods":["BaseMod","Custom Start","Minty Spire (QoL Compilation)","Permanent Neow","Puzzle Mod","Relic Stats","StSLib","The Hierophant"],"gold_per_floor":[111,129,129,140,160,191,191,220,272,291,291,305,305,317,317,393,393,411,430,63,43,43,71,71,71],"floor_reached":24,"playtime":895,"items_purged":[],"score":399,"play_id":"fcddece0-538f-4b61-801b-525fd17b6ebb","local_time":"20210102202305","is_ascension_mode":true,"campfire_choices":[{"data":"Neutralize","floor":7.0,"key":"SMITH"},{"floor":11.0,"key":"REST"},{"floor":13.0,"key":"REST"},{"data":"Concentrate","floor":15.0,"key":"SMITH"}],"circlet_count":0,"master_deck":["AscendersBane","Strike_G","Strike_G","Strike_G","Strike_G","Strike_G","Defend_G","Defend_G","Defend_G","Defend_G","Defend_G","Survivor","Neutralize+1","Quick Slash","Bane","All Out Attack","Underhanded Strike","All Out Attack","Underhanded Strike","Eviscerate","Concentrate+1","Slice","Blur","Well Laid Plans","Storm of Steel","Leg Sweep","Backflip","Backflip","Blur"],"relics":["Ring of the Snake","Oddly Smooth Stone","Dream Catcher","Ornamental Fan","Bag of Marbles","SacredBark","PreservedInsect","Anchor","Orichalcum"],"acts_visited":["Exordium","TheCity"],"potions_floor_usage":[19,23],"damage_taken":[{"damage":1.0,"enemies":"Small Slimes","floor":1.0,"turns":3.0},{"damage":1.0,"enemies":"Cultist","floor":2.0,"turns":4.0},{"damage":1.0,"enemies":"Jaw Worm","floor":4.0,"turns":4.0},{"damage":0.0,"enemies":"Red Slaver","floor":5.0,"turns":4.0},{"damage":12.0,"enemies":"Gremlin Nob","floor":6.0,"turns":3.0},{"damage":19.0,"enemies":"3 Sentries","floor":8.0,"turns":6.0},{"damage":7.0,"enemies":"Blue Slaver","floor":10.0,"turns":2.0},{"damage":4.0,"enemies":"Lots of Slimes","floor":12.0,"turns":2.0},{"damage":0.0,"enemies":"Large Slime","floor":14.0,"turns":4.0},{"damage":31.0,"enemies":"The Guardian","floor":16.0,"turns":15.0},{"damage":24.0,"enemies":"Spheric Guardian","floor":18.0,"turns":5.0},{"damage":20,"enemies":"Shell Parasite","floor":19,"turns":3},{"damage":22,"enemies":"Gremlin Leader","floor":23,"turns":7},{"damage":30,"enemies":"Snake Plant","floor":24,"turns":7}],"seed_played":"857655844872637114","potions_obtained":[{"floor":1.0,"key":"AttackPotion"},{"floor":3.0,"key":"ColorlessPotion"},{"floor":8.0,"key":"LiquidMemories"},{"floor":10.0,"key":"FairyPotion"},{"floor":16.0,"key":"Strength Potion"}],"is_trial":false,"path_per_floor":["M","M","?","M","M","E","R","E","T","M","R","M","R","M","R","B",null,"M","M","$","?","$","E","M"],"character_chosen":"THE_SILENT","items_purchased":["PreservedInsect","Anchor","Backflip","SkillPotion"],"campfire_rested":2,"item_purchase_floors":[20,20,20,20],"current_hp_per_floor":[58,57,57,56,56,44,44,25,25,18,37,33,52,52,52,21,55,31,11,11,11,11,33,3,3],"gold":71,"neow_bonus":"RANDOM_COMMON_RELIC","is_daily":false,"chose_seed":false,"campfire_upgraded":2,"win_rate":0.0,"timestamp":1609615385,"path_taken":["M","M","?","M","?","E","R","E","T","M","R","M","R","M","R","BOSS","M","M","$","?","?","E","M"],"items_purchased_type":["Relic","Relic","Card","Potion"],"build_version":"2020-12-22","purchased_purges":0,"victory":false,"max_hp_per_floor":[66,66,66,66,66,66,66,66,66,66,66,66,66,66,66,66,66,66,66,66,66,66,66,66,66],"relic_stats":{"Dream Catcher":2,"counters":[14,69],"Ornamental Fan":[92],"PreservedInsect":48,"Orichalcum":[6],"obtain_stats":[{"Dream Catcher":6,"Anchor":20,"Ornamental Fan":8,"SacredBark":17,"Oddly Smooth Stone":0,"PreservedInsect":20,"Bag of Marbles":9,"Orichalcum":23,"Ring of the Snake":0},{"Dream Catcher":5,"Anchor":12,"Ornamental Fan":6,"SacredBark":10,"Oddly Smooth Stone":0,"PreservedInsect":12,"Bag of Marbles":6,"Orichalcum":13,"Ring of the Snake":0},{"Dream Catcher":18,"Anchor":55,"Ornamental Fan":24,"SacredBark":47,"Oddly Smooth Stone":0,"PreservedInsect":55,"Bag of Marbles":24,"Orichalcum":62,"Ring of the Snake":0}],"Ring of the Snake":[28]},"card_choices":[{"not_picked":["Concentrate","Riddle With Holes"],"picked":"Quick Slash","floor":1.0},{"not_picked":["Dodge and Roll","Deflect"],"picked":"Bane","floor":2.0},{"not_picked":["Setup","Quick Slash"],"picked":"All Out Attack","floor":4.0},{"not_picked":["Bane","PiercingWail"],"picked":"Underhanded Strike","floor":5.0},{"not_picked":["Poisoned Stab","Distraction"],"picked":"All Out Attack","floor":6.0},{"not_picked":["Backflip","Backstab"],"picked":"Underhanded Strike","floor":8.0},{"not_picked":["Poisoned Stab","Prepared"],"picked":"Eviscerate","floor":10.0},{"not_picked":["Deflect","Deadly Poison"],"picked":"Concentrate","floor":11.0},{"not_picked":["Catalyst","All Out Attack"],"picked":"Slice","floor":12.0},{"not_picked":["Underhanded Strike","Die Die Die"],"picked":"Blur","floor":13.0},{"not_picked":["Underhanded Strike","Poisoned Stab"],"picked":"Well Laid Plans","floor":14.0},{"not_picked":["Bullet Time","Corpse Explosion"],"picked":"Storm of Steel","floor":16.0},{"not_picked":["PiercingWail+1","Slice"],"picked":"Leg Sweep","floor":18.0},{"not_picked":["Leg Sweep","Blade Dance+1"],"picked":"Backflip","floor":19},{"not_picked":["A Thousand Cuts","Poisoned Stab"],"picked":"Blur","floor":23}],"player_experience":1977555,"relics_obtained":[{"floor":6.0,"key":"Dream Catcher"},{"floor":8.0,"key":"Ornamental Fan"},{"floor":9.0,"key":"Bag of Marbles"},{"floor":23,"key":"Orichalcum"}],"event_choices":[{"damage_healed":0.0,"max_hp_gain":0.0,"max_hp_loss":0.0,"gold_gain":0.0,"event_name":"Lab","player_choice":"Got Potions","floor":3.0,"gold_loss":0.0,"damage_taken":0.0},{"damage_healed":0,"gold_gain":0,"player_choice":"Bought 1 Potion","damage_taken":0,"max_hp_gain":0,"max_hp_loss":0,"event_name":"The Woman in Blue","floor":21,"gold_loss":0}],"is_beta":false,"boss_relics":[{"not_picked":["Ring of the Serpent","Fusion Hammer"],"picked":"SacredBark"}],"items_purged_floors":[],"is_endless":false,"potions_floor_spawned":[1,5,8,10,16,18],"killed_by":"Snake Plant","ascension_level":15}}