{"host":"tchp4ssh6eu1bj0c","time":1609594684,"event":{"mods":["AchievementEnabler","BaseMod","KOR Keyword Fix","Minty Spire (QoL Compilation)","SuperFastMode"],"gold_per_floor":[119,132,148,148,167,167,199,199,199,199,219,233,233,233,233,306,306,306,306],"floor_reached":18,"playtime":463,"items_purged":[],"score":275,"play_id":"6b28daad-18e0-4bac-91bc-9f4a9d7bf17d","local_time":"20210102223804","is_ascension_mode":true,"campfire_choices":[{"data":"Body Slam","floor":6,"key":"SMITH"},{"data":"Impervious","floor":8,"key":"SMITH"},{"data":"Uppercut","floor":10,"key":"SMITH"},{"floor":15,"key":"REST"}],"circlet_count":0,"master_deck":["AscendersBane","Strike_R","Strike_R+1","Strike_R","Strike_R","Strike_R","Defend_R","Defend_R+1","Defend_R","Defend_R","Uppercut+1","Body Slam+1","Cleave","Impervious+1","Perfected Strike+1","Wild Strike","Barricade"],"relics":["Burning Blood","Darkstone Periapt","White Beast Statue","Empty Cage"],"acts_visited":["Exordium","TheCity"],"potions_floor_usage":[12],"damage_taken":[{"damage":4,"enemies":"Small Slimes","floor":1,"turns":4},{"damage":8,"enemies":"Cultist","floor":2,"turns":4},{"damage":9,"enemies":"2 Louse","floor":3,"turns":3},{"damage":1,"enemies":"2 Fungi Beasts","floor":5,"turns":3},{"damage":28,"enemies":"Gremlin Nob","floor":7,"turns":4},{"damage":12,"enemies":"Looter","floor":11,"turns":3},{"damage":11,"enemies":"Exordium Wildlife","floor":12,"turns":4},{"damage":47,"enemies":"The Guardian","floor":16,"turns":13},{"damage":12,"enemies":"Chosen","floor":18,"turns":3}],"seed_played":"-7789854810104644613","potions_obtained":[{"floor":1,"key":"Explosive Potion"},{"floor":2,"key":"Block Potion"},{"floor":12,"key":"Explosive Potion"}],"is_trial":false,"path_per_floor":["M","M","M","?","M","R","E","R","T","R","M","M","?","?","R","B",null,"M"],"character_chosen":"IRONCLAD","items_purchased":[],"campfire_rested":1,"item_purchase_floors":[],"current_hp_per_floor":[77,75,72,72,77,77,55,55,55,55,49,44,44,28,52,11,64,52,52],"gold":306,"neow_bonus":"TEN_PERCENT_HP_BONUS","is_daily":false,"chose_seed":false,"campfire_upgraded":3,"win_rate":0.0,"timestamp":1609594684,"path_taken":["M","M","M","?","M","R","E","R","T","R","M","?","?","?","R","BOSS","M"],"items_purchased_type":[],"build_version":"2020-12-22","purchased_purges":0,"victory":false,"max_hp_per_floor":[82,82,82,82,82,82,82,82,82,82,82,82,82,82,82,82,82,82,82],"card_choices":[{"not_picked":["Shrug It Off","Sword Boomerang"],"picked":"Uppercut","floor":1},{"not_picked":["Sentinel","True Grit"],"picked":"Thunderclap","floor":2},{"not_picked":["Seeing Red","Heavy Blade"],"picked":"Body Slam","floor":3},{"not_picked":["Dual Wield","True Grit"],"picked":"Cleave","floor":5},{"not_picked":["Metallicize","Fire Breathing"],"picked":"Impervious","floor":7},{"not_picked":["Pommel Strike","Shockwave"],"picked":"Perfected Strike","floor":11},{"not_picked":["Clash","Entrench"],"picked":"Wild Strike","floor":12},{"not_picked":["Corruption","Bludgeon"],"picked":"Barricade","floor":16}],"player_experience":440322,"relics_obtained":[{"floor":7,"key":"Darkstone Periapt"},{"floor":9,"key":"White Beast Statue"}],"event_choices":[{"damage_healed":0,"gold_gain":0,"player_choice":"0 cards matched","damage_taken":0,"max_hp_gain":0,"max_hp_loss":0,"event_name":"Match and Keep!","floor":4,"gold_loss":0,"cards_obtained":[]},{"damage_healed":0,"gold_gain":0,"player_choice":"Grow","damage_taken":0,"max_hp_gain":0,"max_hp_loss":0,"event_name":"Living Wall","floor":13,"gold_loss":0,"cards_upgraded":["Perfected Strike"]},{"damage_healed":0,"gold_gain":0,"player_choice":"Entered Light","damage_taken":16,"max_hp_gain":0,"max_hp_loss":0,"event_name":"Shining Light","floor":14,"gold_loss":0,"cards_upgraded":["Strike_R","Defend_R"]}],"is_beta":false,"boss_relics":[{"not_picked":["Mark of Pain","Velvet Choker"],"picked":"Empty Cage"}],"items_purged_floors":[],"is_endless":false,"potions_floor_spawned":[1,2,11,12,16],"killed_by":"Chosen","ascension_level":14}}