{"host":"37dk0reb6x0du8wx","time":1609596412,"event":{"mods":["BaseMod","Colored Map","DeckTracker","Minty Spire (QoL Compilation)","Quick Restart","StSLib","The Dragon Tamer"],"gold_per_floor":[113,113,113,113,124,156,4,4,31,31,72,72,247,263,263,263,263],"floor_reached":16,"playtime":395,"items_purged":[],"score":138,"play_id":"302a44a6-f855-42fd-8bd2-25a9a4b8b2a8","local_time":"20210102230652","is_ascension_mode":true,"campfire_choices":[{"floor":10,"key":"REST"},{"floor":12,"key":"REST"},{"data":"Footwork","floor":15,"key":"SMITH"}],"circlet_count":0,"master_deck":["Strike_G+1","Strike_G","Strike_G","Strike_G","Defend_G","Defend_G","Defend_G","Defend_G+1","Defend_G","Survivor","Neutralize","Accuracy","Doubt","Footwork+1"],"relics":["Ring of the Snake","NeowsBlessing","Mummified Hand","HandDrill","Golden Idol","Blood Vial","Dream Catcher"],"acts_visited":["Exordium"],"potions_floor_usage":[11,11,16],"damage_taken":[{"damage":0,"enemies":"2 Louse","floor":1,"turns":1},{"damage":0,"enemies":"Cultist","floor":5,"turns":1},{"damage":0,"enemies":"Lagavulin","floor":6,"turns":1},{"damage":14,"enemies":"Gremlin Nob","floor":11,"turns":4},{"damage":2,"enemies":"Small Slimes","floor":14,"turns":6},{"damage":64,"enemies":"The Guardian","floor":16,"turns":20}],"seed_played":"3581628735322498711","potions_obtained":[{"floor":1,"key":"BlessingOfTheForge"},{"floor":5,"key":"Strength Potion"},{"floor":14,"key":"BlessingOfTheForge"}],"is_trial":false,"path_per_floor":["M","?","?","?","M","E","$","?","T","R","E","R","?","M","R","B"],"character_chosen":"THE_SILENT","items_purchased":["HandDrill"],"campfire_rested":2,"item_purchase_floors":[7],"current_hp_per_floor":[70,63,49,49,49,49,49,32,32,53,41,62,62,62,62,0,0],"gold":263,"neow_bonus":"THREE_ENEMY_KILL","is_daily":false,"chose_seed":false,"campfire_upgraded":1,"win_rate":0.0,"timestamp":1609596412,"path_taken":["M","?","?","?","?","E","$","?","T","R","E","R","?","M","R","BOSS"],"items_purchased_type":["Relic"],"build_version":"2020-12-22","purchased_purges":0,"victory":false,"max_hp_per_floor":[70,70,70,70,70,70,70,70,70,70,70,70,70,70,70,70,70],"card_choices":[{"not_picked":["Escape Plan","Caltrops","Setup"],"picked":"SKIP","floor":1},{"not_picked":["Finisher","Underhanded Strike","Bane"],"picked":"SKIP","floor":5},{"not_picked":["Escape Plan","Poisoned Stab"],"picked":"Accuracy","floor":6},{"not_picked":["Quick Slash","Dash","Bullet Time"],"picked":"SKIP","floor":11},{"not_picked":["Sucker Punch","Dagger Throw"],"picked":"Footwork","floor":14}],"player_experience":122942,"relics_obtained":[{"floor":6,"key":"Mummified Hand"},{"floor":9,"key":"Blood Vial"},{"floor":11,"key":"Dream Catcher"}],"event_choices":[{"cards_removed":["Strike_G"],"damage_healed":0,"gold_gain":0,"player_choice":"Card Removal","damage_taken":7,"max_hp_gain":0,"max_hp_loss":0,"event_name":"Golden Wing","floor":2,"gold_loss":0},{"damage_healed":0,"gold_gain":0,"player_choice":"Entered Light","damage_taken":14,"max_hp_gain":0,"max_hp_loss":0,"event_name":"Shining Light","floor":3,"gold_loss":0,"cards_upgraded":["Strike_G","Defend_G"]},{"damage_healed":0,"gold_gain":0,"player_choice":"0 cards matched","damage_taken":0,"max_hp_gain":0,"max_hp_loss":0,"event_name":"Match and Keep!","floor":4,"gold_loss":0,"cards_obtained":[]},{"damage_healed":0,"gold_gain":0,"player_choice":"Take Damage","damage_taken":17,"relics_obtained":["Golden Idol"],"max_hp_gain":0,"max_hp_loss":0,"event_name":"Golden Idol","floor":8,"gold_loss":0},{"damage_healed":0,"gold_gain":175,"player_choice":"AGREE","damage_taken":0,"max_hp_gain":0,"max_hp_loss":0,"event_name":"Liars Game","floor":13,"gold_loss":0,"cards_obtained":["Doubt"]}],"is_beta":false,"boss_relics":[],"items_purged_floors":[],"is_endless":false,"potions_floor_spawned":[1,5,14],"killed_by":"The Guardian","ascension_level":1}}