{"host":"6azrrw3tf7wb0f4b","time":1609606201,"event":{"mods":["BaseMod","DeckTracker","Minty Spire (QoL Compilation)","SuperFastMode"],"gold_per_floor":[113,288,288,58,133,133,144,164,237,237,237,251,5,5,5,100,100,113,53,73,101,118,118,149,149,175,175,175,209,109,129,129,226,226,240,286,59,71,71,101,101,132,132,166,166,189,189,203,203,203,203],"floor_reached":50,"playtime":2408,"items_purged":["Doubt","Writhe"],"score":958,"play_id":"a48a9821-2d9b-4f45-a72e-65d496e3687d","local_time":"20210103015001","is_ascension_mode":true,"campfire_choices":[{"data":"Neutralize","floor":6,"key":"SMITH"},{"data":"Prepared","floor":10,"key":"SMITH"},{"data":"Grand Finale","floor":15,"key":"SMITH"},{"floor":23,"key":"REST"},{"data":"Footwork","floor":25,"key":"SMITH"},{"data":"Escape Plan","floor":32,"key":"SMITH"},{"floor":41,"key":"REST"},{"data":"Tactician","floor":47,"key":"SMITH"},{"data":"Calculated Gamble","floor":49,"key":"SMITH"}],"circlet_count":0,"master_deck":["AscendersBane","Strike_G+1","Strike_G","Defend_G","Defend_G+1","Defend_G","Defend_G","Survivor","Neutralize+1","Grand Finale+1","Dagger Throw+1","Prepared+1","Reflex","Grand Finale","Backflip+1","Corpse Explosion+1","Leg Sweep+1","Underhanded Strike+1","Escape Plan+1","Footwork+1","Blur","Prepared+1","Calculated Gamble+1","Tactician+1","Acrobatics+1"],"relics":["Ring of the Snake","Darkstone Periapt","Lee\u0027s Waffle","StrikeDummy","Paper Crane","Calipers","Astrolabe","Red Mask","Orichalcum","Anchor","Bronze Scales","Whetstone","Sozu","Dead Branch","ClockworkSouvenir","Shuriken","Happy Flower","Bag of Marbles","Blood Vial"],"acts_visited":["Exordium","TheCity","TheBeyond"],"potions_floor_usage":[16,21,24],"damage_taken":[{"damage":1,"enemies":"Small Slimes","floor":1,"turns":5},{"damage":5,"enemies":"Jaw Worm","floor":7,"turns":5},{"damage":0,"enemies":"2 Louse","floor":8,"turns":4},{"damage":1,"enemies":"2 Fungi Beasts","floor":12,"turns":3},{"damage":9,"enemies":"The Guardian","floor":16,"turns":14},{"damage":8,"enemies":"Shell Parasite","floor":18,"turns":7},{"damage":17,"enemies":"2 Thieves","floor":20,"turns":2},{"damage":4,"enemies":"Masked Bandits","floor":21,"turns":2},{"damage":9,"enemies":"Shelled Parasite and Fungi","floor":22,"turns":7},{"damage":6,"enemies":"Slavers","floor":24,"turns":3},{"damage":19,"enemies":"Gremlin Leader","floor":29,"turns":5},{"damage":0,"enemies":"Snake Plant","floor":31,"turns":2},{"damage":5,"enemies":"Automaton","floor":33,"turns":6},{"damage":0,"enemies":"3 Shapes","floor":35,"turns":4},{"damage":14,"enemies":"2 Orb Walkers","floor":36,"turns":4},{"damage":0,"enemies":"3 Darklings","floor":38,"turns":3},{"damage":28,"enemies":"Reptomancer","floor":40,"turns":5},{"damage":0,"enemies":"Nemesis","floor":42,"turns":9},{"damage":0,"enemies":"Reptomancer","floor":44,"turns":12},{"damage":0,"enemies":"Jaw Worm Horde","floor":48,"turns":3},{"damage":62,"enemies":"Time Eater","floor":50,"turns":16}],"seed_played":"-8993547382175814991","potions_obtained":[{"floor":7,"key":"Dexterity Potion"},{"floor":12,"key":"Block Potion"},{"floor":16,"key":"Swift Potion"},{"floor":29,"key":"SmokeBomb"}],"is_trial":false,"path_per_floor":["M","?","?","$","?","R","M","M","T","R","?","M","$","?","R","B",null,"M","?","M","?","M","R","E","R","T","?","?","E","$","M","R","B",null,"M","?","$","M","$","E","R","E","T","E","?","T","R","M","R","B"],"character_chosen":"THE_SILENT","items_purchased":["Lee\u0027s Waffle","Paper Crane","Blur","ClockworkSouvenir"],"campfire_rested":2,"item_purchase_floors":[4,13,37,37],"current_hp_per_floor":[44,44,37,77,66,66,61,61,61,61,46,45,45,45,45,36,67,59,59,42,38,29,52,46,46,46,71,77,58,58,58,58,53,76,76,62,62,62,62,34,58,58,58,58,58,58,58,60,60,0,0],"gold":203,"neow_bonus":"THREE_RARE_CARDS","is_daily":false,"chose_seed":false,"campfire_upgraded":7,"win_rate":0.0,"timestamp":1609606201,"path_taken":["M","?","?","?","?","R","M","M","T","R","?","?","?","?","R","BOSS","M","?","?","?","M","R","E","R","T","?","?","E","$","M","R","BOSS","M","?","$","M","$","E","R","E","T","E","?","?","R","?","R","BOSS"],"items_purchased_type":["Relic","Relic","Card","Relic"],"build_version":"2020-12-22","purchased_purges":2,"victory":false,"max_hp_per_floor":[70,70,70,77,77,77,77,77,77,77,77,77,77,77,77,77,77,77,77,77,77,77,77,77,77,77,77,83,83,83,83,83,83,83,83,83,83,83,83,83,83,83,83,83,79,79,79,79,79,79,79],"card_choices":[{"not_picked":["Glass Knife","Corpse Explosion"],"picked":"Grand Finale","floor":0},{"not_picked":["Poisoned Stab","Accuracy"],"picked":"Dagger Throw","floor":1},{"not_picked":["Tactician","Well Laid Plans"],"picked":"Prepared","floor":7},{"not_picked":["Leg Sweep","Skewer"],"picked":"Reflex","floor":8},{"not_picked":["Finisher","Eviscerate","Reflex"],"picked":"SKIP","floor":12},{"not_picked":["Night Terror","Glass Knife"],"picked":"Grand Finale","floor":16},{"not_picked":["Dodge and Roll","Quick Slash","Cloak And Dagger"],"picked":"SKIP","floor":18},{"not_picked":["Heel Hook","Crippling Poison","Bane"],"picked":"SKIP","floor":20},{"not_picked":["Dodge and Roll","Corpse Explosion"],"picked":"Underhanded Strike","floor":21},{"not_picked":["Cloak And Dagger","Flying Knee"],"picked":"Escape Plan","floor":22},{"not_picked":["Choke","Quick Slash"],"picked":"Footwork","floor":24},{"not_picked":["Riddle With Holes+1","Quick Slash","Backflip"],"picked":"SKIP","floor":29},{"not_picked":["Sucker Punch","Deflect","Dodge and Roll"],"picked":"SKIP","floor":31},{"not_picked":["Dagger Throw+1","Blade Dance+1","Catalyst"],"picked":"SKIP","floor":35},{"not_picked":["Dagger Throw","Backflip+1"],"picked":"Prepared+1","floor":38},{"not_picked":["Flying Knee+1","Bouncing Flask+1","Cloak And Dagger"],"picked":"SKIP","floor":40},{"not_picked":["Slice","Masterful Stab+1"],"picked":"Calculated Gamble","floor":42},{"not_picked":["Calculated Gamble+1","Setup+1"],"picked":"Tactician","floor":44},{"not_picked":["Catalyst","Cloak And Dagger+1"],"picked":"Acrobatics+1","floor":48}],"player_experience":661873,"relics_obtained":[{"floor":9,"key":"StrikeDummy"},{"floor":21,"key":"Red Mask"},{"floor":24,"key":"Orichalcum"},{"floor":26,"key":"Anchor"},{"floor":29,"key":"Whetstone"},{"floor":36,"key":"Dead Branch"},{"floor":40,"key":"Shuriken"},{"floor":42,"key":"Happy Flower"},{"floor":43,"key":"Bag of Marbles"},{"floor":44,"key":"Blood Vial"}],"event_choices":[{"damage_healed":0,"gold_gain":175,"player_choice":"AGREE","damage_taken":0,"max_hp_gain":0,"max_hp_loss":0,"event_name":"Liars Game","floor":2,"gold_loss":0,"cards_obtained":["Doubt"]},{"damage_healed":0,"gold_gain":0,"player_choice":"Success","damage_taken":7,"relics_obtained":["Darkstone Periapt"],"max_hp_gain":0,"max_hp_loss":0,"event_name":"Scrap Ooze","floor":3,"gold_loss":0},{"damage_healed":0,"gold_gain":75,"player_choice":"Gather Gold","damage_taken":11,"max_hp_gain":0,"max_hp_loss":0,"event_name":"World of Goop","floor":5,"gold_loss":0},{"damage_healed":0,"gold_gain":0,"player_choice":"Entered Light","damage_taken":15,"max_hp_gain":0,"max_hp_loss":0,"event_name":"Shining Light","floor":11,"gold_loss":0,"cards_upgraded":["Defend_G","Dagger Throw"]},{"damage_healed":0,"gold_gain":0,"player_choice":"Searched \u00272\u0027 times","damage_taken":0,"relics_obtained":["Calipers"],"max_hp_gain":0,"max_hp_loss":0,"event_name":"Dead Adventurer","floor":14,"gold_loss":0},{"cards_removed":["Strike_G"],"damage_healed":0,"gold_gain":0,"player_choice":"Single Remove","damage_taken":0,"max_hp_gain":0,"max_hp_loss":0,"event_name":"Designer","floor":19,"gold_loss":60},{"damage_healed":0,"gold_gain":0,"player_choice":"Fought Bandits","damage_taken":0,"max_hp_gain":0,"max_hp_loss":0,"event_name":"Masked Bandits","floor":21,"gold_loss":0},{"damage_healed":25,"gold_gain":0,"player_choice":"Heal","damage_taken":0,"max_hp_gain":0,"max_hp_loss":0,"event_name":"The Library","floor":27,"gold_loss":0},{"damage_healed":0,"gold_gain":0,"player_choice":"Opened","damage_taken":0,"relics_obtained":["Bronze Scales"],"max_hp_gain":0,"max_hp_loss":0,"event_name":"The Mausoleum","floor":28,"gold_loss":0,"cards_obtained":["Writhe"]},{"damage_healed":0,"gold_gain":0,"player_choice":"Fight","damage_taken":0,"max_hp_gain":0,"max_hp_loss":0,"event_name":"Mysterious Sphere","floor":36,"gold_loss":0},{"damage_healed":0,"gold_gain":0,"player_choice":"Max HP","damage_taken":0,"max_hp_gain":0,"max_hp_loss":4,"event_name":"Winding Halls","floor":45,"gold_loss":0}],"is_beta":false,"boss_relics":[{"not_picked":["Runic Pyramid","SlaversCollar"],"picked":"Astrolabe"},{"not_picked":["Coffee Dripper","Philosopher\u0027s Stone"],"picked":"Sozu"}],"items_purged_floors":[4,30],"is_endless":false,"potions_floor_spawned":[7,12,16,18,20,29,35,38,44],"killed_by":"Time Eater","ascension_level":11}}