{"host":"7qf1todfnxspvw7w","time":1609623497,"event":{"mods":["AchievementEnabler","BaseMod","Block Reminder","Colored Powertips","Disable Question Mark Monsters","Displayed Cursed Tome","Googly Eyes","Minty Spire (QoL Compilation)","Relic Stats","Reorder Act Four","SacredBarkPlus","Shop Mod","StSLib","Uncapped"],"gold_per_floor":[111,129,129,27,43,43,58,70,70,87,87,87,127,151,151,275,275,291,291,291,216,232,232,253,253,253,277,308,308,343,114,114,238,238,252,252,252,252,252],"floor_reached":38,"playtime":1652,"items_purged":["Evaluate"],"score":455,"play_id":"a3116468-1be1-4499-ac8d-b08b372af9cc","local_time":"20210103003817","is_ascension_mode":true,"campfire_choices":[{"data":"Eruption","floor":6,"key":"SMITH"},{"floor":15,"key":"REST"},{"data":"Scrawl","floor":23,"key":"SMITH"},{"data":"SashWhip","floor":25,"key":"SMITH"},{"floor":29,"key":"REST"},{"floor":32,"key":"REST"}],"circlet_count":0,"master_deck":["Strike_P+1","Strike_P+1","Defend_P+1","Defend_P+1","Defend_P+1","Defend_P+1","Eruption+1","Vigilance","Crescendo","DeceiveReality","SandsOfTime","SashWhip+1","EmptyBody","DevaForm","Scrawl+1","EmptyFist+1","Writhe","LikeWater","SandsOfTime+1","Vengeance+1"],"relics":["PureWater","Ornamental Fan","Golden Idol","Bag of Preparation","Philosopher\u0027s Stone","Du-Vu Doll","Frozen Egg 2","Boot","Akabeko","PrismaticShard","Cursed Key"],"acts_visited":["Exordium","TheCity","TheBeyond"],"potions_floor_usage":[13,30,30,33,38,38],"damage_taken":[{"damage":1,"enemies":"2 Louse","floor":1,"turns":2},{"damage":5,"enemies":"Small Slimes","floor":2,"turns":3},{"damage":0,"enemies":"Jaw Worm","floor":5,"turns":5},{"damage":12,"enemies":"Exordium Wildlife","floor":7,"turns":5},{"damage":7,"enemies":"Large Slime","floor":8,"turns":4},{"damage":0,"enemies":"Red Slaver","floor":10,"turns":4},{"damage":12,"enemies":"Lagavulin","floor":13,"turns":5},{"damage":6,"enemies":"Looter","floor":14,"turns":4},{"damage":28,"enemies":"Hexaghost","floor":16,"turns":12},{"damage":8,"enemies":"Shell Parasite","floor":18,"turns":6},{"damage":1,"enemies":"Spheric Guardian","floor":22,"turns":4},{"damage":6,"enemies":"Snecko","floor":24,"turns":4},{"damage":6,"enemies":"Centurion and Healer","floor":27,"turns":5},{"damage":14,"enemies":"Book of Stabbing","floor":28,"turns":6},{"damage":35,"enemies":"Gremlin Leader","floor":30,"turns":5},{"damage":17,"enemies":"Collector","floor":33,"turns":10},{"damage":1,"enemies":"Orb Walker","floor":35,"turns":5},{"damage":75,"enemies":"Time Eater","floor":38,"turns":15}],"seed_played":"5008141465284270646","potions_obtained":[{"floor":5,"key":"Fire Potion"},{"floor":7,"key":"Ancient Potion"},{"floor":8,"key":"Explosive Potion"},{"floor":18,"key":"Block Potion"},{"floor":24,"key":"DistilledChaos"},{"floor":33,"key":"Block Potion"},{"floor":35,"key":"Dexterity Potion"}],"is_trial":false,"path_per_floor":["M","M","?","$","M","R","M","M","T","M","?","?","E","M","R","B",null,"M","?","?","?","M","R","M","R","T","M","E","R","E","$","R","B",null,"M","?","?","B"],"character_chosen":"WATCHER","items_purchased":["SandsOfTime","SashWhip","PrismaticShard"],"campfire_rested":3,"item_purchase_floors":[4,4,31],"current_hp_per_floor":[71,66,59,59,59,59,47,40,40,40,64,64,52,46,66,38,67,59,59,59,59,58,58,52,52,52,46,32,52,17,17,37,20,67,66,66,66,0,0],"gold":252,"neow_bonus":"REMOVE_CARD","is_daily":false,"chose_seed":false,"campfire_upgraded":3,"win_rate":0.0,"timestamp":1609623497,"path_taken":["M","M","?","$","M","R","M","M","T","M","?","?","E","M","R","BOSS","M","?","?","?","M","R","M","R","T","M","E","R","E","$","R","BOSS","M","?","?","BOSS"],"items_purchased_type":["Card","Card","Relic"],"build_version":"2020-12-22","purchased_purges":1,"victory":false,"max_hp_per_floor":[72,72,72,72,72,72,72,72,72,72,72,67,67,67,67,67,67,67,67,67,67,67,67,67,67,67,67,67,67,67,67,67,67,67,67,67,67,67,67],"relic_stats":{"counters":[18,104],"Ornamental Fan":[88],"Golden Idol":94,"Bag of Preparation":[22],"Boot":[2],"Cursed Key":0,"obtain_stats":[{"Du-Vu Doll":19,"Ornamental Fan":9,"Golden Idol":12,"Philosopher\u0027s Stone":17,"Bag of Preparation":13,"PureWater":0,"Frozen Egg 2":26,"Boot":28,"PrismaticShard":31,"Cursed Key":34,"Akabeko":30},{"Du-Vu Doll":10,"Ornamental Fan":5,"Golden Idol":6,"Philosopher\u0027s Stone":9,"Bag of Preparation":7,"PureWater":0,"Frozen Egg 2":12,"Boot":14,"PrismaticShard":15,"Cursed Key":16,"Akabeko":15},{"Du-Vu Doll":50,"Ornamental Fan":19,"Golden Idol":23,"Philosopher\u0027s Stone":44,"Bag of Preparation":28,"PureWater":0,"Frozen Egg 2":58,"Boot":69,"PrismaticShard":74,"Cursed Key":84,"Akabeko":74}]},"card_choices":[{"not_picked":["ClearTheMind","ForeignInfluence"],"picked":"Crescendo","floor":1},{"not_picked":["FlurryOfBlows","CrushJoints"],"picked":"DeceiveReality","floor":2},{"not_picked":["EmptyBody","ForeignInfluence"],"picked":"Evaluate","floor":5},{"not_picked":["Tantrum","TalkToTheHand"],"picked":"FlyingSleeves","floor":7},{"not_picked":["Weave","SpiritShield"],"picked":"EmptyBody","floor":8},{"not_picked":["CrushJoints","Vengeance"],"picked":"Consecrate","floor":10},{"not_picked":["Swivel","Vengeance"],"picked":"DevaForm","floor":13},{"not_picked":["ThirdEye","JustLucky","CutThroughFate"],"picked":"SKIP","floor":14},{"not_picked":["Blasphemy","Establishment"],"picked":"Scrawl","floor":16},{"not_picked":["MentalFortress","ThirdEye"],"picked":"EmptyFist+1","floor":18},{"not_picked":["Weave+1","Halt+1"],"picked":"LikeWater","floor":22},{"not_picked":["WheelKick","InnerPeace"],"picked":"SandsOfTime+1","floor":24},{"not_picked":["Consecrate","CutThroughFate","FollowUp"],"picked":"SKIP","floor":27},{"not_picked":["SpiritShield","SashWhip+1"],"picked":"Vengeance+1","floor":28},{"not_picked":["Indignation","EmptyFist","CrushJoints+1"],"picked":"SKIP","floor":30},{"not_picked":["Anger","Steam+1","Warcry+1"],"picked":"SKIP","floor":35}],"player_experience":470965,"relics_obtained":[{"floor":9,"key":"Ornamental Fan"},{"floor":13,"key":"Bag of Preparation"},{"floor":26,"key":"Frozen Egg 2"},{"floor":28,"key":"Boot"},{"floor":30,"key":"Akabeko"}],"event_choices":[{"cards_removed":["Strike_P"],"damage_healed":0,"gold_gain":0,"player_choice":"Card Removal","damage_taken":7,"max_hp_gain":0,"max_hp_loss":0,"event_name":"Golden Wing","floor":3,"gold_loss":0},{"damage_healed":24,"gold_gain":0,"player_choice":"Banana","damage_taken":0,"max_hp_gain":0,"max_hp_loss":0,"event_name":"Big Fish","floor":11,"gold_loss":0},{"damage_healed":0,"gold_gain":0,"player_choice":"Lose Max HP","damage_taken":0,"relics_obtained":["Golden Idol"],"max_hp_gain":0,"max_hp_loss":5,"event_name":"Golden Idol","floor":12,"gold_loss":0},{"damage_healed":0,"gold_gain":0,"player_choice":"Opened","damage_taken":0,"relics_obtained":["Du-Vu Doll"],"max_hp_gain":0,"max_hp_loss":0,"event_name":"The Mausoleum","floor":19,"gold_loss":0,"cards_obtained":["Writhe"]},{"damage_healed":0,"gold_gain":0,"player_choice":"Simplicity","damage_taken":0,"max_hp_gain":0,"max_hp_loss":0,"event_name":"Back to Basics","floor":20,"gold_loss":0,"cards_upgraded":["Strike_P","Strike_P","Defend_P","Defend_P","Defend_P","Defend_P"]},{"cards_removed":["Consecrate"],"damage_healed":0,"gold_gain":0,"player_choice":"Gave Gold","damage_taken":0,"max_hp_gain":0,"max_hp_loss":0,"event_name":"Beggar","floor":21,"gold_loss":75},{"cards_removed":["FlyingSleeves"],"damage_healed":0,"gold_gain":0,"player_choice":"Removed Attack","damage_taken":0,"max_hp_gain":0,"max_hp_loss":0,"event_name":"Falling","floor":36,"gold_loss":0},{"damage_healed":0,"gold_gain":0,"player_choice":"Took Portal","damage_taken":0,"max_hp_gain":0,"max_hp_loss":0,"event_name":"SecretPortal","floor":37,"gold_loss":0}],"is_beta":false,"boss_relics":[{"not_picked":["VioletLotus","Runic Pyramid"],"picked":"Philosopher\u0027s Stone"},{"not_picked":["Velvet Choker","Pandora\u0027s Box"],"picked":"Cursed Key"}],"items_purged_floors":[31],"is_endless":false,"potions_floor_spawned":[5,7,8,18,24,33,35],"killed_by":"Time Eater","ascension_level":2}}