{"host":"e8rlfedn69rz2s07","time":1609626275,"event":{"mods":["Act Like it!","BaseMod","Conspire","Hubris","Infinite Spire","Minty Spire (QoL Compilation)","Permanent Neow","Relic Stats","Replay The Spire","Shop Mod","StSLib","The Jungle"],"gold_per_floor":[111,127,137,155,170,170,201,201,253,264,279,290,290,320,320,320,320],"floor_reached":16,"playtime":893,"items_purged":[],"score":232,"play_id":"78f2d42d-8ed8-4eb4-b534-c00eb50bc9cf","local_time":"20210103002435","is_ascension_mode":true,"campfire_choices":[{"data":"Fission","floor":6.0,"key":"SMITH"},{"floor":8.0,"key":"REST"},{"data":"BasicCrystalCard","floor":15.0,"key":"SMITH"}],"circlet_count":0,"master_deck":["AscendersBane","Strike_B","Strike_B","Strike_B","Strike_B","Defend_B","Defend_B","Defend_B","Defend_B","Zap","Dualcast","Chill","Cold Snap","Fission+1","White Noise","BasicCrystalCard+1","ReplayGash","Leap","Beam Cell","ReplayGash","Panic Button"],"relics":["Cracked Core","Centennial Puzzle","Pet Ghost","infinitespire:Bottled Soul"],"acts_visited":["Exordium"],"potions_floor_usage":[16],"damage_taken":[{"damage":0.0,"enemies":"infinitespire:Voidling","floor":1.0,"turns":4.0},{"damage":0.0,"enemies":"Cultist","floor":2.0,"turns":4.0},{"damage":0.0,"enemies":"conspire:RoseBush","floor":3.0,"turns":3.0},{"damage":4.0,"enemies":"3 Louse","floor":4.0,"turns":4.0},{"damage":6.0,"enemies":"2 Fungi Beasts","floor":5.0,"turns":4.0},{"damage":36.0,"enemies":"Gremlin Nob","floor":7.0,"turns":4.0},{"damage":4.0,"enemies":"Exordium Wildlife","floor":10.0,"turns":2.0},{"damage":2.0,"enemies":"Blue Slaver","floor":11.0,"turns":3.0},{"damage":2.0,"enemies":"Large Slime","floor":12.0,"turns":7.0},{"damage":4.0,"enemies":"Replay:BlueRogue","floor":14.0,"turns":8.0},{"damage":31,"enemies":"Hexaghost","floor":16,"turns":9}],"seed_played":"1725307620641482520","potions_obtained":[{"floor":0.0,"key":"SteroidPotion"},{"floor":0.0,"key":"EntropicBrew"},{"floor":7.0,"key":"ColorlessPotion"},{"floor":10.0,"key":"Adrenaline Potion"},{"floor":11.0,"key":"Block Potion"}],"is_trial":false,"path_per_floor":["M","M","M","M","M","R","E","R","T","M","M","M","?","E","R","B"],"character_chosen":"DEFECT","items_purchased":[],"campfire_rested":1,"item_purchase_floors":[],"current_hp_per_floor":[64,64,64,60,54,54,18,39,39,35,33,31,31,27,27,0,0],"gold":320,"neow_bonus":"THREE_SMALL_POTIONS","is_daily":false,"chose_seed":false,"campfire_upgraded":2,"win_rate":0.0,"timestamp":1609626275,"path_taken":["M","M","?","M","M","R","E","R","T","M","M","?","?","E","R","BOSS"],"items_purchased_type":[],"build_version":"2020-12-22","purchased_purges":0,"victory":false,"max_hp_per_floor":[71,71,71,71,71,71,71,71,71,71,71,71,71,71,71,71,71],"relic_stats":{"Centennial Puzzle":[15],"counters":[11,52],"obtain_stats":[{"Centennial Puzzle":7,"infinitespire:Bottled Soul":14,"Cracked Core":0,"Pet Ghost":9},{"Centennial Puzzle":6,"infinitespire:Bottled Soul":10,"Cracked Core":0,"Pet Ghost":6},{"Centennial Puzzle":23,"infinitespire:Bottled Soul":43,"Cracked Core":0,"Pet Ghost":23}]},"card_choices":[{"not_picked":["Barrage","Leap"],"picked":"Chill","floor":1.0},{"not_picked":["BasicCrystalCard","Leap"],"picked":"Cold Snap","floor":2.0},{"not_picked":["Melter","Panic Button"],"picked":"Fission","floor":3.0},{"not_picked":["Barrage","Heatsinks"],"picked":"White Noise","floor":4.0},{"not_picked":["Beam Cell","Coolheaded"],"picked":"BasicCrystalCard","floor":5.0},{"not_picked":["Rebound","Recycle","Stack"],"picked":"SKIP","floor":7.0},{"not_picked":["Gash","Beam Cell"],"picked":"ReplayGash","floor":10.0},{"not_picked":["Stack","Auto Shields"],"picked":"Leap","floor":11.0},{"not_picked":["Compile Driver","Reinforced Body"],"picked":"Beam Cell","floor":12.0},{"not_picked":["Redo","Steam"],"picked":"Panic Button","floor":14.0}],"player_experience":939037,"relics_obtained":[{"floor":7.0,"key":"Centennial Puzzle"},{"floor":9.0,"key":"Pet Ghost"},{"floor":14.0,"key":"infinitespire:Bottled Soul"}],"event_choices":[],"is_beta":false,"boss_relics":[],"items_purged_floors":[],"is_endless":false,"potions_floor_spawned":[2,7,10,11],"killed_by":"Hexaghost","ascension_level":20}}