{"host":"mytek2nu1hrzdnew","time":1609607709,"event":{"mods":["Aspiration","BaseMod","Conspire","Evolution","GifTheSpireLib","Gold Saver","Hubris","Minty Spire (QoL Compilation)","Replay The Spire","StSLib","Stuff the Spire","Uncapped"],"gold_per_floor":[839,859,859,859,512,547,547,547,570,593,94,121,158,170,170,266,266,279,295,312,362,375,375,375],"floor_reached":23,"playtime":1126,"items_purged":["Leap","Atom Bomb"],"score":278,"play_id":"e4ee7aaa-a912-432c-99e1-bc8cee50386b","local_time":"20210102121509","is_ascension_mode":false,"campfire_choices":[{"data":"Blade Dance","floor":8,"key":"SMITH"},{"floor":15,"key":"REST"}],"circlet_count":0,"master_deck":["Poisoned Stab","Poisoned Stab","Poisoned Stab","Poisoned Stab","Poisoned Stab","Dodge and Roll","Dodge and Roll","Defend_G","Defend_G","Defend_G","Beam Cell","Blade Dance+1","Neutralize","StuffTheSpire:DoubleShiv","ReplayTheSpireMod:Brewmster","Cloak And Dagger","Adrenaline","Metallicize+1","Deflect","Armaments"],"relics":["Ring of the Snake","EVO:Axolotl","hubris:Icosahedron","Nunchaku","hubris:ToyBattleship","MawBank","Toolbox","Question Card","aspiration:IroncladSkillbook"],"acts_visited":["Exordium","TheCity"],"potions_floor_usage":[6,12,12,12,12,12,12,12,14,14,16,16,16,16,16,18,19,19,20,20,20,20,22,22,22,23,23],"damage_taken":[{"damage":0,"enemies":"Small Slimes","floor":1,"turns":2},{"damage":4,"enemies":"2 Louse","floor":2,"turns":2},{"damage":8,"enemies":"Gremlin Nob","floor":6,"turns":3},{"damage":10,"enemies":"Cultist","floor":10,"turns":2},{"damage":13,"enemies":"3 Sentries","floor":12,"turns":7},{"damage":0,"enemies":"Red Slaver","floor":13,"turns":1},{"damage":25,"enemies":"Lots of Slimes","floor":14,"turns":4},{"damage":0,"enemies":"Slime Boss","floor":16,"turns":4},{"damage":12,"enemies":"Shell Parasite","floor":18,"turns":4},{"damage":4,"enemies":"2 Thieves","floor":19,"turns":4},{"damage":6,"enemies":"Centurion and Healer","floor":20,"turns":6},{"damage":28,"enemies":"Shelled Parasite and Fungi","floor":22,"turns":5},{"damage":44,"enemies":"Slavers","floor":23,"turns":4}],"seed_played":"2219915578418923162","potions_obtained":[{"floor":10,"key":"Block Potion"},{"floor":13,"key":"Reflective Coating"},{"floor":18,"key":"ColorlessPotion"},{"floor":20,"key":"Ancient Potion"}],"is_trial":false,"path_per_floor":["M","M","?","?","$","E","?","R","T","M","$","E","M","M","R","B",null,"M","M","M","?","M","E"],"character_chosen":"THE_SILENT","items_purchased":["Nunchaku","Blade Dance","DistilledChaos","ReplayTheSpireMod:Brewmster","Toolbox","CunningPotion"],"campfire_rested":1,"item_purchase_floors":[5,5,5,11,11,11],"current_hp_per_floor":[77,73,73,73,73,65,65,65,65,55,55,42,42,17,40,40,77,69,69,67,67,43,0,0],"gold":375,"neow_bonus":"TEN_PERCENT_HP_BONUS","is_daily":false,"chose_seed":false,"campfire_upgraded":1,"win_rate":0.0,"timestamp":1609607709,"path_taken":["M","M","?","?","$","E","?","R","T","M","$","E","M","?","R","BOSS","M","M","M","?","M","E"],"items_purchased_type":["Relic","Card","Potion","Card","Relic","Potion"],"build_version":"2020-12-22","purchased_purges":2,"victory":false,"max_hp_per_floor":[77,77,77,77,77,77,77,77,77,77,77,77,77,77,77,77,77,77,77,77,77,77,77,77],"card_choices":[{"not_picked":["StuffTheSpire:Python","All Out Attack","Terror"],"picked":"SKIP","floor":1},{"not_picked":["Finisher","Poisoned Stab","Flying Knee"],"picked":"SKIP","floor":2},{"not_picked":["Grand Finale","Riddle With Holes","Poisoned Stab"],"picked":"SKIP","floor":6},{"not_picked":["Poisoned Stab","hubris:SlightOfHand"],"picked":"StuffTheSpire:DoubleShiv","floor":10},{"not_picked":["StuffTheSpire:BumpUp","Setup","StuffTheSpire:Injection"],"picked":"SKIP","floor":12},{"not_picked":["hubris:TrickCloak","StuffTheSpire:Incantation","Deadly Poison"],"picked":"Cloak And Dagger","floor":13},{"not_picked":["Deadly Poison","PiercingWail","Crippling Poison","Terror"],"picked":"SKIP","floor":14},{"not_picked":["Grand Finale","Die Die Die","Wraith Form v2"],"picked":"Adrenaline","floor":16},{"not_picked":["Flying Knee","Dual Wield","Entrench+1","Abandon"],"picked":"Metallicize+1","floor":18},{"not_picked":["Sword Boomerang","Outmaneuver+1","Predator","Wild Strike+1"],"picked":"Deflect","floor":19},{"not_picked":["Iron Wave","Sever Soul","Quick Slash","Disarm"],"picked":"Armaments","floor":20},{"not_picked":["Dagger Throw","Underhanded Strike","Prepared","Twin Strike","Eviscerate"],"picked":"SKIP","floor":22}],"player_experience":987099,"relics_obtained":[{"floor":6,"key":"hubris:ToyBattleship"},{"floor":9,"key":"MawBank"},{"floor":12,"key":"Question Card"}],"event_choices":[{"damage_healed":0,"gold_gain":0,"player_choice":"2 cards matched","damage_taken":0,"max_hp_gain":0,"max_hp_loss":0,"event_name":"Match and Keep!","floor":7,"gold_loss":0,"cards_obtained":["Neutralize","Atom Bomb"]},{"damage_healed":0,"gold_gain":100,"player_choice":"Bet on Murderer","damage_taken":0,"max_hp_gain":0,"max_hp_loss":0,"event_name":"The Joust","floor":21,"gold_loss":50}],"is_beta":false,"boss_relics":[{"not_picked":["conspire:SeveredTorchhead","Sozu"],"picked":"aspiration:IroncladSkillbook"}],"items_purged_floors":[5,11],"is_endless":false,"potions_floor_spawned":[10,12,13,18,20],"killed_by":"Slavers","ascension_level":0}}