{"host":"zr590xw2unlz0wv7","time":1609608234,"event":{"mods":["BaseMod","Minty Spire (QoL Compilation)","READ ME - Guardian Mod","StSLib"],"gold_per_floor":[118,118,138,63,83,83,111,126,150,150,186,186,206,37,37,156,156,177,177,192,192],"floor_reached":20,"playtime":1301,"items_purged":["Strike_B","Strike_B"],"score":218,"play_id":"f8ac4590-714b-4906-883e-1d46cb533894","local_time":"20210103012354","is_ascension_mode":true,"campfire_choices":[{"data":"Chaos","floor":6,"key":"SMITH"},{"data":"Dualcast","floor":12,"key":"SMITH"},{"floor":15,"key":"REST"}],"circlet_count":0,"master_deck":["Strike_B","Strike_B","Defend_B","Defend_B","Defend_B","Defend_B","Zap","Dualcast+1","Chaos+1","Consume","Injury","Conserve Battery","Genetic Algorithm","Buffer","Rebound","Heatsinks"],"relics":["Cracked Core","NeowsBlessing","Tiny Chest","Golden Idol","Odd Mushroom","Cursed Key"],"acts_visited":["Exordium","TheCity"],"potions_floor_usage":[7,7,11,16,16],"damage_taken":[{"damage":0,"enemies":"Cultist","floor":1,"turns":1},{"damage":0,"enemies":"Jaw Worm","floor":3,"turns":1},{"damage":0,"enemies":"Small Slimes","floor":5,"turns":1},{"damage":24,"enemies":"Lagavulin","floor":7,"turns":6},{"damage":2,"enemies":"3 Louse","floor":8,"turns":4},{"damage":15,"enemies":"The Mushroom Lair","floor":11,"turns":4},{"damage":15,"enemies":"Exordium Thugs","floor":13,"turns":4},{"damage":19,"enemies":"The Guardian","floor":16,"turns":12},{"damage":37,"enemies":"3 Byrds","floor":18,"turns":6},{"damage":16,"enemies":"Chosen","floor":20,"turns":6}],"seed_played":"-8541802944421982183","potions_obtained":[{"floor":1,"key":"EntropicBrew"},{"floor":11,"key":"SkillPotion"},{"floor":16,"key":"SteroidPotion"},{"floor":18,"key":"Dexterity Potion"}],"is_trial":false,"path_per_floor":["M","?","M","$","M","R","E","M","T","?","?","R","M","$","R","B",null,"M","?","M"],"character_chosen":"DEFECT","items_purchased":["Genetic Algorithm"],"campfire_rested":1,"item_purchase_floors":[14],"current_hp_per_floor":[75,75,75,75,75,75,51,49,49,49,34,34,19,19,41,22,62,25,25,9,9],"gold":192,"neow_bonus":"THREE_ENEMY_KILL","is_daily":false,"chose_seed":false,"campfire_upgraded":2,"win_rate":0.0,"timestamp":1609608234,"path_taken":["M","?","?","?","M","R","E","M","T","?","?","R","M","$","R","BOSS","M","?","M"],"items_purchased_type":["Card"],"build_version":"2020-12-22","purchased_purges":2,"victory":false,"max_hp_per_floor":[75,75,75,75,75,75,75,75,75,75,75,75,75,75,75,75,75,75,75,75,75],"card_choices":[{"not_picked":["Aggregate","Double Energy","Beam Cell"],"picked":"SKIP","floor":1},{"not_picked":["Go for the Eyes","Coolheaded","Chill"],"picked":"SKIP","floor":3},{"not_picked":["BootSequence","Compile Driver"],"picked":"Chaos","floor":5},{"not_picked":["Compile Driver","Hologram"],"picked":"Consume","floor":7},{"not_picked":["Compile Driver","Sweeping Beam","Gash"],"picked":"SKIP","floor":8},{"not_picked":["Melter","Coolheaded"],"picked":"Conserve Battery","floor":13},{"not_picked":["Seek","Thunder Strike"],"picked":"Buffer","floor":16},{"not_picked":["Stack","Streamline+1","Coolheaded"],"picked":"SKIP","floor":18},{"not_picked":["Barrage","Static Discharge"],"picked":"Heatsinks","floor":20}],"player_experience":532049,"relics_obtained":[{"floor":7,"key":"Tiny Chest"},{"floor":11,"key":"Odd Mushroom"}],"event_choices":[{"damage_healed":0,"gold_gain":0,"player_choice":"Bought 0 Potions","damage_taken":0,"max_hp_gain":0,"max_hp_loss":0,"event_name":"The Woman in Blue","floor":2,"gold_loss":0},{"damage_healed":0,"gold_gain":0,"player_choice":"Take Wound","damage_taken":0,"relics_obtained":["Golden Idol"],"max_hp_gain":0,"max_hp_loss":0,"event_name":"Golden Idol","floor":10,"gold_loss":0,"cards_obtained":["Injury"]},{"damage_healed":0,"gold_gain":0,"player_choice":"Fought Mushrooms","damage_taken":0,"max_hp_gain":0,"max_hp_loss":0,"event_name":"Mushrooms","floor":11,"gold_loss":0},{"damage_healed":0,"gold_gain":0,"player_choice":"1 cards matched","damage_taken":0,"max_hp_gain":0,"max_hp_loss":0,"event_name":"Match and Keep!","floor":19,"gold_loss":0,"cards_obtained":["Rebound"]}],"is_beta":false,"boss_relics":[{"not_picked":["Pandora\u0027s Box","Coffee Dripper"],"picked":"Cursed Key"}],"items_purged_floors":[4,14],"is_endless":false,"potions_floor_spawned":[1,11,16,18],"killed_by":"Chosen","ascension_level":5}}