{"host":"3vgzk5mhz751jdrj","time":1609547800,"event":{"mods":["2.2 Compatiblity","AchievementEnabler","Act Like it!","Aspiration","BaseMod","Better Match","Better Note","Better Sensory Stone","Better Skull","Better Third Choice","Block Reminder","Colored Map","Conspire","Displayed Cursed Tome","Downfall","Downfall-Rebalance","Friendly Minions","GifTheSpireLib","Halation","Hubris","Marked Mod","Mimic Mod","Minty Spire (QoL Compilation)","Quick Restart","Rare Cards Sparkle","Replay The Spire","Reworked Bosses","Shop Mod","Spicy Shops","Spikes Relics","StSLib","Stuff the Spire","The Marked","Trackpad","vexMod"],"gold_per_floor":[109,129,140,140,158,158,178,178,216,234,252,252,30,65,65,165,165,185,185,204,114,42,74,74,88,88,88,88,88],"floor_reached":28,"playtime":1283,"items_purged":[],"score":240,"play_id":"bb7a029d-6c26-47ec-8dc8-d6d6b62ee170","local_time":"20210101193640","is_ascension_mode":false,"campfire_choices":[{"data":"theMarked:SoldierOfQuellstein","floor":6,"key":"SMITH"},{"data":"theMarked:Electrocute","floor":8,"key":"SMITH"},{"floor":15,"key":"RECALL"},{"floor":24,"key":"REST"}],"circlet_count":0,"master_deck":["theMarked:Strike","theMarked:Strike","theMarked:Strike","theMarked:Defend","theMarked:Defend","theMarked:Defend","theMarked:SoldierOfQuellstein+1","theMarked:SwordAndMagic","theMarked:Electrocute+1","theMarked:Parry+1","theMarked:ElectricStrings","theMarked:BindingBlade","theMarked:ElementalBlade","theMarked:Indomitable","theMarked:MysticalArsenal","theMarked:EmpowerWeapon","theMarked:RogueSparks"],"relics":["theMarked:ArtifactOfAir","Replay:Wax Seal","Ring of Searing","Lee\u0027s Waffle","halation:LostSnail","Meat on the Bone","SlaversCollar","hubris:Reverence","halation:PinkSoulGem"],"acts_visited":["Exordium","TheCity"],"potions_floor_usage":[14,14,23,28],"damage_taken":[{"damage":1,"enemies":"Cultist","floor":1,"turns":3},{"damage":5,"enemies":"Small Slimes","floor":2,"turns":4},{"damage":0,"enemies":"2 Louse","floor":3,"turns":2},{"damage":3,"enemies":"Exordium Wildlife","floor":5,"turns":4},{"damage":7,"enemies":"Gremlin Gang","floor":7,"turns":3},{"damage":2,"enemies":"Large Slime","floor":9,"turns":7},{"damage":0,"enemies":"Large Slime","floor":10,"turns":4},{"damage":14,"enemies":"Exordium Thugs","floor":11,"turns":5},{"damage":6,"enemies":"Gremlin Nob","floor":14,"turns":2},{"damage":35,"enemies":"Hexaghost","floor":16,"turns":12},{"damage":31,"enemies":"3 Byrds","floor":18,"turns":5},{"damage":10,"enemies":"Chosen","floor":20,"turns":3},{"damage":44,"enemies":"Slavers","floor":23,"turns":5},{"damage":12,"enemies":"3 Cultists","floor":25,"turns":4},{"damage":42,"enemies":"Snake Plant","floor":28,"turns":2}],"seed_played":"5377401479167999621","potions_obtained":[{"floor":7,"key":"champ:CounterPotion"},{"floor":10,"key":"Strength Potion"},{"floor":16,"key":"Swift Potion"},{"floor":25,"key":"SteroidPotion"}],"is_trial":false,"path_per_floor":["M","M","M","?","M","R","M","R","MIM","M","M","?","$","E","R","B",null,"M","?","M","?","$","E","R","M","T","?","M"],"character_chosen":"THE_DEFAULT","items_purchased":["Lee\u0027s Waffle","halation:LostSnail","theMarked:MysticalArsenal"],"campfire_rested":1,"item_purchase_floors":[13,13,22],"current_hp_per_floor":[48,43,43,43,40,40,33,33,31,31,17,17,77,71,71,48,77,46,46,48,48,48,16,39,39,39,39,0,0],"gold":88,"neow_bonus":"REMOVE_TWO","is_daily":false,"chose_seed":false,"campfire_upgraded":2,"win_rate":0.0,"timestamp":1609547800,"path_taken":["M","?","M","?","M","R","?","R","MIM","M","M","?","$","E","R","BOSS","M","?","?","?","?","E","R","M","T","?","M"],"items_purchased_type":["Relic","Relic","Card"],"build_version":"2020-12-22","purchased_purges":0,"victory":false,"max_hp_per_floor":[70,70,70,70,70,70,70,70,70,70,70,70,77,77,77,77,77,77,77,77,77,77,77,77,77,77,77,77,77],"card_choices":[{"not_picked":["theMarked:HeightenedSenses","theMarked:RepellingDischarge","theMarked:SelfDefenseTraining"],"picked":"SKIP","floor":1},{"not_picked":["theMarked:Frustration","theMarked:WardOff"],"picked":"theMarked:SwordAndMagic","floor":2},{"not_picked":["theMarked:TakeCover","theMarked:ResourceFulStrike"],"picked":"theMarked:Electrocute","floor":3},{"not_picked":["theMarked:AttractMetal","theMarked:RepellingDischarge"],"picked":"theMarked:Parry","floor":5},{"not_picked":["theMarked:Static","theMarked:WardOff","theMarked:WastefulDefense"],"picked":"SKIP","floor":7},{"not_picked":["theMarked:Frustration","theMarked:Vacuum","theMarked:HeightenedSenses"],"picked":"SKIP","floor":10},{"not_picked":["theMarked:Static","theMarked:WastefulDefense"],"picked":"theMarked:ElectricStrings","floor":11},{"not_picked":["theMarked:ChainLightning","theMarked:Improvise","theMarked:KeepCalmAndFightOn"],"picked":"SKIP","floor":14},{"not_picked":["theMarked:Defy","theMarked:MagicAdept"],"picked":"theMarked:BindingBlade","floor":16},{"not_picked":["theMarked:ChainLightning","theMarked:Parry"],"picked":"theMarked:ElementalBlade","floor":18},{"not_picked":["theMarked:Electrify","theMarked:Parkour"],"picked":"theMarked:Indomitable","floor":20},{"not_picked":["theMarked:EnhanceMovement+1","theMarked:Overthink"],"picked":"theMarked:EmpowerWeapon","floor":23},{"not_picked":["theMarked:Standoff","theMarked:ShockingTouch"],"picked":"theMarked:RogueSparks","floor":25}],"player_experience":416049,"relics_obtained":[{"floor":9,"key":"Replay:Wax Seal"},{"floor":12,"key":"Ring of Searing"},{"floor":14,"key":"Meat on the Bone"},{"floor":23,"key":"hubris:Reverence"}],"event_choices":[{"cards_removed":["theMarked:Defend"],"damage_healed":0,"gold_gain":0,"player_choice":"Offered Basic","damage_taken":0,"max_hp_gain":0,"max_hp_loss":0,"event_name":"Bonfire Elementals","floor":4,"gold_loss":0},{"damage_healed":0,"gold_gain":0,"player_choice":"Ignored","damage_taken":0,"max_hp_gain":0,"max_hp_loss":0,"event_name":"betterNote:BetterNote","floor":19,"gold_loss":0,"cards_obtained":["theMarked:BindingBlade"]},{"cards_removed":["Hallucinations"],"damage_healed":0,"gold_gain":0,"player_choice":"Upgrade and Remove","damage_taken":0,"max_hp_gain":0,"max_hp_loss":0,"event_name":"Designer","floor":21,"gold_loss":90,"cards_upgraded":["theMarked:Parry"]}],"is_beta":false,"boss_relics":[{"not_picked":["Runic Dome","Philosopher\u0027s Stone"],"picked":"SlaversCollar"}],"items_purged_floors":[],"is_endless":false,"potions_floor_spawned":[7,10,16,25],"killed_by":"Snake Plant","ascension_level":0}}