{"host":"0ydzwspkajt4brzd","time":1609562847,"event":{"mods":["AchievementEnabler","BaseMod","Colored Map","DeckTracker","Googly Eyes","Highlight Path","Minty Spire (QoL Compilation)","Quick Restart","Random Character Button","Rare Cards Sparkle"],"gold_per_floor":[113,113,288,288,288,288,322,341,341,352,352,380,392,414,426,536,548,548],"floor_reached":17,"playtime":10186,"items_purged":[],"score":291,"play_id":"b41f83fb-f550-4c7e-be48-648021f86625","local_time":"20210101204727","is_ascension_mode":true,"campfire_choices":[{"data":"Bash","floor":6,"key":"SMITH"},{"data":"Rampage","floor":11,"key":"SMITH"},{"data":"Immolate","floor":13,"key":"SMITH"},{"data":"True Grit","floor":15,"key":"SMITH"}],"circlet_count":0,"master_deck":["AscendersBane","Bash+1","Battle Trance","Regret","Headbutt","Immolate+1","Rampage+1","Inflame","True Grit+1","Reaper","Berserk","Iron Wave","Infernal Blade","Dropkick","Evolve","Demon Form","Headbutt","Uppercut","Warcry"],"relics":["Burning Blood","NeowsBlessing","Blue Candle","Toy Ornithopter","Bottled Lightning","Gremlin Horn","MawBank","Pandora\u0027s Box"],"acts_visited":["Exordium","TheCity"],"potions_floor_usage":[12,16],"damage_taken":[{"damage":0,"enemies":"Small Slimes","floor":1,"turns":1},{"damage":0,"enemies":"Gremlin Nob","floor":7,"turns":1},{"damage":0,"enemies":"2 Louse","floor":8,"turns":1},{"damage":11,"enemies":"Jaw Worm","floor":10,"turns":5},{"damage":34,"enemies":"Lagavulin","floor":12,"turns":7},{"damage":14,"enemies":"Red Slaver","floor":14,"turns":4},{"damage":19,"enemies":"Slime Boss","floor":16,"turns":5}],"seed_played":"4375749229358621504","potions_obtained":[{"floor":8,"key":"FearPotion"},{"floor":10,"key":"Regen Potion"},{"floor":16,"key":"SteroidPotion"}],"is_trial":false,"path_per_floor":["M","?","?","?","?","R","E","M","T","M","R","E","R","M","R","B",null],"character_chosen":"IRONCLAD","items_purchased":[],"campfire_rested":0,"item_purchase_floors":[],"current_hp_per_floor":[78,66,66,66,66,66,72,78,78,73,73,50,50,42,42,48,72,72],"gold":548,"neow_bonus":"THREE_ENEMY_KILL","is_daily":false,"chose_seed":false,"campfire_upgraded":4,"win_rate":0.0,"timestamp":1609562847,"path_taken":["M","?","?","?","?","R","E","?","T","M","R","E","R","M","R","BOSS"],"items_purchased_type":[],"build_version":"2020-12-22","purchased_purges":0,"victory":false,"max_hp_per_floor":[80,80,80,80,80,80,80,80,80,80,80,80,80,80,80,80,80,80],"card_choices":[{"not_picked":["Wild Strike","Havoc"],"picked":"Battle Trance","floor":1},{"not_picked":["Dual Wield","Pommel Strike"],"picked":"Headbutt","floor":7},{"not_picked":["Armaments","Shockwave"],"picked":"Immolate","floor":8},{"not_picked":["Cleave","Rage"],"picked":"Rampage","floor":10},{"not_picked":["Disarm","Metallicize"],"picked":"Inflame","floor":12},{"not_picked":["Armaments","Havoc"],"picked":"True Grit","floor":14},{"not_picked":["Juggernaut","Berserk"],"picked":"Reaper","floor":16}],"player_experience":420202,"relics_obtained":[{"floor":7,"key":"Bottled Lightning"},{"floor":9,"key":"Gremlin Horn"},{"floor":12,"key":"MawBank"}],"event_choices":[{"damage_healed":0,"gold_gain":0,"player_choice":"Success","damage_taken":12,"relics_obtained":["Blue Candle"],"max_hp_gain":0,"max_hp_loss":0,"event_name":"Scrap Ooze","floor":2,"gold_loss":0},{"damage_healed":0,"gold_gain":175,"player_choice":"AGREE","damage_taken":0,"max_hp_gain":0,"max_hp_loss":0,"event_name":"Liars Game","floor":3,"gold_loss":0,"cards_obtained":["Doubt"]},{"damage_healed":0,"gold_gain":0,"player_choice":"Box","damage_taken":0,"relics_obtained":["Toy Ornithopter"],"max_hp_gain":0,"max_hp_loss":0,"event_name":"Big Fish","floor":4,"gold_loss":0,"cards_obtained":["Regret"]},{"cards_removed":["Doubt"],"damage_healed":0,"gold_gain":0,"player_choice":"Forget","damage_taken":0,"max_hp_gain":0,"max_hp_loss":0,"event_name":"Living Wall","floor":5,"gold_loss":0}],"is_beta":false,"boss_relics":[{"not_picked":["Velvet Choker","Astrolabe"],"picked":"Pandora\u0027s Box"}],"items_purged_floors":[],"is_endless":false,"potions_floor_spawned":[8,10,16],"ascension_level":11}}