{"host":"novohdx135h0xyrr","time":1609603747,"event":{"mods":["BaseMod","Colored Map","Colored Powertips","Highlight Path","Minty Spire (QoL Compilation)"],"gold_per_floor":[119,119,194,194,218,218,255,268,293,337,356,390,28,51,51,51,51],"floor_reached":16,"playtime":1199,"items_purged":["Strike_P"],"score":160,"play_id":"78a00b11-dd18-48b6-85fc-4f928000f418","local_time":"20210102080907","is_ascension_mode":true,"campfire_choices":[{"data":"ThirdEye","floor":6,"key":"SMITH"},{"data":"Eruption","floor":15,"key":"SMITH"}],"circlet_count":0,"master_deck":["Strike_P","Strike_P","Strike_P","Defend_P","Defend_P+1","Defend_P+1","Eruption+1","Vigilance","ThirdEye+1","EmptyMind","FearNoEvil","FearNoEvil","EmptyFist","Vengeance"],"relics":["PureWater","NeowsBlessing","CeramicFish","Bottled Lightning","Potion Belt","War Paint","Oddly Smooth Stone","Lizard Tail"],"acts_visited":["Exordium"],"potions_floor_usage":[10,10,16],"damage_taken":[{"damage":0,"enemies":"Small Slimes","floor":1,"turns":1},{"damage":0,"enemies":"2 Louse","floor":5,"turns":1},{"damage":0,"enemies":"Lagavulin","floor":7,"turns":1},{"damage":0,"enemies":"Jaw Worm","floor":8,"turns":5},{"damage":8,"enemies":"3 Sentries","floor":10,"turns":8},{"damage":2,"enemies":"Exordium Wildlife","floor":11,"turns":3},{"damage":19,"enemies":"Gremlin Nob","floor":12,"turns":4},{"damage":2,"enemies":"Looter","floor":14,"turns":2},{"damage":58,"enemies":"The Guardian","floor":16,"turns":9}],"seed_played":"-8675225338948309844","potions_obtained":[{"floor":1,"key":"DistilledChaos"},{"floor":8,"key":"BottledMiracle"},{"floor":12,"key":"SkillPotion"}],"is_trial":false,"path_per_floor":["M","?","?","?","M","R","E","M","T","E","M","E","$","M","R","B"],"character_chosen":"WATCHER","items_purchased":["Lizard Tail"],"campfire_rested":0,"item_purchase_floors":[13],"current_hp_per_floor":[72,54,43,36,36,36,36,36,36,28,26,7,7,5,5,0,0],"gold":51,"neow_bonus":"THREE_ENEMY_KILL","is_daily":false,"chose_seed":false,"campfire_upgraded":2,"win_rate":0.0,"timestamp":1609603747,"path_taken":["M","?","?","?","M","R","E","M","T","E","M","E","?","M","R","BOSS"],"items_purchased_type":["Relic"],"build_version":"2020-12-22","purchased_purges":1,"victory":false,"max_hp_per_floor":[72,72,72,72,72,72,72,72,72,72,72,72,72,72,72,72,72],"card_choices":[{"not_picked":["WheelKick","EmptyFist"],"picked":"ThirdEye","floor":1},{"not_picked":["Crescendo","ClearTheMind"],"picked":"EmptyMind","floor":5},{"not_picked":["Study","FlyingSleeves"],"picked":"FearNoEvil","floor":7},{"not_picked":["Prostrate","JustLucky","FollowUp"],"picked":"SKIP","floor":8},{"not_picked":["TalkToTheHand","ReachHeaven"],"picked":"FearNoEvil","floor":10},{"not_picked":["CrushJoints","MentalFortress"],"picked":"EmptyFist","floor":11},{"not_picked":["FearNoEvil","PathToVictory","Crescendo"],"picked":"SKIP","floor":12},{"not_picked":["Omniscience","Wireheading"],"picked":"Vengeance","floor":14}],"player_experience":178669,"relics_obtained":[{"floor":7,"key":"Bottled Lightning"},{"floor":9,"key":"Potion Belt"},{"floor":10,"key":"War Paint"},{"floor":12,"key":"Oddly Smooth Stone"}],"event_choices":[{"damage_healed":0,"gold_gain":0,"player_choice":"Success","damage_taken":18,"relics_obtained":["CeramicFish"],"max_hp_gain":0,"max_hp_loss":0,"event_name":"Scrap Ooze","floor":2,"gold_loss":0},{"damage_healed":0,"gold_gain":75,"player_choice":"Gather Gold","damage_taken":11,"max_hp_gain":0,"max_hp_loss":0,"event_name":"World of Goop","floor":3,"gold_loss":0},{"cards_removed":["Defend_P"],"damage_healed":0,"gold_gain":0,"player_choice":"Card Removal","damage_taken":7,"max_hp_gain":0,"max_hp_loss":0,"event_name":"Golden Wing","floor":4,"gold_loss":0}],"is_beta":false,"boss_relics":[],"items_purged_floors":[13],"is_endless":false,"potions_floor_spawned":[1,8,12],"killed_by":"The Guardian","ascension_level":2}}