{"host":"j4g6ia6asvpyu2b0","time":1609631995,"event":{"mods":["BaseMod","Colored Map","Minty Spire (QoL Compilation)","Permanent Neow","Quick Restart","Relic Stats","StSLib","Unceasing Turn Reminder"],"gold_per_floor":[116,116,127,27,44,44,72,144,144,181,219,246,290,290,290,398,398,393,431,460,488,488,531,552,588,588,625,550,559,586,614,614,718,727,751,751,487,709,549,549,590,590,638,659,679,707,726,760,760,760,760,760,15,49,49],"floor_reached":56,"playtime":2907,"items_purged":["Decay","Strike_G","Defend_G"],"score":1682,"play_id":"5daf7cd2-8a77-41db-839c-5c2114cec75e","local_time":"20210102165955","is_ascension_mode":true,"campfire_choices":[{"data":"Skewer","floor":6,"key":"SMITH"},{"data":"Infinite Blades","floor":15,"key":"SMITH"},{"floor":32,"key":"RECALL"},{"data":"Strike_G","floor":40,"key":"PURGE"},{"data":"Strike_G+1","floor":42,"key":"PURGE"},{"data":"Defend_G","floor":49,"key":"PURGE"},{"data":"Defend_G","floor":52,"key":"PURGE"}],"circlet_count":0,"master_deck":["Defend_G","Defend_G","Survivor","Neutralize+1","Quick Slash","Quick Slash","Dagger Spray","Terror","Skewer+1","Infinite Blades+1","Footwork","Well Laid Plans","Backflip","Footwork","Malaise","After Image","Adrenaline","Cloak And Dagger","Blade Dance+1","PiercingWail","Acrobatics","Dagger Throw+1","Blade Dance","Cloak And Dagger+1","Leg Sweep+1","Adrenaline","CurseOfTheBell","Predator+1","Blade Dance","Footwork","Tools of the Trade","Blur+1","Blade Dance+1","Predator+1","Endless Agony+1","Noxious Fumes","Noxious Fumes","Secret Technique","Blade Dance+1"],"relics":["Sozu","Dead Branch","CeramicFish","TungstenRod","Bag of Marbles","Odd Mushroom","Dream Catcher","Meat on the Bone","Fusion Hammer","Red Mask","PreservedInsect","Bird Faced Urn","Ancient Tea Set","Calling Bell","Orichalcum","Sundial","Peace Pipe","HandDrill","Whetstone","Bronze Scales","Letter Opener","Chemical X","Ornamental Fan","Ninja Scroll"],"acts_visited":["Exordium","TheCity","TheBeyond","TheEnding"],"potions_floor_usage":[],"damage_taken":[{"damage":0,"enemies":"Cultist","floor":1,"turns":4},{"damage":0,"enemies":"2 Louse","floor":3,"turns":3},{"damage":1,"enemies":"Jaw Worm","floor":5,"turns":2},{"damage":20,"enemies":"Lagavulin","floor":7,"turns":6},{"damage":20,"enemies":"3 Sentries","floor":8,"turns":5},{"damage":15,"enemies":"Gremlin Nob","floor":10,"turns":4},{"damage":0,"enemies":"The Mushroom Lair","floor":11,"turns":2},{"damage":0,"enemies":"3 Louse","floor":12,"turns":4},{"damage":0,"enemies":"Lagavulin","floor":13,"turns":6},{"damage":0,"enemies":"Slime Boss","floor":16,"turns":5},{"damage":17,"enemies":"2 Thieves","floor":18,"turns":4},{"damage":8,"enemies":"Masked Bandits","floor":19,"turns":5},{"damage":0,"enemies":"Spheric Guardian","floor":20,"turns":1},{"damage":4,"enemies":"Snake Plant","floor":21,"turns":5},{"damage":3,"enemies":"Gremlin Leader","floor":23,"turns":6},{"damage":13,"enemies":"Sentry and Sphere","floor":24,"turns":5},{"damage":0,"enemies":"Slavers","floor":25,"turns":1},{"damage":9,"enemies":"Gremlin Leader","floor":27,"turns":6},{"damage":11,"enemies":"Centurion and Healer","floor":30,"turns":3},{"damage":0,"enemies":"3 Cultists","floor":31,"turns":3},{"damage":5,"enemies":"Automaton","floor":33,"turns":8},{"damage":10,"enemies":"3 Darklings","floor":35,"turns":4},{"damage":1,"enemies":"Giant Head","floor":41,"turns":4},{"damage":0,"enemies":"Orb Walker","floor":44,"turns":2},{"damage":10,"enemies":"Maw","floor":45,"turns":7},{"damage":3,"enemies":"Sphere and 2 Shapes","floor":46,"turns":3},{"damage":0,"enemies":"Spire Growth","floor":47,"turns":4},{"damage":3,"enemies":"Nemesis","floor":48,"turns":5},{"damage":18,"enemies":"Awakened One","floor":50,"turns":13},{"damage":0,"enemies":"Shield and Spear","floor":54,"turns":2},{"damage":11,"enemies":"The Heart","floor":55,"turns":8}],"seed_played":"-2872606374974537822","potions_obtained":[],"is_trial":false,"path_per_floor":["M","?","M","$","M","R","E","?","T","E","?","M","E","T","R","B",null,"M","?","M","M","?","E","M","E","T","E","?","?","M","M","R","B",null,"M","?","$","?","$","R","E","R","T","M","M","M","M","E","R","B",null,"R","$","E","B",null],"character_chosen":"THE_SILENT","items_purchased":["Dagger Spray","Terror","Blade Dance","HandDrill","Footwork","Chemical X","Ornamental Fan","Noxious Fumes","Secret Technique"],"campfire_rested":0,"item_purchase_floors":[4,4,37,37,39,53,53,53,53],"current_hp_per_floor":[70,70,70,70,69,69,49,29,29,14,14,14,14,14,14,26,70,53,45,45,41,70,67,54,54,54,55,55,55,56,62,62,68,70,62,62,62,62,62,62,70,70,70,70,70,69,70,70,70,66,70,70,70,70,67],"gold":49,"neow_bonus":"BOSS_RELIC","is_daily":false,"chose_seed":false,"campfire_upgraded":2,"win_rate":0.0,"timestamp":1609631995,"path_taken":["M","?","?","$","M","R","E","?","T","E","?","M","E","?","R","BOSS","M","?","M","M","?","E","?","E","T","E","?","?","M","?","R","BOSS","M","?","$","?","$","R","E","R","T","M","M","M","M","E","R","BOSS","R","$","E","BOSS"],"items_purchased_type":["Card","Card","Card","Relic","Card","Relic","Relic","Card","Card"],"build_version":"2020-12-22","purchased_purges":3,"victory":true,"max_hp_per_floor":[70,70,70,70,70,70,70,70,70,70,70,70,70,70,70,70,70,70,70,70,70,70,70,70,70,70,70,70,70,70,70,70,70,70,70,70,70,70,70,70,70,70,70,70,70,70,70,70,70,70,70,70,70,70,70],"relic_stats":{"counters":[31,140],"Dead Branch":[392],"CeramicFish":279,"PreservedInsect":326,"Whetstone":["Neutralize","Strike_G"],"Letter Opener":[150],"Orichalcum":[6],"Sozu":14,"Peace Pipe":4,"Dream Catcher":0,"Sundial":[2],"Ornamental Fan":[96],"Bird Faced Urn":[88],"Bronze Scales":[215],"HandDrill":[2],"Chemical X":[5],"obtain_stats":[{"CeramicFish":8,"Whetstone":41,"Ancient Tea Set":27,"Sozu":0,"Dream Catcher":13,"Sundial":34,"Ninja Scroll":54,"Fusion Hammer":17,"Red Mask":19,"HandDrill":37,"Chemical X":53,"Ring of the Snake":0,"Dead Branch":7,"PreservedInsect":23,"Letter Opener":48,"Odd Mushroom":11,"Orichalcum":34,"Calling Bell":34,"Peace Pipe":34,"Ornamental Fan":53,"Bird Faced Urn":25,"Bronze Scales":43,"Bag of Marbles":10,"TungstenRod":9,"Meat on the Bone":14},{"CeramicFish":5,"Whetstone":23,"Ancient Tea Set":18,"Sozu":0,"Dream Catcher":9,"Sundial":21,"Ninja Scroll":30,"Fusion Hammer":10,"Red Mask":12,"HandDrill":22,"Chemical X":29,"Ring of the Snake":0,"Dead Branch":4,"PreservedInsect":15,"Letter Opener":28,"Odd Mushroom":7,"Orichalcum":21,"Calling Bell":21,"Peace Pipe":21,"Ornamental Fan":29,"Bird Faced Urn":17,"Bronze Scales":23,"Bag of Marbles":6,"TungstenRod":5,"Meat on the Bone":9},{"CeramicFish":20,"Whetstone":96,"Ancient Tea Set":74,"Sozu":0,"Dream Catcher":36,"Sundial":88,"Ninja Scroll":132,"Fusion Hammer":41,"Red Mask":50,"HandDrill":92,"Chemical X":130,"Ring of the Snake":0,"Dead Branch":15,"PreservedInsect":62,"Letter Opener":117,"Odd Mushroom":26,"Orichalcum":88,"Calling Bell":88,"Peace Pipe":88,"Ornamental Fan":130,"Bird Faced Urn":68,"Bronze Scales":96,"Bag of Marbles":24,"TungstenRod":20,"Meat on the Bone":36}],"TungstenRod":37,"Meat on the Bone":12},"card_choices":[{"not_picked":["PiercingWail","Poisoned Stab"],"picked":"Quick Slash","floor":1},{"not_picked":["Catalyst","Eviscerate"],"picked":"Quick Slash","floor":3},{"not_picked":["Grand Finale","Backflip"],"picked":"Skewer","floor":5},{"not_picked":["Terror","Caltrops"],"picked":"Infinite Blades","floor":7},{"not_picked":["Underhanded Strike","Deflect"],"picked":"Footwork","floor":8},{"not_picked":["Poisoned Stab","Prepared"],"picked":"Well Laid Plans","floor":10},{"not_picked":["Deadly Poison","Poisoned Stab"],"picked":"Backflip","floor":11},{"not_picked":["Flying Knee","Dodge and Roll"],"picked":"Footwork","floor":12},{"not_picked":["Dash","Reflex"],"picked":"Malaise","floor":13},{"not_picked":["Envenom","Storm of Steel"],"picked":"After Image","floor":16},{"not_picked":["Acrobatics","Expertise"],"picked":"Backstab","floor":18},{"not_picked":["Flying Knee","Poisoned Stab"],"picked":"Adrenaline","floor":19},{"not_picked":["Catalyst","Dagger Spray"],"picked":"Cloak And Dagger","floor":20},{"not_picked":["Dagger Throw+1","Bouncing Flask"],"picked":"Blade Dance+1","floor":21},{"not_picked":["Doppelganger","Crippling Poison"],"picked":"PiercingWail","floor":23},{"not_picked":["Accuracy","Underhanded Strike+1"],"picked":"Acrobatics","floor":24},{"not_picked":["Bouncing Flask","Backstab"],"picked":"Dagger Throw+1","floor":25},{"not_picked":["Cloak And Dagger","PiercingWail"],"picked":"Blade Dance","floor":27},{"not_picked":["Escape Plan","Infinite Blades"],"picked":"Cloak And Dagger+1","floor":30},{"not_picked":["Flechettes+1","Masterful Stab"],"picked":"Leg Sweep+1","floor":31},{"not_picked":["Storm of Steel","Doppelganger"],"picked":"Adrenaline","floor":33},{"not_picked":["Sucker Punch+1","Riddle With Holes"],"picked":"Predator+1","floor":35},{"not_picked":["Dagger Throw+1","Deadly Poison"],"picked":"Tools of the Trade","floor":41},{"not_picked":["Poisoned Stab","Setup+1"],"picked":"Blur+1","floor":44},{"not_picked":["Finisher","Footwork"],"picked":"Blade Dance+1","floor":45},{"not_picked":["Blade Dance+1","Prepared+1"],"picked":"Predator+1","floor":46},{"not_picked":["Concentrate+1","Flechettes"],"picked":"Endless Agony+1","floor":47},{"not_picked":["Predator+1","PiercingWail+1"],"picked":"Noxious Fumes","floor":48},{"not_picked":["Outmaneuver+1","Reflex+1"],"picked":"Blade Dance+1","floor":54}],"player_experience":677429,"relics_obtained":[{"floor":7,"key":"Dead Branch"},{"floor":8,"key":"CeramicFish"},{"floor":9,"key":"TungstenRod"},{"floor":10,"key":"Bag of Marbles"},{"floor":11,"key":"Odd Mushroom"},{"floor":13,"key":"Dream Catcher"},{"floor":14,"key":"Meat on the Bone"},{"floor":19,"key":"Red Mask"},{"floor":23,"key":"PreservedInsect"},{"floor":25,"key":"Bird Faced Urn"},{"floor":27,"key":"Ancient Tea Set"},{"floor":34,"key":"Orichalcum"},{"floor":34,"key":"Sundial"},{"floor":34,"key":"Peace Pipe"},{"floor":41,"key":"Whetstone"},{"floor":43,"key":"Bronze Scales"},{"floor":48,"key":"Letter Opener"},{"floor":54,"key":"Ninja Scroll"}],"event_choices":[{"damage_healed":0,"gold_gain":0,"player_choice":"Bought 0 Potions","damage_taken":0,"max_hp_gain":0,"max_hp_loss":0,"event_name":"The Woman in Blue","floor":2,"gold_loss":0},{"damage_healed":0,"gold_gain":0,"player_choice":"Searched \u00271\u0027 times","damage_taken":0,"max_hp_gain":0,"max_hp_loss":0,"event_name":"Dead Adventurer","floor":8,"gold_loss":0},{"damage_healed":0,"gold_gain":0,"player_choice":"Fought Mushrooms","damage_taken":0,"max_hp_gain":0,"max_hp_loss":0,"event_name":"Mushrooms","floor":11,"gold_loss":0},{"damage_healed":0,"gold_gain":0,"player_choice":"Fought Bandits","damage_taken":0,"max_hp_gain":0,"max_hp_loss":0,"event_name":"Masked Bandits","floor":19,"gold_loss":0},{"cards_removed":["Backstab"],"damage_healed":29,"gold_gain":0,"player_choice":"Offered Uncommon","damage_taken":0,"max_hp_gain":0,"max_hp_loss":0,"event_name":"Bonfire Elementals","floor":22,"gold_loss":0},{"cards_removed":["Strike_G"],"damage_healed":0,"gold_gain":0,"player_choice":"Gave Gold","damage_taken":0,"max_hp_gain":0,"max_hp_loss":0,"event_name":"Beggar","floor":28,"gold_loss":75},{"damage_healed":0,"gold_gain":0,"player_choice":"Cursed","damage_taken":0,"max_hp_gain":0,"max_hp_loss":0,"event_name":"Wheel of Change","floor":29,"gold_loss":0,"cards_obtained":["Decay"]},{"cards_removed":["Strike_G"],"damage_healed":0,"gold_gain":0,"player_choice":"Removed Attack","damage_taken":0,"max_hp_gain":0,"max_hp_loss":0,"event_name":"Falling","floor":36,"gold_loss":0},{"damage_healed":0,"gold_gain":222,"player_choice":"Wore Mask","damage_taken":0,"max_hp_gain":0,"max_hp_loss":0,"event_name":"Tomb of Lord Red Mask","floor":38,"gold_loss":0}],"is_beta":false,"boss_relics":[{"not_picked":["Velvet Choker","Snecko Eye"],"picked":"Fusion Hammer"},{"not_picked":["Runic Dome","SlaversCollar"],"picked":"Calling Bell"}],"items_purged_floors":[37,39,53],"is_endless":false,"potions_floor_spawned":[5,10,12,13,16,19,20,27,30,33,41,45,48,54],"ascension_level":4}}