{"host":"640uue19m79c7wbt","time":1609570015,"event":{"mods":["BaseMod","Colored Map","Googly Eyes","Highlight Path","Minty Spire (QoL Compilation)","Quick Restart","StSLib"],"gold_per_floor":[118,33,33,46,59,91,105,116,143,169,169,169,169,201,201,303,303,321,291,309,1,1,1,34,49,49,59,59,71,102,119,119,216,516,535,535,552,563,580,580,580,580],"floor_reached":41,"playtime":2090,"items_purged":[],"score":688,"play_id":"56f85b93-820c-4300-bac9-575799478915","local_time":"20210102014655","is_ascension_mode":true,"campfire_choices":[{"floor":11.0,"key":"REST"},{"data":"Trip","floor":13.0,"key":"SMITH"},{"data":"Noxious Fumes","floor":15.0,"key":"SMITH"},{"floor":23.0,"key":"REST"},{"floor":28.0,"key":"REST"},{"floor":32.0,"key":"REST"},{"floor":40.0,"key":"REST"}],"circlet_count":0,"master_deck":["Strike_G","Defend_G","Defend_G","Defend_G+1","Defend_G","Defend_G","Survivor","Neutralize","Blur","Trip+1","Endless Agony","Dagger Spray","Setup+1","Noxious Fumes+1","Accuracy","Corpse Explosion","Bullet Time+1","Quick Slash+1","Grand Finale+1","Eviscerate+1","Skewer+1","Adrenaline","Blade Dance","Neutralize","Choke","Blade Dance+1","Leg Sweep","Predator+1","Envenom+1","CurseOfTheBell","Terror+1","Phantasmal Killer","PiercingWail+1","Parasite","Accuracy+1"],"relics":["Ring of the Snake","NeowsBlessing","Kunai","Ancient Tea Set","Happy Flower","Gremlin Horn","War Paint","Astrolabe","Lantern","Peace Pipe","Paper Crane","Singing Bowl","Calling Bell","Orichalcum","Frozen Egg 2","Old Coin"],"acts_visited":["Exordium","TheCity","TheBeyond"],"potions_floor_usage":[],"damage_taken":[{"damage":0.0,"enemies":"Cultist","floor":1.0,"turns":1.0},{"damage":0.0,"enemies":"Small Slimes","floor":4.0,"turns":2.0},{"damage":0.0,"enemies":"2 Louse","floor":5.0,"turns":1.0},{"damage":32.0,"enemies":"3 Sentries","floor":6.0,"turns":11.0},{"damage":5.0,"enemies":"Blue Slaver","floor":7.0,"turns":3.0},{"damage":3.0,"enemies":"2 Fungi Beasts","floor":8.0,"turns":4.0},{"damage":5.0,"enemies":"Gremlin Nob","floor":10.0,"turns":4.0},{"damage":0.0,"enemies":"3 Sentries","floor":14.0,"turns":5.0},{"damage":9.0,"enemies":"The Guardian","floor":16.0,"turns":12.0},{"damage":30.0,"enemies":"Spheric Guardian","floor":18.0,"turns":7.0},{"damage":15.0,"enemies":"Shell Parasite","floor":20.0,"turns":6.0},{"damage":17.0,"enemies":"Book of Stabbing","floor":24.0,"turns":6.0},{"damage":6.0,"enemies":"Chosen and Byrds","floor":25.0,"turns":4.0},{"damage":12.0,"enemies":"Snake Plant","floor":27.0,"turns":4.0},{"damage":4.0,"enemies":"Centurion and Healer","floor":29.0,"turns":3.0},{"damage":0.0,"enemies":"Gremlin Leader","floor":30.0,"turns":3.0},{"damage":0.0,"enemies":"Cultist and Chosen","floor":31.0,"turns":2.0},{"damage":43.0,"enemies":"Automaton","floor":33.0,"turns":8.0},{"damage":18.0,"enemies":"3 Darklings","floor":35.0,"turns":3.0},{"damage":0.0,"enemies":"Orb Walker","floor":37.0,"turns":2.0},{"damage":22.0,"enemies":"Maw","floor":38.0,"turns":7.0},{"damage":27.0,"enemies":"Writhing Mass","floor":39.0,"turns":4.0},{"damage":0,"enemies":"Nemesis","floor":41,"turns":1}],"seed_played":"4850759565852670461","potions_obtained":[{"floor":5.0,"key":"FairyPotion"},{"floor":6.0,"key":"PowerPotion"},{"floor":10.0,"key":"BlessingOfTheForge"},{"floor":14.0,"key":"DistilledChaos"},{"floor":19.0,"key":"Block Potion"},{"floor":19.0,"key":"Regen Potion"},{"floor":24.0,"key":"Dexterity Potion"},{"floor":25.0,"key":"EssenceOfSteel"},{"floor":27.0,"key":"Block Potion"},{"floor":29.0,"key":"LiquidMemories"},{"floor":30.0,"key":"LiquidMemories"}],"is_trial":false,"path_per_floor":["M","$","?","M","M","E","M","M","T","E","R","T","R","E","R","B",null,"M","?","M","$","?","R","E","M","T","M","R","M","E","M","R","B",null,"M","?","M","M","M","R","E"],"character_chosen":"THE_SILENT","items_purchased":["Trip","Adrenaline","Lantern"],"campfire_rested":5,"item_purchase_floors":[2,21,21],"current_hp_per_floor":[70,70,70,70,70,38,33,30,30,25,46,46,46,46,46,37,62,32,32,31,31,31,52,35,29,29,17,38,34,34,36,57,14,58,40,40,40,18,12,33,33,33],"gold":580,"neow_bonus":"THREE_ENEMY_KILL","is_daily":false,"chose_seed":false,"campfire_upgraded":2,"win_rate":0.0,"timestamp":1609570015,"path_taken":["M","$","?","M","?","E","M","?","T","E","R","?","R","E","R","BOSS","M","?","M","?","?","R","E","M","T","?","R","M","E","M","R","BOSS","M","?","M","?","M","R","E"],"items_purchased_type":["Card","Card","Relic"],"build_version":"2020-12-22","purchased_purges":0,"victory":false,"max_hp_per_floor":[70,70,70,70,70,70,70,70,70,70,70,70,70,70,70,70,70,70,70,70,70,70,70,70,70,70,70,70,70,70,72,72,72,72,72,72,72,72,72,72,72,72],"card_choices":[{"not_picked":["Bane","Calculated Gamble"],"picked":"Blur","floor":1.0},{"not_picked":["Footwork","Dagger Spray"],"picked":"Endless Agony","floor":4.0},{"not_picked":["Infinite Blades","Flechettes"],"picked":"Dagger Spray","floor":5.0},{"not_picked":["Dodge and Roll","All Out Attack","Expertise"],"picked":"SKIP","floor":6.0},{"not_picked":["Deflect","Bane"],"picked":"Setup","floor":7.0},{"not_picked":["Quick Slash","Sucker Punch","Expertise"],"picked":"SKIP","floor":8.0},{"not_picked":["Acrobatics","Deflect"],"picked":"Noxious Fumes","floor":10.0},{"not_picked":["Choke","Underhanded Strike"],"picked":"Accuracy","floor":14.0},{"not_picked":["Phantasmal Killer","Doppelganger"],"picked":"Corpse Explosion","floor":16.0},{"not_picked":["Dagger Spray","Outmaneuver"],"picked":"Eviscerate+1","floor":18.0},{"not_picked":["Leg Sweep","Reflex+1"],"picked":"Skewer+1","floor":20.0},{"not_picked":["Slice","Dodge and Roll","Deadly Poison"],"picked":"SKIP","floor":24.0},{"not_picked":["Blade Dance","Prepared+1"],"picked":"Choke","floor":25.0},{"not_picked":["Deadly Poison","Flechettes"],"picked":"Blade Dance+1","floor":27.0},{"not_picked":["Choke","Outmaneuver"],"picked":"Leg Sweep","floor":29.0},{"not_picked":["Deflect","Slice"],"picked":"Predator+1","floor":30.0},{"not_picked":["Underhanded Strike+1","Acrobatics","Endless Agony+1"],"picked":"Singing Bowl","floor":31.0},{"not_picked":["Doppelganger","Adrenaline"],"picked":"Envenom","floor":33.0},{"not_picked":["PiercingWail","Footwork+1"],"picked":"Terror+1","floor":35.0},{"not_picked":["Caltrops+1","Slice"],"picked":"Phantasmal Killer","floor":37.0},{"not_picked":["Acrobatics","Backflip"],"picked":"PiercingWail+1","floor":38.0},{"not_picked":["Prepared","Quick Slash+1"],"picked":"Accuracy+1","floor":39.0}],"player_experience":547825,"relics_obtained":[{"floor":6.0,"key":"Kunai"},{"floor":9.0,"key":"Ancient Tea Set"},{"floor":10.0,"key":"Happy Flower"},{"floor":12.0,"key":"Gremlin Horn"},{"floor":14.0,"key":"War Paint"},{"floor":24.0,"key":"Peace Pipe"},{"floor":26.0,"key":"Paper Crane"},{"floor":30.0,"key":"Singing Bowl"},{"floor":34.0,"key":"Orichalcum"},{"floor":34.0,"key":"Frozen Egg 2"},{"floor":34.0,"key":"Old Coin"}],"event_choices":[{"cards_removed":["Strike_G"],"damage_healed":0.0,"max_hp_gain":0.0,"max_hp_loss":0.0,"gold_gain":0.0,"event_name":"Purifier","player_choice":"Purged","floor":3.0,"gold_loss":0.0,"damage_taken":0.0},{"damage_healed":0.0,"max_hp_gain":0.0,"max_hp_loss":0.0,"gold_gain":0.0,"event_name":"The Woman in Blue","player_choice":"Bought 2 Potions","floor":19.0,"gold_loss":0.0,"damage_taken":0.0},{"damage_healed":0.0,"max_hp_gain":0.0,"max_hp_loss":0.0,"gold_gain":0.0,"event_name":"Match and Keep!","player_choice":"2 cards matched","floor":22.0,"gold_loss":0.0,"damage_taken":0.0,"cards_obtained":["Blade Dance","Neutralize"]},{"damage_healed":0.0,"max_hp_gain":0.0,"max_hp_loss":0.0,"gold_gain":0.0,"event_name":"Accursed Blacksmith","player_choice":"Forge","floor":36.0,"gold_loss":0.0,"damage_taken":0.0,"cards_upgraded":["Envenom"]}],"is_beta":false,"boss_relics":[{"not_picked":["Black Star","Ectoplasm"],"picked":"Astrolabe"},{"not_picked":["Velvet Choker","Tiny House"],"picked":"Calling Bell"}],"items_purged_floors":[],"is_endless":false,"potions_floor_spawned":[5,6,10,14,24,25,27,29,30],"killed_by":"Nemesis","ascension_level":5}}