{"host":"qj91dvco5uhu9oti","time":1609598912,"event":{"mods":["BaseMod","Colored Map","Hermit","Keyboard Shortcuts","Minty Spire (QoL Compilation)","Permanent Neow","Relic Stats","StSLib","SuperFastMode","everything is the same but u backflip on backflip"],"gold_per_floor":[119,135,4,79,79,98,98,98,98,98,110,120,20,35,35,109,109,123,136,156,31,41,41,70,70,96,96,107,107,121,149,149,223,223,239,89,103,103,123,149,149,175,175,65,80,93,93,130,130,130],"floor_reached":51,"playtime":1521,"items_purged":["Strike_G","Defend_G","Strike_G","Strike_G"],"score":1511,"play_id":"3c986c65-9482-43d9-b4c4-81f26541232b","local_time":"20210102234832","is_ascension_mode":true,"campfire_choices":[{"data":"Blade Dance","floor":7.0,"key":"SMITH"},{"data":"Cloak And Dagger","floor":10.0,"key":"SMITH"},{"data":"Blade Dance","floor":15.0,"key":"SMITH"},{"data":"Wraith Form v2","floor":23,"key":"SMITH"},{"data":"Phantasmal Killer","floor":25,"key":"SMITH"},{"data":"Venomology","floor":27,"key":"SMITH"},{"data":"PiercingWail","floor":29,"key":"SMITH"},{"data":"Venomology","floor":32,"key":"SMITH"},{"data":"After Image","floor":41,"key":"SMITH"},{"data":"Adrenaline","floor":47,"key":"SMITH"},{"data":"Blade Dance","floor":49,"key":"SMITH"}],"circlet_count":0,"master_deck":["AscendersBane","Defend_G+1","Defend_G","Defend_G","Survivor","Neutralize","Wraith Form v2+1","Dagger Spray","PiercingWail+1","Blade Dance+1","Cloak And Dagger+1","Blade Dance+1","Venomology+1","Blade Dance+1","Escape Plan","Finisher+1","Phantasmal Killer+1","Venomology+1","Adrenaline+1","After Image+1","Parasite","Prepared+1","Finisher+1"],"relics":["Ring of the Snake","Mercury Hourglass","Runic Pyramid","Boot","Toy Ornithopter","Kunai","WristBlade","Happy Flower","Akabeko","Toxic Egg 2","CeramicFish"],"acts_visited":["Exordium","TheCity","TheBeyond"],"potions_floor_usage":[16,18,19,20,22,24,31,33,33,33,37,37,40,42,45,45,46,48,48,48,48,50,50],"damage_taken":[{"damage":0.0,"enemies":"2 Louse","floor":1.0,"turns":2.0},{"damage":4.0,"enemies":"Small Slimes","floor":2.0,"turns":3.0},{"damage":2.0,"enemies":"Jaw Worm","floor":6.0,"turns":4.0},{"damage":6.0,"enemies":"Large Slime","floor":11.0,"turns":5.0},{"damage":0.0,"enemies":"Exordium Wildlife","floor":12.0,"turns":3.0},{"damage":2.0,"enemies":"Exordium Thugs","floor":14.0,"turns":3.0},{"damage":30,"enemies":"Slime Boss","floor":16,"turns":10},{"damage":2,"enemies":"Chosen","floor":18,"turns":6},{"damage":0,"enemies":"Spheric Guardian","floor":19,"turns":5},{"damage":8,"enemies":"Centurion and Healer","floor":20,"turns":8},{"damage":0,"enemies":"3 Cultists","floor":22,"turns":4},{"damage":19,"enemies":"Slavers","floor":24,"turns":5},{"damage":0,"enemies":"Snecko","floor":28,"turns":2},{"damage":1,"enemies":"Snake Plant","floor":30,"turns":3},{"damage":0,"enemies":"Gremlin Leader","floor":31,"turns":4},{"damage":8,"enemies":"Automaton","floor":33,"turns":4},{"damage":1,"enemies":"3 Shapes","floor":35,"turns":4},{"damage":1,"enemies":"3 Darklings","floor":37,"turns":3},{"damage":0,"enemies":"Spire Growth","floor":39,"turns":2},{"damage":12,"enemies":"Nemesis","floor":40,"turns":5},{"damage":0,"enemies":"Giant Head","floor":42,"turns":5},{"damage":0,"enemies":"Writhing Mass","floor":45,"turns":4},{"damage":0,"enemies":"Transient","floor":46,"turns":6},{"damage":2,"enemies":"Reptomancer","floor":48,"turns":3},{"damage":22,"enemies":"Time Eater","floor":50,"turns":6}],"seed_played":"7956265450356352609","potions_obtained":[{"floor":11.0,"key":"ColorlessPotion"},{"floor":12.0,"key":"AttackPotion"},{"floor":14.0,"key":"SpeedPotion"},{"floor":16,"key":"SneckoOil"},{"floor":48,"key":"Strength Potion"}],"is_trial":false,"path_per_floor":["M","M","$","?","?","M","R","?","T","R","M","M","$","M","R","B",null,"M","M","M","$","M","R","E","R","T","R","M","R","M","E","R","B",null,"M","$","M","?","M","E","R","E","T","?","M","M","R","E","R","B",null],"character_chosen":"THE_SILENT","items_purchased":["Blade Dance"],"campfire_rested":0,"item_purchase_floors":[3],"current_hp_per_floor":[59,55,55,44,49,47,47,40,40,40,34,34,34,32,32,2,54,52,52,44,44,44,44,25,25,25,25,25,25,24,29,29,36,62,61,61,70,70,70,63,63,68,68,68,71,71,71,71,71,54],"gold":130,"neow_bonus":"ONE_RANDOM_RARE_CARD","is_daily":false,"chose_seed":false,"campfire_upgraded":11,"win_rate":0.0,"timestamp":1609598912,"path_taken":["M","M","$","?","?","?","R","?","T","R","M","M","?","?","R","BOSS","M","M","M","$","M","R","E","R","T","R","M","R","M","E","R","BOSS","M","$","M","?","?","E","R","E","T","?","?","M","R","E","R","BOSS"],"items_purchased_type":["Card"],"build_version":"2020-12-22","purchased_purges":4,"victory":true,"max_hp_per_floor":[66,66,66,66,71,71,71,71,71,71,71,71,71,71,71,71,71,71,71,71,71,71,71,71,71,71,71,71,71,71,71,71,71,71,71,71,71,71,71,71,71,71,71,71,71,71,71,71,71,71],"relic_stats":{"Happy Flower":[8],"counters":[25,108],"CeramicFish":9,"Kunai":[39],"Boot":[76],"obtain_stats":[{"WristBlade":34,"Happy Flower":40,"CeramicFish":48,"Kunai":31,"Toxic Egg 2":43,"Boot":24,"Toy Ornithopter":26,"Akabeko":42,"Ring of the Snake":0,"Mercury Hourglass":9,"Runic Pyramid":17},{"WristBlade":16,"Happy Flower":20,"CeramicFish":24,"Kunai":15,"Toxic Egg 2":21,"Boot":12,"Toy Ornithopter":12,"Akabeko":21,"Ring of the Snake":0,"Mercury Hourglass":3,"Runic Pyramid":7},{"WristBlade":71,"Happy Flower":85,"CeramicFish":102,"Kunai":67,"Toxic Egg 2":89,"Boot":58,"Toy Ornithopter":58,"Akabeko":89,"Ring of the Snake":0,"Mercury Hourglass":9,"Runic Pyramid":30}],"Toy Ornithopter":50,"Ring of the Snake":[50],"Mercury Hourglass":[421]},"card_choices":[{"not_picked":["Deadly Poison","Deflect"],"picked":"Dagger Spray","floor":1.0},{"not_picked":["Sucker Punch","Underhanded Strike"],"picked":"PiercingWail","floor":2.0},{"not_picked":["Noxious Fumes","Concentrate"],"picked":"Cloak And Dagger","floor":6.0},{"not_picked":["Escape Plan","Flying Knee"],"picked":"Blade Dance","floor":11.0},{"not_picked":["Flying Knee","Dagger Spray","Unload"],"picked":"SKIP","floor":12.0},{"not_picked":["Bane","Endless Agony","Outmaneuver"],"picked":"SKIP","floor":14.0},{"not_picked":["Doppelganger","Corpse Explosion"],"picked":"Venomology","floor":16},{"not_picked":["Underhanded Strike","Poisoned Stab"],"picked":"Blade Dance","floor":18},{"not_picked":["Dagger Spray","Calculated Gamble"],"picked":"Escape Plan","floor":19},{"not_picked":["Noxious Fumes","Escape Plan"],"picked":"Finisher+1","floor":20},{"not_picked":["Flying Knee","Eviscerate"],"picked":"Phantasmal Killer","floor":22},{"not_picked":["Deadly Poison","Dodge and Roll","Bane"],"picked":"SKIP","floor":24},{"not_picked":["Dagger Spray+1","Sucker Punch","Blur"],"picked":"SKIP","floor":28},{"not_picked":["Masterful Stab","Deflect","Dodge and Roll"],"picked":"SKIP","floor":30},{"not_picked":["Cloak And Dagger","Blade Dance"],"picked":"Venomology","floor":31},{"not_picked":["A Thousand Cuts","Phantasmal Killer"],"picked":"Adrenaline","floor":33},{"not_picked":["Infinite Blades","Flying Knee","Eviscerate+1"],"picked":"SKIP","floor":35},{"not_picked":["Dodge and Roll+1","Distraction+1","Tactician"],"picked":"SKIP","floor":37},{"not_picked":["Underhanded Strike+1","Dagger Throw+1","Outmaneuver"],"picked":"SKIP","floor":39},{"not_picked":["Backstab","Acrobatics+1"],"picked":"After Image","floor":40},{"not_picked":["Dagger Spray","Deadly Poison","Outmaneuver+1"],"picked":"SKIP","floor":42},{"not_picked":["Slice+1","Flying Knee"],"picked":"Prepared+1","floor":45},{"not_picked":["Masterful Stab","Dodge and Roll+1","Slice+1"],"picked":"SKIP","floor":46},{"not_picked":["Slice","Deadly Poison+1"],"picked":"Finisher+1","floor":48}],"player_experience":333416,"relics_obtained":[{"floor":9.0,"key":"Mercury Hourglass"},{"floor":24,"key":"Boot"},{"floor":26,"key":"Toy Ornithopter"},{"floor":31,"key":"Kunai"},{"floor":40,"key":"Happy Flower"},{"floor":42,"key":"Akabeko"},{"floor":43,"key":"Toxic Egg 2"},{"floor":48,"key":"CeramicFish"}],"event_choices":[{"damage_healed":0.0,"max_hp_gain":0.0,"max_hp_loss":0.0,"gold_gain":75.0,"event_name":"World of Goop","player_choice":"Gather Gold","floor":4.0,"gold_loss":0.0,"damage_taken":11.0},{"damage_healed":0.0,"max_hp_gain":5.0,"max_hp_loss":0.0,"gold_gain":0.0,"event_name":"Big Fish","player_choice":"Donut","floor":5.0,"gold_loss":0.0,"damage_taken":0.0},{"cards_removed":["Strike_G"],"damage_healed":0.0,"max_hp_gain":0.0,"max_hp_loss":0.0,"gold_gain":0.0,"event_name":"Golden Wing","player_choice":"Card Removal","floor":8.0,"gold_loss":0.0,"damage_taken":7.0},{"cards_removed":["Strike_G"],"damage_healed":0,"gold_gain":0,"player_choice":"Offered Basic","damage_taken":0,"max_hp_gain":0,"max_hp_loss":0,"event_name":"Bonfire Elementals","floor":38,"gold_loss":0},{"cards_removed":["Defend_G"],"damage_healed":0,"gold_gain":0,"player_choice":"Upgrade and Remove","damage_taken":0,"max_hp_gain":0,"max_hp_loss":0,"event_name":"Designer","floor":44,"gold_loss":110,"cards_upgraded":["Defend_G"]}],"is_beta":false,"boss_relics":[{"not_picked":["Empty Cage","Busted Crown"],"picked":"Runic Pyramid"},{"not_picked":["Cursed Key","HoveringKite"],"picked":"WristBlade"}],"items_purged_floors":[3,13,21,36],"is_endless":false,"potions_floor_spawned":[11,12,14,16,18,22,24,30,37,39,46,48],"ascension_level":18}}