{"host":"l7l2v2zs4hqku4vk","time":1609567036,"event":{"mods":["Act Like it!","BaseMod","Colored Powertips","Highlight Path","Minty Spire (QoL Compilation)","Replay The Spire","RumiaBox-露米娅的神秘盒子","StSLib","TestMod","The Servant 0.9.4","篝火指南"],"gold_per_floor":[114,129,144,144,159,159,189,189,189,204,219,219,234,46,46,146,146,161,161,176,191,394,122,152,52,127,127,142,157,172,9,9,109,109,124,139,154,104,154,76,26,26,51,66,81,81,96,126,26,26],"floor_reached":51,"playtime":2511,"items_purged":["Riddle With Holes","PiercingWail","Heel Hook","Deadly Poison","Sucker Punch","Outmaneuver"],"score":1153,"play_id":"3b2bb6ad-279d-4761-8c75-aa90db79f858","local_time":"20210102135716","daily_mods":["Insanity","Uncertain Future","Binary"],"is_ascension_mode":false,"campfire_choices":[{"data":"Blade Dance","floor":6,"key":"SMITH"},{"floor":8,"key":"REST"},{"data":"Dagger Spray","floor":15,"key":"SMITH"},{"floor":32,"key":"REST"},{"data":"Footwork","floor":42,"key":"SMITH"}],"circlet_count":0,"master_deck":["Prepared","Acrobatics","Leg Sweep","Deflect","Toxin Wave","Dagger Throw","Terror","Accuracy","Dagger Spray","Dagger Throw","Calculated Gamble","Hidden Blade","Reflex","Hidden Blade","Dagger Spray","Flechettes","PiercingWail","Footwork+1","Choke","Infinite Blades","Flechettes","Hidden Blade","Hidden Blade","Outmaneuver","Blade Dance","PiercingWail","Dagger Spray+1","Masterful Stab","Sucker Punch","Slice","Cloak And Dagger","Backflip","Dagger Throw","Poisoned Stab","Blur","Backflip","Distraction","Bane","Prepared","Deadly Poison","Poisoned Stab","Choke","Blade Dance+1","Flying Knee","Prepared","Expertise","Accuracy","Madness","CurseOfTheBell","Tactician"],"relics":["Ring of the Snake","testmod-TestBox","testmod-TurbochargingSystem","Ancient Tea Set","Molten Egg 2","Iron Hammer","Membership Card","Replay:Grab Bag","Philosopher\u0027s Stone","Busted Crown","testmod-Prudence","testmod-BatchProcessingSystem","The Courier","Lantern","ReplayFunnel","Ninja Scroll","MagicDraw3","Gremlin Horn","Calling Bell","Smiling Mask","Torii","testmod-CrystalShield","testmod-OneHitWonder","Akabeko","Mirror"],"acts_visited":["Exordium","TheCity","TheBeyond"],"potions_floor_usage":[2,33,33],"damage_taken":[{"damage":0,"enemies":"Cultist","floor":1,"turns":2},{"damage":0,"enemies":"Jaw Worm","floor":2,"turns":1},{"damage":0,"enemies":"2 Louse","floor":3,"turns":2},{"damage":7,"enemies":"Blue Slaver","floor":5,"turns":2},{"damage":32,"enemies":"Replay:BlueRogue","floor":7,"turns":5},{"damage":0,"enemies":"2 Fungi Beasts","floor":10,"turns":2},{"damage":0,"enemies":"Lots of Slimes","floor":11,"turns":1},{"damage":3,"enemies":"Looter","floor":13,"turns":2},{"damage":0,"enemies":"Slime Boss","floor":16,"turns":3},{"damage":0,"enemies":"Spheric Guardian","floor":18,"turns":1},{"damage":0,"enemies":"2 Thieves","floor":20,"turns":1},{"damage":0,"enemies":"Shelled Parasite and Fungi","floor":21,"turns":1},{"damage":0,"enemies":"Gremlin Leader","floor":24,"turns":1},{"damage":0,"enemies":"Snecko","floor":28,"turns":1},{"damage":0,"enemies":"Centurion and Healer","floor":29,"turns":2},{"damage":0,"enemies":"Sentry and Sphere","floor":30,"turns":1},{"damage":0,"enemies":"Automaton","floor":33,"turns":1},{"damage":0,"enemies":"Orb Walker","floor":35,"turns":1},{"damage":0,"enemies":"3 Darklings","floor":36,"turns":1},{"damage":0,"enemies":"Jaw Worm Horde","floor":37,"turns":2},{"damage":0,"enemies":"Mind Bloom Boss Battle","floor":39,"turns":1},{"damage":0,"enemies":"Writhing Mass","floor":44,"turns":3},{"damage":0,"enemies":"Spire Growth","floor":45,"turns":1},{"damage":0,"enemies":"4 Shapes","floor":47,"turns":1},{"damage":0,"enemies":"Nemesis","floor":48,"turns":1},{"damage":0,"enemies":"Donu and Deca","floor":50,"turns":5}],"seed_played":"-4486375853315586652","potions_obtained":[{"floor":1,"key":"SneckoOil"},{"floor":2,"key":"Poison Potion"},{"floor":7,"key":"Poison Potion"},{"floor":13,"key":"FearPotion"},{"floor":24,"key":"Toxic Potion"},{"floor":36,"key":"Ancient Potion"},{"floor":44,"key":"Ancient Potion"},{"floor":47,"key":"Strength Potion"}],"is_trial":false,"path_per_floor":["M","M","M","?","M","R","E","R","T","M","M","T","M","$","R","B",null,"M","?","M","M","?","R","E","R","T","?","M","M","M","$","R","B",null,"M","M","M","$","?","R","$","R","T","M","M","?","M","E","R","B",null],"character_chosen":"THE_SILENT","items_purchased":["Membership Card","Accuracy","The Courier","Lantern","Ninja Scroll","Gremlin Horn","Tactician","Mirror"],"campfire_rested":2,"item_purchase_floors":[14,23,23,23,25,31,40,49],"current_hp_per_floor":[70,70,70,70,63,63,31,52,52,52,52,52,49,49,49,49,70,70,70,70,70,42,42,42,42,42,30,30,30,30,30,51,51,70,70,70,70,70,70,70,70,70,70,70,70,60,60,60,60,60],"gold":26,"neow_bonus":"","is_daily":true,"chose_seed":false,"campfire_upgraded":3,"win_rate":0.0,"timestamp":1609567036,"path_taken":["M","M","?","?","M","R","E","R","T","M","M","?","M","$","R","BOSS","M","?","M","M","?","R","E","R","T","?","M","M","M","$","R","BOSS","M","M","M","?","?","R","$","R","T","M","M","?","M","E","R","BOSS"],"items_purchased_type":["Relic","Card","Relic","Relic","Relic","Relic","Card","Relic"],"build_version":"2020-12-22","purchased_purges":6,"victory":true,"max_hp_per_floor":[70,70,70,70,70,70,70,70,70,70,70,70,70,70,70,70,70,70,70,70,70,70,70,70,70,70,70,70,70,70,70,70,70,70,70,70,70,70,70,70,70,70,70,70,70,70,70,70,70,70],"card_choices":[{"not_picked":["Blade Dance"],"picked":"Prepared","floor":1},{"not_picked":["Hidden Blade","Catalyst"],"picked":"SKIP","floor":2},{"not_picked":["Dagger Spray","Acrobatics"],"picked":"SKIP","floor":3},{"not_picked":["Corpse Explosion","Bane"],"picked":"SKIP","floor":5},{"not_picked":["Outmaneuver"],"picked":"Expertise","floor":7},{"not_picked":["Prepared","ReplayTheSpireMod:Scrap Shanks"],"picked":"SKIP","floor":10},{"not_picked":["Deflect","Cloak And Dagger"],"picked":"SKIP","floor":11},{"not_picked":["Cloak And Dagger","Bane+1"],"picked":"SKIP","floor":13}],"player_experience":1674719,"relics_obtained":[{"floor":7,"key":"Ancient Tea Set"},{"floor":9,"key":"Molten Egg 2"},{"floor":12,"key":"Iron Hammer"},{"floor":24,"key":"ReplayFunnel"},{"floor":26,"key":"MagicDraw3"},{"floor":34,"key":"Smiling Mask"},{"floor":34,"key":"Torii"},{"floor":39,"key":"testmod-CrystalShield"},{"floor":43,"key":"testmod-OneHitWonder"},{"floor":48,"key":"Akabeko"}],"event_choices":[{"damage_healed":0,"gold_gain":0,"player_choice":"Ignored","damage_taken":0,"max_hp_gain":0,"max_hp_loss":0,"event_name":"Ghosts","floor":19,"gold_loss":0},{"damage_healed":0,"gold_gain":0,"player_choice":"CARD ","damage_taken":12,"max_hp_gain":0,"max_hp_loss":0,"event_name":"Knowing Skull","floor":27,"potions_obtained":[],"gold_loss":0,"cards_obtained":["Madness"]},{"damage_healed":0,"gold_gain":0,"player_choice":"Fight","damage_taken":0,"max_hp_gain":0,"max_hp_loss":0,"event_name":"MindBloom","floor":39,"gold_loss":0},{"damage_healed":0,"gold_gain":0,"player_choice":"Memory 3","damage_taken":10,"max_hp_gain":0,"max_hp_loss":0,"event_name":"SensoryStone","floor":46,"gold_loss":0}],"is_beta":false,"boss_relics":[{"not_picked":["Velvet Choker","EasyGame_NEW"],"picked":"Replay:Grab Bag"},{"not_picked":["Coffee Dripper","SlaversCollar"],"picked":"Philosopher\u0027s Stone"},{"not_picked":["Fusion Hammer","Sozu"],"picked":"Busted Crown"},{"not_picked":["Tiny House","SacredBark"],"picked":"testmod-Prudence"},{"not_picked":["Ring of the Serpent","testmod-StringDisintegrator"],"picked":"testmod-BatchProcessingSystem"},{"not_picked":["SoulBox","Astrolabe"],"picked":"Calling Bell"}],"items_purged_floors":[14,23,31,38,40,41],"is_endless":false,"potions_floor_spawned":[1,2,7,13,21,24,29,36,44,47,48],"ascension_level":0}}