{"host":"igj4vwc42ivwqexo","time":1609630905,"event":{"mods":["BaseMod","Better Third Choice","Koishi","Marisa????????","Minty Spire (QoL Compilation)","Shop Mod","StSLib","The Blue Laboratory","The Disciple","The Hierophant","The Servant 0.9.4"],"gold_per_floor":[114,132,132,82,82,82,99,132,211,237,255,266,541,554,554,554,554],"floor_reached":16,"playtime":1419,"items_purged":[],"score":140,"play_id":"ac9df90b-ab90-4841-86b0-c47faa44df0a","local_time":"20210103004145","is_ascension_mode":true,"campfire_choices":[{"data":"Zap","floor":6,"key":"SMITH"},{"data":"Defragment","floor":15,"key":"SMITH"}],"circlet_count":0,"master_deck":["Strike_B","Strike_B","Strike_B","Defend_B","Defend_B","Defend_B","Zap+1","Dualcast","Reinforced Body","Redo","Turbo","Coolheaded","Steam","Machine Learning","Defragment+1","Ball Lightning","Chaos","Regret","Cold Snap"],"relics":["Cracked Core","MealTicket","Meat on the Bone","Bottled Lightning","InkBottle"],"acts_visited":["Exordium"],"potions_floor_usage":[8,10],"damage_taken":[{"damage":1,"enemies":"2 Louse","floor":1,"turns":3},{"damage":0,"enemies":"Small Slimes","floor":2,"turns":3},{"damage":0,"enemies":"Cultist","floor":7,"turns":3},{"damage":23,"enemies":"3 Sentries","floor":8,"turns":13},{"damage":15,"enemies":"Lagavulin","floor":10,"turns":6},{"damage":0,"enemies":"3 Louse","floor":11,"turns":3},{"damage":0,"enemies":"Large Slime","floor":12,"turns":7},{"damage":16,"enemies":"Exordium Wildlife","floor":14,"turns":4},{"damage":46,"enemies":"Slime Boss","floor":16,"turns":9}],"seed_played":"-237480872661245546","potions_obtained":[{"floor":1,"key":"blueLaboratory:FruitPunch"},{"floor":8,"key":"LiquidBronze"},{"floor":10,"key":"blueLaboratory:BottleOfRum"}],"is_trial":false,"path_per_floor":["M","M","?","?","?","R","M","E","T","E","M","M","?","M","R","B"],"character_chosen":"DEFECT","items_purchased":[],"campfire_rested":0,"item_purchase_floors":[],"current_hp_per_floor":[74,74,74,74,67,67,67,46,46,43,43,43,43,39,39,0,0],"gold":554,"neow_bonus":"TRANSFORM_TWO_CARDS","is_daily":false,"chose_seed":false,"campfire_upgraded":2,"win_rate":0.0,"timestamp":1609630905,"path_taken":["M","M","?","?","?","R","M","E","T","E","M","M","?","M","R","BOSS"],"items_purchased_type":[],"build_version":"2020-12-22","purchased_purges":0,"victory":false,"max_hp_per_floor":[75,75,75,75,75,75,75,77,77,77,77,77,77,77,77,77,77],"card_choices":[{"not_picked":["Hello World","Go for the Eyes"],"picked":"Turbo","floor":1},{"not_picked":["Barrage","Blizzard"],"picked":"Coolheaded","floor":2},{"not_picked":["Gash","Go for the Eyes"],"picked":"Steam","floor":7},{"not_picked":["Steam Power","Fusion"],"picked":"Machine Learning","floor":8},{"not_picked":["Auto Shields","Storm"],"picked":"Defragment","floor":10},{"not_picked":["Sunder","Sweeping Beam"],"picked":"Ball Lightning","floor":11},{"not_picked":["Darkness","Rebound"],"picked":"Chaos","floor":12},{"not_picked":["Leap","Barrage"],"picked":"Cold Snap","floor":14}],"player_experience":315560,"relics_obtained":[{"floor":8,"key":"Meat on the Bone"},{"floor":9,"key":"Bottled Lightning"},{"floor":10,"key":"InkBottle"}],"event_choices":[{"damage_healed":0,"gold_gain":0,"player_choice":"Box","damage_taken":0,"relics_obtained":["MealTicket"],"max_hp_gain":0,"max_hp_loss":0,"event_name":"Big Fish","floor":3,"gold_loss":0,"cards_obtained":["Regret"]},{"cards_removed":["Regret"],"damage_healed":0,"gold_gain":0,"player_choice":"Card Removal","damage_taken":0,"max_hp_gain":0,"max_hp_loss":0,"event_name":"The Cleric","floor":4,"gold_loss":50},{"cards_removed":["Injury"],"damage_healed":0,"gold_gain":0,"player_choice":"Card Removal","damage_taken":7,"max_hp_gain":0,"max_hp_loss":0,"event_name":"Golden Wing","floor":5,"gold_loss":0},{"damage_healed":0,"gold_gain":275,"player_choice":"Desecrate","damage_taken":0,"max_hp_gain":0,"max_hp_loss":0,"event_name":"Golden Shrine","floor":13,"gold_loss":0,"cards_obtained":["Regret"]}],"is_beta":false,"boss_relics":[],"items_purged_floors":[],"is_endless":false,"potions_floor_spawned":[1,8,10],"killed_by":"Slime Boss","ascension_level":5}}