{"host":"5ue3ouo7xceh0hgf","time":1609567618,"event":{"mods":["AchievementEnabler","BaseMod","DeckTracker","Minty Spire (QoL Compilation)","StSLib"],"gold_per_floor":[115,190,204,204,214,214,246,246,246,274,284,284,301,315,315,411,411,427,154,165,175,30,30,47,47,121,136,169,181,181,256,256,360,360,377,134,150,150,166,199,47,67,67,67,67,84,21,36,36,36],"floor_reached":51,"playtime":6426,"items_purged":["Regret","Writhe","Hello World"],"score":811,"play_id":"cef3893b-3979-4fe2-b9b5-67765ab146c8","local_time":"20210102070658","is_ascension_mode":false,"campfire_choices":[{"data":"Zap","floor":6,"key":"SMITH"},{"floor":8,"key":"REST"},{"floor":12,"key":"REST"},{"floor":15,"key":"REST"},{"data":"Fission","floor":23,"key":"SMITH"},{"floor":25,"key":"REST"},{"data":"Echo Form","floor":32,"key":"SMITH"},{"data":"Conserve Battery","floor":49,"key":"SMITH"}],"circlet_count":0,"master_deck":["Strike_B","Strike_B","Defend_B","Defend_B","Defend_B","Zap+1","Dualcast","Auto Shields","Sweeping Beam","Chill","Echo Form+1","Electrodynamics","Fission+1","Coolheaded","Conserve Battery+1","Hologram+1","Self Repair","Machine Learning","Heatsinks","Chaos+1","Storm+1","White Noise","Core Surge","Defragment","Creative AI"],"relics":["Cracked Core","Incense Burner","Question Card","Eternal Feather","Blue Candle","Snecko Eye","Juzu Bracelet","Orrery","Symbiotic Virus","Art of War","Inserter","Strange Spoon","Ginger","Membership Card","Kunai"],"acts_visited":["Exordium","TheCity","TheBeyond"],"potions_floor_usage":[7,10,10,28,34,40,50,50],"damage_taken":[{"damage":7,"enemies":"Jaw Worm","floor":1,"turns":4},{"damage":0,"enemies":"2 Louse","floor":3,"turns":2},{"damage":4,"enemies":"Cultist","floor":5,"turns":5},{"damage":24,"enemies":"Lagavulin","floor":7,"turns":9},{"damage":30,"enemies":"Gremlin Nob","floor":10,"turns":4},{"damage":25,"enemies":"Exordium Thugs","floor":11,"turns":5},{"damage":9,"enemies":"Looter","floor":13,"turns":4},{"damage":7,"enemies":"3 Louse","floor":14,"turns":2},{"damage":2,"enemies":"Slime Boss","floor":16,"turns":5},{"damage":13,"enemies":"2 Thieves","floor":18,"turns":4},{"damage":16,"enemies":"3 Byrds","floor":20,"turns":3},{"damage":16,"enemies":"Centurion and Healer","floor":21,"turns":6},{"damage":18,"enemies":"Snake Plant","floor":24,"turns":5},{"damage":1,"enemies":"Snecko","floor":27,"turns":6},{"damage":12,"enemies":"Gremlin Leader","floor":28,"turns":7},{"damage":4,"enemies":"Sentry and Sphere","floor":29,"turns":3},{"damage":19,"enemies":"Automaton","floor":33,"turns":7},{"damage":10,"enemies":"3 Shapes","floor":35,"turns":4},{"damage":24,"enemies":"3 Darklings","floor":37,"turns":4},{"damage":35,"enemies":"Writhing Mass","floor":39,"turns":6},{"damage":5,"enemies":"Reptomancer","floor":40,"turns":7},{"damage":33,"enemies":"Jaw Worm Horde","floor":42,"turns":4},{"damage":14,"enemies":"Spire Growth","floor":46,"turns":6},{"damage":8,"enemies":"Maw","floor":48,"turns":6},{"damage":37,"enemies":"Time Eater","floor":50,"turns":6}],"seed_played":"-3425992469248248167","potions_obtained":[{"floor":3,"key":"Fire Potion"},{"floor":5,"key":"DistilledChaos"},{"floor":10,"key":"Fruit Juice"},{"floor":13,"key":"SneckoOil"},{"floor":14,"key":"PotionOfCapacity"},{"floor":18,"key":"FocusPotion"},{"floor":20,"key":"AttackPotion"},{"floor":33,"key":"Fruit Juice"},{"floor":35,"key":"EssenceOfSteel"},{"floor":39,"key":"FocusPotion"},{"floor":40,"key":"Fruit Juice"},{"floor":46,"key":"GamblersBrew"}],"is_trial":false,"path_per_floor":["M","?","M","?","M","R","E","R","T","E","M","R","M","M","R","B",null,"M","$","M","M","$","R","M","R","T","M","E","M","?","?","R","B",null,"M","$","M","?","M","E","$","M","T","?","?","M","$","M","R","B",null],"character_chosen":"DEFECT","items_purchased":["Juzu Bracelet","Coolheaded","Orrery","Strange Spoon","Membership Card"],"campfire_rested":4,"item_purchase_floors":[19,19,22,36,41],"current_hp_per_floor":[68,57,57,57,53,53,29,51,51,26,1,34,25,18,51,49,80,67,67,51,35,35,47,36,72,72,78,73,76,76,68,80,61,85,85,85,61,61,33,40,40,7,7,7,79,79,79,79,79,49],"gold":36,"neow_bonus":"TRANSFORM_TWO_CARDS","is_daily":false,"chose_seed":false,"campfire_upgraded":4,"win_rate":0.0,"timestamp":1609567618,"path_taken":["M","?","M","?","M","R","E","R","T","E","M","R","M","M","R","BOSS","M","$","M","M","$","R","M","R","T","M","E","M","?","?","R","BOSS","M","$","M","?","M","E","$","M","T","?","?","M","?","M","R","BOSS"],"items_purchased_type":["Relic","Card","Relic","Relic","Relic"],"build_version":"2020-12-22","purchased_purges":3,"victory":true,"max_hp_per_floor":[75,75,75,75,75,75,75,75,75,80,80,80,80,80,80,80,80,80,80,80,80,80,80,80,80,80,80,80,80,80,80,80,80,85,85,85,85,85,85,90,90,90,90,90,79,79,79,79,79,79],"card_choices":[{"not_picked":["Compile Driver","Scrape","Cold Snap"],"picked":"SKIP","floor":1},{"not_picked":["Reinforced Body","Steam"],"picked":"Chill","floor":3},{"not_picked":["Doom and Gloom","Barrage","Rebound"],"picked":"SKIP","floor":5},{"not_picked":["Consume","Coolheaded"],"picked":"Echo Form","floor":7},{"not_picked":["Static Discharge","Turbo","Undo"],"picked":"Electrodynamics","floor":10},{"not_picked":["Storm","Go for the Eyes","Rip and Tear","Barrage"],"picked":"SKIP","floor":11},{"not_picked":["Skim","Undo","Turbo","Force Field"],"picked":"SKIP","floor":13},{"not_picked":["Fusion","Tempest","Beam Cell","Turbo"],"picked":"SKIP","floor":14},{"not_picked":["Core Surge","Thunder Strike","Amplify"],"picked":"Fission","floor":16},{"not_picked":["Streamline","Stack","Rip and Tear","Gash"],"picked":"SKIP","floor":18},{"not_picked":["Rebound","Compile Driver+1","Barrage"],"picked":"Conserve Battery","floor":20},{"not_picked":["Ball Lightning","Lockon","Capacitor","Conserve Battery"],"picked":"SKIP","floor":21},{"not_picked":["Redo","Sweeping Beam+1","Gash"],"picked":"Hologram+1","floor":22},{"not_picked":["Doom and Gloom","Coolheaded+1","Sweeping Beam"],"picked":"Self Repair","floor":22},{"not_picked":["Melter+1","Coolheaded","Sunder"],"picked":"Machine Learning","floor":22},{"not_picked":["Glacier","Go for the Eyes+1","Streamline"],"picked":"Recycle+1","floor":22},{"not_picked":["Chaos","Turbo+1","Compile Driver"],"picked":"Heatsinks","floor":22},{"not_picked":["Biased Cognition","Coolheaded","Turbo+1"],"picked":"Chaos+1","floor":24},{"not_picked":["Go for the Eyes","Coolheaded","Auto Shields"],"picked":"Storm+1","floor":27},{"not_picked":["Fusion+1","Conserve Battery","Streamline"],"picked":"White Noise","floor":28},{"not_picked":["FTL","Glacier","Hologram","Chill+1"],"picked":"SKIP","floor":29},{"not_picked":["Multi-Cast","Buffer","Fission"],"picked":"Core Surge","floor":33},{"not_picked":["Go for the Eyes","Coolheaded","Stack+1","Compile Driver"],"picked":"SKIP","floor":35},{"not_picked":["Static Discharge","Cold Snap","Gash+1","Lockon"],"picked":"SKIP","floor":37},{"not_picked":["Recycle","Go for the Eyes+1","Conserve Battery","Electrodynamics"],"picked":"SKIP","floor":39},{"not_picked":["Doom and Gloom+1","Barrage","Auto Shields+1","Force Field"],"picked":"SKIP","floor":40},{"not_picked":["Stack","Ball Lightning","Darkness"],"picked":"Defragment","floor":42},{"not_picked":["Darkness","Redo+1","Cold Snap"],"picked":"Creative AI","floor":46},{"not_picked":["Barrage","Compile Driver+1","Steam Power","Streamline+1"],"picked":"SKIP","floor":48}],"player_experience":1011651,"relics_obtained":[{"floor":7,"key":"Question Card"},{"floor":9,"key":"Eternal Feather"},{"floor":10,"key":"Blue Candle"},{"floor":26,"key":"Symbiotic Virus"},{"floor":28,"key":"Art of War"},{"floor":40,"key":"Ginger"},{"floor":43,"key":"Kunai"}],"event_choices":[{"damage_healed":0,"gold_gain":75,"player_choice":"Gather Gold","damage_taken":11,"max_hp_gain":0,"max_hp_loss":0,"event_name":"World of Goop","floor":2,"gold_loss":0},{"damage_healed":0,"gold_gain":0,"player_choice":"Box","damage_taken":0,"relics_obtained":["Incense Burner"],"max_hp_gain":0,"max_hp_loss":0,"event_name":"Big Fish","floor":4,"gold_loss":0,"cards_obtained":["Regret"]},{"damage_healed":0,"gold_gain":0,"cards_transformed":["Recycle"],"player_choice":"Transformed","damage_taken":0,"max_hp_gain":0,"max_hp_loss":0,"event_name":"Transmorgrifier","floor":30,"gold_loss":0,"cards_obtained":["Hello World"]},{"damage_healed":0,"gold_gain":75,"player_choice":"Touch","damage_taken":8,"max_hp_gain":0,"max_hp_loss":0,"event_name":"FaceTrader","floor":31,"gold_loss":0},{"damage_healed":0,"gold_gain":0,"player_choice":"Ignored","damage_taken":0,"max_hp_gain":0,"max_hp_loss":0,"event_name":"Tomb of Lord Red Mask","floor":38,"gold_loss":0},{"cards_removed":["Strike_B"],"damage_healed":0,"gold_gain":0,"player_choice":"Removed Attack","damage_taken":0,"max_hp_gain":0,"max_hp_loss":0,"event_name":"Falling","floor":44,"gold_loss":0},{"damage_healed":79,"gold_gain":0,"player_choice":"Heal","damage_taken":0,"max_hp_gain":0,"max_hp_loss":11,"event_name":"The Moai Head","floor":45,"gold_loss":0}],"is_beta":false,"boss_relics":[{"not_picked":["Empty Cage","Black Star"],"picked":"Snecko Eye"},{"not_picked":["Tiny House","Runic Pyramid"],"picked":"Inserter"}],"items_purged_floors":[19,36,47],"is_endless":false,"potions_floor_spawned":[3,5,10,13,14,18,20,27,33,35,39,40,46],"ascension_level":0}}