{"host":"qc8h4lvnd2c314ki","time":1609555101,"event":{"mods":["ATMod(°¢èªMod)","AchievementEnabler","Act Like it!","Aspiration","BaseMod","Better Note","Better Third Choice","Curses Come First","Friendly Minions","GifTheSpireLib","Highlight Path","Mimic Mod","Minty Spire (QoL Compilation)","Random Character Button","Robot Space Explorer","Spicy Shops","StSLib","The Marked"],"gold_per_floor":[112,112,112,37,50,50,83,83,121,121,121,121,132,142,142,245,245,261,297,247,16,16,16,16,16,50,76,88,118,145,175,187,299,311,335,72,82,96,96,96,96,127,152,167,167,182,182,200,200,200,200],"floor_reached":50,"playtime":3031,"items_purged":["theMarked:Strike","theMarked:Defend","theMarked:Strike","theMarked:Defend"],"score":513,"play_id":"f5d0d071-ee26-47f8-aaac-af796446a8ad","local_time":"20210102103821","is_ascension_mode":false,"campfire_choices":[{"floor":6.0,"key":"RECALL"},{"data":"theMarked:HeritageOfTheMarked","floor":8.0,"key":"SMITH"},{"data":"1","floor":10.0,"key":"LIFT"},{"data":"2","floor":12.0,"key":"LIFT"},{"data":"3","floor":15.0,"key":"LIFT"},{"data":"theMarked:MagicAdept","floor":23.0,"key":"SMITH"},{"data":"theMarked:KeepCalmAndFightOn","floor":25.0,"key":"SMITH"},{"floor":28.0,"key":"REST"},{"floor":32.0,"key":"REST"},{"data":"theMarked:DeterminationOfTheMarked","floor":40.0,"key":"SMITH"},{"floor":45.0,"key":"REST"},{"floor":47.0,"key":"REST"},{"data":"Dash","floor":49.0,"key":"SMITH"}],"circlet_count":0,"master_deck":["theMarked:Strike","theMarked:Defend","theMarked:SoldierOfQuellstein","theMarked:Frustration","Apotheosis+1","Dash+1","Escape Plan","theMarked:BanishingStrike","theMarked:HeritageOfTheMarked+1","theMarked:Improvise","theMarked:KeepCalmAndFightOn+1","theMarked:Static","theMarked:MagicAdept+1","theMarked:ContemptForTheProud","theMarked:Indomitable","theMarked:WardOff","Panacea","theMarked:Parkour","theMarked:HeightenedSenses","theMarked:AttractMetal","theMarked:EmpowerWeapon","theMarked:DeterminationOfTheMarked+1","theMarked:SwordAndMagic","Madness","Madness","theMarked:Electrocute+1"],"relics":["theMarked:BronzeBlade","AT_ATBox","NeowsBlessing","Girya","Philosopher\u0027s Stone","Meat on the Bone","OrangePellets","InkBottle","MawBank","Ornamental Fan","AT_RedTearstoneRing"],"acts_visited":["Exordium","TheCity","TheBeyond"],"potions_floor_usage":[50,50],"damage_taken":[{"damage":0.0,"enemies":"Jaw Worm","floor":1.0,"turns":1.0},{"damage":0.0,"enemies":"2 Louse","floor":5.0,"turns":1.0},{"damage":0.0,"enemies":"3 Sentries","floor":7.0,"turns":2.0},{"damage":0.0,"enemies":"Cultist","floor":9.0,"turns":5.0},{"damage":0.0,"enemies":"Cultist","floor":13.0,"turns":2.0},{"damage":0.0,"enemies":"3 Louse","floor":14.0,"turns":2.0},{"damage":28.0,"enemies":"Slime Boss","floor":16.0,"turns":7.0},{"damage":7.0,"enemies":"Shell Parasite","floor":18.0,"turns":4.0},{"damage":6.0,"enemies":"2 Thieves","floor":19.0,"turns":5.0},{"damage":3.0,"enemies":"2 Thieves","floor":26.0,"turns":5.0},{"damage":41.0,"enemies":"Slavers","floor":27.0,"turns":5.0},{"damage":18.0,"enemies":"2 Thieves","floor":29.0,"turns":4.0},{"damage":20.0,"enemies":"Snake Plant","floor":30.0,"turns":4.0},{"damage":20.0,"enemies":"Shelled Parasite and Fungi","floor":31.0,"turns":3.0},{"damage":6.0,"enemies":"Champ","floor":33.0,"turns":7.0},{"damage":3.0,"enemies":"3 Shapes","floor":35.0,"turns":3.0},{"damage":0.0,"enemies":"3 Darklings","floor":37.0,"turns":5.0},{"damage":2.0,"enemies":"Transient","floor":38.0,"turns":5.0},{"damage":47.0,"enemies":"Nemesis","floor":42.0,"turns":5.0},{"damage":12.0,"enemies":"Writhing Mass","floor":44.0,"turns":2.0},{"damage":5.0,"enemies":"Maw","floor":46.0,"turns":6.0},{"damage":9.0,"enemies":"Jaw Worm Horde","floor":48.0,"turns":3.0},{"damage":66,"enemies":"Donu and Deca","floor":50,"turns":5}],"seed_played":"5142143443538686135","potions_obtained":[{"floor":7.0,"key":"AttackPotion"},{"floor":14.0,"key":"Dexterity Potion"},{"floor":18.0,"key":"Strength Potion"},{"floor":44.0,"key":"Fruit Juice"}],"is_trial":false,"path_per_floor":["M","?","?","$","M","R","E","R","MIM","R","?","R","M","M","R","B",null,"M","MIM","?","$","?","R","?","R","MIM","E","R","M","M","M","R","B",null,"M","$","M","M","?","R","?","E","T","M","R","M","R","M","R","B"],"character_chosen":"THE_DEFAULT","items_purchased":["OrangePellets","theMarked:WardOff"],"campfire_rested":4,"item_purchase_floors":[21,21],"current_hp_per_floor":[70,70,70,70,70,70,70,70,70,70,70,70,70,70,70,42,70,63,57,57,57,57,57,57,57,54,25,46,40,32,24,45,39,70,67,67,67,65,56,56,56,21,21,26,48,43,65,56,56,0,0],"gold":200,"neow_bonus":"THREE_ENEMY_KILL","is_daily":false,"chose_seed":false,"campfire_upgraded":5,"win_rate":0.0,"timestamp":1609555101,"path_taken":["M","?","?","$","M","R","E","R","MIM","R","?","R","M","M","R","BOSS","M","?","?","$","?","R","?","R","MIM","E","R","M","M","?","R","BOSS","M","$","?","M","?","R","?","E","T","M","R","M","R","M","R","BOSS"],"items_purchased_type":["Relic","Card"],"build_version":"2020-12-22","purchased_purges":4,"victory":false,"max_hp_per_floor":[70,70,70,70,70,70,70,70,70,70,70,70,70,70,70,70,70,70,70,70,70,70,70,70,70,70,70,70,70,70,70,70,70,70,70,70,70,70,70,70,70,70,70,75,75,75,75,75,75,75,75],"card_choices":[{"not_picked":["theMarked:WastefulDefense","theMarked:LightningStrikesTwice"],"picked":"theMarked:Frustration","floor":1.0},{"not_picked":["theMarked:Panic","theMarked:EmpowerWeapon"],"picked":"theMarked:BanishingStrike","floor":5.0},{"not_picked":["theMarked:WastefulDefense","theMarked:BanishingWave"],"picked":"theMarked:HeritageOfTheMarked","floor":7.0},{"not_picked":["theMarked:TakeCover","theMarked:HeritageOfTheMarked"],"picked":"theMarked:Improvise","floor":9.0},{"not_picked":["theMarked:Electrocute","theMarked:ElectricStrings"],"picked":"theMarked:KeepCalmAndFightOn","floor":13.0},{"not_picked":["theMarked:UnarmedFury","theMarked:Frustration"],"picked":"theMarked:Static","floor":14.0},{"not_picked":["theMarked:BindingBlade","theMarked:Challenge"],"picked":"theMarked:MagicAdept","floor":16.0},{"not_picked":["theMarked:Improvise","theMarked:HeightenedSenses"],"picked":"theMarked:ContemptForTheProud","floor":18.0},{"not_picked":["theMarked:Seal","theMarked:Frustration"],"picked":"theMarked:Indomitable","floor":19.0},{"not_picked":["theMarked:Generate","theMarked:Opportunist"],"picked":"theMarked:HeightenedSenses","floor":26.0},{"not_picked":["theMarked:Frustration","theMarked:Levitate"],"picked":"theMarked:AttractMetal","floor":27.0},{"not_picked":["theMarked:TwofoldDefense","theMarked:BanishingStrike"],"picked":"theMarked:EmpowerWeapon","floor":29.0},{"not_picked":["theMarked:Indomitable+1","theMarked:WardOff+1","theMarked:ResourceFulStrike"],"picked":"SKIP","floor":30.0},{"not_picked":["theMarked:WastefulAttack","theMarked:ChainLightning"],"picked":"theMarked:DeterminationOfTheMarked","floor":31.0},{"not_picked":["theMarked:Parkour","theMarked:Improvise+1"],"picked":"theMarked:SwordAndMagic","floor":35.0},{"not_picked":["theMarked:EmpowerWeapon","theMarked:LightningStrikesTwice","theMarked:Frustration+1"],"picked":"SKIP","floor":37.0},{"not_picked":["theMarked:Static","theMarked:EmpowerWeapon","theMarked:BanishingStrike+1"],"picked":"SKIP","floor":38.0},{"not_picked":["theMarked:Electrify","theMarked:Levitate","theMarked:EmpowerWeapon+1"],"picked":"SKIP","floor":42.0},{"not_picked":["theMarked:Electrify","theMarked:ShockingTouch","theMarked:ChainLightning"],"picked":"SKIP","floor":44.0},{"not_picked":["theMarked:ResourceFulStrike+1","theMarked:TakeCover+1"],"picked":"theMarked:Electrocute+1","floor":46.0},{"not_picked":["theMarked:BanishingStrike","theMarked:Frustration+1","theMarked:WastefulAttack"],"picked":"SKIP","floor":48.0}],"player_experience":491042,"relics_obtained":[{"floor":7.0,"key":"Girya"},{"floor":19.0,"key":"Meat on the Bone"},{"floor":26.0,"key":"InkBottle"},{"floor":27.0,"key":"MawBank"},{"floor":42.0,"key":"Ornamental Fan"},{"floor":43.0,"key":"AT_RedTearstoneRing"}],"event_choices":[{"damage_healed":70.0,"max_hp_gain":0.0,"max_hp_loss":70.0,"gold_gain":0.0,"event_name":"betterThird:BetterShining","player_choice":"Embrace","floor":2.0,"gold_loss":0.0,"damage_taken":0.0},{"cards_removed":["Underhanded Strike"],"damage_healed":5.0,"max_hp_gain":0.0,"max_hp_loss":0.0,"gold_gain":0.0,"event_name":"Bonfire Elementals","player_choice":"Offered Common","floor":11.0,"gold_loss":0.0,"damage_taken":0.0},{"cards_removed":["Underhanded Strike"],"damage_healed":5.0,"max_hp_gain":0.0,"max_hp_loss":0.0,"gold_gain":0.0,"event_name":"Bonfire Elementals","player_choice":"Offered Special","floor":11.0,"gold_loss":0.0,"damage_taken":0.0},{"damage_healed":0.0,"max_hp_gain":0.0,"max_hp_loss":0.0,"gold_gain":0.0,"event_name":"The Joust","player_choice":"Bet on Murderer","floor":20.0,"gold_loss":50.0,"damage_taken":0.0},{"damage_healed":0.0,"max_hp_gain":0.0,"max_hp_loss":0.0,"gold_gain":0.0,"event_name":"Match and Keep!","player_choice":"2 cards matched","floor":22.0,"gold_loss":0.0,"damage_taken":0.0,"cards_obtained":["Panacea","theMarked:Parkour"]},{"damage_healed":0.0,"max_hp_gain":0.0,"max_hp_loss":0.0,"gold_gain":0.0,"event_name":"Lab","player_choice":"Got Potions","floor":24.0,"gold_loss":0.0,"damage_taken":0.0},{"damage_healed":0.0,"max_hp_gain":0.0,"max_hp_loss":0.0,"gold_gain":0.0,"event_name":"Winding Halls","player_choice":"Embrace Madness","floor":39.0,"gold_loss":0.0,"damage_taken":9.0,"cards_obtained":["Madness","Madness"]},{"damage_healed":0.0,"max_hp_gain":0.0,"max_hp_loss":0.0,"gold_gain":0.0,"event_name":"The Woman in Blue","player_choice":"Bought 0 Potions","floor":41.0,"gold_loss":0.0,"damage_taken":0.0}],"is_beta":false,"boss_relics":[{"not_picked":["Calling Bell","Runic Dome"],"picked":"Philosopher\u0027s Stone"},{"not_picked":["AT_MortalBlade","aspiration:DefectSkillbook"],"picked":"theMarked:BronzeBlade"}],"items_purged_floors":[4,21,36,36],"is_endless":false,"potions_floor_spawned":[7,14,18,30,31,37,38,44],"killed_by":"Donu and Deca","ascension_level":0}}