{"host":"8i4doyxqctgl5qb0","time":1609623348,"event":{"mods":["AchievementEnabler","BaseMod","Block Reminder","Colored Powertips","Downfall","Marisa£®ÏF”Í°°ƒß¿Ì…≥£©","Minty Spire (QoL Compilation)","Permanent Neow","Potion Indicator Mod","Rare Cards Sparkle","StSLib","SuperFastMode"],"gold_per_floor":[112,112,287,307,307,307,339,414,414,414,427,440,468,468,468,564,564,580,593,593,692,692,722,722,722,722,130,130,130,130,45,45,148,148,165,180,180,193,193,193,193,212,212,312,323,323,51,63,63,63],"floor_reached":51,"playtime":1990,"items_purged":["sneckomod:Bewildered"],"score":750,"play_id":"edf5886e-2498-4c8d-93a0-f424137e07e1","local_time":"20210103053548","is_ascension_mode":true,"campfire_choices":[{"data":"Armaments","floor":6.0,"key":"SMITH"},{"floor":10.0,"key":"REST"},{"floor":15.0,"key":"REST"},{"floor":24.0,"key":"REST"},{"floor":28.0,"key":"REST"},{"data":"Apotheosis","floor":30.0,"key":"SMITH"},{"data":"Demon Form","floor":32.0,"key":"SMITH"},{"floor":40.0,"key":"REST"},{"data":"Metallicize","floor":49,"key":"SMITH"}],"circlet_count":0,"master_deck":["Strike_R","Strike_R","Defend_R","Defend_R","Defend_R","Bash","Pummel","Armaments+1","Cleave","Spot Weakness","Sword Boomerang","Inflame","Blood for Blood","Demon Form+1","Ghostly Armor","Combust+1","Warcry+1","Apotheosis+1","Impervious","Shrug It Off","Reaper","Flame Barrier+1","Dropkick+1","Feel No Pain+1","Disarm","Sword Boomerang","Madness","Madness","Ghostly Armor+1","Reaper","Ghostly Armor","Blood for Blood+1","Metallicize+1","Bloodletting","Warcry+1"],"relics":["Black Blood","StoneCalendar","Juzu Bracelet","Thread and Needle","PreservedInsect","Omamori","Kunai","Toy Ornithopter","Nilry\u0027s Codex","Paper Frog","Astrolabe","Unceasing Top","WarpedTongs"],"acts_visited":["Exordium","TheCity","TheBeyond"],"potions_floor_usage":[45,47,50,50,50],"damage_taken":[{"damage":0.0,"enemies":"Small Slimes","floor":1.0,"turns":3.0},{"damage":5.0,"enemies":"2 Louse","floor":4.0,"turns":3.0},{"damage":22.0,"enemies":"3 Sentries","floor":7.0,"turns":7.0},{"damage":2.0,"enemies":"Jaw Worm","floor":11.0,"turns":4.0},{"damage":12.0,"enemies":"3 Louse","floor":12.0,"turns":3.0},{"damage":21.0,"enemies":"Gremlin Nob","floor":13.0,"turns":5.0},{"damage":42.0,"enemies":"The Guardian","floor":16.0,"turns":8.0},{"damage":23.0,"enemies":"Chosen","floor":18.0,"turns":6.0},{"damage":28.0,"enemies":"3 Byrds","floor":19.0,"turns":6.0},{"damage":29.0,"enemies":"Gremlin Leader","floor":23.0,"turns":6.0},{"damage":20.0,"enemies":"Collector","floor":33.0,"turns":8.0},{"damage":35.0,"enemies":"Orb Walker","floor":35.0,"turns":6.0},{"damage":42.0,"enemies":"3 Darklings","floor":36.0,"turns":6.0},{"damage":38.0,"enemies":"4 Shapes","floor":38.0,"turns":7.0},{"damage":42.0,"enemies":"Jaw Worm Horde","floor":42.0,"turns":6.0},{"damage":4,"enemies":"3 Darklings","floor":45,"turns":7},{"damage":27,"enemies":"Maw","floor":48,"turns":9},{"damage":47,"enemies":"Time Eater","floor":50,"turns":13}],"seed_played":"1959667948451732754","potions_obtained":[{"floor":1.0,"key":"Swift Potion"},{"floor":7.0,"key":"HeartOfIron"},{"floor":16.0,"key":"Guardian:BlockOnCardUsePotion"},{"floor":18.0,"key":"HeartOfIron"},{"floor":33.0,"key":"CultistPotion"},{"floor":42.0,"key":"Fire Potion"},{"floor":45,"key":"BloodPotion"}],"is_trial":false,"path_per_floor":["M","?","?","M","?","R","E","?","T","R","M","M","E","?","R","B",null,"M","M","?","?","?","E","R","?","T","$","R","?","R","?","R","B",null,"M","M","?","M","?","R","?","M","T","?","M","?","$","M","R","B",null],"character_chosen":"IRONCLAD","items_purchased":["Toy Ornithopter","Apotheosis","Impervious","Shrug It Off","Metallicize","CultistPotion","Dexterity Potion","Bloodletting"],"campfire_rested":5,"item_purchase_floors":[27,27,27,27,47,47,47,47],"current_hp_per_floor":[80,68,68,69,62,62,46,35,35,59,63,57,42,42,66,30,80,69,53,53,53,53,36,60,45,45,45,70,54,54,54,54,56,85,62,65,54,28,28,53,53,23,23,23,48,48,70,63,63,85],"gold":63,"neow_bonus":"ONE_RARE_RELIC","is_daily":false,"chose_seed":false,"campfire_upgraded":4,"win_rate":0.0,"timestamp":1609623348,"path_taken":["M","?","?","M","?","R","E","?","T","R","M","M","E","?","R","BOSS","M","M","?","?","?","E","R","?","T","$","R","?","R","?","R","BOSS","M","M","?","M","?","R","?","M","T","?","M","?","?","M","R","BOSS"],"items_purchased_type":["Relic","Card","Card","Card","Card","Potion","Potion","Card"],"build_version":"2020-12-22","purchased_purges":1,"victory":true,"max_hp_per_floor":[80,80,80,80,80,80,80,80,80,80,80,80,80,80,80,80,80,80,80,80,80,80,80,80,85,85,85,85,85,85,85,85,85,85,85,85,85,85,85,85,85,85,85,85,85,85,85,85,85,85],"card_choices":[{"not_picked":["Blood for Blood","True Grit"],"picked":"Pummel","floor":1.0},{"not_picked":["Anger","Iron Wave"],"picked":"Armaments","floor":4.0},{"not_picked":["Feel No Pain","Iron Wave"],"picked":"Cleave","floor":7.0},{"not_picked":["Armaments","Pummel"],"picked":"Spot Weakness","floor":11.0},{"not_picked":["Hemokinesis","Heavy Blade"],"picked":"Sword Boomerang","floor":12.0},{"not_picked":["Sword Boomerang","Infernal Blade"],"picked":"Inflame","floor":13.0},{"not_picked":["Limit Break","Reaper"],"picked":"Demon Form","floor":16.0},{"not_picked":["Power Through","Warcry"],"picked":"Ghostly Armor","floor":18.0},{"not_picked":["Body Slam","Intimidate"],"picked":"Combust+1","floor":19.0},{"not_picked":["Body Slam","Sever Soul+1"],"picked":"Warcry+1","floor":23.0},{"not_picked":["Limit Break","Offering"],"picked":"Reaper","floor":33.0},{"not_picked":["Clothesline","Shrug It Off+1"],"picked":"Disarm","floor":35.0},{"not_picked":["Twin Strike","Headbutt+1"],"picked":"Sword Boomerang","floor":36.0},{"not_picked":["Dark Embrace+1","Armaments"],"picked":"Ghostly Armor+1","floor":38.0},{"not_picked":["Clash","Anger"],"picked":"Ghostly Armor","floor":42.0},{"not_picked":["Flex","Armaments"],"picked":"Blood for Blood+1","floor":45},{"not_picked":["Iron Wave","Reckless Charge+1"],"picked":"Warcry+1","floor":48}],"player_experience":31523,"relics_obtained":[{"floor":7.0,"key":"Thread and Needle"},{"floor":13.0,"key":"PreservedInsect"},{"floor":23.0,"key":"Omamori"},{"floor":26.0,"key":"Kunai"},{"floor":29.0,"key":"Nilry\u0027s Codex"},{"floor":43.0,"key":"Unceasing Top"}],"event_choices":[{"damage_healed":0.0,"max_hp_gain":0.0,"max_hp_loss":0.0,"gold_gain":0.0,"event_name":"Scrap Ooze","player_choice":"Success","floor":2.0,"gold_loss":0.0,"damage_taken":12.0,"relics_obtained":["Juzu Bracelet"]},{"damage_healed":0.0,"max_hp_gain":0.0,"max_hp_loss":0.0,"gold_gain":175.0,"event_name":"Liars Game","player_choice":"AGREE","floor":3.0,"gold_loss":0.0,"damage_taken":0.0,"cards_obtained":["Doubt"]},{"cards_removed":["Doubt"],"damage_healed":0.0,"max_hp_gain":0.0,"max_hp_loss":0.0,"gold_gain":0.0,"event_name":"Golden Wing","player_choice":"Card Removal","floor":5.0,"gold_loss":0.0,"damage_taken":7.0},{"damage_healed":0.0,"max_hp_gain":0.0,"max_hp_loss":0.0,"gold_gain":75.0,"event_name":"World of Goop","player_choice":"Gather Gold","floor":8.0,"gold_loss":0.0,"damage_taken":11.0},{"damage_healed":0.0,"max_hp_gain":0.0,"max_hp_loss":0.0,"gold_gain":0.0,"cards_transformed":["Strike_R"],"event_name":"Transmorgrifier","player_choice":"Transformed","floor":14.0,"gold_loss":0.0,"damage_taken":0.0,"cards_obtained":["Blood for Blood"]},{"damage_healed":0.0,"max_hp_gain":0.0,"max_hp_loss":0.0,"gold_gain":0.0,"event_name":"Ghosts","player_choice":"Ignored","floor":20.0,"gold_loss":0.0,"damage_taken":0.0},{"damage_healed":0.0,"max_hp_gain":0.0,"max_hp_loss":0.0,"gold_gain":99.0,"event_name":"Nest","player_choice":"Stole From Cult","floor":21.0,"gold_loss":0.0,"damage_taken":0.0},{"damage_healed":0.0,"max_hp_gain":0.0,"max_hp_loss":0.0,"gold_gain":0.0,"event_name":"Lab","player_choice":"Got Potions","floor":22.0,"gold_loss":0.0,"damage_taken":0.0},{"damage_healed":0.0,"max_hp_gain":5.0,"max_hp_loss":0.0,"gold_gain":0.0,"event_name":"Forgotten Altar","player_choice":"Shed Blood","floor":25.0,"gold_loss":0.0,"damage_taken":20.0},{"damage_healed":0.0,"max_hp_gain":0.0,"max_hp_loss":0.0,"gold_gain":0.0,"event_name":"Cursed Tome","player_choice":"Obtained Book","floor":29.0,"gold_loss":0.0,"damage_taken":16.0},{"damage_healed":0.0,"max_hp_gain":0.0,"max_hp_loss":0.0,"gold_gain":0.0,"event_name":"Addict","player_choice":"Obtained Relic","floor":31.0,"gold_loss":85.0,"damage_taken":0.0,"relics_obtained":["Paper Frog"]},{"damage_healed":0.0,"max_hp_gain":0.0,"max_hp_loss":0.0,"gold_gain":0.0,"event_name":"Winding Halls","player_choice":"Embrace Madness","floor":37.0,"gold_loss":0.0,"damage_taken":11.0,"cards_obtained":["Madness","Madness"]},{"damage_healed":0.0,"max_hp_gain":0.0,"max_hp_loss":0.0,"gold_gain":0.0,"event_name":"Duplicator","player_choice":"Copied","floor":39.0,"gold_loss":0.0,"damage_taken":0.0,"cards_obtained":["Reaper"]},{"damage_healed":0.0,"max_hp_gain":0.0,"max_hp_loss":0.0,"gold_gain":0.0,"event_name":"Mysterious Sphere","player_choice":"Ignored","floor":41.0,"gold_loss":0.0,"damage_taken":0.0},{"damage_healed":0.0,"max_hp_gain":0.0,"max_hp_loss":0.0,"gold_gain":100.0,"event_name":"Golden Shrine","player_choice":"Pray","floor":44.0,"gold_loss":0.0,"damage_taken":0.0},{"damage_healed":0,"gold_gain":0,"player_choice":"Rummage","damage_taken":0,"relics_obtained":["WarpedTongs"],"max_hp_gain":0,"max_hp_loss":0,"event_name":"Accursed Blacksmith","floor":46,"gold_loss":0,"cards_obtained":["Pain"]}],"is_beta":false,"boss_relics":[{"not_picked":["Sozu","Busted Crown"],"picked":"Black Blood"},{"not_picked":["Cursed Key","Fusion Hammer"],"picked":"Astrolabe"}],"items_purged_floors":[27],"is_endless":false,"potions_floor_spawned":[1,7,16,18,33,42,45,48],"ascension_level":1}}