{"host":"1hyzy7ndnud2osw4","time":1609609952,"event":{"mods":["2.2 Compatiblity","Act Like it!","Arknights The Spire","Art Attack!","Aspiration","Astrologer","Bard","BaseMod","Beaked The Cultist","Better Third Choice","BetterRewards","Colored Powertips","Conspire","Decade(èÝá³Ù¥)","Dota2Spire","Elementarium","Gensokyo","GifTheSpireLib","GungeonMod","Hallownest","Hermit","Highlight Path","Hubris","Infinite Spire","Jorbs\u0027s Wanderer Trilogy","KinomotoSakuraMod(ÙÊñýÜâ?)","Koishi","KomeijiMod","Lobotomy","Menagerie","Minty Spire (QoL Compilation)","Quick Restart","SOS£¨ÞÙ÷é?ñýí­£©","Shop Mod","Spicy Shops","StSLib","The Administrix","The Bladedancer","The Bug Knight","The Construct","The Cursed","The Death Knight","The Disciple","The Dragon Tamer","The Factory","The Forsaken","The Gatherer","The Hierophant","The Jungle","The Marked","The Poker Player","The Runesmith","The Sage","The Senshi","The Wild Card","Uncapped","WarShipGirlsR/??á´Ò³R mod","Yuri Mod","Yuyuko","[IsaacMod]ì¤ß®ôÓ÷²"],"gold_per_floor":[115,125,125,145,160,160,160],"floor_reached":6,"playtime":843,"items_purged":[],"score":38,"play_id":"44461eff-a003-41e7-a1e6-131f2c0f3664","local_time":"20210103025232","daily_mods":["Draft","Heirloom","Time Dilation","DeadlyEvents","Elite Swarm"],"is_ascension_mode":false,"campfire_choices":[],"circlet_count":0,"master_deck":["conspire:SharedLibrary","BootSequence","Conserve Battery","Hello World","Hologram","Aggregate","Self Repair","Barrage","Cold Snap","Cold Snap","Rebound","Glacier","Ball Lightning","Loop","Static Discharge","Consume","Coolheaded","Compile Driver","Static Discharge"],"relics":["Cracked Core","HushsDoor","DemoMod:Relodestone","TheBible","DemoMod:GlassGuonStoneRelic"],"acts_visited":["Exordium"],"potions_floor_usage":[5,6],"damage_taken":[{"damage":0,"enemies":"Cultist","floor":1,"turns":3},{"damage":1,"enemies":"Jaw Worm","floor":2,"turns":2},{"damage":0,"enemies":"conspire:RoseBush","floor":4,"turns":4},{"damage":0,"enemies":"conspire:2 RoseBushes","floor":5,"turns":3},{"damage":0,"enemies":"HollowMod:MossKnight","floor":6,"turns":6}],"seed_played":"6741667130999662151","potions_obtained":[{"floor":2,"key":"Fire Potion"},{"floor":4,"key":"Swift Potion"},{"floor":5,"key":"Explosive Potion"}],"is_trial":true,"path_per_floor":["M","M","?","M","M","E"],"character_chosen":"DEFECT","items_purchased":[],"campfire_rested":0,"item_purchase_floors":[],"current_hp_per_floor":[75,74,74,74,74,74,74],"gold":160,"neow_bonus":"","is_daily":false,"chose_seed":false,"campfire_upgraded":0,"win_rate":0.0,"timestamp":1609609952,"path_taken":["M","?","?","M","M","E"],"items_purchased_type":[],"build_version":"2020-12-22","purchased_purges":0,"victory":false,"max_hp_per_floor":[75,75,75,75,75,75,75],"card_choices":[{"not_picked":["Distribution","Barrage"],"picked":"conspire:SharedLibrary","floor":0},{"not_picked":["Sweeping Beam","Reprogram"],"picked":"BootSequence","floor":0},{"not_picked":["Go for the Eyes","Rebound"],"picked":"Conserve Battery","floor":0},{"not_picked":["FTL","White Noise"],"picked":"Hello World","floor":0},{"not_picked":["Steam","Compile Driver"],"picked":"Hologram","floor":0},{"not_picked":["Biased Cognition","Fusion"],"picked":"Aggregate","floor":0},{"not_picked":["Coolheaded","Go for the Eyes"],"picked":"Self Repair","floor":0},{"not_picked":["Streamline","Go for the Eyes"],"picked":"Barrage","floor":0},{"not_picked":["Compile Driver","Melter"],"picked":"Cold Snap","floor":0},{"not_picked":["Glacier","Rip and Tear"],"picked":"Cold Snap","floor":0},{"not_picked":["Turbo","Gash"],"picked":"Rebound","floor":0},{"not_picked":["Leap","Blizzard"],"picked":"Glacier","floor":0},{"not_picked":["Scrape","Cold Snap"],"picked":"Ball Lightning","floor":0},{"not_picked":["Leap","Static Discharge"],"picked":"Loop","floor":0},{"not_picked":["Ball Lightning","Stack"],"picked":"Static Discharge","floor":0},{"not_picked":["Conserve Battery","Cold Snap"],"picked":"Consume","floor":1},{"not_picked":["hubris:Prefetch","Cold Snap"],"picked":"Coolheaded","floor":2},{"not_picked":["Auto Shields","Cancel"],"picked":"Compile Driver","floor":4},{"not_picked":["hubris:Ukulele","Hologram"],"picked":"Static Discharge","floor":5}],"player_experience":1002329,"relics_obtained":[],"event_choices":[],"is_beta":false,"boss_relics":[],"items_purged_floors":[],"is_endless":false,"potions_floor_spawned":[2,4,5],"killed_by":"HollowMod:MossKnight","ascension_level":0}}