{"host":"nqsrckqog5ia9mbo","time":1609596296,"event":{"mods":["AchievementEnabler","BaseMod","Colored Map","Highlight Path","Minty Spire (QoL Compilation)"],"gold_per_floor":[116,135,60,10,10,39,39,64,64,95,113,113,113,130,130,227,227,240,258,308,6,22,22,55,204,204,215,227,81,81,99,99,201,201,212,262,278,7,57,88,88,119,189,254,304,304,403,414,414,414,414],"floor_reached":50,"playtime":5577,"items_purged":["Strike_R","Defend_R","Strike_R+1"],"score":638,"play_id":"8c43d0a6-5347-4df0-95ec-e385c34ffc4a","local_time":"20210102150456","is_ascension_mode":false,"campfire_choices":[{"data":"Iron Wave","floor":7,"key":"SMITH"},{"data":"True Grit","floor":15,"key":"SMITH"},{"data":"Body Slam","floor":23,"key":"SMITH"},{"data":"Iron Wave","floor":30,"key":"SMITH"},{"floor":32,"key":"REST"},{"data":"Entrench","floor":41,"key":"SMITH"},{"data":"1","floor":46,"key":"LIFT"},{"data":"2","floor":49,"key":"LIFT"}],"circlet_count":0,"master_deck":["Defend_R","Defend_R","Defend_R","Body Slam+1","Iron Wave+1","True Grit+1","Double Tap","Flame Barrier+1","Body Slam+1","Armaments+1","Shockwave+1","Iron Wave+1","Shrug It Off","Offering","Entrench+1","Shrug It Off+1","Shrug It Off+1","Armaments+1"],"relics":["Black Blood","Pear","Incense Burner","Pantograph","Unceasing Top","SsserpentHead","Empty Cage","Lee\u0027s Waffle","Ornamental Fan","Bottled Lightning","Bronze Scales","ClockworkSouvenir","Calipers","Eternal Feather","Girya","Letter Opener","Dead Branch"],"acts_visited":["Exordium","TheCity","TheBeyond"],"potions_floor_usage":[10,16,16,19,22,22,40,47,47,48],"damage_taken":[{"damage":2,"enemies":"2 Louse","floor":1,"turns":4},{"damage":2,"enemies":"Small Slimes","floor":2,"turns":5},{"damage":22,"enemies":"Gremlin Nob","floor":6,"turns":5},{"damage":12,"enemies":"3 Sentries","floor":8,"turns":10},{"damage":6,"enemies":"Lagavulin","floor":10,"turns":7},{"damage":0,"enemies":"Cultist","floor":11,"turns":3},{"damage":0,"enemies":"2 Fungi Beasts","floor":14,"turns":3},{"damage":77,"enemies":"Slime Boss","floor":16,"turns":26},{"damage":0,"enemies":"3 Byrds","floor":18,"turns":8},{"damage":66,"enemies":"Chosen","floor":19,"turns":11},{"damage":14,"enemies":"3 Cultists","floor":22,"turns":6},{"damage":40,"enemies":"Slavers","floor":24,"turns":9},{"damage":16,"enemies":"Snecko","floor":27,"turns":7},{"damage":10,"enemies":"Snake Plant","floor":28,"turns":3},{"damage":5,"enemies":"3 Cultists","floor":31,"turns":7},{"damage":29,"enemies":"Automaton","floor":33,"turns":13},{"damage":18,"enemies":"3 Darklings","floor":35,"turns":8},{"damage":1,"enemies":"Orb Walker","floor":37,"turns":4},{"damage":75,"enemies":"Reptomancer","floor":40,"turns":14},{"damage":6,"enemies":"Giant Head","floor":42,"turns":5},{"damage":1,"enemies":"Spire Growth","floor":44,"turns":4},{"damage":34,"enemies":"2 Orb Walkers","floor":47,"turns":7},{"damage":13,"enemies":"Transient","floor":48,"turns":5},{"damage":113,"enemies":"Donu and Deca","floor":50,"turns":14}],"seed_played":"-8983252799970195123","potions_obtained":[{"floor":2,"key":"BloodPotion"},{"floor":8,"key":"SpeedPotion"},{"floor":10,"key":"Fire Potion"},{"floor":11,"key":"Energy Potion"},{"floor":16,"key":"Explosive Potion"},{"floor":18,"key":"BlessingOfTheForge"},{"floor":27,"key":"Dexterity Potion"},{"floor":28,"key":"Weak Potion"},{"floor":33,"key":"BloodPotion"},{"floor":37,"key":"BloodPotion"},{"floor":44,"key":"Energy Potion"},{"floor":47,"key":"LiquidMemories"}],"is_trial":false,"path_per_floor":["M","M","$","?","?","E","R","E","T","E","M","?","?","M","R","B",null,"M","M","?","$","M","R","E","?","T","M","M","$","R","M","R","B",null,"M","?","M","$","?","E","R","E","T","M","?","R","?","M","R","B"],"character_chosen":"IRONCLAD","items_purchased":["Body Slam","Lee\u0027s Waffle","Bronze Scales","Iron Wave","ClockworkSouvenir"],"campfire_rested":1,"item_purchase_floors":[21,21,29,29,38],"current_hp_per_floor":[88,88,88,88,70,64,64,58,58,58,64,64,64,70,70,24,98,98,57,57,105,97,97,63,63,63,53,49,49,49,50,81,82,105,99,99,105,105,105,42,51,57,57,68,68,77,75,74,83,0,0],"gold":414,"neow_bonus":"TEN_PERCENT_HP_BONUS","is_daily":false,"chose_seed":false,"campfire_upgraded":5,"win_rate":0.0,"timestamp":1609596296,"path_taken":["M","M","$","?","?","E","R","E","T","E","M","?","?","M","R","BOSS","M","M","?","$","M","R","E","?","T","M","M","?","R","M","R","BOSS","M","?","M","$","?","E","R","E","T","?","?","R","?","M","R","BOSS"],"items_purchased_type":["Card","Relic","Relic","Card","Relic"],"build_version":"2020-12-22","purchased_purges":3,"victory":false,"max_hp_per_floor":[88,88,88,88,88,98,98,98,98,98,98,98,98,98,98,98,98,98,98,98,105,105,105,105,105,105,105,105,105,105,105,105,105,105,105,105,105,105,105,105,105,105,105,105,100,100,100,100,100,100,100],"card_choices":[{"not_picked":["Shrug It Off","Heavy Blade"],"picked":"Body Slam","floor":1},{"not_picked":["Pommel Strike","Disarm"],"picked":"Iron Wave","floor":2},{"not_picked":["Sever Soul","Thunderclap","Rage"],"picked":"SKIP","floor":6},{"not_picked":["Disarm","Clash","Anger"],"picked":"SKIP","floor":8},{"not_picked":["Rampage","Bludgeon","Rage"],"picked":"SKIP","floor":10},{"not_picked":["Carnage","Pommel Strike"],"picked":"True Grit","floor":11},{"not_picked":["Clash","Rupture","Pommel Strike"],"picked":"SKIP","floor":14},{"not_picked":["Exhume","Offering"],"picked":"Double Tap","floor":16},{"not_picked":["True Grit","Cleave+1","Rampage+1"],"picked":"SKIP","floor":18},{"not_picked":["Wild Strike+1","Cleave"],"picked":"Flame Barrier+1","floor":19},{"not_picked":["Clash","Havoc"],"picked":"Armaments+1","floor":22},{"not_picked":["Blood for Blood","Warcry","Intimidate"],"picked":"SKIP","floor":24},{"not_picked":["Spot Weakness","Corruption"],"picked":"Shockwave+1","floor":27},{"not_picked":["Rupture","Anger","Pommel Strike"],"picked":"SKIP","floor":28},{"not_picked":["Thunderclap+1","Reaper"],"picked":"Shrug It Off","floor":31},{"not_picked":["Corruption","Double Tap"],"picked":"Offering","floor":33},{"not_picked":["Clash","Feel No Pain+1","Warcry"],"picked":"SKIP","floor":35},{"not_picked":["Infernal Blade","Wild Strike"],"picked":"Entrench","floor":37},{"not_picked":["Pommel Strike+1","Headbutt"],"picked":"Shrug It Off+1","floor":40},{"not_picked":["Burning Pact","Armaments+1"],"picked":"Shrug It Off+1","floor":42},{"not_picked":["Dropkick","True Grit","Clothesline+1"],"picked":"SKIP","floor":44},{"not_picked":["Sentinel","Blood for Blood"],"picked":"Armaments+1","floor":47},{"not_picked":["Shockwave+1","Searing Blow+1","Headbutt"],"picked":"SKIP","floor":48}],"player_experience":73321,"relics_obtained":[{"floor":6,"key":"Pear"},{"floor":8,"key":"Incense Burner"},{"floor":9,"key":"Pantograph"},{"floor":10,"key":"Unceasing Top"},{"floor":24,"key":"Ornamental Fan"},{"floor":26,"key":"Bottled Lightning"},{"floor":40,"key":"Eternal Feather"},{"floor":42,"key":"Girya"},{"floor":43,"key":"Letter Opener"},{"floor":47,"key":"Dead Branch"}],"event_choices":[{"cards_removed":["Bash"],"damage_healed":0,"gold_gain":0,"player_choice":"Card Removal","damage_taken":0,"max_hp_gain":0,"max_hp_loss":0,"event_name":"The Cleric","floor":4,"gold_loss":50},{"damage_healed":0,"gold_gain":0,"player_choice":"Entered Light","damage_taken":18,"max_hp_gain":0,"max_hp_loss":0,"event_name":"Shining Light","floor":5,"gold_loss":0,"cards_upgraded":["Strike_R","Body Slam"]},{"cards_removed":["Strike_R"],"damage_healed":0,"gold_gain":0,"player_choice":"Forget","damage_taken":0,"max_hp_gain":0,"max_hp_loss":0,"event_name":"Living Wall","floor":12,"gold_loss":0},{"damage_healed":0,"gold_gain":0,"player_choice":"Trade","damage_taken":0,"relics_obtained":["SsserpentHead"],"max_hp_gain":0,"max_hp_loss":0,"event_name":"FaceTrader","floor":13,"gold_loss":0},{"damage_healed":0,"gold_gain":0,"player_choice":"Ignored","damage_taken":0,"max_hp_gain":0,"max_hp_loss":0,"event_name":"Vampires","floor":20,"gold_loss":0},{"damage_healed":0,"gold_gain":99,"player_choice":"Stole From Cult","damage_taken":0,"max_hp_gain":0,"max_hp_loss":0,"event_name":"Nest","floor":25,"gold_loss":0},{"damage_healed":0,"gold_gain":0,"player_choice":"Ignored","damage_taken":0,"max_hp_gain":0,"max_hp_loss":0,"event_name":"Tomb of Lord Red Mask","floor":36,"gold_loss":0},{"damage_healed":0,"gold_gain":0,"player_choice":"Gave Potion","damage_taken":0,"relics_obtained":["Calipers"],"max_hp_gain":0,"max_hp_loss":0,"event_name":"WeMeetAgain","floor":39,"gold_loss":0},{"damage_healed":0,"gold_gain":0,"player_choice":"Max HP","damage_taken":0,"max_hp_gain":0,"max_hp_loss":5,"event_name":"Winding Halls","floor":45,"gold_loss":0},{"damage_healed":0,"gold_gain":0,"player_choice":"Fight","damage_taken":0,"max_hp_gain":0,"max_hp_loss":0,"event_name":"Mysterious Sphere","floor":47,"gold_loss":0}],"is_beta":false,"boss_relics":[{"not_picked":["Coffee Dripper","Tiny House"],"picked":"Empty Cage"},{"not_picked":["SacredBark","Velvet Choker"],"picked":"Black Blood"}],"items_purged_floors":[3,21,38],"is_endless":false,"potions_floor_spawned":[2,8,10,11,16,18,27,28,33,37,44,47],"killed_by":"Donu and Deca","ascension_level":0}}