{"host":"l12hrjjiowxu1z6t","time":1609611180,"event":{"mods":["AchievementEnabler","BaseMod","Colored Map","Colored Powertips","Highlight Path","Minty Spire (QoL Compilation)","Relic Stats"],"gold_per_floor":[118,118,43,55,69,69,69,103,154,154,54,85,114,140,140,235,235,252,68,98,98,133,133,133,133,133,152,152,183,102,121,121,222,222,234,37,37,37,37,62,94,94,94,94,111,130,161,176,176,273,273,289,309,309,112,139,139,170,170,248,266,24,24,39,58,58,162,162,175,375,410,445,462,462,475,502,530,540,97,110,122,149,149,253,253,268,285,303,321,321,336,336,365,390,44,55,71,86,98,98,195,245,260,273,284,284,82,112,137,137,172,188,203,217,229,240,252,368,380,412,434,457,9,24,35,348,363,392,392,406,102,135,153,153,248,248,259,271,289,289,303,303,320,330,359,359,370,320,270,299,299,396,396,396,396],"floor_reached":154,"playtime":4991,"items_purged":["Slice","Infinite Blades+1","After Image","Deflect+1","Burst+1","Reflex+1","Wraith Form v2+1"],"score":5158,"play_id":"2ebda0c2-bc12-4686-9989-07c8b71e5b9c","local_time":"20210102181300","daily_mods":["SealedDeck","Vintage","Heirloom","Flight","DeadlyEvents","Lethality"],"is_ascension_mode":false,"campfire_choices":[{"data":"Blade Dance","floor":6.0,"key":"SMITH"},{"data":"Terror","floor":7.0,"key":"SMITH"},{"data":"Infinite Blades","floor":10.0,"key":"SMITH"},{"data":"1","floor":15.0,"key":"LIFT"},{"data":"2","floor":23.0,"key":"LIFT"},{"data":"3","floor":24.0,"key":"LIFT"},{"data":"Finisher","floor":28.0,"key":"SMITH"},{"data":"Accuracy","floor":32.0,"key":"SMITH"},{"data":"Blade Dance","floor":44.0,"key":"SMITH"},{"data":"Burst","floor":49.0,"key":"SMITH"},{"data":"Tactician","floor":57.0,"key":"SMITH"},{"data":"Reflex","floor":59.0,"key":"SMITH"},{"data":"Acrobatics","floor":63.0,"key":"SMITH"},{"floor":66.0,"key":"REST"},{"floor":74.0,"key":"REST"},{"floor":83.0,"key":"REST"},{"floor":92.0,"key":"REST"},{"floor":100.0,"key":"REST"},{"floor":110.0,"key":"REST"},{"floor":117.0,"key":"REST"},{"floor":134.0,"key":"DIG"},{"floor":142,"key":"DIG"},{"floor":146,"key":"DIG"},{"floor":151,"key":"DIG"}],"circlet_count":12,"master_deck":["Acrobatics+1","Terror+1","Blade Dance+1","Cloak And Dagger+1","Blade Dance+1","CurseOfTheBell","Finisher+1","Dagger Spray+1","Accuracy+1","Tactician+1","Accuracy+1"],"relics":["Unceasing Top","Tingsha","Strawberry","Shuriken","Anchor","Toy Ornithopter","Bronze Scales","War Paint","Happy Flower","Girya","Turnip","Calling Bell","Lantern","Pantograph","Torii","Ornamental Fan","Tiny Chest","Red Mask","Paper Crane","Meat on the Bone","Gambling Chip","Letter Opener","Boot","Sundial","Sozu","Akabeko","Gremlin Horn","MealTicket","The Courier","Frozen Egg 2","Potion Belt","PreservedInsect","Bird Faced Urn","Du-Vu Doll","Busted Crown","Regal Pillow","Bag of Preparation","Ninja Scroll","HornCleat","Lizard Tail","ClockworkSouvenir","Nunchaku","CeramicFish","SlaversCollar","StrikeDummy","Orichalcum","Singing Bowl","InkBottle","Bottled Flame","Pen Nib","Dream Catcher","Toxic Egg 2","Kunai","WristBlade","Snake Skull","TungstenRod","Vajra","Oddly Smooth Stone","Blood Vial","Omamori","TwistedFunnel","Whetstone","Bottled Tornado","Blue Candle","Ginger","Eternal Feather","Tiny House","FossilizedHelix","Calipers","Smiling Mask","Centennial Puzzle","Mercury Hourglass","Matryoshka","Molten Egg 2","Art of War","Mummified Hand","MawBank","Philosopher\u0027s Stone","White Beast Statue","Ancient Tea Set","CaptainsWheel","Membership Card","Darkstone Periapt","Bottled Lightning","Pear","Prayer Wheel","Mango","Old Coin","Thread and Needle","Dead Branch","Shovel","TheAbacus","Ice Cream","Circlet","Coffee Dripper","HoveringKite"],"acts_visited":["Exordium","TheCity","TheBeyond","Exordium","TheCity","TheBeyond","Exordium","TheCity","TheBeyond","Exordium"],"potions_floor_usage":[],"damage_taken":[{"damage":0.0,"enemies":"2 Louse","floor":1.0,"turns":1.0},{"damage":0.0,"enemies":"Cultist","floor":4.0,"turns":2.0},{"damage":0.0,"enemies":"Small Slimes","floor":5.0,"turns":2.0},{"damage":0.0,"enemies":"Gremlin Nob","floor":8.0,"turns":1.0},{"damage":5.0,"enemies":"3 Sentries","floor":12.0,"turns":3.0},{"damage":0.0,"enemies":"Lagavulin","floor":13.0,"turns":2.0},{"damage":0.0,"enemies":"Gremlin Nob","floor":14.0,"turns":2.0},{"damage":37.0,"enemies":"Hexaghost","floor":16.0,"turns":3.0},{"damage":0.0,"enemies":"3 Byrds","floor":18.0,"turns":2.0},{"damage":0.0,"enemies":"Masked Bandits","floor":20.0,"turns":1.0},{"damage":0.0,"enemies":"Book of Stabbing","floor":22.0,"turns":2.0},{"damage":0.0,"enemies":"Shell Parasite","floor":27.0,"turns":1.0},{"damage":0.0,"enemies":"Gremlin Leader","floor":29.0,"turns":1.0},{"damage":0.0,"enemies":"Snecko","floor":31.0,"turns":1.0},{"damage":0.0,"enemies":"Champ","floor":33.0,"turns":2.0},{"damage":0.0,"enemies":"Orb Walker","floor":35.0,"turns":1.0},{"damage":0.0,"enemies":"Reptomancer","floor":40.0,"turns":1.0},{"damage":0.0,"enemies":"Nemesis","floor":41.0,"turns":1.0},{"damage":0.0,"enemies":"3 Darklings","floor":45.0,"turns":1.0},{"damage":0.0,"enemies":"Jaw Worm Horde","floor":46.0,"turns":1.0},{"damage":0.0,"enemies":"Reptomancer","floor":47.0,"turns":1.0},{"damage":0.0,"enemies":"Transient","floor":48.0,"turns":3.0},{"damage":0.0,"enemies":"Awakened One","floor":50.0,"turns":2.0},{"damage":0.0,"enemies":"Small Slimes","floor":52.0,"turns":1.0},{"damage":0.0,"enemies":"2 Louse","floor":53.0,"turns":1.0},{"damage":0.0,"enemies":"Lagavulin","floor":56.0,"turns":2.0},{"damage":0.0,"enemies":"Gremlin Nob","floor":58.0,"turns":1.0},{"damage":0.0,"enemies":"Cultist","floor":61.0,"turns":1.0},{"damage":0.0,"enemies":"Red Slaver","floor":64.0,"turns":1.0},{"damage":0.0,"enemies":"Exordium Wildlife","floor":65.0,"turns":1.0},{"damage":0.0,"enemies":"The Guardian","floor":67.0,"turns":2.0},{"damage":0.0,"enemies":"3 Byrds","floor":69.0,"turns":1.0},{"damage":0.0,"enemies":"Slavers","floor":71.0,"turns":1.0},{"damage":0.0,"enemies":"Book of Stabbing","floor":72.0,"turns":1.0},{"damage":0.0,"enemies":"Shell Parasite","floor":73.0,"turns":1.0},{"damage":0.0,"enemies":"Shelled Parasite and Fungi","floor":75.0,"turns":1.0},{"damage":0.0,"enemies":"Slavers","floor":76.0,"turns":1.0},{"damage":0.0,"enemies":"Book of Stabbing","floor":77.0,"turns":1.0},{"damage":0.0,"enemies":"3 Cultists","floor":78.0,"turns":1.0},{"damage":0.0,"enemies":"Snecko","floor":80.0,"turns":1.0},{"damage":0.0,"enemies":"Sentry and Sphere","floor":81.0,"turns":1.0},{"damage":0.0,"enemies":"Gremlin Leader","floor":82.0,"turns":2.0},{"damage":0.0,"enemies":"Automaton","floor":84.0,"turns":1.0},{"damage":0.0,"enemies":"3 Shapes","floor":86.0,"turns":1.0},{"damage":0.0,"enemies":"3 Darklings","floor":87.0,"turns":1.0},{"damage":0.0,"enemies":"Jaw Worm Horde","floor":88.0,"turns":1.0},{"damage":0.0,"enemies":"Spire Growth","floor":89.0,"turns":1.0},{"damage":0.0,"enemies":"Maw","floor":91.0,"turns":1.0},{"damage":0.0,"enemies":"Nemesis","floor":93.0,"turns":1.0},{"damage":0.0,"enemies":"Reptomancer","floor":94.0,"turns":1.0},{"damage":0.0,"enemies":"Writhing Mass","floor":96.0,"turns":1.0},{"damage":0.0,"enemies":"Sphere and 2 Shapes","floor":97.0,"turns":1.0},{"damage":0.0,"enemies":"3 Darklings","floor":98.0,"turns":1.0},{"damage":0.0,"enemies":"Maw","floor":99.0,"turns":1.0},{"damage":0.0,"enemies":"Time Eater","floor":101.0,"turns":2.0},{"damage":0.0,"enemies":"Cultist","floor":103.0,"turns":1.0},{"damage":0.0,"enemies":"2 Louse","floor":104.0,"turns":1.0},{"damage":0.0,"enemies":"Small Slimes","floor":105.0,"turns":1.0},{"damage":0.0,"enemies":"Lagavulin","floor":108.0,"turns":1.0},{"damage":0.0,"enemies":"3 Sentries","floor":109.0,"turns":1.0},{"damage":0.0,"enemies":"Lagavulin","floor":111.0,"turns":1.0},{"damage":0.0,"enemies":"Blue Slaver","floor":112.0,"turns":1.0},{"damage":0.0,"enemies":"Large Slime","floor":113.0,"turns":1.0},{"damage":0.0,"enemies":"Gremlin Gang","floor":114.0,"turns":1.0},{"damage":0.0,"enemies":"Exordium Thugs","floor":115.0,"turns":1.0},{"damage":0.0,"enemies":"Blue Slaver","floor":116.0,"turns":1.0},{"damage":0.0,"enemies":"The Guardian","floor":118.0,"turns":2.0},{"damage":0.0,"enemies":"Chosen","floor":120.0,"turns":1.0},{"damage":0.0,"enemies":"3 Byrds","floor":121.0,"turns":1.0},{"damage":0.0,"enemies":"3 Cultists","floor":122.0,"turns":1.0},{"damage":0.0,"enemies":"Sentry and Sphere","floor":124.0,"turns":1.0},{"damage":0.0,"enemies":"Chosen and Byrds","floor":125.0,"turns":1.0},{"damage":0.0,"enemies":"Centurion and Healer","floor":126.0,"turns":1.0},{"damage":0.0,"enemies":"Snecko","floor":127.0,"turns":1.0},{"damage":0.0,"enemies":"Book of Stabbing","floor":128.0,"turns":1.0},{"damage":0.0,"enemies":"3 Cultists","floor":130.0,"turns":1.0},{"damage":0.0,"enemies":"Slavers","floor":132.0,"turns":1.0},{"damage":0.0,"enemies":"Snake Plant","floor":133.0,"turns":1.0},{"damage":0.0,"enemies":"Champ","floor":135.0,"turns":1.0},{"damage":0.0,"enemies":"3 Darklings","floor":137.0,"turns":1.0},{"damage":2.0,"enemies":"3 Shapes","floor":138.0,"turns":1.0},{"damage":0,"enemies":"Spire Growth","floor":139,"turns":1},{"damage":0,"enemies":"Writhing Mass","floor":141,"turns":1},{"damage":0,"enemies":"Transient","floor":143,"turns":5},{"damage":0,"enemies":"4 Shapes","floor":144,"turns":1},{"damage":0,"enemies":"Reptomancer","floor":145,"turns":1},{"damage":0,"enemies":"Sphere and 2 Shapes","floor":147,"turns":1},{"damage":0,"enemies":"Giant Head","floor":150,"turns":1},{"damage":30,"enemies":"Donu and Deca","floor":152,"turns":2},{"damage":0,"enemies":"2 Louse","floor":154,"turns":1}],"seed_played":"-5016955022854136020","potions_obtained":[{"floor":1.0,"key":"LiquidMemories"},{"floor":12.0,"key":"SteroidPotion"},{"floor":13.0,"key":"SpeedPotion"},{"floor":16.0,"key":"Strength Potion"},{"floor":22.0,"key":"SkillPotion"},{"floor":27.0,"key":"Energy Potion"}],"is_trial":true,"path_per_floor":["M","?","$","M","M","R","R","E","T","R","$","E","E","E","R","B",null,"M","$","?","?","E","R","R","T","T","M","R","E","$","M","R","B",null,"M","$","?","T","?","E","E","$","T","R","M","M","E","M","R","B",null,"M","M","?","$","E","R","E","R","T","M","$","R","M","M","R","B",null,"M","?","E","E","M","R","M","E","E","M","$","M","M","E","R","B",null,"M","M","M","M","?","M","R","E","E","$","M","M","M","M","R","B",null,"M","M","M","?","$","E","E","R","E","M","M","M","M","M","R","B",null,"M","M","M","$","M","M","M","M","E","?","M","$","E","M","R","B",null,"M","M","M","$","M","R","M","M","E","R","M","$","$","E","R","B",null,"M"],"character_chosen":"THE_SILENT","items_purchased":["Finisher","Tiny Chest","Accuracy","Tactician","Ninja Scroll","ClockworkSouvenir","Bottled Flame","Pen Nib","Dream Catcher","Omamori","TwistedFunnel","Whetstone","Mercury Hourglass","Membership Card","Darkstone Periapt","Bottled Lightning","Pear","Shovel","TheAbacus","Ice Cream"],"campfire_rested":7,"item_purchase_floors":[19,19,30,36,55,62,79,79,79,95,95,95,107,123,123,123,123,131,131,131],"current_hp_per_floor":[77,77,77,77,77,77,77,77,77,77,77,72,72,72,72,35,77,77,77,77,77,77,77,77,77,77,77,77,77,77,77,77,77,77,77,77,77,77,73,73,73,73,73,73,73,73,73,73,73,73,73,73,73,73,73,73,73,73,73,73,73,73,73,73,73,73,73,73,73,73,73,73,73,73,73,75,77,77,77,77,77,79,81,83,83,83,83,83,83,83,83,85,87,89,89,89,89,89,89,91,93,100,100,100,100,98,100,102,104,106,108,108,108,108,108,108,110,112,112,112,112,112,122,122,136,136,136,138,148,148,148,150,150,150,152,152,152,152,152,152,152,152,152,152,154,154,154,154,154,156,156,130,158,158,158],"gold":396,"neow_bonus":"","is_daily":false,"chose_seed":false,"campfire_upgraded":10,"win_rate":0.0,"timestamp":1609611180,"path_taken":["M","?","$","M","?","R","R","E","T","R","$","E","E","?","R","BOSS","M","$","?","?","?","R","R","?","T","?","R","?","$","M","R","BOSS","M","$","?","?","?","E","E","$","T","R","?","M","E","M","R","BOSS","M","M","?","$","?","R","?","R","T","M","$","R","M","M","R","BOSS","M","?","?","?","M","R","M","?","E","M","?","M","?","?","R","BOSS","M","M","M","?","?","M","R","E","E","$","M","M","M","M","R","BOSS","M","M","M","?","$","E","?","R","E","M","M","M","M","?","R","BOSS","M","M","M","$","?","M","M","M","E","?","M","$","?","M","R","BOSS","M","M","M","$","M","R","M","M","E","R","M","$","$","E","R","BOSS","M"],"items_purchased_type":["Card","Relic","Card","Card","Relic","Relic","Relic","Relic","Relic","Relic","Relic","Relic","Relic","Relic","Relic","Relic","Relic","Relic","Relic","Relic"],"build_version":"2020-12-22","purchased_purges":7,"victory":false,"max_hp_per_floor":[77,77,77,77,77,77,77,77,77,77,77,77,77,77,77,77,77,77,77,77,77,77,77,77,77,77,77,77,77,77,77,77,77,77,77,77,77,77,73,73,73,73,73,73,73,73,73,73,73,73,73,73,73,73,73,73,73,73,73,73,73,73,73,73,73,73,73,73,73,73,73,73,73,73,73,75,77,77,77,77,77,79,81,83,83,83,83,83,83,83,83,85,87,89,89,89,89,89,89,91,93,100,100,100,100,100,100,102,104,106,108,108,108,108,108,108,110,112,112,112,112,112,122,122,136,136,136,138,148,148,148,150,150,150,152,152,152,152,152,152,152,152,152,152,154,154,154,154,154,156,156,158,158,158,158],"relic_stats":{"Gremlin Horn":[49,53],"CeramicFish":9,"HoveringKite":[1],"Whetstone":[],"Ginger":[1],"Boot":[3],"Sozu":46,"Blood Vial":0,"Lizard Tail":0,"Centennial Puzzle":[6],"Sundial":[14],"MealTicket":2,"Prayer Wheel":0,"Kunai":[93],"Happy Flower":[35],"counters":[90,114],"Blue Candle":[0],"Dead Branch":[101],"Tingsha":[532],"Eternal Feather":0,"Pen Nib":[35],"Letter Opener":[371],"War Paint":["Cloak And Dagger","Deflect"],"Shuriken":[173],"Bronze Scales":[54],"Bird Faced Urn":[4],"obtain_stats":[{"TwistedFunnel":95,"Ice Cream":131,"Tiny House":102,"Calipers":104,"Gremlin Horn":38,"CeramicFish":65,"Vajra":88,"HoveringKite":153,"Whetstone":95,"Ginger":98,"Bottled Tornado":96,"Boot":29,"Old Coin":126,"Sozu":34,"Blood Vial":91,"Lizard Tail":61,"Centennial Puzzle":106,"HornCleat":60,"Sundial":31,"Strawberry":1,"MealTicket":40,"Philosopher\u0027s Stone":119,"Prayer Wheel":124,"Kunai":81,"Toxic Egg 2":80,"Girya":13,"Pear":123,"Happy Flower":12,"Blue Candle":97,"Dead Branch":130,"Oddly Smooth Stone":89,"Tingsha":0,"Eternal Feather":99,"Pen Nib":79,"Letter Opener":27,"War Paint":9,"Paper Crane":22,"Akabeko":35,"Du-Vu Doll":48,"SlaversCollar":68,"Bottled Flame":79,"Shuriken":2,"Bronze Scales":8,"Bird Faced Urn":47,"Molten Egg 2":113,"StrikeDummy":69,"Unceasing Top":0,"Meat on the Bone":25,"Darkstone Periapt":123,"Lantern":17,"Regal Pillow":52,"Torii":17,"Singing Bowl":75,"Mango":125,"Snake Skull":86,"Bag of Preparation":53,"Smiling Mask":105,"Ancient Tea Set":121,"ClockworkSouvenir":62,"Nunchaku":64,"Dream Catcher":79,"Matryoshka":112,"Shovel":131,"TheAbacus":131,"WristBlade":85,"Ninja Scroll":55,"Mummified Hand":115,"Pantograph":17,"Gambling Chip":26,"Tiny Chest":19,"Red Mask":20,"InkBottle":78,"Potion Belt":45,"Circlet":133,"Thread and Needle":127,"The Courier":41,"PreservedInsect":46,"Omamori":95,"Frozen Egg 2":43,"Orichalcum":73,"MawBank":116,"White Beast Statue":120,"Mercury Hourglass":107,"Calling Bell":17,"Anchor":4,"CaptainsWheel":122,"Busted Crown":51,"Ornamental Fan":18,"Turnip":14,"Art of War":114,"Coffee Dripper":136,"Membership Card":123,"Bottled Lightning":123,"Toy Ornithopter":5,"TungstenRod":87,"FossilizedHelix":103},{"TwistedFunnel":50,"Ice Cream":76,"Tiny House":55,"Calipers":57,"Gremlin Horn":16,"CeramicFish":30,"Vajra":46,"HoveringKite":89,"Whetstone":50,"Ginger":53,"Bottled Tornado":51,"Boot":13,"Old Coin":73,"Sozu":15,"Blood Vial":48,"Lizard Tail":28,"Centennial Puzzle":58,"HornCleat":27,"Sundial":14,"Strawberry":1,"MealTicket":17,"Philosopher\u0027s Stone":67,"Prayer Wheel":71,"Kunai":41,"Toxic Egg 2":40,"Girya":6,"Pear":70,"Happy Flower":5,"Blue Candle":52,"Dead Branch":76,"Oddly Smooth Stone":47,"Tingsha":0,"Eternal Feather":54,"Pen Nib":39,"Letter Opener":12,"War Paint":4,"Paper Crane":11,"Akabeko":16,"Du-Vu Doll":22,"SlaversCollar":31,"Bottled Flame":39,"Shuriken":1,"Bronze Scales":4,"Bird Faced Urn":21,"Molten Egg 2":63,"StrikeDummy":32,"Unceasing Top":0,"Meat on the Bone":11,"Darkstone Periapt":70,"Lantern":8,"Regal Pillow":24,"Torii":8,"Singing Bowl":36,"Mango":72,"Snake Skull":44,"Bag of Preparation":25,"Smiling Mask":58,"Ancient Tea Set":69,"ClockworkSouvenir":28,"Nunchaku":29,"Dream Catcher":39,"Matryoshka":62,"Shovel":76,"TheAbacus":76,"WristBlade":43,"Ninja Scroll":25,"Mummified Hand":65,"Pantograph":8,"Gambling Chip":11,"Tiny Chest":9,"Red Mask":10,"InkBottle":39,"Potion Belt":19,"Circlet":78,"Thread and Needle":74,"The Courier":18,"PreservedInsect":20,"Omamori":50,"Frozen Egg 2":18,"Orichalcum":35,"MawBank":66,"White Beast Statue":68,"Mercury Hourglass":58,"Calling Bell":8,"Anchor":2,"CaptainsWheel":70,"Busted Crown":23,"Ornamental Fan":9,"Turnip":7,"Art of War":64,"Coffee Dripper":79,"Membership Card":70,"Bottled Lightning":70,"Toy Ornithopter":3,"TungstenRod":45,"FossilizedHelix":56},{"TwistedFunnel":67,"Ice Cream":95,"Tiny House":73,"Calipers":75,"Gremlin Horn":27,"CeramicFish":45,"Vajra":63,"HoveringKite":113,"Whetstone":67,"Ginger":70,"Bottled Tornado":68,"Boot":23,"Old Coin":92,"Sozu":26,"Blood Vial":65,"Lizard Tail":43,"Centennial Puzzle":76,"HornCleat":42,"Sundial":24,"Strawberry":1,"MealTicket":28,"Philosopher\u0027s Stone":86,"Prayer Wheel":90,"Kunai":57,"Toxic Egg 2":56,"Girya":11,"Pear":89,"Happy Flower":9,"Blue Candle":69,"Dead Branch":95,"Oddly Smooth Stone":64,"Tingsha":0,"Eternal Feather":71,"Pen Nib":55,"Letter Opener":22,"War Paint":6,"Paper Crane":21,"Akabeko":27,"Du-Vu Doll":35,"SlaversCollar":47,"Bottled Flame":55,"Shuriken":1,"Bronze Scales":6,"Bird Faced Urn":32,"Molten Egg 2":81,"StrikeDummy":48,"Unceasing Top":0,"Meat on the Bone":21,"Darkstone Periapt":89,"Lantern":16,"Regal Pillow":38,"Torii":16,"Singing Bowl":52,"Mango":91,"Snake Skull":61,"Bag of Preparation":39,"Smiling Mask":76,"Ancient Tea Set":88,"ClockworkSouvenir":43,"Nunchaku":44,"Dream Catcher":55,"Matryoshka":80,"Shovel":95,"TheAbacus":95,"WristBlade":60,"Ninja Scroll":39,"Mummified Hand":83,"Pantograph":16,"Gambling Chip":21,"Tiny Chest":18,"Red Mask":19,"InkBottle":55,"Potion Belt":30,"Circlet":97,"Thread and Needle":93,"The Courier":29,"PreservedInsect":31,"Omamori":67,"Frozen Egg 2":29,"Orichalcum":51,"MawBank":84,"White Beast Statue":87,"Mercury Hourglass":76,"Calling Bell":16,"Anchor":3,"CaptainsWheel":89,"Busted Crown":37,"Ornamental Fan":18,"Turnip":13,"Art of War":82,"Coffee Dripper":98,"Membership Card":89,"Bottled Lightning":89,"Toy Ornithopter":5,"TungstenRod":62,"FossilizedHelix":74}],"Unceasing Top":[2],"Meat on the Bone":0,"Darkstone Periapt":0,"Regal Pillow":0,"Torii":0,"Singing Bowl":46,"Snake Skull":[82],"Bag of Preparation":[130],"Smiling Mask":90,"Nunchaku":[41],"Dream Catcher":5,"Shovel":4,"TheAbacus":[30],"Mummified Hand":[40],"Pantograph":0,"Gambling Chip":[132],"Tiny Chest":7,"InkBottle":[47],"PreservedInsect":1292,"Orichalcum":[0],"MawBank":84,"Mercury Hourglass":[195],"Busted Crown":56,"Ornamental Fan":[608],"Turnip":[0],"Art of War":[0],"Toy Ornithopter":0,"TungstenRod":3},"card_choices":[{"not_picked":["Dagger Spray","Outmaneuver","Prepared"],"picked":"SKIP","floor":8.0},{"not_picked":["Dodge and Roll","Prepared"],"picked":"After Image","floor":12.0},{"not_picked":["Cloak And Dagger","Terror","Masterful Stab"],"picked":"SKIP","floor":13.0},{"not_picked":["Sucker Punch","Bane","Underhanded Strike"],"picked":"SKIP","floor":14.0},{"not_picked":["Doppelganger","Unload"],"picked":"Burst","floor":16.0},{"not_picked":["Finisher","Reflex"],"picked":"Dagger Spray+1","floor":20.0},{"not_picked":["Flying Knee+1","Dagger Throw+1","Bouncing Flask"],"picked":"SKIP","floor":22.0},{"not_picked":["Blur+1","Dodge and Roll","Expertise"],"picked":"SKIP","floor":29.0},{"not_picked":["Slice+1","Deadly Poison","Cloak And Dagger"],"picked":"SKIP","floor":40.0},{"not_picked":["Dodge and Roll","Doppelganger","Cloak And Dagger"],"picked":"SKIP","floor":41.0},{"not_picked":["Leg Sweep+1","Underhanded Strike","Tactician"],"picked":"SKIP","floor":47.0},{"not_picked":["Tools of the Trade+1","Unload"],"picked":"Phantasmal Killer","floor":50.0},{"not_picked":["Eviscerate"],"picked":"SKIP","floor":56.0},{"not_picked":["Sucker Punch"],"picked":"SKIP","floor":58.0},{"not_picked":[],"picked":"Wraith Form v2+1","floor":67.0},{"not_picked":["Flying Knee"],"picked":"SKIP","floor":71.0},{"not_picked":["Venomology"],"picked":"SKIP","floor":72.0},{"not_picked":["Riddle With Holes"],"picked":"Singing Bowl","floor":76.0},{"not_picked":["Riddle With Holes"],"picked":"Singing Bowl","floor":77.0},{"not_picked":["Escape Plan+1"],"picked":"Singing Bowl","floor":82.0},{"not_picked":["Deflect+1"],"picked":"Singing Bowl","floor":83.0},{"not_picked":["Unload"],"picked":"Singing Bowl","floor":84.0},{"not_picked":["Dagger Throw"],"picked":"Singing Bowl","floor":92.0},{"not_picked":["Acrobatics+1"],"picked":"Singing Bowl","floor":93.0},{"not_picked":["Deflect+1"],"picked":"Singing Bowl","floor":94.0},{"not_picked":["Choke+1"],"picked":"Singing Bowl","floor":100.0},{"not_picked":["Adrenaline+1"],"picked":"Singing Bowl","floor":101.0},{"not_picked":["Concentrate+1"],"picked":"Singing Bowl","floor":102.0},{"not_picked":["Bane"],"picked":"Singing Bowl","floor":108.0},{"not_picked":["Poisoned Stab"],"picked":"Singing Bowl","floor":109.0},{"not_picked":["Terror+1"],"picked":"Singing Bowl","floor":110.0},{"not_picked":["All Out Attack"],"picked":"Singing Bowl","floor":111.0},{"not_picked":["Expertise+1"],"picked":"Singing Bowl","floor":117.0},{"not_picked":["Tools of the Trade+1"],"picked":"Singing Bowl","floor":118.0},{"not_picked":["Poisoned Stab+1"],"picked":"Singing Bowl","floor":128.0},{"not_picked":["Backflip+1"],"picked":"Singing Bowl","floor":132.0},{"not_picked":["Wraith Form v2+1"],"picked":"Singing Bowl","floor":135.0},{"not_picked":["Concentrate+1"],"picked":"Singing Bowl","floor":145},{"not_picked":["Acrobatics+1"],"picked":"Singing Bowl","floor":150},{"not_picked":["After Image+1"],"picked":"Singing Bowl","floor":152}],"player_experience":68957,"relics_obtained":[{"floor":1.0,"key":"Strawberry"},{"floor":4.0,"key":"Anchor"},{"floor":5.0,"key":"Toy Ornithopter"},{"floor":8.0,"key":"Bronze Scales"},{"floor":9.0,"key":"War Paint"},{"floor":12.0,"key":"Happy Flower"},{"floor":13.0,"key":"Girya"},{"floor":14.0,"key":"Turnip"},{"floor":17.0,"key":"Lantern"},{"floor":17.0,"key":"Pantograph"},{"floor":17.0,"key":"Torii"},{"floor":18.0,"key":"Ornamental Fan"},{"floor":20.0,"key":"Red Mask"},{"floor":22.0,"key":"Paper Crane"},{"floor":25.0,"key":"Meat on the Bone"},{"floor":26.0,"key":"Gambling Chip"},{"floor":27.0,"key":"Letter Opener"},{"floor":29.0,"key":"Boot"},{"floor":31.0,"key":"Sundial"},{"floor":35.0,"key":"Akabeko"},{"floor":38.0,"key":"Gremlin Horn"},{"floor":40.0,"key":"MealTicket"},{"floor":41.0,"key":"The Courier"},{"floor":43.0,"key":"Frozen Egg 2"},{"floor":45.0,"key":"Potion Belt"},{"floor":46.0,"key":"PreservedInsect"},{"floor":47.0,"key":"Bird Faced Urn"},{"floor":48.0,"key":"Du-Vu Doll"},{"floor":52.0,"key":"Regal Pillow"},{"floor":53.0,"key":"Bag of Preparation"},{"floor":60.0,"key":"HornCleat"},{"floor":61.0,"key":"Lizard Tail"},{"floor":64.0,"key":"Nunchaku"},{"floor":65.0,"key":"CeramicFish"},{"floor":69.0,"key":"StrikeDummy"},{"floor":73.0,"key":"Orichalcum"},{"floor":75.0,"key":"Singing Bowl"},{"floor":78.0,"key":"InkBottle"},{"floor":80.0,"key":"Toxic Egg 2"},{"floor":81.0,"key":"Kunai"},{"floor":86.0,"key":"Snake Skull"},{"floor":87.0,"key":"TungstenRod"},{"floor":88.0,"key":"Vajra"},{"floor":89.0,"key":"Oddly Smooth Stone"},{"floor":91.0,"key":"Blood Vial"},{"floor":96.0,"key":"Bottled Tornado"},{"floor":97.0,"key":"Blue Candle"},{"floor":98.0,"key":"Ginger"},{"floor":99.0,"key":"Eternal Feather"},{"floor":103.0,"key":"FossilizedHelix"},{"floor":104.0,"key":"Calipers"},{"floor":105.0,"key":"Smiling Mask"},{"floor":112.0,"key":"Matryoshka"},{"floor":113.0,"key":"Molten Egg 2"},{"floor":114.0,"key":"Art of War"},{"floor":115.0,"key":"Mummified Hand"},{"floor":116.0,"key":"MawBank"},{"floor":120.0,"key":"White Beast Statue"},{"floor":121.0,"key":"Ancient Tea Set"},{"floor":122.0,"key":"CaptainsWheel"},{"floor":124.0,"key":"Prayer Wheel"},{"floor":125.0,"key":"Mango"},{"floor":126.0,"key":"Old Coin"},{"floor":127.0,"key":"Thread and Needle"},{"floor":130.0,"key":"Dead Branch"},{"floor":133.0,"key":"Circlet"},{"floor":134.0,"key":"Circlet"},{"floor":137.0,"key":"Circlet"},{"floor":138,"key":"Circlet"},{"floor":139,"key":"Circlet"},{"floor":141,"key":"Circlet"},{"floor":142,"key":"Circlet"},{"floor":143,"key":"Circlet"},{"floor":144,"key":"Circlet"},{"floor":146,"key":"Circlet"},{"floor":147,"key":"Circlet"},{"floor":151,"key":"Circlet"}],"event_choices":[{"damage_healed":0.0,"max_hp_gain":0.0,"max_hp_loss":0.0,"gold_gain":0.0,"event_name":"WeMeetAgain","player_choice":"Gave Potion","floor":2.0,"gold_loss":0.0,"damage_taken":0.0,"relics_obtained":["Shuriken"]},{"damage_healed":0.0,"max_hp_gain":0.0,"max_hp_loss":0.0,"gold_gain":0.0,"event_name":"Masked Bandits","player_choice":"Fought Bandits","floor":20.0,"gold_loss":0.0,"damage_taken":0.0},{"cards_removed":["Underhanded Strike"],"damage_healed":0.0,"max_hp_gain":0.0,"max_hp_loss":0.0,"gold_gain":0.0,"event_name":"Purifier","player_choice":"Purged","floor":21.0,"gold_loss":0.0,"damage_taken":0.0},{"damage_healed":0.0,"max_hp_gain":0.0,"max_hp_loss":0.0,"gold_gain":0.0,"event_name":"Duplicator","player_choice":"Copied","floor":37.0,"gold_loss":0.0,"damage_taken":0.0,"cards_obtained":["Accuracy"]},{"damage_healed":0.0,"max_hp_gain":0.0,"max_hp_loss":4.0,"gold_gain":0.0,"event_name":"Winding Halls","player_choice":"Max HP","floor":39.0,"gold_loss":0.0,"damage_taken":0.0},{"damage_healed":0.0,"max_hp_gain":0.0,"max_hp_loss":0.0,"gold_gain":0.0,"event_name":"Accursed Blacksmith","player_choice":"Forge","floor":54.0,"gold_loss":0.0,"damage_taken":0.0,"cards_upgraded":["Phantasmal Killer"]},{"damage_healed":0.0,"max_hp_gain":0.0,"max_hp_loss":0.0,"gold_gain":200.0,"event_name":"Wheel of Change","player_choice":"Gold","floor":70.0,"gold_loss":0.0,"damage_taken":0.0},{"damage_healed":0.0,"max_hp_gain":0.0,"max_hp_loss":0.0,"gold_gain":0.0,"event_name":"SecretPortal","player_choice":"Ignored","floor":90.0,"gold_loss":0.0,"damage_taken":0.0},{"damage_healed":0.0,"max_hp_gain":0.0,"max_hp_loss":0.0,"gold_gain":0.0,"event_name":"Scrap Ooze","player_choice":"Success","floor":106.0,"gold_loss":0.0,"damage_taken":3.0,"relics_obtained":["Centennial Puzzle"]},{"cards_removed":["Phantasmal Killer"],"damage_healed":0.0,"max_hp_gain":10.0,"max_hp_loss":0.0,"gold_gain":0.0,"event_name":"Bonfire Elementals","player_choice":"Offered Rare","floor":129.0,"gold_loss":0.0,"damage_taken":0.0}],"is_beta":false,"boss_relics":[{"not_picked":["Black Star","Runic Dome"],"picked":"Calling Bell"},{"not_picked":["Cursed Key","Coffee Dripper"],"picked":"Sozu"},{"not_picked":["Astrolabe","Snecko Eye"],"picked":"Busted Crown"},{"not_picked":["Black Star","Coffee Dripper"],"picked":"SlaversCollar"},{"not_picked":["Snecko Eye","Fusion Hammer"],"picked":"WristBlade"},{"not_picked":["Philosopher\u0027s Stone","Runic Dome"],"picked":"Tiny House"},{"not_picked":["Black Star","SacredBark"],"picked":"Philosopher\u0027s Stone"},{"not_picked":["Runic Dome","Fusion Hammer"],"picked":"Coffee Dripper"},{"not_picked":["Astrolabe","Runic Pyramid"],"picked":"HoveringKite"}],"items_purged_floors":[3,11,36,62,123,148,149],"is_endless":true,"potions_floor_spawned":[1,12,13,16,22,27,31,40,41,47,50,56,58,64,65,69,75,76,78,82,84,89,91,96,98,101,103,109,113,114,116,118,121,122,124,125,126,127,128,130,132,133,135,137,138,139,141,143,144,145,147,150,152],"killed_by":"2 Louse","ascension_level":0}}