{"host":"baymyijz6sxaqj5s","time":1609617334,"event":{"mods":["AchievementEnabler","BaseMod","Colored Map","Colored Powertips","DeckTracker","Highlight Path","KOR Keyword Fix","Keyboard Shortcuts","Minty Spire (QoL Compilation)","Quick Restart","StSLib","SuperFastMode"],"gold_per_floor":[113,126,126,126,136,136,150,150,174,174,187,207,207,226,226,324,324,344,344,363,363,142,142,154,174,198,297,45,60,71,83,83,180,180,196,196,215,215,225,225,244,244,292,310,328,32,32,32,32,32,32],"floor_reached":50,"playtime":1959,"items_purged":["Strike_B"],"score":490,"play_id":"63eae55f-ad27-41fa-bc89-4cfa0de581fe","local_time":"20210103045534","is_ascension_mode":false,"campfire_choices":[{"data":"Dualcast","floor":8,"key":"SMITH"},{"data":"Zap","floor":10,"key":"SMITH"},{"data":"Redo","floor":13,"key":"SMITH"},{"floor":15,"key":"REST"},{"data":"Coolheaded","floor":23,"key":"SMITH"},{"data":"Darkness","floor":32,"key":"SMITH"},{"data":"Rainbow","floor":40,"key":"SMITH"},{"data":"Echo Form","floor":42,"key":"SMITH"},{"floor":47,"key":"REST"},{"data":"Conserve Battery","floor":49,"key":"SMITH"}],"circlet_count":0,"master_deck":["Strike_B","Strike_B","Strike_B","Defend_B","Defend_B","Defend_B","Defend_B","Zap+1","Dualcast+1","Sweeping Beam","Coolheaded+1","Redo+1","Doom and Gloom","Leap","Machine Learning","Conserve Battery+1","Defragment","Leap","Steam","Stack","Darkness+1","Self Repair","Echo Form+1","Ball Lightning+1","Rainbow+1","Parasite","Skim"],"relics":["FrozenCore","Bronze Scales","Toy Ornithopter","Nuclear Battery","Boot","DataDisk","Happy Flower","Orrery"],"acts_visited":["Exordium","TheCity","TheBeyond"],"potions_floor_usage":[16,16,16,24,25,29,33,33,39,41,45,50,50],"damage_taken":[{"damage":0,"enemies":"Cultist","floor":1,"turns":4},{"damage":0,"enemies":"2 Louse","floor":2,"turns":2},{"damage":0,"enemies":"Jaw Worm","floor":5,"turns":5},{"damage":18,"enemies":"Exordium Wildlife","floor":7,"turns":4},{"damage":6,"enemies":"3 Louse","floor":11,"turns":2},{"damage":5,"enemies":"Large Slime","floor":12,"turns":4},{"damage":16,"enemies":"Exordium Wildlife","floor":14,"turns":4},{"damage":21,"enemies":"Hexaghost","floor":16,"turns":9},{"damage":3,"enemies":"Shell Parasite","floor":18,"turns":4},{"damage":6,"enemies":"3 Byrds","floor":20,"turns":2},{"damage":9,"enemies":"Centurion and Healer","floor":24,"turns":8},{"damage":2,"enemies":"3 Cultists","floor":25,"turns":4},{"damage":5,"enemies":"Snecko","floor":29,"turns":5},{"damage":7,"enemies":"Centurion and Healer","floor":30,"turns":9},{"damage":0,"enemies":"Cultist and Chosen","floor":31,"turns":5},{"damage":67,"enemies":"Collector","floor":33,"turns":16},{"damage":33,"enemies":"3 Darklings","floor":35,"turns":5},{"damage":7,"enemies":"Orb Walker","floor":37,"turns":4},{"damage":3,"enemies":"3 Darklings","floor":39,"turns":8},{"damage":0,"enemies":"Writhing Mass","floor":41,"turns":7},{"damage":47,"enemies":"Transient","floor":44,"turns":5},{"damage":22,"enemies":"3 Darklings","floor":45,"turns":5},{"damage":118,"enemies":"Donu and Deca","floor":50,"turns":9}],"seed_played":"-5080245924306066268","potions_obtained":[{"floor":1,"key":"Swift Potion"},{"floor":7,"key":"PowerPotion"},{"floor":12,"key":"SkillPotion"},{"floor":24,"key":"Explosive Potion"},{"floor":25,"key":"FocusPotion"},{"floor":31,"key":"Explosive Potion"},{"floor":33,"key":"Dexterity Potion"},{"floor":35,"key":"AttackPotion"},{"floor":41,"key":"Strength Potion"},{"floor":45,"key":"SteroidPotion"}],"is_trial":false,"path_per_floor":["M","M","?","?","M","T","M","R","T","R","M","M","R","M","R","B",null,"M","?","M","?","$","R","M","M","T","?","$","M","M","M","R","B",null,"M","?","M","?","M","R","M","R","T","M","M","$","R","?","R","B"],"character_chosen":"DEFECT","items_purchased":["Fruit Juice","Steam","DataDisk","Fruit Juice","Regen Potion","Orrery","DistilledChaos"],"campfire_rested":2,"item_purchase_floors":[22,22,28,28,46,46,46],"current_hp_per_floor":[82,82,87,87,87,87,69,69,69,69,63,58,58,42,68,62,87,84,84,78,78,78,78,79,82,82,82,82,87,80,80,80,30,97,71,71,71,71,80,80,97,97,97,64,54,54,83,83,83,0,0],"gold":32,"neow_bonus":"TEN_PERCENT_HP_BONUS","is_daily":false,"chose_seed":false,"campfire_upgraded":8,"win_rate":0.0,"timestamp":1609617334,"path_taken":["M","?","?","?","M","?","M","R","T","R","?","M","R","M","R","BOSS","M","?","M","?","?","R","?","M","T","?","$","M","M","M","R","BOSS","M","?","?","?","M","R","M","R","T","M","?","$","R","?","R","BOSS"],"items_purchased_type":["Potion","Card","Relic","Potion","Potion","Relic","Potion"],"build_version":"2020-12-22","purchased_purges":1,"victory":false,"max_hp_per_floor":[82,82,87,87,87,87,87,87,87,87,87,87,87,87,87,87,87,87,87,87,87,87,87,92,92,92,92,92,97,97,97,97,97,97,97,97,97,97,97,97,97,97,97,97,97,97,97,97,97,97,97],"card_choices":[{"not_picked":["BootSequence","Go for the Eyes"],"picked":"Sweeping Beam","floor":1},{"not_picked":["FTL","Static Discharge"],"picked":"Coolheaded","floor":2},{"not_picked":["Leap","Coolheaded"],"picked":"Redo","floor":5},{"not_picked":["Aggregate","Turbo","Coolheaded"],"picked":"SKIP","floor":7},{"not_picked":["Heatsinks","Streamline","Consume"],"picked":"SKIP","floor":11},{"not_picked":["Cold Snap","Creative AI"],"picked":"Doom and Gloom","floor":12},{"not_picked":["Redo","Hologram"],"picked":"Leap","floor":14},{"not_picked":["Biased Cognition","Echo Form"],"picked":"Machine Learning","floor":16},{"not_picked":["Go for the Eyes","Barrage"],"picked":"Conserve Battery","floor":18},{"not_picked":["Loop+1","Scrape"],"picked":"Leap","floor":20},{"not_picked":["Leap","Redo+1","BootSequence+1"],"picked":"SKIP","floor":24},{"not_picked":["Leap","Biased Cognition"],"picked":"Stack","floor":25},{"not_picked":["Steam Power","Stack"],"picked":"Darkness","floor":29},{"not_picked":["Go for the Eyes","Barrage","Gash"],"picked":"SKIP","floor":30},{"not_picked":["Stack","Rebound"],"picked":"Self Repair","floor":31},{"not_picked":["Thunder Strike","Core Surge"],"picked":"Echo Form","floor":33},{"not_picked":["Steam+1","Coolheaded"],"picked":"Ball Lightning+1","floor":35},{"not_picked":["Redo","Barrage+1","Blizzard+1"],"picked":"SKIP","floor":37},{"not_picked":["Rebound+1","Redo","Rip and Tear"],"picked":"SKIP","floor":39},{"not_picked":["White Noise","Steam"],"picked":"Skim","floor":41},{"not_picked":["Doom and Gloom+1","All For One","Hologram+1"],"picked":"SKIP","floor":44},{"not_picked":["Streamline","Rebound+1","Melter"],"picked":"SKIP","floor":45},{"not_picked":["Barrage+1","Stack+1"],"picked":"Compile Driver","floor":46}],"player_experience":300529,"relics_obtained":[{"floor":6,"key":"Bronze Scales"},{"floor":9,"key":"Toy Ornithopter"},{"floor":26,"key":"Boot"},{"floor":43,"key":"Happy Flower"}],"event_choices":[{"damage_healed":0,"gold_gain":0,"player_choice":"Donut","damage_taken":0,"max_hp_gain":5,"max_hp_loss":0,"event_name":"Big Fish","floor":3,"gold_loss":0},{"damage_healed":0,"gold_gain":0,"player_choice":"Ignored","damage_taken":0,"max_hp_gain":0,"max_hp_loss":0,"event_name":"Golden Idol","floor":4,"gold_loss":0},{"damage_healed":0,"gold_gain":0,"player_choice":"Read","damage_taken":0,"max_hp_gain":0,"max_hp_loss":0,"event_name":"The Library","floor":19,"gold_loss":0,"cards_obtained":["Defragment"]},{"damage_healed":0,"gold_gain":0,"player_choice":"Ignored","damage_taken":0,"max_hp_gain":0,"max_hp_loss":0,"event_name":"Vampires","floor":21,"gold_loss":0},{"damage_healed":0,"gold_gain":99,"player_choice":"Stole From Cult","damage_taken":0,"max_hp_gain":0,"max_hp_loss":0,"event_name":"Nest","floor":27,"gold_loss":0},{"damage_healed":0,"gold_gain":0,"player_choice":"1 cards matched","damage_taken":0,"max_hp_gain":0,"max_hp_loss":0,"event_name":"Match and Keep!","floor":36,"gold_loss":0,"cards_obtained":["Rainbow"]},{"damage_healed":0,"gold_gain":0,"player_choice":"Ignored","damage_taken":0,"max_hp_gain":0,"max_hp_loss":0,"event_name":"NoteForYourself","floor":38,"gold_loss":0},{"cards_removed":["Compile Driver"],"damage_healed":0,"gold_gain":0,"player_choice":"Removed Attack","damage_taken":0,"max_hp_gain":0,"max_hp_loss":0,"event_name":"Falling","floor":48,"gold_loss":0}],"is_beta":false,"boss_relics":[{"not_picked":["Runic Dome","Inserter"],"picked":"Nuclear Battery"},{"not_picked":["Calling Bell","Sozu"],"picked":"FrozenCore"}],"items_purged_floors":[22],"is_endless":false,"potions_floor_spawned":[1,7,12,14,24,25,31,33,35,41,45],"killed_by":"Donu and Deca","ascension_level":0}}