{"host":"vfg9szunmpjwj08o","time":1609616375,"event":{"mods":["Act Like it!","BaseMod","Challenge The Spire","Colored Map","Colored Powertips","Minty Spire (QoL Compilation)","StSLib","Waifu the Spire"],"gold_per_floor":[118,164,3,17,37,66,66,66,90,117,132,144,144,169,169,244,244,255,226,23,23,23,23,23],"floor_reached":23,"playtime":802,"items_purged":[],"score":408,"play_id":"953b0b2b-2753-4593-be70-a778be1d98c6","local_time":"20210102203935","is_ascension_mode":true,"campfire_choices":[{"data":"Zap","floor":8,"key":"SMITH"},{"data":"Dualcast","floor":13,"key":"SMITH"},{"data":"Chaos","floor":15,"key":"SMITH"}],"circlet_count":0,"master_deck":["AscendersBane","Strike_B","Strike_B","Strike_B","Strike_B","Defend_B","Defend_B","Defend_B","Defend_B","Zap+1","Dualcast+1","Chaos+1","Gash","Hologram","Gash","Fission","BootSequence","Defragment","Creative AI","Echo Form","Reinforced Body","Aggregate+1","Hologram","Decay"],"relics":["Cracked Core","NeowsBlessing","Centennial Puzzle","Happy Flower","Lizard Tail","Strawberry","Eternal Feather","Boot","Sozu","Runic Capacitor"],"acts_visited":["Exordium","TheCity"],"potions_floor_usage":[10,14,16],"damage_taken":[{"damage":0,"enemies":"Cultist","floor":1,"turns":1},{"damage":0,"enemies":"Small Slimes","floor":4,"turns":1},{"damage":0,"enemies":"2 Louse","floor":5,"turns":1},{"damage":11,"enemies":"Gremlin Nob","floor":6,"turns":3},{"damage":21,"enemies":"Lagavulin","floor":10,"turns":5},{"damage":6,"enemies":"Looter","floor":11,"turns":2},{"damage":9,"enemies":"3 Louse","floor":12,"turns":3},{"damage":8,"enemies":"Gremlin Nob","floor":14,"turns":3},{"damage":23,"enemies":"Hexaghost","floor":16,"turns":11},{"damage":52,"enemies":"Chosen","floor":18,"turns":7},{"damage":7,"enemies":"2 Thieves","floor":19,"turns":4},{"damage":2,"enemies":"Gremlin Leader","floor":23,"turns":1}],"seed_played":"-5869353205881811678","potions_obtained":[{"floor":1,"key":"GamblersBrew"},{"floor":4,"key":"SkillPotion"},{"floor":12,"key":"Dexterity Potion"},{"floor":14,"key":"BlessingOfTheForge"}],"is_trial":false,"path_per_floor":["M","T","$","M","M","E","$","R","T","E","M","M","R","E","R","B",null,"M","M","$","?","?","E"],"character_chosen":"DEFECT","items_purchased":["Happy Flower","Runic Capacitor","Hologram"],"campfire_rested":0,"item_purchase_floors":[3,20,20],"current_hp_per_floor":[64,64,64,64,64,53,53,53,60,39,33,24,33,25,34,11,61,9,2,2,2,2,39,39],"gold":23,"neow_bonus":"THREE_ENEMY_KILL","is_daily":false,"chose_seed":false,"campfire_upgraded":3,"win_rate":0.0,"timestamp":1609616375,"path_taken":["M","?","$","?","?","E","?","R","T","E","M","M","R","E","R","BOSS","M","M","$","?","?","E"],"items_purchased_type":["Relic","Relic","Card"],"build_version":"2020-12-22","purchased_purges":0,"victory":false,"max_hp_per_floor":[71,71,71,71,71,71,71,71,78,78,78,78,78,78,78,78,78,78,78,78,78,78,78,78],"card_choices":[{"not_picked":["Genetic Algorithm","Lockon"],"picked":"Chaos","floor":1},{"not_picked":["Doom and Gloom","FTL"],"picked":"Gash","floor":4},{"not_picked":["Lockon","Rebound"],"picked":"Hologram","floor":5},{"not_picked":["Rebound","Coolheaded"],"picked":"Gash","floor":6},{"not_picked":["Beam Cell","Conserve Battery"],"picked":"Fission","floor":10},{"not_picked":["Go for the Eyes","Ball Lightning"],"picked":"BootSequence","floor":11},{"not_picked":["Undo","Hologram"],"picked":"Defragment","floor":12},{"not_picked":["Leap","Sweeping Beam"],"picked":"Creative AI","floor":14},{"not_picked":["Buffer","Rainbow"],"picked":"Echo Form","floor":16},{"not_picked":["Streamline","Cold Snap"],"picked":"Reinforced Body","floor":18},{"not_picked":["Consume","Go for the Eyes"],"picked":"Aggregate+1","floor":19}],"player_experience":1032672,"relics_obtained":[{"floor":2,"key":"Centennial Puzzle"},{"floor":6,"key":"Lizard Tail"},{"floor":9,"key":"Strawberry"},{"floor":10,"key":"Eternal Feather"},{"floor":14,"key":"Boot"}],"event_choices":[{"damage_healed":0,"gold_gain":0,"player_choice":"Smashed Altar","damage_taken":0,"max_hp_gain":0,"max_hp_loss":0,"event_name":"Forgotten Altar","floor":21,"gold_loss":0,"cards_obtained":["Decay"]}],"is_beta":false,"boss_relics":[{"not_picked":["Philosopher\u0027s Stone","Inserter"],"picked":"Sozu"}],"items_purged_floors":[],"is_endless":false,"potions_floor_spawned":[1,4,12,14],"killed_by":"Gremlin Leader","ascension_level":19}}