{"host":"37dk0reb6x0du8wx","time":1609601711,"event":{"mods":["BaseMod","Colored Map","DeckTracker","Minty Spire (QoL Compilation)","Quick Restart","StSLib","The Dragon Tamer"],"gold_per_floor":[119,134,134,134,134,134,61,105,105,30,51,65,91,116,116,116,116],"floor_reached":16,"playtime":621,"items_purged":["Strike_G"],"score":156,"play_id":"860b750c-1908-4c57-b514-ec3f69abde58","local_time":"20210103003511","is_ascension_mode":true,"campfire_choices":[{"data":"Cloak And Dagger","floor":6,"key":"SMITH"},{"data":"Infinite Blades","floor":15,"key":"SMITH"}],"circlet_count":0,"master_deck":["Strike_G","Strike_G","Strike_G","Defend_G","Defend_G","Defend_G","Defend_G","Defend_G","Survivor","Neutralize","Cloak And Dagger+1","Infinite Blades+1","Cloak And Dagger+1","Cloak And Dagger+1","Cloak And Dagger+1"],"relics":["Ring of the Snake","NeowsBlessing","Golden Idol","Toxic Egg 2","Eternal Feather","Art of War"],"acts_visited":["Exordium"],"potions_floor_usage":[],"damage_taken":[{"damage":0,"enemies":"Small Slimes","floor":1,"turns":1},{"damage":0,"enemies":"Jaw Worm","floor":2,"turns":1},{"damage":0,"enemies":"Lagavulin","floor":8,"turns":1},{"damage":1,"enemies":"Cultist","floor":11,"turns":4},{"damage":2,"enemies":"Large Slime","floor":12,"turns":7},{"damage":2,"enemies":"Exordium Thugs","floor":14,"turns":6},{"damage":63,"enemies":"The Guardian","floor":16,"turns":16}],"seed_played":"953816365079456781","potions_obtained":[{"floor":2,"key":"SpeedPotion"},{"floor":8,"key":"LiquidMemories"}],"is_trial":false,"path_per_floor":["M","M","?","?","?","R","$","E","T","$","M","M","T","M","R","B"],"character_chosen":"THE_SILENT","items_purchased":["Infinite Blades"],"campfire_rested":0,"item_purchase_floors":[7],"current_hp_per_floor":[70,70,70,75,57,57,57,57,57,57,56,54,54,52,61,0,0],"gold":116,"neow_bonus":"THREE_ENEMY_KILL","is_daily":false,"chose_seed":false,"campfire_upgraded":2,"win_rate":0.0,"timestamp":1609601711,"path_taken":["M","M","?","?","?","R","$","E","T","?","M","?","?","M","R","BOSS"],"items_purchased_type":["Card"],"build_version":"2020-12-22","purchased_purges":1,"victory":false,"max_hp_per_floor":[70,70,70,75,75,75,75,75,75,75,75,75,75,75,75,75,75],"card_choices":[{"not_picked":["PiercingWail","Tactician","Quick Slash"],"picked":"SKIP","floor":1},{"not_picked":["Backflip","Footwork"],"picked":"Cloak And Dagger","floor":2},{"not_picked":["Sucker Punch","Wraith Form v2"],"picked":"Cloak And Dagger+1","floor":8},{"not_picked":["Dagger Throw","Masterful Stab","Prepared+1"],"picked":"SKIP","floor":11},{"not_picked":["Skewer","PiercingWail+1"],"picked":"Cloak And Dagger+1","floor":12},{"not_picked":["Sucker Punch","Prepared+1"],"picked":"Cloak And Dagger+1","floor":14}],"player_experience":122942,"relics_obtained":[{"floor":8,"key":"Toxic Egg 2"},{"floor":9,"key":"Eternal Feather"},{"floor":13,"key":"Art of War"}],"event_choices":[{"cards_removed":["Strike_G"],"damage_healed":0,"gold_gain":0,"player_choice":"Forget","damage_taken":0,"max_hp_gain":0,"max_hp_loss":0,"event_name":"Living Wall","floor":3,"gold_loss":0},{"damage_healed":0,"gold_gain":0,"player_choice":"Donut","damage_taken":0,"max_hp_gain":5,"max_hp_loss":0,"event_name":"Big Fish","floor":4,"gold_loss":0},{"damage_healed":0,"gold_gain":0,"player_choice":"Take Damage","damage_taken":18,"relics_obtained":["Golden Idol"],"max_hp_gain":0,"max_hp_loss":0,"event_name":"Golden Idol","floor":5,"gold_loss":0}],"is_beta":false,"boss_relics":[],"items_purged_floors":[10],"is_endless":false,"potions_floor_spawned":[2,8],"killed_by":"The Guardian","ascension_level":1}}