{"host":"oiai0qxasotny765","time":1609611218,"event":{"mods":["2.2 Compatiblity","AchievementEnabler","BaseMod","Colored Map","Minty Spire (QoL Compilation)","Permanent Neow","Relic Stats","StSLib","SuperFastMode","everything is the same but u backflip on backflip"],"gold_per_floor":[11,64,75,88,7,7,18,18,44,55,55,65,30,30,30,108,108,86,100,130,148,71,71,71,71,97,97,113,113,132,132,132,209,209,222,247,301,301,60,60,60,60,85,85,100,100,0,0,0,0,0],"floor_reached":50,"playtime":1803,"items_purged":["Crippling Poison","Catalyst"],"score":870,"play_id":"ec03fdf2-caef-45c0-9a36-17e88f54ffb5","local_time":"20210103031338","is_ascension_mode":true,"campfire_choices":[{"data":"Accuracy","floor":6.0,"key":"SMITH"},{"data":"Malaise","floor":11.0,"key":"SMITH"},{"data":"Blade Dance","floor":15.0,"key":"SMITH"},{"floor":23.0,"key":"REST"},{"data":"Wraith Form v2","floor":25.0,"key":"SMITH"},{"data":"Finisher","floor":27.0,"key":"SMITH"},{"floor":32.0,"key":"REST"},{"data":"Bullet Time","floor":40,"key":"SMITH"},{"data":"Cloak And Dagger","floor":41,"key":"SMITH"},{"data":"Blade Dance","floor":42,"key":"SMITH"},{"floor":46,"key":"REST"},{"data":"Phantasmal Killer","floor":49,"key":"SMITH"}],"circlet_count":0,"master_deck":["AscendersBane","Survivor","Neutralize","Finisher+1","Malaise+1","Dagger Spray","Blade Dance+1","After Image+1","Accuracy+1","Footwork+1","Wraith Form v2+1","Acrobatics","Leg Sweep","Blade Dance+1","Cloak And Dagger+1","Storm of Steel","Footwork","Escape Plan","Phantasmal Killer+1","Outmaneuver","Flechettes","Bullet Time+1","Reflex","Escape Plan","Cloak And Dagger"],"relics":["Ring of the Snake","Bronze Scales","Vajra","WristBlade","Red Mask","Potion Belt","Pandora\u0027s Box","WingedGreaves","Gambling Chip","Art of War"],"acts_visited":["Exordium","TheCity","TheBeyond"],"potions_floor_usage":[33,50],"damage_taken":[{"damage":0.0,"enemies":"Cultist","floor":1.0,"turns":3.0},{"damage":11.0,"enemies":"Small Slimes","floor":3.0,"turns":3.0},{"damage":0.0,"enemies":"Jaw Worm","floor":4.0,"turns":4.0},{"damage":13.0,"enemies":"Large Slime","floor":7.0,"turns":5.0},{"damage":8.0,"enemies":"3 Louse","floor":10.0,"turns":2.0},{"damage":0.0,"enemies":"Looter","floor":12.0,"turns":3.0},{"damage":9.0,"enemies":"The Guardian","floor":16.0,"turns":9.0},{"damage":11.0,"enemies":"2 Thieves","floor":18.0,"turns":4.0},{"damage":2.0,"enemies":"3 Byrds","floor":19.0,"turns":4.0},{"damage":25.0,"enemies":"Masked Bandits","floor":20.0,"turns":4.0},{"damage":0.0,"enemies":"Centurion and Healer","floor":21.0,"turns":5.0},{"damage":6.0,"enemies":"Gremlin Leader","floor":24.0,"turns":4.0},{"damage":0.0,"enemies":"Cultist and Chosen","floor":28.0,"turns":7.0},{"damage":25.0,"enemies":"3 Cultists","floor":30.0,"turns":6.0},{"damage":10,"enemies":"Collector","floor":33,"turns":15},{"damage":0,"enemies":"Orb Walker","floor":35,"turns":3},{"damage":4,"enemies":"Mind Bloom Boss Battle","floor":36,"turns":6},{"damage":26,"enemies":"2 Orb Walkers","floor":37,"turns":6},{"damage":0,"enemies":"3 Shapes","floor":45,"turns":2},{"damage":45,"enemies":"Donu and Deca","floor":50,"turns":5}],"seed_played":"-9142365248140202413","potions_obtained":[{"floor":4.0,"key":"SmokeBomb"},{"floor":7.0,"key":"ColorlessPotion"},{"floor":16.0,"key":"EssenceOfSteel"},{"floor":30.0,"key":"GhostInAJar"},{"floor":33,"key":"Dexterity Potion"}],"is_trial":false,"path_per_floor":["M","T","M","M","$","R","M","$","T","M","R","M","?","?","R","B",null,"M","M","?","M","$","R","E","R","T","R","M","?","M","?","R","B",null,"M","?","?","?","$","R","R","R","T","$","M","R","$","?","R","B"],"character_chosen":"THE_SILENT","items_purchased":["Accuracy","Blur","Reflex","Escape Plan"],"campfire_rested":3,"item_purchase_floors":[5,22,39,39],"current_hp_per_floor":[59,59,48,48,48,48,35,35,35,27,27,27,43,23,23,14,53,42,40,15,15,15,34,28,28,28,28,28,28,3,3,22,12,53,53,49,23,23,23,23,23,23,23,23,23,41,41,41,41,0,0],"gold":0,"neow_bonus":"TRANSFORM_TWO_CARDS","is_daily":false,"chose_seed":false,"campfire_upgraded":9,"win_rate":0.0,"timestamp":1609611218,"path_taken":["M","?","M","M","$","R","M","$","T","M","R","?","?","?","R","BOSS","M","M","?","M","$","R","E","R","T","R","M","?","M","?","R","BOSS","M","?","?","?","$","R","R","R","T","?","M","R","$","?","R","BOSS"],"items_purchased_type":["Card","Card","Card","Card"],"build_version":"2020-12-22","purchased_purges":2,"victory":false,"max_hp_per_floor":[66,66,66,66,66,66,66,66,66,66,66,66,66,66,66,66,66,66,66,66,66,66,66,66,66,66,66,66,66,66,66,66,66,66,66,66,66,63,63,63,63,63,63,63,63,63,63,63,63,63,63],"relic_stats":{"counters":[20,100],"Bronze Scales":[316],"Gambling Chip":[4],"Pandora\u0027s Box":["Catalyst","Footwork","Escape Plan","Phantasmal Killer","Outmaneuver","Crippling Poison","Flechettes","Bullet Time"],"Art of War":[0],"obtain_stats":[{"Potion Belt":26,"WristBlade":17,"Bronze Scales":2,"Gambling Chip":37,"Vajra":9,"Pandora\u0027s Box":34,"WingedGreaves":36,"Red Mask":20,"Art of War":43,"Ring of the Snake":0},{"Potion Belt":12,"WristBlade":7,"Bronze Scales":1,"Gambling Chip":18,"Vajra":4,"Pandora\u0027s Box":15,"WingedGreaves":17,"Red Mask":10,"Art of War":18,"Ring of the Snake":0},{"Potion Belt":50,"WristBlade":29,"Bronze Scales":3,"Gambling Chip":93,"Vajra":15,"Pandora\u0027s Box":78,"WingedGreaves":87,"Red Mask":41,"Art of War":93,"Ring of the Snake":0}],"Ring of the Snake":[40]},"card_choices":[{"not_picked":["All Out Attack","Slice"],"picked":"Dagger Spray","floor":1.0},{"not_picked":["PiercingWail","Slice"],"picked":"Blade Dance","floor":3.0},{"not_picked":["Flying Knee","Acrobatics"],"picked":"After Image","floor":4.0},{"not_picked":["Cloak And Dagger","Deflect"],"picked":"Footwork","floor":7.0},{"not_picked":["Well Laid Plans","Flechettes","Sucker Punch"],"picked":"SKIP","floor":10.0},{"not_picked":["Prepared","Backstab","Die Die Die"],"picked":"SKIP","floor":12.0},{"not_picked":["Venomology","Envenom"],"picked":"Wraith Form v2","floor":16.0},{"not_picked":["Masterful Stab","Eviscerate"],"picked":"Acrobatics","floor":18.0},{"not_picked":["Infinite Blades","Acrobatics","Caltrops"],"picked":"SKIP","floor":19.0},{"not_picked":["Slice+1","Tools of the Trade","Quick Slash"],"picked":"SKIP","floor":21.0},{"not_picked":["Bouncing Flask","Caltrops"],"picked":"Leg Sweep","floor":28.0},{"not_picked":["Underhanded Strike","Expertise"],"picked":"Blade Dance","floor":30.0},{"not_picked":["Bullet Time","A Thousand Cuts"],"picked":"Storm of Steel","floor":33},{"not_picked":["Slice","Blade Dance","Dagger Spray"],"picked":"SKIP","floor":35},{"not_picked":["Dagger Spray","Outmaneuver"],"picked":"Cloak And Dagger","floor":45}],"player_experience":291470,"relics_obtained":[{"floor":2.0,"key":"Bronze Scales"},{"floor":9.0,"key":"Vajra"},{"floor":20.0,"key":"Red Mask"},{"floor":26.0,"key":"Potion Belt"},{"floor":36,"key":"WingedGreaves"},{"floor":37,"key":"Gambling Chip"},{"floor":43,"key":"Art of War"}],"event_choices":[{"damage_healed":16.0,"max_hp_gain":0.0,"max_hp_loss":0.0,"gold_gain":0.0,"event_name":"The Cleric","player_choice":"Healed","floor":13.0,"gold_loss":35.0,"damage_taken":0.0},{"damage_healed":0.0,"max_hp_gain":0.0,"max_hp_loss":0.0,"gold_gain":0.0,"event_name":"Shining Light","player_choice":"Entered Light","floor":14.0,"gold_loss":0.0,"damage_taken":20.0,"cards_upgraded":["Footwork","After Image"]},{"damage_healed":0.0,"max_hp_gain":0.0,"max_hp_loss":0.0,"gold_gain":0.0,"event_name":"Masked Bandits","player_choice":"Fought Bandits","floor":20.0,"gold_loss":0.0,"damage_taken":0.0},{"damage_healed":0.0,"max_hp_gain":0.0,"max_hp_loss":0.0,"gold_gain":0.0,"event_name":"The Mausoleum","player_choice":"Ignored","floor":29.0,"gold_loss":0.0,"damage_taken":0.0},{"damage_healed":0.0,"max_hp_gain":0.0,"max_hp_loss":0.0,"gold_gain":0.0,"event_name":"The Library","player_choice":"Read","floor":31.0,"gold_loss":0.0,"damage_taken":0.0,"cards_obtained":["Cloak And Dagger"]},{"damage_healed":0,"gold_gain":0,"player_choice":"Fight","damage_taken":0,"max_hp_gain":0,"max_hp_loss":0,"event_name":"MindBloom","floor":36,"gold_loss":0},{"damage_healed":0,"gold_gain":0,"player_choice":"Fight","damage_taken":0,"max_hp_gain":0,"max_hp_loss":0,"event_name":"Mysterious Sphere","floor":37,"gold_loss":0},{"damage_healed":0,"gold_gain":0,"player_choice":"Max HP","damage_taken":0,"max_hp_gain":0,"max_hp_loss":3,"event_name":"Winding Halls","floor":38,"gold_loss":0},{"cards_removed":["Blur"],"damage_healed":0,"gold_gain":0,"player_choice":"Removed Skill","damage_taken":0,"max_hp_gain":0,"max_hp_loss":0,"event_name":"Falling","floor":48,"gold_loss":0}],"is_beta":false,"boss_relics":[{"not_picked":["Philosopher\u0027s Stone","Tiny House"],"picked":"WristBlade"},{"not_picked":["Calling Bell","Runic Dome"],"picked":"Pandora\u0027s Box"}],"items_purged_floors":[39,47],"is_endless":false,"potions_floor_spawned":[4,7,12,16,18,24,30,33],"killed_by":"Donu and Deca","ascension_level":19}}