{"host":"350rh84kbmtekt58","time":1609551405,"event":{"mods":["AchievementEnabler","Act Like it!","BaseMod","Better Synergies","Block Reminder","CapriCore","Challenge The Spire","Colored Map","Colored Powertips","Communication Mod","Downfall","Energized Spire","Friendly Minions","GifTheSpireLib","Highlight Path","Minty Spire (QoL Compilation)","Quick Restart","Replay The Spire","Shop Mod","StSLib","The Animator","The Disciple","The Immortal","The Marked","The Runesmith","The Servant 0.9.4","The Wild Card","Transform Curses","yUi"],"gold_per_floor":[119,294,6,81,94,94,124,151,175,175,204,204,223,223,223],"floor_reached":14,"playtime":836,"items_purged":["Doubt"],"score":121,"play_id":"ebc4c26c-221b-49f5-af98-80a6a352aba3","local_time":"20210101193645","is_ascension_mode":false,"campfire_choices":[{"data":"SurpressingFire","floor":6,"key":"SMITH"},{"data":"Defy","floor":10,"key":"SMITH"},{"floor":12,"key":"REST"}],"circlet_count":0,"master_deck":["Strike_S","Strike_S","Strike_S","Strike_S","Defend_S","Defend_S","Defend_S","Defend_S","KidneyShot","Exchange","Defy+1","MoonPhase","SurpressingFire+1","Starlight","BestPractice","Barrier","Ricochet"],"relics":["Uniform","NeowsBlessing","Anchor","Bottled Lightning","Replay:Wax Seal","Blood Vial","Dream Catcher"],"acts_visited":["Exordium"],"potions_floor_usage":[11],"damage_taken":[{"damage":0,"enemies":"Jaw Worm","floor":1,"turns":1},{"damage":0,"enemies":"2 Louse","floor":5,"turns":1},{"damage":0,"enemies":"3 Sentries","floor":7,"turns":2},{"damage":13,"enemies":"Lagavulin","floor":11,"turns":11},{"damage":0,"enemies":"Cultist","floor":13,"turns":4},{"damage":82,"enemies":"Gremlin Nob","floor":14,"turns":11}],"seed_played":"-1182129254484811920","potions_obtained":[{"floor":5,"key":"Dexterity Potion"}],"is_trial":false,"path_per_floor":["M","?","$","?","M","R","E","T","T","R","E","R","M","E"],"character_chosen":"THE_SERVANT","items_purchased":["MoonPhase","Anchor"],"campfire_rested":1,"item_purchase_floors":[3,3],"current_hp_per_floor":[65,65,65,54,54,54,54,54,54,54,43,62,64,0,0],"gold":223,"neow_bonus":"THREE_ENEMY_KILL","is_daily":false,"chose_seed":false,"campfire_upgraded":2,"win_rate":0.0,"timestamp":1609551405,"path_taken":["M","?","$","?","M","R","E","?","T","R","E","R","?","E"],"items_purchased_type":["Card","Relic"],"build_version":"2020-12-22","purchased_purges":1,"victory":false,"max_hp_per_floor":[65,65,65,65,65,65,65,65,65,65,65,65,65,65,65],"card_choices":[{"not_picked":["Spin","ReturningBlade"],"picked":"Defy","floor":1},{"not_picked":["Foresight","ShatteredReality"],"picked":"SurpressingFire","floor":5},{"not_picked":["TimeWarp","FanOfKnives"],"picked":"Starlight","floor":7},{"not_picked":["TimeWarp","Snipe"],"picked":"BestPractice","floor":11},{"not_picked":["Starlight","Rewind"],"picked":"Barrier","floor":12},{"not_picked":["Reset","Starlight"],"picked":"Ricochet","floor":13}],"player_experience":185052,"relics_obtained":[{"floor":7,"key":"Bottled Lightning"},{"floor":8,"key":"Replay:Wax Seal"},{"floor":9,"key":"Blood Vial"},{"floor":11,"key":"Dream Catcher"}],"event_choices":[{"damage_healed":0,"gold_gain":175,"player_choice":"AGREE","damage_taken":0,"max_hp_gain":0,"max_hp_loss":0,"event_name":"Liars Game","floor":2,"gold_loss":0,"cards_obtained":["Doubt"]},{"damage_healed":0,"gold_gain":75,"player_choice":"Gather Gold","damage_taken":11,"max_hp_gain":0,"max_hp_loss":0,"event_name":"World of Goop","floor":4,"gold_loss":0}],"is_beta":false,"boss_relics":[],"items_purged_floors":[3],"is_endless":false,"potions_floor_spawned":[5],"killed_by":"Gremlin Nob","ascension_level":0}}