{"host":"rt0td7aa3g170xdl","time":1609630833,"event":{"mods":["2.2 Compatiblity","AchievementEnabler","BaseMod","Colored Map","DeckTracker","Keyboard Shortcuts","Minty Spire (QoL Compilation)","Permanent Neow","Quick Restart","SuperFastMode","everything is the same but u backflip on backflip"],"gold_per_floor":[113,38,38,56,70,70,97,97,124,138,157,157,184,200,200,305,305,320,320,320,320,419,447,447,447,496,421,421,456,232,247,247,342,342,359,359,376,390,173,173,226,245,245,2,2,22,22,51,51,51],"floor_reached":51,"playtime":4103,"items_purged":["Strike_G","Defend_G","Defend_G","Strike_G"],"score":964,"play_id":"b36e703b-468d-497f-9f7f-be8244a06e3a","local_time":"20210103084033","is_ascension_mode":true,"campfire_choices":[{"data":"Neutralize","floor":6.0,"key":"SMITH"},{"data":"Cloak And Dagger","floor":8.0,"key":"SMITH"},{"data":"Crippling Poison","floor":12.0,"key":"SMITH"},{"floor":15.0,"key":"REST"},{"data":"Malaise","floor":24.0,"key":"SMITH"},{"data":"Cloak And Dagger","floor":28.0,"key":"SMITH"},{"data":"Accuracy","floor":32.0,"key":"SMITH"},{"data":"Envenom","floor":40.0,"key":"SMITH"},{"data":"Footwork","floor":45.0,"key":"SMITH"},{"floor":49.0,"key":"REST"}],"circlet_count":0,"master_deck":["Defend_G","Defend_G","Survivor","Neutralize+1","Dagger Throw","Cloak And Dagger+1","Escape Plan","Backflip","Crippling Poison+1","Endless Agony","Infinite Blades","Cloak And Dagger+1","Malaise+1","Blade Dance","Infinite Blades","Footwork","Accuracy+1","Footwork+1","Envenom+1","Acrobatics+1","Backflip+1","Backflip+1","Die Die Die"],"relics":["Ring of the Snake","Nunchaku","Omamori","Vajra","Cursed Key","Bag of Preparation","MutagenicStrength","Happy Flower","The Courier","WristBlade","OrangePellets","Ice Cream","Mummified Hand","Pen Nib","InkBottle"],"acts_visited":["Exordium","TheCity","TheBeyond"],"potions_floor_usage":[50,50],"damage_taken":[{"damage":7.0,"enemies":"Jaw Worm","floor":1.0,"turns":5.0},{"damage":0.0,"enemies":"Small Slimes","floor":4.0,"turns":4.0},{"damage":0.0,"enemies":"2 Louse","floor":5.0,"turns":2.0},{"damage":26.0,"enemies":"Lagavulin","floor":7.0,"turns":7.0},{"damage":0.0,"enemies":"2 Fungi Beasts","floor":10.0,"turns":4.0},{"damage":0.0,"enemies":"Exordium Wildlife","floor":11.0,"turns":3.0},{"damage":19.0,"enemies":"3 Sentries","floor":13.0,"turns":11.0},{"damage":1.0,"enemies":"Lots of Slimes","floor":14.0,"turns":3.0},{"damage":16.0,"enemies":"Hexaghost","floor":16.0,"turns":11.0},{"damage":8.0,"enemies":"Spheric Guardian","floor":18.0,"turns":5.0},{"damage":10.0,"enemies":"Slavers","floor":23.0,"turns":6.0},{"damage":0.0,"enemies":"Gremlin Leader","floor":29.0,"turns":6.0},{"damage":0.0,"enemies":"Shell Parasite","floor":31.0,"turns":4.0},{"damage":22.0,"enemies":"Champ","floor":33.0,"turns":8.0},{"damage":12.0,"enemies":"Orb Walker","floor":35.0,"turns":3.0},{"damage":0.0,"enemies":"3 Shapes","floor":37.0,"turns":4.0},{"damage":0.0,"enemies":"Sphere and 2 Shapes","floor":38.0,"turns":4.0},{"damage":10.0,"enemies":"2 Orb Walkers","floor":41.0,"turns":4.0},{"damage":0.0,"enemies":"4 Shapes","floor":42.0,"turns":5.0},{"damage":0.0,"enemies":"Spire Growth","floor":46.0,"turns":3.0},{"damage":0.0,"enemies":"Reptomancer","floor":48.0,"turns":3.0},{"damage":0,"enemies":"Time Eater","floor":50,"turns":6}],"seed_played":"-79265082755879201","potions_obtained":[{"floor":5.0,"key":"DistilledChaos"},{"floor":10.0,"key":"Energy Potion"},{"floor":11.0,"key":"LiquidMemories"},{"floor":14.0,"key":"LiquidBronze"},{"floor":16.0,"key":"SkillPotion"},{"floor":31.0,"key":"SpeedPotion"},{"floor":33.0,"key":"Poison Potion"},{"floor":38.0,"key":"FairyPotion"},{"floor":41.0,"key":"FearPotion"},{"floor":46.0,"key":"Dexterity Potion"},{"floor":48.0,"key":"SkillPotion"}],"is_trial":false,"path_per_floor":["M","$","?","M","M","R","E","R","T","M","M","R","E","M","R","B",null,"M","?","?","?","?","E","R","?","T","?","R","E","$","M","R","B",null,"M","?","M","M","$","R","?","M","T","$","R","M","?","E","R","B",null],"character_chosen":"THE_SILENT","items_purchased":["Footwork","Accuracy","Footwork","OrangePellets","Pen Nib"],"campfire_rested":2,"item_purchase_floors":[30,30,30,39,44],"current_hp_per_floor":[63,63,63,63,63,63,37,37,37,37,37,37,18,17,38,22,58,50,50,50,50,50,40,40,40,40,40,40,40,40,40,40,18,57,45,45,45,45,45,45,35,35,35,35,35,35,35,35,56,56],"gold":51,"neow_bonus":"REMOVE_CARD","is_daily":false,"chose_seed":false,"campfire_upgraded":8,"win_rate":0.0,"timestamp":1609630833,"path_taken":["M","$","?","M","M","R","E","R","T","M","M","R","E","M","R","BOSS","M","?","?","?","?","E","R","?","T","?","R","E","$","M","R","BOSS","M","?","M","?","$","R","?","M","T","$","R","M","?","E","R","BOSS"],"items_purchased_type":["Card","Card","Card","Relic","Relic"],"build_version":"2020-12-22","purchased_purges":4,"victory":true,"max_hp_per_floor":[70,70,70,70,70,70,70,70,70,70,70,70,70,70,70,70,70,70,70,70,70,70,70,70,70,70,70,70,70,70,70,70,70,70,70,70,70,70,70,70,70,70,70,70,70,70,70,70,70,70],"card_choices":[{"not_picked":["Dodge and Roll","Blade Dance"],"picked":"Dagger Throw","floor":1.0},{"not_picked":["Deflect","Acrobatics"],"picked":"Cloak And Dagger","floor":4.0},{"not_picked":["Predator","Dash"],"picked":"Escape Plan","floor":5.0},{"not_picked":["Acrobatics","Deadly Poison"],"picked":"Backflip","floor":7.0},{"not_picked":["Underhanded Strike","Dodge and Roll"],"picked":"Crippling Poison","floor":10.0},{"not_picked":["Acrobatics","PiercingWail"],"picked":"Endless Agony","floor":11.0},{"not_picked":["Sucker Punch","Bullet Time"],"picked":"Infinite Blades","floor":13.0},{"not_picked":["Bane","Deadly Poison"],"picked":"Cloak And Dagger","floor":14.0},{"not_picked":["Night Terror","Storm of Steel"],"picked":"Malaise","floor":16.0},{"not_picked":["Sucker Punch","Catalyst+1","Prepared"],"picked":"SKIP","floor":18.0},{"not_picked":["Deflect","Dodge and Roll"],"picked":"Blade Dance","floor":23.0},{"not_picked":["Crippling Poison","Catalyst+1"],"picked":"Infinite Blades","floor":29.0},{"not_picked":["Bouncing Flask","Distraction","Deflect"],"picked":"SKIP","floor":31.0},{"not_picked":["Malaise","Die Die Die"],"picked":"Envenom","floor":33.0},{"not_picked":["Prepared","Quick Slash+1"],"picked":"Acrobatics+1","floor":35.0},{"not_picked":["Cloak And Dagger","Backstab+1"],"picked":"Backflip+1","floor":37.0},{"not_picked":["Endless Agony","Riddle With Holes+1","Underhanded Strike+1"],"picked":"SKIP","floor":38.0},{"not_picked":["Poisoned Stab+1","Blade Dance"],"picked":"Backflip+1","floor":42.0},{"not_picked":["Bane+1","Quick Slash+1","Flechettes"],"picked":"SKIP","floor":46.0},{"not_picked":["Quick Slash","Doppelganger","Backflip"],"picked":"SKIP","floor":48.0}],"player_experience":307667,"relics_obtained":[{"floor":7.0,"key":"Nunchaku"},{"floor":9.0,"key":"Omamori"},{"floor":13.0,"key":"Vajra"},{"floor":23.0,"key":"Bag of Preparation"},{"floor":26.0,"key":"Happy Flower"},{"floor":29.0,"key":"The Courier"},{"floor":41.0,"key":"Ice Cream"},{"floor":43.0,"key":"Mummified Hand"},{"floor":48.0,"key":"InkBottle"}],"event_choices":[{"damage_healed":0.0,"max_hp_gain":0.0,"max_hp_loss":0.0,"gold_gain":0.0,"event_name":"The Cleric","player_choice":"Leave","floor":3.0,"gold_loss":0.0,"damage_taken":0.0},{"damage_healed":0.0,"max_hp_gain":0.0,"max_hp_loss":0.0,"gold_gain":0.0,"event_name":"The Mausoleum","player_choice":"Ignored","floor":19.0,"gold_loss":0.0,"damage_taken":0.0},{"damage_healed":0.0,"max_hp_gain":0.0,"max_hp_loss":0.0,"gold_gain":0.0,"event_name":"Cursed Tome","player_choice":"Ignored","floor":20.0,"gold_loss":0.0,"damage_taken":0.0},{"damage_healed":0.0,"max_hp_gain":0.0,"max_hp_loss":0.0,"gold_gain":0.0,"event_name":"Vampires","player_choice":"Ignored","floor":21.0,"gold_loss":0.0,"damage_taken":0.0},{"damage_healed":0.0,"max_hp_gain":0.0,"max_hp_loss":0.0,"gold_gain":99.0,"event_name":"Nest","player_choice":"Stole From Cult","floor":22.0,"gold_loss":0.0,"damage_taken":0.0},{"damage_healed":0.0,"max_hp_gain":0.0,"max_hp_loss":0.0,"gold_gain":0.0,"event_name":"Drug Dealer","player_choice":"Inject Mutagens","floor":25.0,"gold_loss":0.0,"damage_taken":0.0,"relics_obtained":["MutagenicStrength"]},{"cards_removed":["Strike_G"],"damage_healed":0.0,"max_hp_gain":0.0,"max_hp_loss":0.0,"gold_gain":0.0,"event_name":"Beggar","player_choice":"Gave Gold","floor":27.0,"gold_loss":75.0,"damage_taken":0.0},{"cards_removed":["Strike_G"],"damage_healed":0.0,"max_hp_gain":0.0,"max_hp_loss":0.0,"gold_gain":0.0,"event_name":"Purifier","player_choice":"Purged","floor":36.0,"gold_loss":0.0,"damage_taken":0.0},{"damage_healed":0.0,"max_hp_gain":0.0,"max_hp_loss":0.0,"gold_gain":0.0,"event_name":"Mysterious Sphere","player_choice":"Fight","floor":41.0,"gold_loss":0.0,"damage_taken":0.0},{"damage_healed":0.0,"max_hp_gain":0.0,"max_hp_loss":0.0,"gold_gain":0.0,"cards_transformed":["Defend_G"],"event_name":"Transmorgrifier","player_choice":"Transformed","floor":47.0,"gold_loss":0.0,"damage_taken":0.0,"cards_obtained":["Die Die Die"]}],"is_beta":false,"boss_relics":[{"not_picked":["SlaversCollar","Busted Crown"],"picked":"Cursed Key"},{"not_picked":["Snecko Eye","Black Star"],"picked":"WristBlade"}],"items_purged_floors":[2,30,39,44],"is_endless":false,"potions_floor_spawned":[5,10,11,14,16,18,31,33,38,41,46,48],"ascension_level":5}}