{"host":"wonp23fsqqcu31ie","time":1609553713,"event":{"mods":["2.2 Compatiblity","AchievementEnabler","Aspiration","BaseMod","Bestiary","Better Altar","Better Match","Better Sensory Stone","Better Skull","Better Third Choice","BetterRewards","Block Reminder","Colored Map","Colored Powertips","Conspire","Curses Come First","DeckTracker","Displayed Cursed Tome","Downfall","Hermit","Highlight Path","Hubris","Marisa????????","Minty Spire (QoL Compilation)","Permanent Neow","Quick Restart","Rare Cards Sparkle","Relic Stats","Replay The Spire","Robot Space Explorer","Shade Mod","Shop Mod","StSLib","SuperFastMode","The Animator","The Cursed","The Gatherer","The Marked","The Necromancer","The Runesmith","The Servant 0.9.4"],"gold_per_floor":[113,113,131,131,146,485,485,19,45,63,101,8,27,48,48,176,176,194,194,194,208,249,249,249],"floor_reached":23,"playtime":756,"items_purged":["Pain"],"score":223,"play_id":"a109a865-a2f7-4291-99e2-229d92dfa3ba","local_time":"20210102131513","is_ascension_mode":true,"campfire_choices":[{"data":"UnstableBomb","floor":7,"key":"SMITH"},{"floor":15,"key":"REST"}],"circlet_count":0,"master_deck":["Strike_MRS","Strike_MRS","Strike_MRS","Strike_MRS","Defend_MRS","Defend_MRS","Defend_MRS","Defend_MRS","MasterSpark","UpSweep","GrandCross","UnstableBomb+1","Injury","DC","UnstableBomb","MeteoricShower","DoubleSpark","AsteroidBelt","OortCloud","CollectingQuirk","6A","Robbery","GrandCross"],"relics":["MiniHakkero","Guardian:ModeShifter","WarpedTongs","Golden Idol","MerchantsRug","Chameleon Ring","aspiration:PocketMushroom","aspiration:RunesmithSkillbook","Nloth\u0027s Gift"],"acts_visited":["Exordium","TheCity"],"potions_floor_usage":[5,6,11,16,16,23],"damage_taken":[{"damage":3,"enemies":"Jaw Worm","floor":1,"turns":4},{"damage":1,"enemies":"Cultist","floor":3,"turns":3},{"damage":3,"enemies":"Small Slimes","floor":5,"turns":2},{"damage":19,"enemies":"3 Sentries","floor":6,"turns":8},{"damage":15,"enemies":"Exordium Thugs","floor":10,"turns":4},{"damage":5,"enemies":"Lagavulin","floor":11,"turns":3},{"damage":0,"enemies":"Large Slime","floor":13,"turns":3},{"damage":13,"enemies":"Blue Slaver","floor":14,"turns":1},{"damage":11,"enemies":"Fading Forest","floor":16,"turns":11},{"damage":32,"enemies":"conspire:FuzzyDice","floor":18,"turns":5},{"damage":14,"enemies":"Shell Parasite","floor":21,"turns":4},{"damage":21,"enemies":"Chosen and Byrds","floor":22,"turns":5},{"damage":14,"enemies":"Slavers","floor":23,"turns":1}],"seed_played":"7203884710724560256","potions_obtained":[{"floor":1,"key":"EssenceOfSteel"},{"floor":3,"key":"SteroidPotion"},{"floor":5,"key":"Fruit Juice"},{"floor":11,"key":"SteroidPotion"},{"floor":14,"key":"Adrenaline Potion"},{"floor":18,"key":"champ:CounterPotion"},{"floor":21,"key":"SmokeBomb"}],"is_trial":false,"path_per_floor":["M","?","M","?","M","E","R","$","T","M","E","$","M","M","R","B",null,"M","?","?","M","M","E"],"character_chosen":"MARISA","items_purchased":["MerchantsRug","Chameleon Ring","aspiration:PocketMushroom"],"campfire_rested":1,"item_purchase_floors":[8,8,12],"current_hp_per_floor":[72,72,71,71,73,54,54,54,54,39,34,34,34,21,45,56,80,48,48,48,34,13,0,0],"gold":249,"neow_bonus":"NOSTALGIA","is_daily":false,"chose_seed":false,"campfire_upgraded":1,"win_rate":0.0,"timestamp":1609553713,"path_taken":["M","?","?","?","M","E","R","?","T","?","E","$","M","M","R","BOSS","M","?","?","?","?","E"],"items_purchased_type":["Relic","Relic","Relic"],"build_version":"2020-12-22","purchased_purges":1,"victory":false,"max_hp_per_floor":[75,75,75,75,80,80,80,80,80,80,80,80,80,80,80,80,80,80,80,80,80,80,80,80],"relic_stats":{"counters":[13,54],"Golden Idol":68,"Nloth\u0027s Gift":0,"obtain_stats":[{"MerchantsRug":8,"Chameleon Ring":8,"MagicBroom":11,"aspiration:Nostalgia":0,"Golden Idol":4,"aspiration:RunesmithSkillbook":17,"Guardian:ModeShifter":0,"Nloth\u0027s Gift":20,"MiniHakkero":0,"WarpedTongs":2,"Old Coin":6,"aspiration:PocketMushroom":12},{"MerchantsRug":4,"Chameleon Ring":4,"MagicBroom":6,"aspiration:Nostalgia":0,"Golden Idol":2,"aspiration:RunesmithSkillbook":9,"Guardian:ModeShifter":0,"Nloth\u0027s Gift":10,"MiniHakkero":0,"WarpedTongs":1,"Old Coin":4,"aspiration:PocketMushroom":6},{"MerchantsRug":17,"Chameleon Ring":17,"MagicBroom":24,"aspiration:Nostalgia":0,"Golden Idol":7,"aspiration:RunesmithSkillbook":39,"Guardian:ModeShifter":0,"Nloth\u0027s Gift":44,"MiniHakkero":0,"WarpedTongs":4,"Old Coin":17,"aspiration:PocketMushroom":24}],"WarpedTongs":[50]},"card_choices":[{"not_picked":["PowerUp","BlazeAway"],"picked":"GrandCross","floor":1},{"not_picked":["GrandCross","MilkyWay"],"picked":"UnstableBomb","floor":3},{"not_picked":["UltimateShortwave","OrrerysSun"],"picked":"DC","floor":5},{"not_picked":["6A","OneTimeOff"],"picked":"UnstableBomb","floor":6},{"not_picked":["ShootingEcho","ShootTheMoon"],"picked":"MeteoricShower","floor":10},{"not_picked":["NonDirectionalLaser","AsteroidBelt"],"picked":"DoubleSpark","floor":11},{"not_picked":["DC","PowerUp"],"picked":"AsteroidBelt","floor":13},{"not_picked":["GrandCross","GravityBeat"],"picked":"OortCloud","floor":14},{"not_picked":["TreasureHunter","JA"],"picked":"CollectingQuirk","floor":16},{"not_picked":["Runesmith:Overpower","PowerUp+1","Runesmith:BackupBattery"],"picked":"6A","floor":18},{"not_picked":["DC+1","DarkMatter","Runesmith:Firestorm"],"picked":"Robbery","floor":21},{"not_picked":["Runesmith:Repurpose","Runesmith:ChargedHammer","Runesmith:ChiselStab"],"picked":"GrandCross","floor":22}],"player_experience":432735,"relics_obtained":[{"floor":6,"key":"Old Coin"},{"floor":11,"key":"MagicBroom"}],"event_choices":[{"damage_healed":0,"gold_gain":0,"player_choice":"Rummage","damage_taken":0,"relics_obtained":["WarpedTongs"],"max_hp_gain":0,"max_hp_loss":0,"event_name":"Accursed Blacksmith","floor":2,"gold_loss":0,"cards_obtained":["Pain"]},{"damage_healed":0,"gold_gain":0,"player_choice":"Take Wound","damage_taken":0,"relics_obtained":["Golden Idol"],"max_hp_gain":0,"max_hp_loss":0,"event_name":"Golden Idol","floor":4,"gold_loss":0,"cards_obtained":["Injury"]},{"damage_healed":0,"gold_gain":0,"player_choice":"Leave","damage_taken":0,"max_hp_gain":0,"max_hp_loss":0,"event_name":"conspire:Investor","floor":19,"gold_loss":0},{"damage_healed":0,"gold_gain":0,"player_choice":"Traded Relic","damage_taken":0,"relics_obtained":["Nloth\u0027s Gift"],"max_hp_gain":0,"max_hp_loss":0,"event_name":"N\u0027loth","floor":20,"relics_lost":["MagicBroom"],"gold_loss":0}],"is_beta":false,"boss_relics":[{"not_picked":["hubris:HollowSoul","Pandora\u0027s Box"],"picked":"aspiration:RunesmithSkillbook"}],"items_purged_floors":[8],"is_endless":false,"potions_floor_spawned":[1,3,5,11,14,18,21],"killed_by":"Slavers","ascension_level":2}}