{"host":"l60rmjjsfi0fipmi","time":1609626231,"event":{"mods":["BaseMod","Colored Map","DeckTracker","Highlight Path","Minty Spire (QoL Compilation)"],"gold_per_floor":[119,130,130,45,59,59,91,103,154,154,229,244,66,81,81,176,176,191,209,209,72,85,85,85],"floor_reached":23,"playtime":2047,"items_purged":["Defend_B","Strike_B"],"score":193,"play_id":"12fa3668-f972-404a-ae72-3d0bc6b7f474","local_time":"20210102172351","is_ascension_mode":false,"campfire_choices":[{"data":"Leap","floor":6,"key":"SMITH"},{"data":"Self Repair","floor":10,"key":"SMITH"},{"data":"Redo","floor":15,"key":"SMITH"}],"circlet_count":0,"master_deck":["Strike_B","Strike_B","Strike_B+1","Defend_B","Defend_B","Defend_B","Zap+1","Dualcast","Sweeping Beam+1","Rebound","Self Repair+1","Leap+1","Cold Snap+1","Seek","Ball Lightning","Redo+1","Beam Cell","Amplify","Hologram+1","Necronomicurse","Storm","Gash"],"relics":["Cracked Core","HornCleat","Whetstone","Runic Pyramid","Necronomicon"],"acts_visited":["Exordium","TheCity"],"potions_floor_usage":[16,23],"damage_taken":[{"damage":0,"enemies":"Cultist","floor":1,"turns":4},{"damage":0,"enemies":"2 Louse","floor":2,"turns":2},{"damage":0,"enemies":"Small Slimes","floor":5,"turns":2},{"damage":20,"enemies":"Gremlin Nob","floor":7,"turns":4},{"damage":6,"enemies":"Red Slaver","floor":8,"turns":4},{"damage":0,"enemies":"Looter","floor":12,"turns":3},{"damage":0,"enemies":"Exordium Wildlife","floor":14,"turns":3},{"damage":19,"enemies":"Slime Boss","floor":16,"turns":7},{"damage":0,"enemies":"Spheric Guardian","floor":18,"turns":3},{"damage":0,"enemies":"Shell Parasite","floor":19,"turns":6},{"damage":20,"enemies":"Chosen and Byrds","floor":22,"turns":6},{"damage":63,"enemies":"Slavers","floor":23,"turns":5}],"seed_played":"-8687690225587600816","potions_obtained":[{"floor":1,"key":"ColorlessPotion"},{"floor":5,"key":"Explosive Potion"},{"floor":14,"key":"GamblersBrew"},{"floor":22,"key":"PotionOfCapacity"}],"is_trial":false,"path_per_floor":["M","M","?","$","M","R","E","M","T","R","?","M","$","M","R","B",null,"M","M","?","$","M","E"],"character_chosen":"DEFECT","items_purchased":["Self Repair","Leap","Redo","Beam Cell","Storm"],"campfire_rested":0,"item_purchase_floors":[4,4,13,13,21],"current_hp_per_floor":[75,75,75,75,75,75,62,63,63,63,56,66,66,75,75,66,75,75,75,59,59,59,0,0],"gold":85,"neow_bonus":"UPGRADE_CARD","is_daily":false,"chose_seed":false,"campfire_upgraded":3,"win_rate":0.0,"timestamp":1609626231,"path_taken":["M","M","?","$","M","R","E","M","T","R","?","M","$","M","R","BOSS","M","M","?","$","M","E"],"items_purchased_type":["Card","Card","Card","Card","Card"],"build_version":"2020-12-22","purchased_purges":2,"victory":false,"max_hp_per_floor":[75,75,75,75,75,75,75,75,75,75,75,75,75,75,75,75,75,75,75,75,75,75,75,75],"card_choices":[{"not_picked":["White Noise","Melter"],"picked":"Sweeping Beam","floor":1},{"not_picked":["Go for the Eyes","Hello World"],"picked":"Rebound","floor":2},{"not_picked":["Coolheaded","Steam"],"picked":"Cold Snap","floor":5},{"not_picked":["Reinforced Body","Turbo"],"picked":"Seek","floor":7},{"not_picked":["Sunder","Compile Driver","Steam Power"],"picked":"SKIP","floor":8},{"not_picked":["Turbo","Steam"],"picked":"Ball Lightning","floor":12},{"not_picked":["Rip and Tear","Melter","Sweeping Beam"],"picked":"SKIP","floor":14},{"not_picked":["Echo Form","Meteor Strike"],"picked":"Amplify","floor":16},{"not_picked":["Auto Shields","Sweeping Beam"],"picked":"Hologram+1","floor":18},{"not_picked":["Genetic Algorithm","Beam Cell","Conserve Battery"],"picked":"SKIP","floor":19},{"not_picked":["Beam Cell+1","Compile Driver+1"],"picked":"Gash","floor":22}],"player_experience":191565,"relics_obtained":[{"floor":7,"key":"HornCleat"},{"floor":9,"key":"Whetstone"},{"floor":20,"key":"Necronomicon"}],"event_choices":[{"damage_healed":0,"gold_gain":0,"player_choice":"Grow","damage_taken":0,"max_hp_gain":0,"max_hp_loss":0,"event_name":"Living Wall","floor":3,"gold_loss":0,"cards_upgraded":["Sweeping Beam"]},{"damage_healed":0,"gold_gain":75,"player_choice":"Touch","damage_taken":7,"max_hp_gain":0,"max_hp_loss":0,"event_name":"FaceTrader","floor":11,"gold_loss":0},{"damage_healed":0,"gold_gain":0,"player_choice":"Obtained Book","damage_taken":16,"max_hp_gain":0,"max_hp_loss":0,"event_name":"Cursed Tome","floor":20,"gold_loss":0}],"is_beta":false,"boss_relics":[{"not_picked":["Ectoplasm","SacredBark"],"picked":"Runic Pyramid"}],"items_purged_floors":[13,21],"is_endless":false,"potions_floor_spawned":[1,5,14,18,22],"killed_by":"Slavers","ascension_level":0}}