{"host":"dth8fvkfiulu86fi","time":1609589505,"event":{"mods":["2.2 Compatiblity","AchievementEnabler","BaseMod","Better Third Choice","Colored Map","Colored Powertips","Minty Spire (QoL Compilation)","Rare Cards Sparkle","StSLib","SuperFastMode","Synergy Search"],"gold_per_floor":[114,27,42,57,57,72,72,87,87,102,0,0,15,30,30,130,130,145,145,145,160,175,205,205,37,112,127,142,142,7,22,22,122,122,137,110,125,22,37,67,67,117,142,42,42,72,72,87,87,87],"floor_reached":51,"playtime":1376,"items_purged":[],"score":996,"play_id":"706ff191-9208-4691-b88f-2c42815a2292","local_time":"20210102131145","daily_mods":["Insanity","Time Dilation","Binary"],"is_ascension_mode":false,"campfire_choices":[{"data":"Mind Blast","floor":15.0,"key":"SMITH"},{"floor":24.0,"key":"REST"},{"floor":29.0,"key":"REST"},{"data":"Enlightenment","floor":32.0,"key":"SMITH"},{"floor":41.0,"key":"REST"},{"floor":49,"key":"REST"}],"circlet_count":0,"master_deck":["Uppercut","Shrug It Off","Anger","Perfected Strike","Headbutt","Flame Barrier","Armaments","Sentinel","Heavy Blade","Havoc","Rage","Dropkick","Cleave","Havoc","Dark Embrace","Twin Strike","Battle Trance","Bloodletting","Twin Strike","Cleave","Inflame","True Grit","Burning Pact","Searing Blow","Spot Weakness","Bloodletting","Twin Strike","Twin Strike","Heavy Blade","True Grit","Warcry","True Grit","Cleave","Searing Blow","Shrug It Off","Body Slam","Thunderclap","Wild Strike","Havoc","Flex","Dual Wield","Wild Strike","Sentinel","Clothesline","Perfected Strike","Anger","Flex","Rampage","Warcry","Clash","Perfected Strike","Mind Blast+1","Pummel","Perfected Strike","Burn","Dual Wield","Flex","Dropkick","Enlightenment+1","Power Through","Flame Barrier","Brutality","Warcry+1","Enlightenment","Blind","Dark Shackles","Flash of Steel","Jack Of All Trades","Trip","Blind","Dark Shackles","Twin Strike","Sentinel+1","Inflame+1","Shrug It Off","Flex","Pain","Body Slam","Heavy Blade","Rage","Clash+1","Limit Break","CurseOfTheBell","Searing Blow+1","Warcry","Thunderclap","Thunderclap","Shrug It Off","Ghostly Armor","Heavy Blade+1","Wild Strike+1","Clumsy","Madness","Madness","Bloodletting+1","Blind","PanicButton","Discovery","Pommel Strike+1"],"relics":["Burning Blood","Kunai","Pear","Cursed Key","Bag of Preparation","Shuriken","Calling Bell","Happy Flower","Ornamental Fan","Turnip","Smiling Mask","Pocketwatch","Strawberry","Bronze Scales"],"acts_visited":["Exordium","TheCity","TheBeyond"],"potions_floor_usage":[],"damage_taken":[{"damage":3.0,"enemies":"Cultist","floor":1.0,"turns":3.0},{"damage":0.0,"enemies":"Jaw Worm","floor":3.0,"turns":1.0},{"damage":0.0,"enemies":"2 Louse","floor":4.0,"turns":1.0},{"damage":0.0,"enemies":"Blue Slaver","floor":6.0,"turns":1.0},{"damage":0.0,"enemies":"2 Fungi Beasts","floor":8.0,"turns":2.0},{"damage":0.0,"enemies":"Lots of Slimes","floor":10.0,"turns":1.0},{"damage":0.0,"enemies":"Looter","floor":13.0,"turns":1.0},{"damage":0.0,"enemies":"Blue Slaver","floor":14.0,"turns":1.0},{"damage":43.0,"enemies":"Hexaghost","floor":16.0,"turns":3.0},{"damage":0.0,"enemies":"2 Thieves","floor":18.0,"turns":1.0},{"damage":0.0,"enemies":"Shell Parasite","floor":21.0,"turns":1.0},{"damage":0.0,"enemies":"Centurion and Healer","floor":22.0,"turns":1.0},{"damage":7.0,"enemies":"Slavers","floor":23.0,"turns":4.0},{"damage":0.0,"enemies":"Sentry and Sphere","floor":27.0,"turns":1.0},{"damage":0.0,"enemies":"Snake Plant","floor":28.0,"turns":1.0},{"damage":0.0,"enemies":"Shelled Parasite and Fungi","floor":31.0,"turns":1.0},{"damage":74.0,"enemies":"Collector","floor":33.0,"turns":7.0},{"damage":0.0,"enemies":"Orb Walker","floor":35.0,"turns":1.0},{"damage":37.0,"enemies":"3 Darklings","floor":37.0,"turns":6.0},{"damage":0.0,"enemies":"Spire Growth","floor":39.0,"turns":2.0},{"damage":9.0,"enemies":"Nemesis","floor":40.0,"turns":1.0},{"damage":0.0,"enemies":"Mind Bloom Boss Battle","floor":42.0,"turns":1.0},{"damage":45,"enemies":"Giant Head","floor":46,"turns":7},{"damage":2,"enemies":"Transient","floor":48,"turns":5},{"damage":126,"enemies":"Donu and Deca","floor":50,"turns":9}],"seed_played":"-4486375853315586652","potions_obtained":[{"floor":1.0,"key":"SmokeBomb"},{"floor":4.0,"key":"DuplicationPotion"},{"floor":16.0,"key":"Strength Potion"},{"floor":18.0,"key":"SneckoOil"},{"floor":28.0,"key":"Dexterity Potion"},{"floor":31.0,"key":"EssenceOfSteel"},{"floor":33.0,"key":"SteroidPotion"},{"floor":35.0,"key":"EssenceOfSteel"}],"is_trial":false,"path_per_floor":["M","$","M","M","?","M","T","M","T","M","?","$","M","M","R","B",null,"M","?","?","M","M","E","R","$","T","M","M","R","$","M","R","B",null,"M","$","M","$","M","E","R","?","T","$","?","E","?","M","R","B",null],"character_chosen":"IRONCLAD","items_purchased":["Mind Blast","FairyPotion","Shrug It Off","Flex","FairyPotion","Rage","Warcry","Thunderclap","Shrug It Off","FairyPotion"],"campfire_rested":4,"item_purchase_floors":[2,25,25,25,30,30,36,38,38,44],"current_hp_per_floor":[80,80,80,80,80,80,80,80,90,90,96,96,96,96,96,59,96,96,96,14,20,26,25,53,53,53,59,65,93,93,96,96,28,96,96,96,65,65,71,68,96,96,103,103,90,51,41,45,75,36],"gold":87,"neow_bonus":"","is_daily":true,"chose_seed":false,"campfire_upgraded":2,"win_rate":0.0,"timestamp":1609589505,"path_taken":["M","$","M","?","?","M","?","M","T","?","?","$","M","M","R","BOSS","M","?","?","M","M","E","R","$","T","M","?","R","$","M","R","BOSS","M","$","M","$","M","E","R","?","T","$","?","E","?","?","R","BOSS"],"items_purchased_type":["Card","Potion","Card","Card","Potion","Card","Card","Card","Card","Potion"],"build_version":"2020-12-22","purchased_purges":0,"victory":true,"max_hp_per_floor":[80,80,80,80,80,80,80,80,90,90,96,96,96,96,96,96,96,96,96,96,96,96,96,96,96,96,96,96,96,96,96,96,96,96,96,96,96,96,96,96,96,96,103,103,103,103,103,103,103,103],"card_choices":[{"not_picked":["Warcry"],"picked":"Perfected Strike","floor":1.0},{"not_picked":["Clothesline"],"picked":"Pummel","floor":3.0},{"not_picked":["Wild Strike"],"picked":"Perfected Strike","floor":4.0},{"not_picked":["Armaments"],"picked":"Dual Wield","floor":6.0},{"not_picked":["Cleave"],"picked":"Flex","floor":8.0},{"not_picked":["Clash"],"picked":"Dropkick","floor":10.0},{"not_picked":["Heavy Blade"],"picked":"Power Through","floor":13.0},{"not_picked":["Cleave"],"picked":"Flame Barrier","floor":14.0},{"not_picked":["Juggernaut"],"picked":"Brutality","floor":16.0},{"not_picked":["Pommel Strike"],"picked":"Warcry+1","floor":18.0},{"not_picked":["Disarm"],"picked":"Twin Strike","floor":21.0},{"not_picked":["Thunderclap"],"picked":"Sentinel+1","floor":22.0},{"not_picked":["Armaments"],"picked":"Inflame+1","floor":23.0},{"not_picked":["Blood for Blood"],"picked":"Body Slam","floor":27.0},{"not_picked":["Spot Weakness"],"picked":"Heavy Blade","floor":28.0},{"not_picked":["Clothesline"],"picked":"Clash+1","floor":31.0},{"not_picked":["Corruption"],"picked":"Limit Break","floor":33.0},{"not_picked":["Disarm"],"picked":"Searing Blow+1","floor":35.0},{"not_picked":["Blood for Blood+1"],"picked":"Thunderclap","floor":37.0},{"not_picked":["Carnage"],"picked":"Ghostly Armor","floor":39.0},{"not_picked":["Searing Blow"],"picked":"Heavy Blade+1","floor":40.0},{"not_picked":["Rupture"],"picked":"Wild Strike+1","floor":42.0},{"not_picked":["Pommel Strike"],"picked":"Bloodletting+1","floor":46},{"not_picked":["Impatience"],"picked":"Blind","floor":47},{"not_picked":["Mayhem"],"picked":"PanicButton","floor":47},{"not_picked":["HandOfGreed"],"picked":"Discovery","floor":47},{"not_picked":["Pummel+1"],"picked":"Pommel Strike+1","floor":48}],"player_experience":1125487,"relics_obtained":[{"floor":7.0,"key":"Kunai"},{"floor":9.0,"key":"Pear"},{"floor":23.0,"key":"Bag of Preparation"},{"floor":26.0,"key":"Shuriken"},{"floor":34.0,"key":"Happy Flower"},{"floor":34.0,"key":"Ornamental Fan"},{"floor":34.0,"key":"Turnip"},{"floor":40.0,"key":"Smiling Mask"},{"floor":42.0,"key":"Pocketwatch"},{"floor":43.0,"key":"Strawberry"},{"floor":46,"key":"Bronze Scales"}],"event_choices":[{"damage_healed":80.0,"max_hp_gain":0.0,"max_hp_loss":80.0,"gold_gain":0.0,"event_name":"betterThird:BetterShining","player_choice":"Embrace Burn","floor":5.0,"gold_loss":0.0,"damage_taken":0.0},{"damage_healed":0.0,"max_hp_gain":0.0,"max_hp_loss":0.0,"gold_gain":0.0,"event_name":"betterThird:BetterSerpent","player_choice":"RENOUNCE","floor":11.0,"gold_loss":102.0,"damage_taken":102.0,"cards_obtained":["Enlightenment"]},{"damage_healed":0.0,"max_hp_gain":0.0,"max_hp_loss":0.0,"gold_gain":0.0,"event_name":"Vampires","player_choice":"Ignored","floor":19.0,"gold_loss":0.0,"damage_taken":0.0},{"damage_healed":0.0,"max_hp_gain":0.0,"max_hp_loss":0.0,"gold_gain":0.0,"event_name":"Knowing Skull","player_choice":"CARD CARD CARD CARD CARD CARD CARD CARD ","floor":20.0,"potions_obtained":[],"gold_loss":0.0,"damage_taken":82.0,"cards_obtained":["Enlightenment","Blind","Dark Shackles","Flash of Steel","Jack Of All Trades","Trip","Blind","Dark Shackles"]},{"damage_healed":0.0,"max_hp_gain":0.0,"max_hp_loss":0.0,"gold_gain":0.0,"event_name":"MindBloom","player_choice":"Fight","floor":42.0,"gold_loss":0.0,"damage_taken":0.0},{"damage_healed":0,"gold_gain":0,"player_choice":"Embrace Madness","damage_taken":13,"max_hp_gain":0,"max_hp_loss":0,"event_name":"Winding Halls","floor":45,"gold_loss":0,"cards_obtained":["Madness","Madness"]},{"damage_healed":0,"gold_gain":0,"player_choice":"Memory 3","damage_taken":10,"max_hp_gain":0,"max_hp_loss":0,"event_name":"SensoryStone","floor":47,"gold_loss":0}],"is_beta":false,"boss_relics":[{"not_picked":["Sozu","Busted Crown"],"picked":"Cursed Key"},{"not_picked":["SlaversCollar","Black Star"],"picked":"Calling Bell"}],"items_purged_floors":[],"is_endless":false,"potions_floor_spawned":[1,4,16,18,22,28,31,33,35,37,42,48],"ascension_level":0}}