{"host":"5fasz840ryq7obdf","time":1609581886,"event":{"mods":["AchievementEnabler","BaseMod","Bestiary","Better Altar","Better Skull","Better Third Choice","BetterRewards","Block Reminder","Colored Powertips","Curses Come First","Highlight Path","Minty Spire (QoL Compilation)","Quick Restart","Relic Sorter","Relic Stats","Replay The Spire","Shop Mod","Spicy Shops","StSLib","SuperFastMode","ojb\u0027s Better Paths Mod","ojb\u0027s Info Mod"],"gold_per_floor":[113,133,19,38,58,92,109,143,143,143,143],"floor_reached":10,"playtime":458,"items_purged":[],"score":210,"play_id":"fef13603-4abb-43c1-9835-ad685fb8e34f","local_time":"20210102100446","is_ascension_mode":true,"campfire_choices":[],"circlet_count":0,"master_deck":["AscendersBane","Strike_B","Strike_B","Strike_B","Strike_B","Defend_B","Defend_B","Defend_B","Defend_B","Zap","Dualcast","Sadistic Nature","Ball Lightning","Gash","Conserve Battery","Parasite","FTL","Go for the Eyes","Storm","ReplayRNGCard","Panic Button"],"relics":["Cracked Core","Nunchaku","Sling","Orichalcum","Pen Nib","Kunai","Ornamental Fan","Calipers","PreservedInsect"],"acts_visited":["Exordium"],"potions_floor_usage":[8],"damage_taken":[{"damage":0.0,"enemies":"Cultist","floor":1.0,"turns":3.0},{"damage":0,"enemies":"Small Slimes","floor":2,"turns":2},{"damage":9,"enemies":"2 Louse","floor":4,"turns":2},{"damage":5,"enemies":"Looter","floor":5,"turns":3},{"damage":0,"enemies":"Gremlin Nob","floor":6,"turns":3},{"damage":9,"enemies":"Blue Slaver","floor":7,"turns":3},{"damage":4,"enemies":"3 Sentries","floor":8,"turns":7},{"damage":14,"enemies":"Lagavulin","floor":10,"turns":2}],"seed_played":"-3587494534637482776","potions_obtained":[{"floor":2,"key":"Energy Potion"},{"floor":5,"key":"Fire Potion"}],"is_trial":false,"path_per_floor":["M","M","$","M","M","E","M","E","T","E"],"character_chosen":"DEFECT","items_purchased":["Nunchaku","Sling","Orichalcum","Sadistic Nature","Ball Lightning","Pen Nib","Gash","Kunai"],"campfire_rested":0,"item_purchase_floors":[0,0,0,0,0,0,0,3],"current_hp_per_floor":[32,32,32,23,18,18,9,5,5,0,0],"gold":143,"neow_bonus":"","is_daily":false,"chose_seed":false,"campfire_upgraded":0,"win_rate":0.0,"timestamp":1609581886,"path_taken":["M","M","$","M","M","E","?","E","T","E"],"items_purchased_type":["Relic","Relic","Relic","Card","Card","Relic","Card","Relic"],"build_version":"2020-12-22","purchased_purges":0,"victory":false,"max_hp_per_floor":[71,71,71,71,71,71,71,71,71,71,71],"relic_stats":{"Nunchaku":[4],"counters":[8,25],"Ornamental Fan":[4],"Pen Nib":[4],"PreservedInsect":29,"Kunai":[3],"Orichalcum":[90],"obtain_stats":[{"Replay:Ringing Soul":0,"DataDisk":0,"Nunchaku":0,"Calipers":8,"Ornamental Fan":6,"Pen Nib":0,"PreservedInsect":9,"Kunai":3,"Orichalcum":0,"Cracked Core":0,"Sling":0},{"Replay:Ringing Soul":0,"DataDisk":0,"Nunchaku":0,"Calipers":7,"Ornamental Fan":5,"Pen Nib":0,"PreservedInsect":7,"Kunai":2,"Orichalcum":0,"Cracked Core":0,"Sling":0},{"Replay:Ringing Soul":0,"DataDisk":0,"Nunchaku":0,"Calipers":23,"Ornamental Fan":13,"Pen Nib":0,"PreservedInsect":23,"Kunai":5,"Orichalcum":0,"Cracked Core":0,"Sling":0}]},"card_choices":[{"not_picked":["Redo","Turbo","Stack"],"picked":"SKIP","floor":1.0},{"not_picked":["Rip and Tear","Panic Button"],"picked":"Conserve Battery","floor":2},{"not_picked":["ReplayTheSpireMod:GoodbyeWorld","Stack"],"picked":"FTL","floor":4},{"not_picked":["Panic Button","Gash"],"picked":"Go for the Eyes","floor":5},{"not_picked":["White Noise","Lockon"],"picked":"Storm","floor":6},{"not_picked":["ReplayGash","Panic Button"],"picked":"ReplayRNGCard","floor":7},{"not_picked":["Loop","ReplayTheSpireMod:Omega Cannon"],"picked":"Panic Button","floor":8}],"player_experience":1357414,"relics_obtained":[{"floor":6,"key":"Ornamental Fan"},{"floor":8,"key":"Calipers"},{"floor":9,"key":"PreservedInsect"}],"event_choices":[],"is_beta":false,"boss_relics":[],"items_purged_floors":[],"is_endless":false,"potions_floor_spawned":[2,5,6],"killed_by":"Lagavulin","ascension_level":20}}