{"host":"k85tjwrh7mjrrc9a","time":1609620893,"event":{"mods":["AchievementEnabler","BaseMod","Colored Powertips","Highlight Path","Minty Spire (QoL Compilation)","Rare Cards Sparkle","StSLib"],"gold_per_floor":[110,110,35,45,120,146,146,146,146,146,161,172,172,172,172,274,274,286,300,399,175,175,208,208,208,208],"floor_reached":25,"playtime":1054,"items_purged":["Strike_B"],"score":228,"play_id":"33523bc6-7f45-46b5-be8b-17b717962df3","local_time":"20210102155453","is_ascension_mode":true,"campfire_choices":[{"data":"Sunder","floor":7,"key":"SMITH"},{"floor":10,"key":"REST"},{"data":"Skim","floor":13,"key":"SMITH"},{"data":"Zap","floor":15,"key":"SMITH"},{"floor":24,"key":"REST"}],"circlet_count":0,"master_deck":["Strike_B","Strike_B","Strike_B","Defend_B","Defend_B","Defend_B","Defend_B","Zap+1","Dualcast","Ball Lightning","Sunder+1","Sweeping Beam","Skim+1","Sweeping Beam","BootSequence","Static Discharge","Glacier+1","Compile Driver"],"relics":["Cracked Core","Dead Branch","Potion Belt","Gremlin Horn","GremlinMask","Anchor","MutagenicStrength","Toxic Egg 2"],"acts_visited":["Exordium","TheCity"],"potions_floor_usage":[19],"damage_taken":[{"damage":1.0,"enemies":"2 Louse","floor":1.0,"turns":2.0},{"damage":5.0,"enemies":"Small Slimes","floor":4.0,"turns":3.0},{"damage":26,"enemies":"Lagavulin","floor":6,"turns":5},{"damage":1,"enemies":"Cultist","floor":11,"turns":3},{"damage":14,"enemies":"Blue Slaver","floor":12,"turns":3},{"damage":30,"enemies":"Hexaghost","floor":16,"turns":9},{"damage":26,"enemies":"Spheric Guardian","floor":18,"turns":5},{"damage":5,"enemies":"3 Byrds","floor":19,"turns":3},{"damage":49,"enemies":"Book of Stabbing","floor":23,"turns":7},{"damage":40,"enemies":"Centurion and Healer","floor":25,"turns":9}],"seed_played":"-4974537767591402167","potions_obtained":[{"floor":1.0,"key":"PotionOfCapacity"},{"floor":4.0,"key":"Swift Potion"},{"floor":18,"key":"AttackPotion"}],"is_trial":false,"path_per_floor":["M","?","$","M","?","E","R","?","T","R","M","M","R","?","R","B",null,"M","M","?","$","?","E","R","M"],"character_chosen":"DEFECT","items_purchased":["Sunder","Anchor"],"campfire_rested":2,"item_purchase_floors":[3,21],"current_hp_per_floor":[81,78,78,73,62,36,36,36,36,60,59,45,45,45,45,15,82,56,51,51,51,51,2,26,0,0],"gold":208,"neow_bonus":"TEN_PERCENT_HP_BONUS","is_daily":false,"chose_seed":false,"campfire_upgraded":3,"win_rate":0.0,"timestamp":1609620893,"path_taken":["M","?","$","M","?","E","R","?","T","R","M","M","R","?","R","BOSS","M","?","?","$","?","E","R","M"],"items_purchased_type":["Card","Relic"],"build_version":"2020-12-22","purchased_purges":1,"victory":false,"max_hp_per_floor":[82,82,82,82,82,82,82,82,82,82,82,82,82,82,82,82,82,82,82,82,82,82,82,82,82,82],"card_choices":[{"not_picked":["Aggregate","Beam Cell"],"picked":"Ball Lightning","floor":1.0},{"not_picked":["White Noise","Conserve Battery"],"picked":"Sweeping Beam","floor":4.0},{"not_picked":["Leap","Barrage"],"picked":"Skim","floor":6},{"not_picked":["Melter","Beam Cell"],"picked":"Sweeping Beam","floor":11},{"not_picked":["Leap","Consume"],"picked":"BootSequence","floor":12},{"not_picked":["Blizzard","Cold Snap"],"picked":"Static Discharge","floor":18},{"not_picked":["Heatsinks","Consume"],"picked":"Glacier+1","floor":19},{"not_picked":["Hyperbeam","Leap+1"],"picked":"Compile Driver","floor":23}],"player_experience":122073,"relics_obtained":[{"floor":6,"key":"Potion Belt"},{"floor":9,"key":"Gremlin Horn"},{"floor":23,"key":"Toxic Egg 2"}],"event_choices":[{"damage_healed":0.0,"max_hp_gain":0.0,"max_hp_loss":0.0,"gold_gain":0.0,"event_name":"Scrap Ooze","player_choice":"Success","floor":2.0,"gold_loss":0.0,"damage_taken":3.0,"relics_obtained":["Dead Branch"]},{"damage_healed":0.0,"max_hp_gain":0.0,"max_hp_loss":0.0,"gold_gain":75.0,"event_name":"World of Goop","player_choice":"Gather Gold","floor":5.0,"gold_loss":0.0,"damage_taken":11.0},{"damage_healed":0,"gold_gain":0,"player_choice":"Ignored","damage_taken":0,"max_hp_gain":0,"max_hp_loss":0,"event_name":"Liars Game","floor":8,"gold_loss":0},{"damage_healed":0,"gold_gain":0,"player_choice":"Trade","damage_taken":0,"relics_obtained":["GremlinMask"],"max_hp_gain":0,"max_hp_loss":0,"event_name":"FaceTrader","floor":14,"gold_loss":0},{"damage_healed":0,"gold_gain":99,"player_choice":"Stole From Cult","damage_taken":0,"max_hp_gain":0,"max_hp_loss":0,"event_name":"Nest","floor":20,"gold_loss":0},{"damage_healed":0,"gold_gain":0,"player_choice":"Inject Mutagens","damage_taken":0,"relics_obtained":["MutagenicStrength"],"max_hp_gain":0,"max_hp_loss":0,"event_name":"Drug Dealer","floor":22,"gold_loss":0}],"is_beta":false,"boss_relics":[{"not_picked":["Fusion Hammer","Runic Dome","Sozu"]}],"items_purged_floors":[21],"is_endless":false,"potions_floor_spawned":[1,4,18],"killed_by":"Centurion and Healer","ascension_level":1}}