{"host":"0fmi5fguj5lvt8pf","time":1609545945,"event":{"mods":["BaseMod","Colored Map","Curses Come First","Downfall","Minty Spire (QoL Compilation)","Permanent Neow","StSLib","Waifu the Spire"],"gold_per_floor":[99,109,121,121,137,149,149,149,149,166,228,257,257,182,196,196,196],"floor_reached":16,"playtime":676,"items_purged":["sneckomod:Defend"],"score":102,"play_id":"89c23017-5b4b-46c9-9cdb-024872696dbf","local_time":"20210101160545","is_ascension_mode":false,"campfire_choices":[{"data":"sneckomod:Unknown","floor":1.0,"key":"SMITH"},{"floor":8.0,"key":"RECALL"}],"circlet_count":0,"master_deck":["sneckomod:Strike","sneckomod:Strike","sneckomod:Strike","sneckomod:Defend","sneckomod:Defend","sneckomod:TailWhip","sneckomod:SnekBite","sneckomod:Unknown+1","sneckomod:Unknown","sneckomod:WideSting","sneckomod:IronFang","sneckomod:Nope","sneckomod:IronFang","sneckomod:Cheat","sneckomod:DiceCrush"],"relics":["sneckomod:SneckoSoul","PreservedInsect","downfall:BrokenWingStatue","Girya","The Courier"],"acts_visited":["Exordium"],"potions_floor_usage":[11],"damage_taken":[{"damage":8.0,"enemies":"Small Slimes","floor":2.0,"turns":4.0},{"damage":1.0,"enemies":"Cultist","floor":3.0,"turns":3.0},{"damage":5.0,"enemies":"2 Louse","floor":5.0,"turns":2.0},{"damage":0.0,"enemies":"3 Louse","floor":6.0,"turns":1.0},{"damage":4.0,"enemies":"Large Slime","floor":10.0,"turns":6.0},{"damage":12,"enemies":"3 Sentries","floor":11,"turns":5},{"damage":15,"enemies":"Gremlin Nob","floor":12,"turns":3},{"damage":0,"enemies":"downfall:FleeingMerchant","floor":14,"turns":4},{"damage":3,"enemies":"Exordium Wildlife","floor":15,"turns":3},{"damage":1,"enemies":"downfall:Ironclad","floor":16,"turns":2}],"seed_played":"-3858697150939718149","potions_obtained":[{"floor":4.0,"key":"SneckoOil"},{"floor":4.0,"key":"Ancient Potion"},{"floor":4.0,"key":"ColorlessPotion"},{"floor":6.0,"key":"Explosive Potion"},{"floor":11,"key":"PowerPotion"}],"is_trial":false,"path_per_floor":["R","M","M","?","M","M","T","R","?","M","?","E","?","$","M","B"],"character_chosen":"THE_SNECKO","items_purchased":[],"campfire_rested":0,"item_purchase_floors":[],"current_hp_per_floor":[90,82,81,81,76,76,76,76,76,72,60,49,54,54,51,50,50],"gold":196,"neow_bonus":"RANDOM_COMMON_RELIC","is_daily":false,"chose_seed":false,"campfire_upgraded":1,"win_rate":0.0,"timestamp":1609545945,"path_taken":["R","M","M","?","?","M","T","R","?","M","?","E","?","$","M","BOSS"],"items_purchased_type":[],"build_version":"2020-12-22","purchased_purges":1,"victory":false,"max_hp_per_floor":[90,90,90,90,90,90,90,90,90,90,90,90,95,95,95,95,95],"card_choices":[{"not_picked":["sneckomod:UnknownClassGUARDIAN","sneckomod:UnknownStrike"],"picked":"sneckomod:WideSting","floor":2.0},{"not_picked":["sneckomod:UnknownEthereal","sneckomod:UnknownClassRED"],"picked":"sneckomod:IronFang","floor":3.0},{"not_picked":["sneckomod:SnekBeam","sneckomod:UnknownX"],"picked":"sneckomod:Nope","floor":5.0},{"not_picked":["sneckomod:UnknownWeak","sneckomod:Nope","sneckomod:SoulDraw"],"picked":"SKIP","floor":6.0},{"not_picked":["sneckomod:Nope","sneckomod:Unknown1Cost","sneckomod:DefensiveFlair"],"picked":"SKIP","floor":10},{"not_picked":["sneckomod:UnknownBlock","sneckomod:UnknownStrike"],"picked":"sneckomod:IronFang","floor":11},{"not_picked":["sneckomod:Unknown0Cost","sneckomod:RainOfDice"],"picked":"sneckomod:Cheat","floor":12},{"not_picked":["sneckomod:UnknownVulnerable","sneckomod:UnknownWeak"],"picked":"sneckomod:DiceCrush","floor":14},{"not_picked":["sneckomod:UnknownUncommonAttack","sneckomod:Nope","sneckomod:SoulRoll"],"picked":"SKIP","floor":15}],"player_experience":1271288,"relics_obtained":[{"floor":11,"key":"Girya"},{"floor":12,"key":"The Courier"}],"event_choices":[{"damage_healed":0.0,"max_hp_gain":0.0,"max_hp_loss":0.0,"gold_gain":0.0,"event_name":"Lab","player_choice":"Got Potions","floor":4.0,"gold_loss":0.0,"damage_taken":0.0},{"damage_healed":0,"gold_gain":0,"player_choice":"Donut","damage_taken":0,"max_hp_gain":5,"max_hp_loss":0,"event_name":"Big Fish","floor":13,"gold_loss":0}],"is_beta":false,"boss_relics":[],"items_purged_floors":[14],"is_endless":false,"potions_floor_spawned":[6,10,11,12],"killed_by":"downfall:Ironclad","ascension_level":0}}