{"host":"0azimyi6n3ugndj4","time":1609549242,"event":{"mods":["2.2 Compatiblity","BaseMod","Bestiary","Conspire","Curses Come First","Defuse TimeMaze Blight","Hermit","Hyrulean Relics","Infinite Spire","Minty Spire (QoL Compilation)","Relic Stats","Replay The Spire","StSLib","SuperFastMode","The Cursed","Uncapped","¡¼?Úª?ø«¡½REMEMod"],"gold_per_floor":[156,204,234,6,6,81,81,81,81,123,123,198,258,345,427,327,327,555,555,606,606,606,606,160,256,206,284,284,284,335,335,335,335,335,566,566,566,491,766,1188],"floor_reached":41,"playtime":651,"items_purged":["Hallucinations"],"score":1783,"play_id":"d8f45c8e-cc63-48f0-98b4-c3bd7f6bc72d","local_time":"20210102100042","daily_mods":["SealedDeck","Hoarder","Insanity","Chimera","Specialized","Vintage","ControlledChaos","Allstar","Colorless Cards","Heirloom","Time Dilation","Flight","Elite Swarm","Lethality","Midas","Binary"],"is_ascension_mode":true,"campfire_choices":[{"floor":17,"key":"REST"},{"floor":32,"key":"REST"},{"floor":34,"key":"REST"},{"floor":37,"key":"REST"}],"circlet_count":0,"master_deck":["Demon Form","Wraith Form v2","Echo Form","DevaForm","AscendersBane","Bash","Survivor","Zap","Eruption","Strike_R+1","Strike_G+1","Strike_B","Defend_R","Defend_G","Defend_P","TheCursedMod:SurpriseAttack","TheCursedMod:CircleOfAmplification","TheCursedMod:CursedShiv","TheCursedMod:FleshFromBone","TheCursedMod:SmokeScreen","Deep Breath","TheCursedMod:TacticalStrike","TheCursedMod:WearCloak","TheCursedMod:TacticalStrike","TheCursedMod:TacticalStrike","Replay:Parry","REME_TheoryOfElimination","TheCursedMod:Stigma","TheCursedMod:DoubleShield","TheCursedMod:CursedBlade","Trip","TheCursedMod:RapidMovement","TheCursedMod:RavingStaff","TheCursedMod:Wield","TheCursedMod:LuckyCharm","TheCursedMod:RapidMovement","TheCursedMod:FuryStrike","Swift Strike","TheCursedMod:CircleOfBlood","TheCursedMod:SoulCrush","TheCursedMod:TacticalStrike","TheCursedMod:Torture","Dark Shackles","TheCursedMod:ReleasedStrength","TheCursedMod:WearCloak","TheCursedMod:FleshFromBone","TheCursedMod:CircleOfBlood","TheCursedMod:EmpowerCircles","TheCursedMod:SmokeScreen","TheCursedMod:CursedBlade","TheCursedMod:VitalStrike","TheCursedMod:RapidMovement","TheCursedMod:VitalStrike","TheCursedMod:Stretching","TheCursedMod:AbyssShockwave","TheCursedMod:BlessingInDisguise","TheCursedMod:FleshFromBone","TheCursedMod:SurpriseAttack","TheCursedMod:LuckyCharm","TheCursedMod:SurpriseAttack","TheCursedMod:CircleOfBlood","TheCursedMod:FleshFromBone","TheCursedMod:SurpriseAttack","TheCursedMod:CircleOfBlood","PanicButton","TheCursedMod:Hemoplague","TheCursedMod:Hemoplague","TheCursedMod:Hemoplague","TheCursedMod:Hemoplague","TheCursedMod:Hemoplague","TheCursedMod:Hemoplague","TheCursedMod:Hemoplague","TheCursedMod:Hemoplague","TheCursedMod:Hemoplague","TheCursedMod:Hemoplague","TheCursedMod:Hemoplague","TheCursedMod:Hemoplague","TheCursedMod:Hemoplague","TheCursedMod:Hemoplague","TheCursedMod:Hemoplague","ReplayTheSpireMod:Trickstab","ReplayTheSpireMod:Trickstab","ReplayTheSpireMod:Trickstab","TheCursedMod:VitalStrike","TheCursedMod:VitalStrike","TheCursedMod:VitalStrike","TheCursedMod:SpreadPlague","TheCursedMod:SpreadPlague","TheCursedMod:SpreadPlague","TheCursedMod:RavingStaff","TheCursedMod:RavingStaff","TheCursedMod:RavingStaff","TheCursedMod:Obscuration","TheCursedMod:Obscuration","TheCursedMod:Obscuration","TheCursedMod:CursedBlade","TheCursedMod:CursedBlade","TheCursedMod:CursedBlade","TheCursedMod:CursedBlade","TheCursedMod:CursedBlade","TheCursedMod:CursedBlade","TheCursedMod:SurpriseAttack","TheCursedMod:SurpriseAttack","TheCursedMod:SurpriseAttack","TheCursedMod:TacticalStrike","TheCursedMod:TacticalStrike","TheCursedMod:TacticalStrike","TheCursedMod:StingEye","TheCursedMod:StingEye","TheCursedMod:StingEye","Corruption","Corruption","Corruption","TheCursedMod:CursedMace","TheCursedMod:CursedMace","TheCursedMod:CursedMace","TheCursedMod:SoulCrush","TheCursedMod:SoulCrush","TheCursedMod:SoulCrush","TheCursedMod:AshesToAshes","TheCursedMod:AshesToAshes","TheCursedMod:AshesToAshes","TheCursedMod:CursedAmulet","TheCursedMod:CursedAmulet","TheCursedMod:CursedAmulet","TheCursedMod:EmpowerCircles","TheCursedMod:EmpowerCircles","TheCursedMod:EmpowerCircles","REME_FirmDetermination","REME_FirmDetermination","REME_FirmDetermination","Ghostly","Ghostly","Ghostly","Panacea","Panacea","Panacea","Hallucinations","conspire:SpireCoStock","conspire:SpireCoStock","conspire:SpireCoStock","Writhe","Writhe","Writhe","Shame","Shame","Shame","Decay","Decay","Decay","Injury","Injury","Injury"],"relics":["TheCursedMod:BlackMagic101","Frozen Eye","Busted Crown","REME_ComplimentaryCards","Lizard Tail","Bottled Lightning","Replay:Arrowhead","Simple Rune","BargainBundle","Strawberry","zeldaRelics:CourageTriforce","Bag of Preparation","infinitespire:CheckeredPen","zeldaRelics:WisdomTriforce","conspire:SpecialSausage","Molten Egg 2","Ring of Fangs","Ring of Fury","Toolbox","infinitespire:Bottled Soul","zeldaRelics:PowerPiece","Oddly Smooth Stone","Divine Protection","zeldaRelics:MasterSword","Lantern","REME_DemonsWealth","ReplayTheSpireMod:CursedCoin","Toxic Egg 2","Toy Ornithopter"],"acts_visited":["Exordium","TheCity","TheEnding"],"potions_floor_usage":[],"damage_taken":[{"damage":0,"enemies":"Cultist","floor":1,"turns":1},{"damage":0,"enemies":"2 Louse","floor":2,"turns":1},{"damage":0,"enemies":"Small Slimes","floor":3,"turns":1},{"damage":0,"enemies":"Lagavulin","floor":6,"turns":2},{"damage":0,"enemies":"Exordium Wildlife","floor":10,"turns":1},{"damage":0,"enemies":"Looter","floor":13,"turns":1},{"damage":0,"enemies":"3 Sentries","floor":14,"turns":2},{"damage":48,"enemies":"Fading Forest","floor":18,"turns":13},{"damage":0,"enemies":"Spheric Guardian","floor":20,"turns":1},{"damage":0,"enemies":"Gremlin Leader","floor":25,"turns":1},{"damage":0,"enemies":"Nightmare","floor":27,"turns":1},{"damage":0,"enemies":"2 Thieves","floor":30,"turns":1},{"damage":0,"enemies":"Collector","floor":35,"turns":1},{"damage":0,"enemies":"Shield and Spear","floor":39,"turns":1},{"damage":0,"enemies":"The Heart","floor":40,"turns":1}],"seed_played":"-8004260557425767468","potions_obtained":[{"floor":2,"key":"Reflective Coating"},{"floor":13,"key":"PowerPotion"}],"is_trial":true,"path_per_floor":["M","M","M","$","?","E","$","PTL","PTL","M","T","?","M","E","T","?","R","B",null,"M","?","?","?","$","E","?","NM","T","?","M","?","R","AVR","R","B",null,"R","$","E","B",null],"character_chosen":"THE_CURSED","items_purchased":["BargainBundle","TheCursedMod:CursedMace","TheCursedMod:SoulCrush","TheCursedMod:AshesToAshes","TheCursedMod:CursedAmulet","TheCursedMod:EmpowerCircles","REME_FirmDetermination","PowerPotion","Toolbox","infinitespire:Bottled Soul","ReplayTheSpireMod:CursedCoin","Toxic Egg 2","Toy Ornithopter"],"campfire_rested":4,"item_purchase_floors":[4,4,4,4,4,4,4,4,24,24,38,38,38],"current_hp_per_floor":[64,68,71,71,73,73,73,73,73,73,73,62,62,62,62,62,78,30,66,66,44,44,44,44,44,44,44,44,44,44,44,68,63,63,63,63,63,63,63,63],"gold":1188,"neow_bonus":"","is_daily":false,"chose_seed":false,"campfire_upgraded":0,"win_rate":0.0,"timestamp":1609549242,"path_taken":["M","?","?","$","?","E","$","PTL","PTL","M","T","?","?","E","?","?","R","BOSS","M","?","?","?","?","E","?","NM","T","?","?","?","R","AVR","R","BOSS","R","$","E","BOSS"],"items_purchased_type":["Relic","Card","Card","Card","Card","Card","Card","Potion","Relic","Relic","Relic","Relic","Relic"],"build_version":"2020-12-22","purchased_purges":1,"victory":true,"max_hp_per_floor":[71,71,71,71,78,78,78,78,78,78,78,78,78,78,78,78,78,78,78,78,83,83,83,83,83,83,83,83,83,83,83,83,63,63,63,63,63,63,63,63],"relic_stats":{"Lizard Tail":0,"Busted Crown":30,"counters":[15,29],"Bag of Preparation":[10],"obtain_stats":[{"Divine Protection":30,"Lantern":33,"conspire:SpecialSausage":19,"Bag of Preparation":10,"zeldaRelics:WisdomTriforce":27,"Frozen Eye":0,"Lizard Tail":0,"REME_DemonsWealth":36,"Ring of Fangs":23,"infinitespire:Bottled Soul":24,"Strawberry":5,"Toolbox":24,"zeldaRelics:MasterSword":33,"zeldaRelics:CouragePiece":6,"Toxic Egg 2":38,"zeldaRelics:PowerPiece":28,"TheCursedMod:BlackMagic101":0,"BargainBundle":4,"zeldaRelics:WisdomPiece":15,"ReplayTheSpireMod:CursedCoin":38,"Oddly Smooth Stone":29,"infinitespire:CheckeredPen":13,"Replay:Arrowhead":2,"zeldaRelics:CourageTriforce":14,"Busted Crown":0,"Simple Rune":3,"Molten Egg 2":20,"Ring of Fury":23,"Bottled Lightning":1,"Toy Ornithopter":38,"REME_ComplimentaryCards":0},{"Divine Protection":12,"Lantern":12,"conspire:SpecialSausage":8,"Bag of Preparation":5,"zeldaRelics:WisdomTriforce":11,"Frozen Eye":0,"Lizard Tail":0,"REME_DemonsWealth":13,"Ring of Fangs":9,"infinitespire:Bottled Soul":9,"Strawberry":3,"Toolbox":9,"zeldaRelics:MasterSword":12,"zeldaRelics:CouragePiece":4,"Toxic Egg 2":13,"zeldaRelics:PowerPiece":11,"TheCursedMod:BlackMagic101":0,"BargainBundle":3,"zeldaRelics:WisdomPiece":7,"ReplayTheSpireMod:CursedCoin":13,"Oddly Smooth Stone":11,"infinitespire:CheckeredPen":6,"Replay:Arrowhead":2,"zeldaRelics:CourageTriforce":7,"Busted Crown":0,"Simple Rune":3,"Molten Egg 2":9,"Ring of Fury":9,"Bottled Lightning":1,"Toy Ornithopter":13,"REME_ComplimentaryCards":0},{"Divine Protection":26,"Lantern":26,"conspire:SpecialSausage":22,"Bag of Preparation":6,"zeldaRelics:WisdomTriforce":25,"Frozen Eye":0,"Lizard Tail":0,"REME_DemonsWealth":27,"Ring of Fangs":23,"infinitespire:Bottled Soul":23,"Strawberry":3,"Toolbox":23,"zeldaRelics:MasterSword":26,"zeldaRelics:CouragePiece":5,"Toxic Egg 2":27,"zeldaRelics:PowerPiece":25,"TheCursedMod:BlackMagic101":0,"BargainBundle":3,"zeldaRelics:WisdomPiece":9,"ReplayTheSpireMod:CursedCoin":27,"Oddly Smooth Stone":25,"infinitespire:CheckeredPen":7,"Replay:Arrowhead":2,"zeldaRelics:CourageTriforce":9,"Busted Crown":0,"Simple Rune":3,"Molten Egg 2":23,"Ring of Fury":23,"Bottled Lightning":1,"Toy Ornithopter":27,"REME_ComplimentaryCards":0}],"Toy Ornithopter":0},"card_choices":[{"not_picked":[],"picked":"Decay","floor":39},{"not_picked":[],"picked":"Injury","floor":40}],"player_experience":1496090,"relics_obtained":[{"floor":1,"key":"Bottled Lightning"},{"floor":2,"key":"Replay:Arrowhead"},{"floor":3,"key":"Simple Rune"},{"floor":6,"key":"zeldaRelics:CouragePiece"},{"floor":10,"key":"Bag of Preparation"},{"floor":11,"key":"zeldaRelics:CouragePiece"},{"floor":13,"key":"infinitespire:CheckeredPen"},{"floor":14,"key":"zeldaRelics:CouragePiece"},{"floor":15,"key":"zeldaRelics:WisdomPiece"},{"floor":20,"key":"Molten Egg 2"},{"floor":23,"key":"Ring of Fangs"},{"floor":23,"key":"Ring of Fury"},{"floor":25,"key":"zeldaRelics:WisdomPiece"},{"floor":27,"key":"zeldaRelics:WisdomPiece"},{"floor":28,"key":"zeldaRelics:PowerPiece"},{"floor":30,"key":"Divine Protection"},{"floor":39,"key":"zeldaRelics:PowerPiece"}],"event_choices":[{"damage_healed":0,"gold_gain":0,"player_choice":"Success","damage_taken":5,"relics_obtained":["Strawberry"],"max_hp_gain":0,"max_hp_loss":0,"event_name":"Scrap Ooze","floor":5,"gold_loss":0},{"damage_healed":0,"gold_gain":75,"player_choice":"Gather Gold","damage_taken":11,"max_hp_gain":0,"max_hp_loss":0,"event_name":"World of Goop","floor":12,"gold_loss":0},{"damage_healed":0,"gold_gain":0,"player_choice":"Argue","damage_taken":0,"max_hp_gain":0,"max_hp_loss":0,"event_name":"conspire:LoneGhost","floor":16,"gold_loss":0},{"damage_healed":0,"gold_gain":0,"player_choice":"Shed Blood","damage_taken":27,"max_hp_gain":5,"max_hp_loss":0,"event_name":"Forgotten Altar","floor":21,"gold_loss":0},{"damage_healed":0,"gold_gain":0,"player_choice":"Read","damage_taken":0,"max_hp_gain":0,"max_hp_loss":0,"event_name":"The Library","floor":22,"gold_loss":0,"cards_obtained":["Panacea"]},{"damage_healed":0,"gold_gain":0,"player_choice":"Invest 1","damage_taken":0,"max_hp_gain":0,"max_hp_loss":0,"event_name":"conspire:Investor","floor":26,"gold_loss":0},{"cards_removed":["Hallucinations"],"damage_healed":0,"gold_gain":0,"player_choice":"Elegance","damage_taken":0,"max_hp_gain":0,"max_hp_loss":0,"event_name":"Back to Basics","floor":31,"gold_loss":0}],"is_beta":false,"boss_relics":[{"not_picked":["Painkiller Herb","REME_LowDesire"],"picked":"conspire:SpecialSausage"},{"not_picked":["Tiny House","Abe\u0027s Treasure"],"picked":"REME_DemonsWealth"}],"items_purged_floors":[33],"is_endless":true,"potions_floor_spawned":[2,6,13,18,20,30,39],"ascension_level":20}}