{"host":"6pgtslebjnyv5xmi","time":1609596743,"event":{"mods":["AchievementEnabler","BaseMod","Colored Map","Minty Spire (QoL Compilation)","Rare Cards Sparkle","StSLib","SuperFastMode","Td1madao Mod","everything is the same but u backflip on backflip"],"gold_per_floor":[109,72,72,72,88,88,123,123,148,166,178,198,123,123,123,123,123],"floor_reached":16,"playtime":554,"items_purged":["Strike_B"],"score":125,"play_id":"b47d14bd-6e4e-462e-ae47-040ff785909e","local_time":"20210102231223","is_ascension_mode":false,"campfire_choices":[{"data":"Dualcast","floor":6,"key":"SMITH"},{"data":"Capacitor","floor":8,"key":"SMITH"},{"data":"Chill","floor":15,"key":"SMITH"}],"circlet_count":0,"master_deck":["Strike_B","Strike_B","Strike_B","Defend_B","Defend_B","Defend_B","Defend_B","Zap","Dualcast+1","Chill+1","Capacitor+1","Regret","Coolheaded","Melter"],"relics":["Cracked Core","NeowsBlessing","Bronze Scales","Ginger","Lantern","Omamori"],"acts_visited":["Exordium"],"potions_floor_usage":[16,16],"damage_taken":[{"damage":0,"enemies":"Small Slimes","floor":1,"turns":1},{"damage":0,"enemies":"Jaw Worm","floor":5,"turns":1},{"damage":0,"enemies":"Gremlin Nob","floor":7,"turns":1},{"damage":5,"enemies":"Cultist","floor":10,"turns":3},{"damage":12,"enemies":"Exordium Thugs","floor":11,"turns":6},{"damage":4,"enemies":"Blue Slaver","floor":12,"turns":3},{"damage":57,"enemies":"Hexaghost","floor":16,"turns":9}],"seed_played":"-3167011268100538634","potions_obtained":[{"floor":1,"key":"DuplicationPotion"},{"floor":7,"key":"Strength Potion"},{"floor":11,"key":"Ancient Potion"}],"is_trial":false,"path_per_floor":["M","$","?","T","M","R","E","R","T","M","M","M","$","$","R","B"],"character_chosen":"DEFECT","items_purchased":["Capacitor"],"campfire_rested":0,"item_purchase_floors":[2],"current_hp_per_floor":[75,75,75,75,75,75,75,75,75,70,58,54,54,54,54,0,0],"gold":123,"neow_bonus":"THREE_ENEMY_KILL","is_daily":false,"chose_seed":false,"campfire_upgraded":3,"win_rate":0.0,"timestamp":1609596743,"path_taken":["M","$","?","?","?","R","E","R","T","M","M","M","?","$","R","BOSS"],"items_purchased_type":["Card"],"build_version":"2020-12-22","purchased_purges":1,"victory":false,"max_hp_per_floor":[75,75,75,75,75,75,75,75,75,75,75,75,75,75,75,75,75],"card_choices":[{"not_picked":["BootSequence","Ball Lightning"],"picked":"Chill","floor":1},{"not_picked":["Heatsinks","Streamline"],"picked":"Coolheaded","floor":5},{"not_picked":["Hello World","Turbo","Go for the Eyes"],"picked":"SKIP","floor":7},{"not_picked":["Rip and Tear","Beam Cell","Conserve Battery"],"picked":"SKIP","floor":10},{"not_picked":["Streamline","Hologram"],"picked":"Melter","floor":11},{"not_picked":["Streamline","Ball Lightning","Steam"],"picked":"SKIP","floor":12}],"player_experience":640945,"relics_obtained":[{"floor":4,"key":"Ginger"},{"floor":7,"key":"Lantern"},{"floor":9,"key":"Omamori"}],"event_choices":[{"damage_healed":0,"gold_gain":0,"player_choice":"Box","damage_taken":0,"relics_obtained":["Bronze Scales"],"max_hp_gain":0,"max_hp_loss":0,"event_name":"Big Fish","floor":3,"gold_loss":0,"cards_obtained":["Regret"]}],"is_beta":false,"boss_relics":[],"items_purged_floors":[13],"is_endless":false,"potions_floor_spawned":[1,7,11],"killed_by":"Hexaghost","ascension_level":0}}