{"host":"iy58fyt9wsbv4cf1","time":1609631658,"event":{"mods":["BaseMod","Better Altar","Better Match","Better Skull","Better Third Choice","BetterRewards","Conspire","Custom Start","Defuse TimeMaze Blight","Hubris","Infinite Spire","Minty Spire (QoL Compilation)","Permanent Neow","Quick Restart","Spicy Shops","StSLib"],"gold_per_floor":[115,115,125,145,162,162,112,143,143,143,65,65,85,102,102,203,203,213,213,232,232,243,243,243,255,343,386,412,478,508,520,532,649,661,693,705,717,746,776,817,348,348,371,371,371,404,22,22,22,22,22],"floor_reached":50,"playtime":965,"items_purged":["Strike_B","Strike_B","Normality"],"score":618,"play_id":"ae83746c-3c0d-4b32-adfc-a1444874c42c","local_time":"20210102185418","is_ascension_mode":false,"campfire_choices":[{"data":"Defragment","floor":6,"key":"SMITH"},{"data":"Storm","floor":10,"key":"SMITH"},{"floor":15,"key":"REST"},{"data":"Storm","floor":23,"key":"SMITH"},{"floor":32,"key":"REST"},{"data":"Steam Power","floor":42,"key":"SMITH"},{"data":"Calculated Gamble","floor":44,"key":"SMITH"},{"floor":49,"key":"RECALL"}],"circlet_count":0,"master_deck":["Zap","Dualcast","Storm+1","Storm+1","Defragment+1","Static Discharge","Biased Cognition","Calculated Gamble+1","Self Repair","Steam Power+1","Multi-Cast","White Noise+1","Leap","Storm+1"],"relics":["Cracked Core","PrismaticShard","Lee\u0027s Waffle","infinitespire:Lucky Rock","conspire:Flyswatter","Toy Ornithopter","infinitespire:Cupcake","hubris:Icosahedron","conspire:SpecialSausage","MawBank","infinitespire:Eraser","Matryoshka","conspire:Dentures","Bronze Scales","Astrolabe","hubris:Backtick","Mummified Hand","Juzu Bracelet","Runic Capacitor","hubris:HerbalPaste","hubris:CrystalStatue","Ancient Tea Set","Dream Catcher","Calipers","Prayer Wheel"],"acts_visited":["Exordium","TheCity","TheBeyond"],"potions_floor_usage":[8,8,16,46,50,50],"damage_taken":[{"damage":1,"enemies":"Cultist","floor":1,"turns":4},{"damage":7,"enemies":"2 Louse","floor":3,"turns":2},{"damage":0,"enemies":"Small Slimes","floor":4,"turns":2},{"damage":5,"enemies":"Looter","floor":5,"turns":3},{"damage":23,"enemies":"Gremlin Nob","floor":8,"turns":4},{"damage":13,"enemies":"2 Fungi Beasts","floor":13,"turns":2},{"damage":6,"enemies":"Large Slime","floor":14,"turns":3},{"damage":36,"enemies":"Slime Boss","floor":16,"turns":8},{"damage":5,"enemies":"Shell Parasite","floor":18,"turns":4},{"damage":21,"enemies":"conspire:FuzzyDice","floor":20,"turns":3},{"damage":16,"enemies":"Centurion and Healer","floor":22,"turns":4},{"damage":1,"enemies":"conspire:Head Lice","floor":27,"turns":3},{"damage":10,"enemies":"Chosen and Byrds","floor":28,"turns":2},{"damage":11,"enemies":"Snake Plant","floor":30,"turns":2},{"damage":32,"enemies":"hubris:MusketHawk","floor":33,"turns":4},{"damage":23,"enemies":"3 Shapes","floor":35,"turns":2},{"damage":11,"enemies":"3 Darklings","floor":38,"turns":2},{"damage":10,"enemies":"Writhing Mass","floor":39,"turns":2},{"damage":0,"enemies":"Giant Head","floor":40,"turns":3},{"damage":0,"enemies":"Nemesis","floor":46,"turns":1},{"damage":114,"enemies":"conspire:OrnateMirror","floor":50,"turns":2}],"seed_played":"-8439639074474782547","potions_obtained":[{"floor":1,"key":"FocusPotion"},{"floor":5,"key":"Weak Potion"},{"floor":13,"key":"Block Potion"},{"floor":14,"key":"FearPotion"},{"floor":22,"key":"Weak Potion"},{"floor":28,"key":"BlessingOfTheForge"},{"floor":33,"key":"FocusPotion"}],"is_trial":false,"path_per_floor":["M","?","M","M","M","R","?","E","T","R","$","?","M","M","R","B",null,"M","?","M","?","M","R","AVR","?","T","E","M","T","M","?","R","B",null,"M","?","AVR","M","M","E","$","R","T","R","?","E","$","?","R","B"],"character_chosen":"DEFECT","items_purchased":["Storm","PrismaticShard","Storm","Lee\u0027s Waffle","Defragment","Static Discharge","Runic Capacitor","hubris:HerbalPaste","hubris:CrystalStatue","Prayer Wheel","Leap"],"campfire_rested":2,"item_purchase_floors":[0,0,0,0,0,11,41,41,41,47,47],"current_hp_per_floor":[81,74,67,67,62,62,62,39,39,39,39,39,26,20,44,13,82,77,77,56,56,40,40,40,40,40,39,29,29,18,18,42,17,82,59,59,59,55,52,59,59,59,59,59,59,64,64,64,64,0,0],"gold":22,"neow_bonus":"","is_daily":false,"chose_seed":false,"campfire_upgraded":5,"win_rate":0.0,"timestamp":1609631658,"path_taken":["M","?","M","M","M","R","?","E","T","R","$","?","M","M","R","BOSS","M","?","M","?","M","R","AVR","?","T","E","M","?","M","?","R","BOSS","M","?","AVR","M","M","E","$","R","T","R","?","E","$","?","R","BOSS"],"items_purchased_type":["Card","Relic","Card","Relic","Card","Card","Relic","Relic","Relic","Relic","Card"],"build_version":"2020-12-22","purchased_purges":3,"victory":false,"max_hp_per_floor":[82,82,82,82,82,82,82,82,82,82,82,82,82,82,82,82,82,82,82,82,82,82,82,82,82,82,82,82,82,82,82,82,82,82,82,82,82,82,82,82,82,82,82,82,82,82,82,82,82,82,82],"card_choices":[{"not_picked":["Sever Soul","Sweeping Beam","Beam Cell"],"picked":"SKIP","floor":1},{"not_picked":["Darkness","FlurryOfBlows","Heavy Blade"],"picked":"SKIP","floor":3},{"not_picked":["Ball Lightning","hubris:Prefetch","Backflip"],"picked":"SKIP","floor":4},{"not_picked":["Setup","Combust","Armaments"],"picked":"SKIP","floor":5},{"not_picked":["Blind","conspire:Banana","Dagger Throw"],"picked":"SKIP","floor":8},{"not_picked":["Blind","conspire:Banana","Dagger Throw"],"picked":"SKIP","floor":8},{"not_picked":["Expertise","FollowUp","Turbo"],"picked":"SKIP","floor":13},{"not_picked":["hubris:SlightOfHand","Eviscerate","Outmaneuver"],"picked":"SKIP","floor":14},{"not_picked":["Reaper","Metamorphosis"],"picked":"Biased Cognition","floor":16},{"not_picked":["EmptyFist","ClearTheMind+1","ReachHeaven"],"picked":"SKIP","floor":18},{"not_picked":["CutThroughFate+1","Turbo","Bane"],"picked":"SKIP","floor":20},{"not_picked":["The Bomb","PanicButton+1","Undo"],"picked":"SKIP","floor":22},{"not_picked":["PathToVictory","Shrug It Off"],"picked":"Calculated Gamble","floor":27},{"not_picked":["Eviscerate","Barrage+1","Coolheaded"],"picked":"SKIP","floor":28},{"not_picked":["Chill","Rip and Tear"],"picked":"Self Repair","floor":30},{"not_picked":["Madness","Thunderclap","Outmaneuver+1"],"picked":"SKIP","floor":35},{"not_picked":["Eviscerate+1","hubris:CleavingFinish","Weave+1"],"picked":"SKIP","floor":38},{"not_picked":["Cold Snap+1","Bane+1","BowlingBash+1"],"picked":"SKIP","floor":39},{"not_picked":["InnerPeace+1","BattleHymn+1","Armaments+1"],"picked":"SKIP","floor":40},{"not_picked":["Sword Boomerang","Thunderclap","Intimidate"],"picked":"SKIP","floor":46}],"player_experience":34806,"relics_obtained":[{"floor":8,"key":"infinitespire:Lucky Rock"},{"floor":9,"key":"conspire:Flyswatter"},{"floor":26,"key":"Matryoshka"},{"floor":27,"key":"conspire:Dentures"},{"floor":29,"key":"Bronze Scales"},{"floor":40,"key":"Juzu Bracelet"},{"floor":43,"key":"Ancient Tea Set"},{"floor":43,"key":"Dream Catcher"},{"floor":46,"key":"Calipers"}],"event_choices":[{"cards_removed":["Strike_B"],"damage_healed":0,"gold_gain":0,"player_choice":"Card Removal","damage_taken":7,"max_hp_gain":0,"max_hp_loss":0,"event_name":"Golden Wing","floor":2,"gold_loss":0},{"cards_removed":["Strike_B"],"damage_healed":0,"gold_gain":0,"player_choice":"Card Removal","damage_taken":0,"max_hp_gain":0,"max_hp_loss":0,"event_name":"The Cleric","floor":7,"gold_loss":50},{"damage_healed":0,"gold_gain":0,"player_choice":"Searched \u00271\u0027 times","damage_taken":0,"relics_obtained":["Toy Ornithopter"],"max_hp_gain":0,"max_hp_loss":0,"event_name":"Dead Adventurer","floor":12,"gold_loss":0},{"damage_healed":0,"gold_gain":0,"player_choice":"Ignored","damage_taken":0,"max_hp_gain":0,"max_hp_loss":0,"event_name":"Ghosts","floor":21,"gold_loss":0},{"damage_healed":0,"gold_gain":0,"player_choice":"Opened","damage_taken":0,"relics_obtained":["infinitespire:Eraser"],"max_hp_gain":0,"max_hp_loss":0,"event_name":"The Mausoleum","floor":25,"gold_loss":0,"cards_obtained":["Writhe"]},{"damage_healed":0,"gold_gain":0,"cards_transformed":["Defend_B","Defend_B"],"player_choice":"Became Test Subject","damage_taken":0,"max_hp_gain":0,"max_hp_loss":0,"event_name":"Drug Dealer","floor":31,"gold_loss":0,"cards_obtained":["Steam Power","Multi-Cast"]},{"cards_removed":["Cold Snap"],"damage_healed":0,"gold_gain":0,"player_choice":"Removed Attack","damage_taken":0,"max_hp_gain":0,"max_hp_loss":0,"event_name":"Falling","floor":36,"gold_loss":0},{"damage_healed":0,"gold_gain":0,"player_choice":"Ignored","damage_taken":0,"max_hp_gain":0,"max_hp_loss":0,"event_name":"Mysterious Sphere","floor":45,"gold_loss":0},{"damage_healed":0,"gold_gain":0,"player_choice":"Copied","damage_taken":0,"max_hp_gain":0,"max_hp_loss":0,"event_name":"Duplicator","floor":48,"gold_loss":0,"cards_obtained":["Storm"]}],"is_beta":false,"boss_relics":[{"not_picked":["SacredBark","hubris:GrandSneckoEye"],"picked":"infinitespire:Cupcake"},{"not_picked":["hubris:RunicObelisk","Fusion Hammer"],"picked":"Astrolabe"}],"items_purged_floors":[0,24,37],"is_endless":false,"potions_floor_spawned":[1,5,13,14,22,28,33,35],"killed_by":"conspire:OrnateMirror","ascension_level":0}}