{"host":"qgrlfjrqk9z96gfi","time":1609556152,"event":{"mods":["BaseMod","Block Reminder","Colored Map","DeckTracker","Minty Spire (QoL Compilation)"],"gold_per_floor":[114,114,0,13,63,63,90,90,90,118,136,136,149,165,165,241,241,256,40,40,113,126,126,151,167,167,167,181,210,210,222,222,293,293,304,194,214,29,384,384,418,307,331,358,376,376,389,389,389],"floor_reached":48,"playtime":1527,"items_purged":["Strike_G","Flechettes","Predator"],"score":1326,"play_id":"78bfa216-263f-4877-a18d-eb5b2ba01df3","local_time":"20210101165552","is_ascension_mode":true,"campfire_choices":[{"data":"Accuracy","floor":6.0,"key":"SMITH"},{"data":"Terror","floor":8.0,"key":"SMITH"},{"floor":12.0,"key":"REST"},{"data":"Blade Dance","floor":15.0,"key":"SMITH"},{"data":"Noxious Fumes","floor":23.0,"key":"SMITH"},{"floor":27.0,"key":"REST"},{"floor":30,"key":"REST"},{"floor":32,"key":"REST"},{"floor":40,"key":"REST"},{"floor":46,"key":"REST"}],"circlet_count":0,"master_deck":["AscendersBane","Survivor","Neutralize","Infinite Blades","Accuracy+1","Terror+1","Infinite Blades+1","Die Die Die","Cloak And Dagger","Blade Dance+1","Backflip","Phantasmal Killer","PiercingWail","Noxious Fumes+1","Acrobatics","Leg Sweep","Well Laid Plans","A Thousand Cuts","Reflex","Dagger Spray","Bane","Escape Plan","Underhanded Strike","Tactician","Sucker Punch+1","Cloak And Dagger+1","Backflip+1","Finisher","Dodge and Roll","Leg Sweep"],"relics":["Ring of the Snake","NeowsBlessing","Blood Vial","Mango","Omamori","Sozu","Membership Card","MutagenicStrength","Vajra","Question Card","Happy Flower","Pandora\u0027s Box","Kunai","Old Coin","Singing Bowl","Snake Skull","CaptainsWheel"],"acts_visited":["Exordium","TheCity","TheBeyond"],"potions_floor_usage":[29,44],"damage_taken":[{"damage":0.0,"enemies":"2 Louse","floor":1.0,"turns":2.0},{"damage":0.0,"enemies":"Cultist","floor":4.0,"turns":1.0},{"damage":0.0,"enemies":"Gremlin Nob","floor":7.0,"turns":1.0},{"damage":24.0,"enemies":"3 Sentries","floor":10.0,"turns":7.0},{"damage":4.0,"enemies":"Small Slimes","floor":11.0,"turns":3.0},{"damage":10.0,"enemies":"Exordium Wildlife","floor":13.0,"turns":4.0},{"damage":3.0,"enemies":"Blue Slaver","floor":14.0,"turns":3.0},{"damage":0.0,"enemies":"Slime Boss","floor":16.0,"turns":4.0},{"damage":0.0,"enemies":"Chosen","floor":18.0,"turns":2.0},{"damage":0.0,"enemies":"Spheric Guardian","floor":22.0,"turns":3.0},{"damage":38.0,"enemies":"Gremlin Leader","floor":24.0,"turns":6.0},{"damage":13.0,"enemies":"3 Cultists","floor":25.0,"turns":4.0},{"damage":2.0,"enemies":"Snecko","floor":28.0,"turns":4.0},{"damage":54,"enemies":"Slavers","floor":29,"turns":5},{"damage":10,"enemies":"Centurion and Healer","floor":31,"turns":5},{"damage":41,"enemies":"Champ","floor":33,"turns":7},{"damage":6,"enemies":"3 Darklings","floor":35,"turns":3},{"damage":7,"enemies":"Orb Walker","floor":37,"turns":3},{"damage":56,"enemies":"2 Orb Walkers","floor":39,"turns":5},{"damage":18,"enemies":"Giant Head","floor":41,"turns":6},{"damage":0,"enemies":"Reptomancer","floor":44,"turns":3},{"damage":3,"enemies":"3 Darklings","floor":45,"turns":4},{"damage":39,"enemies":"Jaw Worm Horde","floor":47,"turns":4},{"damage":14,"enemies":"Sphere and 2 Shapes","floor":48,"turns":2}],"seed_played":"-3511775954349304657","potions_obtained":[{"floor":1.0,"key":"Block Potion"},{"floor":10.0,"key":"Block Potion"},{"floor":11.0,"key":"Strength Potion"},{"floor":14.0,"key":"FearPotion"},{"floor":16.0,"key":"Ancient Potion"}],"is_trial":false,"path_per_floor":["M","?","$","M","?","R","E","R","T","E","M","R","M","M","R","B",null,"M","$","?","T","M","R","E","M","T","R","M","E","R","M","R","B",null,"M","?","M","$","?","R","E","$","T","E","M","R","M","M"],"character_chosen":"THE_SILENT","items_purchased":["Accuracy","Membership Card","Noxious Fumes","Kunai","Finisher","Dodge and Roll"],"campfire_rested":6,"item_purchase_floors":[3,19,19,38,42,42],"current_hp_per_floor":[59,64,64,64,57,57,57,57,71,49,47,72,64,63,63,65,80,82,82,82,82,84,84,47,36,36,61,61,9,34,26,51,12,67,63,63,58,58,4,29,13,13,13,17,16,42,7,0,0],"gold":389,"neow_bonus":"THREE_ENEMY_KILL","is_daily":false,"chose_seed":false,"campfire_upgraded":4,"win_rate":0.0,"timestamp":1609556152,"path_taken":["M","?","$","M","?","R","E","R","T","E","M","R","M","?","R","BOSS","M","$","?","?","M","R","E","M","T","R","M","E","R","M","R","BOSS","M","?","?","$","?","R","E","?","T","E","M","R","?","M"],"items_purchased_type":["Card","Relic","Card","Relic","Card","Card"],"build_version":"2020-12-22","purchased_purges":3,"victory":false,"max_hp_per_floor":[66,71,71,71,71,71,71,71,85,85,85,85,85,85,85,85,85,85,85,85,85,85,85,85,85,85,85,85,85,85,85,85,85,85,85,85,85,85,85,85,85,85,85,87,87,87,89,89,89],"card_choices":[{"not_picked":["Tactician","Acrobatics"],"picked":"Infinite Blades","floor":1.0},{"not_picked":["Poisoned Stab","Dodge and Roll"],"picked":"Terror","floor":4.0},{"not_picked":["Blur","Deflect"],"picked":"Infinite Blades","floor":7.0},{"not_picked":["Dodge and Roll","Skewer"],"picked":"Die Die Die","floor":10.0},{"not_picked":["Slice","Concentrate"],"picked":"Cloak And Dagger","floor":11.0},{"not_picked":["Underhanded Strike","Blur"],"picked":"Blade Dance","floor":13.0},{"not_picked":["All Out Attack","Quick Slash"],"picked":"Backflip","floor":14.0},{"not_picked":["Burst","Doppelganger"],"picked":"Phantasmal Killer","floor":16.0},{"not_picked":["Cloak And Dagger","Backstab+1"],"picked":"PiercingWail","floor":18.0},{"not_picked":["Setup","Dagger Throw"],"picked":"Acrobatics","floor":22.0},{"not_picked":["Bouncing Flask","All Out Attack"],"picked":"Leg Sweep","floor":24.0},{"not_picked":["Poisoned Stab","Phantasmal Killer","Deadly Poison"],"picked":"SKIP","floor":25.0},{"not_picked":["Leg Sweep","PiercingWail","Outmaneuver"],"picked":"Well Laid Plans","floor":28.0},{"not_picked":["Poisoned Stab","Cloak And Dagger","Outmaneuver"],"picked":"A Thousand Cuts","floor":29},{"not_picked":["Poisoned Stab","Eviscerate","Acrobatics","Escape Plan"],"picked":"SKIP","floor":31},{"not_picked":["Outmaneuver","Slice","Bane+1","Flying Knee"],"picked":"SKIP","floor":35},{"not_picked":["Heel Hook","Slice","Deflect"],"picked":"Sucker Punch+1","floor":37},{"not_picked":["Sucker Punch+1","Backflip","Acrobatics"],"picked":"Cloak And Dagger+1","floor":39},{"not_picked":["Deflect","Flying Knee","Phantasmal Killer"],"picked":"Backflip+1","floor":41},{"not_picked":["Acrobatics","Night Terror","Caltrops","Concentrate"],"picked":"Singing Bowl","floor":44},{"not_picked":["Dodge and Roll+1","Dash+1","PiercingWail"],"picked":"Leg Sweep","floor":45},{"not_picked":["Underhanded Strike","Backflip","Cloak And Dagger","Dagger Throw"],"picked":"Singing Bowl","floor":47}],"player_experience":951288,"relics_obtained":[{"floor":7.0,"key":"Blood Vial"},{"floor":9.0,"key":"Mango"},{"floor":10.0,"key":"Omamori"},{"floor":24.0,"key":"Vajra"},{"floor":26.0,"key":"Question Card"},{"floor":29,"key":"Happy Flower"},{"floor":39,"key":"Old Coin"},{"floor":41,"key":"Singing Bowl"},{"floor":43,"key":"Snake Skull"},{"floor":44,"key":"CaptainsWheel"}],"event_choices":[{"damage_healed":0.0,"max_hp_gain":5.0,"max_hp_loss":0.0,"gold_gain":0.0,"event_name":"Big Fish","player_choice":"Donut","floor":2.0,"gold_loss":0.0,"damage_taken":0.0},{"damage_healed":0.0,"max_hp_gain":0.0,"max_hp_loss":0.0,"gold_gain":50.0,"event_name":"FaceTrader","player_choice":"Touch","floor":5.0,"gold_loss":0.0,"damage_taken":7.0},{"damage_healed":0.0,"max_hp_gain":0.0,"max_hp_loss":0.0,"gold_gain":0.0,"event_name":"Drug Dealer","player_choice":"Inject Mutagens","floor":20.0,"gold_loss":0.0,"damage_taken":0.0,"relics_obtained":["MutagenicStrength"]},{"cards_removed":["Venomology"],"damage_healed":0,"gold_gain":0,"player_choice":"Upgrade and Remove","damage_taken":0,"max_hp_gain":0,"max_hp_loss":0,"event_name":"Designer","floor":36,"gold_loss":110,"cards_upgraded":["Infinite Blades"]},{"damage_healed":0,"gold_gain":0,"player_choice":"Fight","damage_taken":0,"max_hp_gain":0,"max_hp_loss":0,"event_name":"Mysterious Sphere","floor":39,"gold_loss":0}],"is_beta":false,"boss_relics":[{"not_picked":["Ring of the Serpent","SlaversCollar"],"picked":"Sozu"},{"not_picked":["Philosopher\u0027s Stone","Velvet Choker"],"picked":"Pandora\u0027s Box"}],"items_purged_floors":[3,38,42],"is_endless":false,"potions_floor_spawned":[1,10,11,14,16,22,24,25,41,47],"killed_by":"Sphere and 2 Shapes","ascension_level":20}}