{"host":"yn17ruofed46ymbq","time":1609616175,"event":{"mods":["AchievementEnabler","BaseMod","Colored Map","Colored Powertips","DeckTracker","Highlight Path","Keyboard Shortcuts","Minty Spire (QoL Compilation)","Permanent Neow","Quick Restart","Rare Cards Sparkle","Relic Stats","SuperFastMode"],"gold_per_floor":[112,130,146,156,170,170,197,197,197,229,248,248,248,263,263,365,365,384,399,12,28,48,48,83,96,96,96,107,107,22,22,22,127,127,144,194,48,63,12,41,41,61,87,87,0,0,29,54,54,54],"floor_reached":51,"playtime":1987,"items_purged":["Strike_R"],"score":980,"play_id":"71c05160-8e16-402a-bc49-cdaa5b8273ce","local_time":"20210103043615","is_ascension_mode":true,"campfire_choices":[{"data":"True Grit","floor":6.0,"key":"SMITH"},{"data":"Fire Breathing","floor":12.0,"key":"SMITH"},{"floor":15.0,"key":"REST"},{"data":"Dual Wield","floor":23.0,"key":"SMITH"},{"floor":27.0,"key":"REST"},{"floor":29.0,"key":"REST"},{"data":"Evolve","floor":32.0,"key":"SMITH"},{"data":"Metallicize","floor":41.0,"key":"SMITH"},{"data":"Offering","floor":44.0,"key":"SMITH"},{"floor":49,"key":"REST"}],"circlet_count":0,"master_deck":["Strike_R","Strike_R","Strike_R","Defend_R","Defend_R","Defend_R","Defend_R","Bash","Immolate","Fire Breathing+1","Pommel Strike","Shrug It Off","Carnage","True Grit+1","Shrug It Off","Sever Soul","Fire Breathing","Offering+1","Spot Weakness+1","Evolve+1","Metallicize+1","Wild Strike","Dual Wield+1","Burning Pact+1","Infernal Blade","Blood for Blood+1","Inflame+1","Armaments+1","Havoc+1"],"relics":["Black Blood","Regal Pillow","Question Card","Oddly Smooth Stone","Mark of Pain","Mummified Hand","Magic Flower","Kunai","Bag of Marbles","FossilizedHelix","Frozen Eye","Letter Opener","CeramicFish","Bronze Scales","Red Mask","Incense Burner"],"acts_visited":["Exordium","TheCity","TheBeyond"],"potions_floor_usage":[47,50],"damage_taken":[{"damage":0.0,"enemies":"2 Louse","floor":1.0,"turns":2.0},{"damage":7.0,"enemies":"Jaw Worm","floor":2.0,"turns":3.0},{"damage":6.0,"enemies":"Cultist","floor":3.0,"turns":3.0},{"damage":0.0,"enemies":"Large Slime","floor":4.0,"turns":3.0},{"damage":0.0,"enemies":"Exordium Wildlife","floor":5.0,"turns":2.0},{"damage":7.0,"enemies":"3 Sentries","floor":7.0,"turns":4.0},{"damage":34.0,"enemies":"Lagavulin","floor":10.0,"turns":9.0},{"damage":2.0,"enemies":"Looter","floor":11.0,"turns":4.0},{"damage":16.0,"enemies":"Gremlin Gang","floor":14.0,"turns":4.0},{"damage":47.0,"enemies":"The Guardian","floor":16.0,"turns":11.0},{"damage":9.0,"enemies":"3 Byrds","floor":18.0,"turns":4.0},{"damage":18.0,"enemies":"Shell Parasite","floor":19.0,"turns":5.0},{"damage":6.0,"enemies":"Centurion and Healer","floor":21.0,"turns":5.0},{"damage":11.0,"enemies":"Cultist and Chosen","floor":22.0,"turns":5.0},{"damage":24.0,"enemies":"Gremlin Leader","floor":24.0,"turns":4.0},{"damage":20.0,"enemies":"Snecko","floor":25.0,"turns":4.0},{"damage":22.0,"enemies":"Shelled Parasite and Fungi","floor":28.0,"turns":4.0},{"damage":53.0,"enemies":"Automaton","floor":33.0,"turns":7.0},{"damage":27.0,"enemies":"Orb Walker","floor":35.0,"turns":3.0},{"damage":21.0,"enemies":"Mind Bloom Boss Battle","floor":36.0,"turns":8.0},{"damage":13.0,"enemies":"3 Shapes","floor":38.0,"turns":3.0},{"damage":24.0,"enemies":"Nemesis","floor":40.0,"turns":5.0},{"damage":23.0,"enemies":"Maw","floor":42.0,"turns":5.0},{"damage":25,"enemies":"3 Darklings","floor":47,"turns":5},{"damage":37,"enemies":"Giant Head","floor":48,"turns":8},{"damage":96,"enemies":"Time Eater","floor":50,"turns":10}],"seed_played":"688666962724967808","potions_obtained":[{"floor":1.0,"key":"SpeedPotion"},{"floor":4.0,"key":"Strength Potion"},{"floor":10.0,"key":"EntropicBrew"},{"floor":18.0,"key":"DuplicationPotion"},{"floor":33.0,"key":"FairyPotion"},{"floor":35.0,"key":"Energy Potion"},{"floor":40.0,"key":"AttackPotion"},{"floor":47,"key":"Fire Potion"}],"is_trial":false,"path_per_floor":["M","M","M","M","M","R","E","?","T","E","M","R","?","M","R","B",null,"M","M","$","M","M","R","E","M","T","R","M","R","?","$","R","B",null,"M","?","$","M","?","E","R","M","T","R","?","?","M","E","R","B",null],"character_chosen":"IRONCLAD","items_purchased":["Mummified Hand","Metallicize","Frozen Eye"],"campfire_rested":4,"item_purchase_floors":[20,20,37],"current_hp_per_floor":[78,77,77,80,80,80,79,79,79,51,55,55,55,45,80,39,70,67,55,55,55,50,50,32,21,21,60,47,80,80,80,80,36,69,60,57,57,62,62,56,56,51,51,51,51,51,44,25,64,22],"gold":54,"neow_bonus":"ONE_RANDOM_RARE_CARD","is_daily":false,"chose_seed":false,"campfire_upgraded":6,"win_rate":0.0,"timestamp":1609616175,"path_taken":["M","M","M","M","M","R","E","?","T","E","M","R","?","M","R","BOSS","M","M","$","M","?","R","E","M","T","R","M","R","?","$","R","BOSS","M","?","$","M","?","E","R","?","T","R","?","?","M","E","R","BOSS"],"items_purchased_type":["Relic","Card","Relic"],"build_version":"2020-12-22","purchased_purges":1,"victory":true,"max_hp_per_floor":[80,80,80,80,80,80,80,80,80,80,80,80,80,80,80,80,80,80,80,80,80,80,80,80,80,80,80,80,80,80,80,80,80,80,80,80,80,80,80,80,80,80,80,80,80,80,80,80,80,80],"relic_stats":{"Regal Pillow":50,"counters":[26,130],"Mummified Hand":[86],"CeramicFish":9,"Bronze Scales":[84],"Black Blood":252,"Magic Flower":[69],"Kunai":[10],"Letter Opener":[81],"Question Card":19,"obtain_stats":[{"Regal Pillow":7,"CeramicFish":40,"Oddly Smooth Stone":10,"Magic Flower":24,"Black Blood":34,"Incense Burner":48,"Letter Opener":39,"Question Card":9,"Burning Blood":0,"Frozen Eye":37,"Mummified Hand":20,"Bronze Scales":43,"Mark of Pain":17,"Bag of Marbles":30,"Red Mask":45,"Kunai":26,"FossilizedHelix":36},{"Regal Pillow":6,"CeramicFish":22,"Oddly Smooth Stone":7,"Magic Flower":15,"Black Blood":18,"Incense Burner":25,"Letter Opener":21,"Question Card":6,"Burning Blood":0,"Frozen Eye":20,"Mummified Hand":12,"Bronze Scales":23,"Mark of Pain":10,"Bag of Marbles":17,"Red Mask":23,"Kunai":16,"FossilizedHelix":20},{"Regal Pillow":17,"CeramicFish":102,"Oddly Smooth Stone":26,"Magic Flower":68,"Black Blood":83,"Incense Burner":120,"Letter Opener":97,"Question Card":17,"Burning Blood":0,"Frozen Eye":94,"Mummified Hand":54,"Bronze Scales":107,"Mark of Pain":45,"Bag of Marbles":76,"Red Mask":107,"Kunai":72,"FossilizedHelix":94}]},"card_choices":[{"not_picked":["Dual Wield","Iron Wave"],"picked":"Fire Breathing","floor":1.0},{"not_picked":["Heavy Blade","Anger"],"picked":"Pommel Strike","floor":2.0},{"not_picked":["Burning Pact","Searing Blow"],"picked":"Shrug It Off","floor":3.0},{"not_picked":["Whirlwind","Inflame"],"picked":"Carnage","floor":4.0},{"not_picked":["Shockwave","Pommel Strike"],"picked":"True Grit","floor":5.0},{"not_picked":["Sword Boomerang","Perfected Strike"],"picked":"Shrug It Off","floor":7.0},{"not_picked":["Dropkick","Warcry","Pommel Strike"],"picked":"Sever Soul","floor":10.0},{"not_picked":["Twin Strike","True Grit","Berserk","Clothesline"],"picked":"SKIP","floor":11.0},{"not_picked":["Thunderclap","Headbutt","Pummel"],"picked":"Fire Breathing","floor":14.0},{"not_picked":["Impervious","Reaper","Immolate"],"picked":"Offering","floor":16.0},{"not_picked":["Shrug It Off","Armaments","Shockwave"],"picked":"Spot Weakness+1","floor":18.0},{"not_picked":["Twin Strike+1","Flex+1","Thunderclap+1"],"picked":"Evolve","floor":19.0},{"not_picked":["Rupture","Flame Barrier+1","Clash"],"picked":"Wild Strike","floor":21.0},{"not_picked":["Sword Boomerang","Clash+1","Twin Strike+1"],"picked":"Dual Wield","floor":22.0},{"not_picked":["True Grit","Wild Strike","Infernal Blade"],"picked":"Burning Pact","floor":24.0},{"not_picked":["Evolve","Heavy Blade","Flex"],"picked":"Infernal Blade","floor":25.0},{"not_picked":["Clash","Clothesline+1","Limit Break"],"picked":"Blood for Blood+1","floor":28.0},{"not_picked":["Sword Boomerang","Combust+1","Pommel Strike+1"],"picked":"Inflame+1","floor":35.0},{"not_picked":["Clothesline","Shrug It Off+1","Pommel Strike"],"picked":"Armaments+1","floor":36.0},{"not_picked":["Cleave+1","Twin Strike","Clothesline","Flex"],"picked":"SKIP","floor":38.0},{"not_picked":["Dual Wield+1","Sword Boomerang","Berserk","Sever Soul+1"],"picked":"SKIP","floor":40.0},{"not_picked":["Wild Strike+1","Shrug It Off","Seeing Red","Twin Strike"],"picked":"SKIP","floor":42.0},{"not_picked":["Flex","Cleave+1","Anger+1"],"picked":"Havoc+1","floor":47},{"not_picked":["Thunderclap+1","Shrug It Off+1","Armaments+1","Rupture+1"],"picked":"SKIP","floor":48}],"player_experience":442218,"relics_obtained":[{"floor":7.0,"key":"Regal Pillow"},{"floor":9.0,"key":"Question Card"},{"floor":10.0,"key":"Oddly Smooth Stone"},{"floor":24.0,"key":"Magic Flower"},{"floor":26.0,"key":"Kunai"},{"floor":36.0,"key":"FossilizedHelix"},{"floor":40.0,"key":"CeramicFish"},{"floor":43.0,"key":"Bronze Scales"},{"floor":48,"key":"Incense Burner"}],"event_choices":[{"damage_healed":0.0,"max_hp_gain":0.0,"max_hp_loss":0.0,"gold_gain":0.0,"event_name":"Liars Game","player_choice":"Ignored","floor":8.0,"gold_loss":0.0,"damage_taken":0.0},{"cards_removed":["Strike_R"],"damage_healed":0.0,"max_hp_gain":0.0,"max_hp_loss":0.0,"gold_gain":0.0,"event_name":"Purifier","player_choice":"Purged","floor":13.0,"gold_loss":0.0,"damage_taken":0.0},{"damage_healed":0.0,"max_hp_gain":0.0,"max_hp_loss":0.0,"gold_gain":0.0,"event_name":"Addict","player_choice":"Obtained Relic","floor":30.0,"gold_loss":85.0,"damage_taken":0.0,"relics_obtained":["Bag of Marbles"]},{"damage_healed":0.0,"max_hp_gain":0.0,"max_hp_loss":0.0,"gold_gain":0.0,"event_name":"MindBloom","player_choice":"Fight","floor":36.0,"gold_loss":0.0,"damage_taken":0.0},{"damage_healed":0.0,"max_hp_gain":0.0,"max_hp_loss":0.0,"gold_gain":0.0,"event_name":"WeMeetAgain","player_choice":"Paid Gold","floor":39.0,"gold_loss":51.0,"damage_taken":0.0,"relics_obtained":["Letter Opener"]},{"damage_healed":0.0,"max_hp_gain":0.0,"max_hp_loss":0.0,"gold_gain":0.0,"event_name":"Tomb of Lord Red Mask","player_choice":"Paid","floor":45.0,"gold_loss":87.0,"damage_taken":0.0,"relics_obtained":["Red Mask"]},{"damage_healed":0.0,"max_hp_gain":0.0,"max_hp_loss":0.0,"gold_gain":0.0,"event_name":"Upgrade Shrine","player_choice":"Upgraded","floor":46.0,"gold_loss":0.0,"damage_taken":0.0,"cards_upgraded":["Burning Pact"]}],"is_beta":false,"boss_relics":[{"not_picked":["Coffee Dripper","Black Star"],"picked":"Mark of Pain"},{"not_picked":["Runic Dome","Astrolabe"],"picked":"Black Blood"}],"items_purged_floors":[20],"is_endless":false,"potions_floor_spawned":[1,4,10,18,33,35,40,47],"ascension_level":7}}