{"host":"31s8hzukbhz1k6i6","time":1609548972,"event":{"mods":["AchievementEnabler","BaseMod","Bestiary","Colored Map","Filter the Spire","Minty Spire (QoL Compilation)","Relic Stats","UnlockEverythingMod","ojb\u0027s Info Mod"],"gold_per_floor":[113,60,60,135,159,159,203,203,203,238,108,141,164,83,83,178,178,201,219,219,219,269,269,307,307,361,361,361],"floor_reached":27,"playtime":906,"items_purged":["Strike_G"],"score":511,"play_id":"23029d89-de66-4627-b913-429d024c1ffa","local_time":"20210101165612","is_ascension_mode":true,"campfire_choices":[{"data":"Skewer","floor":6.0,"key":"SMITH"},{"data":"Deadly Poison","floor":8.0,"key":"SMITH"},{"data":"1","floor":15.0,"key":"LIFT"},{"data":"2","floor":23,"key":"LIFT"}],"circlet_count":0,"master_deck":["AscendersBane","Defend_G","Defend_G","Defend_G","Defend_G","Defend_G","Survivor","Neutralize+1","Skewer+1","Deadly Poison+1","Doppelganger","Die Die Die","Crippling Poison","Footwork","Corpse Explosion","Bite","Bite","Bite","Bite","Bite"],"relics":["Ring of the Snake","Whetstone","Golden Idol","Omamori","Pen Nib","Pear","Girya","Pantograph","Calling Bell","Boot","Toxic Egg 2","Peace Pipe","Juzu Bracelet","Bag of Marbles","Ancient Tea Set","Centennial Puzzle"],"acts_visited":["Exordium","TheCity"],"potions_floor_usage":[],"damage_taken":[{"damage":0.0,"enemies":"2 Louse","floor":1.0,"turns":3.0},{"damage":29.0,"enemies":"3 Sentries","floor":7.0,"turns":10.0},{"damage":2.0,"enemies":"Lagavulin","floor":10.0,"turns":5.0},{"damage":12.0,"enemies":"3 Sentries","floor":12.0,"turns":6.0},{"damage":0.0,"enemies":"Jaw Worm","floor":13.0,"turns":2.0},{"damage":19.0,"enemies":"Hexaghost","floor":16.0,"turns":9.0},{"damage":12.0,"enemies":"2 Thieves","floor":18.0,"turns":2.0},{"damage":9,"enemies":"Spheric Guardian","floor":19,"turns":5},{"damage":36,"enemies":"Slavers","floor":24,"turns":8},{"damage":11,"enemies":"Snecko","floor":27,"turns":2}],"seed_played":"6032715183299590223","potions_obtained":[{"floor":7.0,"key":"Energy Potion"},{"floor":12.0,"key":"Fire Potion"},{"floor":13.0,"key":"DuplicationPotion"}],"is_trial":false,"path_per_floor":["M","$","?","?","T","R","E","R","T","E","$","E","M","$","R","B",null,"M","M","?","?","?","R","E","?","T","M"],"character_chosen":"THE_SILENT","items_purchased":["Deadly Poison","FearPotion","Footwork"],"campfire_rested":0,"item_purchase_floors":[2,11,14],"current_hp_per_floor":[59,59,59,48,48,48,19,19,29,27,27,15,15,15,15,21,58,46,37,37,37,37,37,1,1,1,0,0],"gold":361,"neow_bonus":"RANDOM_COMMON_RELIC","is_daily":false,"chose_seed":false,"campfire_upgraded":2,"win_rate":0.0,"timestamp":1609548972,"path_taken":["M","$","?","?","?","R","E","R","T","E","$","E","?","?","R","BOSS","M","M","?","?","?","R","E","?","T","M"],"items_purchased_type":["Card","Potion","Card"],"build_version":"2020-12-22","purchased_purges":1,"victory":false,"max_hp_per_floor":[66,66,60,60,60,60,60,60,70,70,70,70,70,70,70,70,70,70,70,70,70,70,70,70,49,49,49,49],"relic_stats":{"Peace Pipe":0,"Centennial Puzzle":[0],"counters":[10,52],"Golden Idol":64,"Pantograph":25,"Pen Nib":[4],"Juzu Bracelet":1,"Whetstone":["Neutralize","Strike_G"],"Boot":[1],"obtain_stats":[{"Girya":10,"Pear":9,"Golden Idol":3,"Pen Nib":7,"Omamori":5,"Juzu Bracelet":20,"Whetstone":0,"Boot":17,"Ancient Tea Set":24,"Calling Bell":17,"Peace Pipe":17,"Centennial Puzzle":26,"Pantograph":12,"Bag of Marbles":21,"Toxic Egg 2":17,"Ring of the Snake":0},{"Girya":3,"Pear":2,"Golden Idol":1,"Pen Nib":2,"Omamori":1,"Juzu Bracelet":8,"Whetstone":0,"Boot":6,"Ancient Tea Set":9,"Calling Bell":6,"Peace Pipe":6,"Centennial Puzzle":9,"Pantograph":4,"Bag of Marbles":8,"Toxic Egg 2":6,"Ring of the Snake":0},{"Girya":18,"Pear":13,"Golden Idol":3,"Pen Nib":13,"Omamori":3,"Juzu Bracelet":42,"Whetstone":0,"Boot":35,"Ancient Tea Set":50,"Calling Bell":35,"Peace Pipe":35,"Centennial Puzzle":50,"Pantograph":24,"Bag of Marbles":42,"Toxic Egg 2":35,"Ring of the Snake":0}],"Ring of the Snake":[20]},"card_choices":[{"not_picked":["Outmaneuver","Bane"],"picked":"Skewer","floor":1.0},{"not_picked":["Bane","Distraction"],"picked":"Doppelganger","floor":7.0},{"not_picked":["Reflex","Dagger Throw"],"picked":"Die Die Die","floor":10.0},{"not_picked":["Prepared","Slice"],"picked":"Crippling Poison","floor":12.0},{"not_picked":["Blur","Predator"],"picked":"Noxious Fumes","floor":13.0},{"not_picked":["Venomology","Envenom"],"picked":"Corpse Explosion","floor":16.0},{"not_picked":["Unload","Noxious Fumes","Endless Agony"],"picked":"SKIP","floor":18.0},{"not_picked":["Sucker Punch","Eviscerate","Bane"],"picked":"SKIP","floor":19},{"not_picked":["Underhanded Strike","Grand Finale","Bane"],"picked":"SKIP","floor":24}],"player_experience":128572,"relics_obtained":[{"floor":5.0,"key":"Omamori"},{"floor":7.0,"key":"Pen Nib"},{"floor":9.0,"key":"Pear"},{"floor":10.0,"key":"Girya"},{"floor":12.0,"key":"Pantograph"},{"floor":17.0,"key":"Boot"},{"floor":17.0,"key":"Toxic Egg 2"},{"floor":17.0,"key":"Peace Pipe"},{"floor":24,"key":"Ancient Tea Set"},{"floor":26,"key":"Centennial Puzzle"}],"event_choices":[{"damage_healed":0.0,"max_hp_gain":0.0,"max_hp_loss":6.0,"gold_gain":0.0,"event_name":"Golden Idol","player_choice":"Lose Max HP","floor":3.0,"gold_loss":0.0,"damage_taken":0.0,"relics_obtained":["Golden Idol"]},{"damage_healed":0.0,"max_hp_gain":0.0,"max_hp_loss":0.0,"gold_gain":75.0,"event_name":"World of Goop","player_choice":"Gather Gold","floor":4.0,"gold_loss":0.0,"damage_taken":11.0},{"damage_healed":0,"gold_gain":0,"player_choice":"Opened","damage_taken":0,"relics_obtained":["Juzu Bracelet"],"max_hp_gain":0,"max_hp_loss":0,"event_name":"The Mausoleum","floor":20,"gold_loss":0,"cards_obtained":["Writhe"]},{"cards_removed":["Noxious Fumes"],"damage_healed":0,"gold_gain":0,"player_choice":"Gave Card","damage_taken":0,"relics_obtained":["Bag of Marbles"],"max_hp_gain":0,"max_hp_loss":0,"event_name":"WeMeetAgain","floor":21,"gold_loss":0},{"damage_healed":0,"gold_gain":50,"player_choice":"Stole From Cult","damage_taken":0,"max_hp_gain":0,"max_hp_loss":0,"event_name":"Nest","floor":22,"gold_loss":0},{"damage_healed":0,"gold_gain":0,"player_choice":"Became a vampire","damage_taken":0,"max_hp_gain":0,"max_hp_loss":21,"event_name":"Vampires","floor":25,"gold_loss":0,"cards_obtained":["Bite","Bite","Bite","Bite","Bite"]}],"is_beta":false,"boss_relics":[{"not_picked":["Coffee Dripper","WristBlade"],"picked":"Calling Bell"}],"items_purged_floors":[11],"is_endless":false,"potions_floor_spawned":[7,12,13],"killed_by":"Snecko","ascension_level":20}}