{"host":"nlbr7nnijupf3yfg","time":1609547540,"event":{"mods":["AchievementEnabler","BaseMod","Colored Powertips","DeckTracker","Downfall","Hubris","Minty Spire (QoL Compilation)","Replay The Spire","StSLib","SuperFastMode"],"gold_per_floor":[112,131,145,145,145,155,169,169,204,204,204,204,204,204,250,263,263,361,361,378,378,398,398,423,423,450,450,503,503,513,513,540,560,560,664,664,683,696,696,746,26,57,57,88,88,101,101,117,117,129,129,129],"floor_reached":53,"playtime":1333,"items_purged":["Defend_R"],"score":783,"play_id":"5362ddd7-a2c6-4345-b999-121ff1fa0fec","local_time":"20210101193220","is_ascension_mode":true,"campfire_choices":[{"data":"Twin Strike","floor":8,"key":"SMITH"},{"data":"Twin Strike","floor":12,"key":"SMITH"},{"floor":14,"key":"REST"},{"floor":17,"key":"REST"},{"data":"Pommel Strike","floor":29,"key":"SMITH"},{"floor":31,"key":"REST"},{"floor":34,"key":"REST"},{"floor":43,"key":"REST"},{"floor":47,"key":"REST"},{"data":"Perfected Strike","floor":49,"key":"SMITH"},{"data":"expansioncontent:StudyTheSpire","floor":49,"key":"SMITH"},{"floor":51,"key":"REST"}],"circlet_count":0,"master_deck":["Strike_R","Strike_R","Strike_R","Strike_R","Strike_R","Defend_R","Defend_R","Defend_R","Twin Strike+1","Twin Strike+1","Pommel Strike","Flame Barrier+1","Wild Strike+1","Pommel Strike+1","Twin Strike","Perfected Strike+1","expansioncontent:StudyTheSpire+1","Thunderclap+1","Twin Strike+1","Perfected Strike","Twin Strike+1","Infernal Blade+1","Disarm"],"relics":["Burning Blood","Orichalcum","ReplayTheSpireMod:Lightbulb","ReplayTheSpireMod:Ring of Challenge","Ring of Searing","HornCleat","hubris:Towel","hubris:PeanutButter","hubris:GrandSneckoEye","Potion Belt","Bronze Scales","Nilry\u0027s Codex","Chameleon Ring","Bag of Preparation","Shuriken","hubris:Zylophone","Replay:PocketPolymizer","Regal Pillow","King of Hearts","Garlic","Replay:Arrowhead"],"acts_visited":["Exordium","TheCity","TheBeyond"],"potions_floor_usage":[9,18,26,35,42,42,42,42,42,52,52],"damage_taken":[{"damage":0,"enemies":"Cultist","floor":1,"turns":3},{"damage":2,"enemies":"2 Louse","floor":2,"turns":3},{"damage":4,"enemies":"Small Slimes","floor":3,"turns":3},{"damage":4,"enemies":"2 Fungi Beasts","floor":6,"turns":3},{"damage":6,"enemies":"3 Louse","floor":7,"turns":3},{"damage":26,"enemies":"Lagavulin","floor":9,"turns":3},{"damage":19,"enemies":"Replay:BlueRogue","floor":15,"turns":3},{"damage":11,"enemies":"Gremlin Gang","floor":16,"turns":3},{"damage":21,"enemies":"Slime Boss","floor":18,"turns":6},{"damage":8,"enemies":"Chosen","floor":20,"turns":3},{"damage":0,"enemies":"Spheric Guardian","floor":22,"turns":2},{"damage":9,"enemies":"Slavers","floor":26,"turns":4},{"damage":2,"enemies":"Centurion and Healer","floor":30,"turns":3},{"damage":32,"enemies":"Replay:Snechameleon","floor":32,"turns":5},{"damage":11,"enemies":"Shelled Parasite and Fungi","floor":33,"turns":3},{"damage":27,"enemies":"Automaton","floor":35,"turns":5},{"damage":33,"enemies":"3 Shapes","floor":37,"turns":6},{"damage":0,"enemies":"Orb Walker","floor":38,"turns":3},{"damage":0,"enemies":"Mind Bloom Boss Battle","floor":40,"turns":5},{"damage":48,"enemies":"Giant Head","floor":42,"turns":7},{"damage":21,"enemies":"Nemesis","floor":44,"turns":4},{"damage":31,"enemies":"Writhing Mass","floor":46,"turns":4},{"damage":10,"enemies":"4 Shapes","floor":48,"turns":4},{"damage":12,"enemies":"Transient","floor":50,"turns":5},{"damage":32,"enemies":"Replay:Hell Engine","floor":52,"turns":7}],"seed_played":"1685784453932898999","potions_obtained":[{"floor":6,"key":"Death Potion"},{"floor":7,"key":"DuplicationPotion"},{"floor":9,"key":"Adrenaline Potion"},{"floor":16,"key":"Toxic Potion"},{"floor":26,"key":"LifebloodPotion"},{"floor":27,"key":"Block Potion"},{"floor":27,"key":"Strength Potion"},{"floor":30,"key":"LiquidBronze"},{"floor":35,"key":"Venom Potion"},{"floor":37,"key":"Regen Potion"},{"floor":42,"key":"Elixir"},{"floor":44,"key":"SkillPotion"},{"floor":50,"key":"Weak Potion"}],"is_trial":false,"path_per_floor":["M","M","M","PTL","PTL","M","M","R","E","?","T","R","?","R","E","M","R","B",null,"M","?","M","$","T","?","E","R","T","R","M","R","E","M","R","B",null,"M","M","?","?","$","E","R","E","T","M","R","M","R","M","R","B",null],"character_chosen":"IRONCLAD","items_purchased":["Perfected Strike","Replay:PocketPolymizer","Regal Pillow","expansioncontent:StudyTheSpire"],"campfire_rested":7,"item_purchase_floors":[41,41,41,41],"current_hp_per_floor":[80,80,80,80,80,80,80,80,60,60,60,60,60,80,67,62,80,65,80,78,78,80,80,80,64,61,61,61,61,65,80,54,49,73,52,80,53,59,59,65,65,36,75,60,60,35,74,70,70,64,80,54],"gold":129,"neow_bonus":"RANDOM_COMMON_RELIC","is_daily":false,"chose_seed":false,"campfire_upgraded":5,"win_rate":0.0,"timestamp":1609547540,"path_taken":["M","?","M","PTL","PTL","M","M","R","E","?","T","R","?","R","E","M","R","BOSS","M","?","?","$","?","?","E","R","T","R","M","R","E","M","R","BOSS","M","M","?","?","$","E","R","E","T","M","R","M","R","M","R","BOSS"],"items_purchased_type":["Card","Relic","Relic","Card"],"build_version":"2020-12-22","purchased_purges":1,"victory":true,"max_hp_per_floor":[80,80,80,80,80,80,80,80,80,80,80,80,80,80,80,80,80,80,80,80,80,80,80,80,80,80,80,80,80,80,80,80,80,80,80,80,80,80,80,80,80,80,80,80,80,80,80,80,80,80,80,80],"card_choices":[{"not_picked":["Run Through","Havoc"],"picked":"Twin Strike","floor":1},{"not_picked":["Sword Boomerang","Body Slam","Entrench"],"picked":"SKIP","floor":2},{"not_picked":["Run Through","Iron Wave"],"picked":"Twin Strike","floor":3},{"not_picked":["ReplayTheSpireMod:Strike From Hell","Disarm","Headbutt"],"picked":"SKIP","floor":6},{"not_picked":["Shrug It Off","Blood for Blood","True Grit"],"picked":"SKIP","floor":7},{"not_picked":["ReplayTheSpireMod:Corrosion Curse","Dropkick","Dark Embrace"],"picked":"SKIP","floor":9},{"not_picked":["Replay:Undeath\u0027s Touch","Inflame"],"picked":"Pommel Strike","floor":15},{"not_picked":["Armaments","Blood for Blood"],"picked":"Flex","floor":16},{"not_picked":["Armaments","Havoc+1"],"picked":"Flame Barrier+1","floor":20},{"not_picked":["ReplayTheSpireMod:Stacked","Reckless Charge"],"picked":"Wild Strike+1","floor":22},{"not_picked":["Headbutt","Warcry"],"picked":"Pommel Strike","floor":26},{"not_picked":["Blood for Blood","Warcry+1","Run Through"],"picked":"SKIP","floor":30},{"not_picked":["Defy Death+1","Battle Trance","Searing Blow"],"picked":"SKIP","floor":32},{"not_picked":["Bloodletting","Shrug It Off"],"picked":"Twin Strike","floor":33},{"not_picked":["Sever Soul+1","Metallicize+1","Havoc+1"],"picked":"SKIP","floor":37},{"not_picked":["Burning Pact+1","Blood for Blood+1","Rampage+1"],"picked":"SKIP","floor":38},{"not_picked":["Demon Form","Clothesline"],"picked":"Thunderclap+1","floor":42},{"not_picked":["Wild Strike+1","Havoc"],"picked":"Twin Strike+1","floor":44},{"not_picked":["Clash+1","Sentinel+1"],"picked":"Perfected Strike","floor":46},{"not_picked":["Spot Weakness","Warcry"],"picked":"Twin Strike+1","floor":48},{"not_picked":["Shockwave+1","Thunderclap+1"],"picked":"Infernal Blade+1","floor":50}],"player_experience":24868,"relics_obtained":[{"floor":9,"key":"ReplayTheSpireMod:Lightbulb"},{"floor":10,"key":"ReplayTheSpireMod:Ring of Challenge"},{"floor":10,"key":"Ring of Searing"},{"floor":11,"key":"HornCleat"},{"floor":15,"key":"hubris:PeanutButter"},{"floor":24,"key":"Bronze Scales"},{"floor":25,"key":"Nilry\u0027s Codex"},{"floor":26,"key":"Chameleon Ring"},{"floor":28,"key":"Bag of Preparation"},{"floor":32,"key":"Shuriken"},{"floor":40,"key":"hubris:Zylophone"},{"floor":42,"key":"King of Hearts"},{"floor":44,"key":"Garlic"},{"floor":45,"key":"Replay:Arrowhead"}],"event_choices":[{"cards_removed":["Flex"],"damage_healed":0,"gold_gain":0,"player_choice":"Gave Card","damage_taken":0,"relics_obtained":["Potion Belt"],"max_hp_gain":0,"max_hp_loss":0,"event_name":"WeMeetAgain","floor":21,"gold_loss":0},{"damage_healed":0,"gold_gain":0,"player_choice":"Obtained Book","damage_taken":16,"max_hp_gain":0,"max_hp_loss":0,"event_name":"Cursed Tome","floor":25,"gold_loss":0},{"damage_healed":0,"gold_gain":0,"player_choice":"Ignored","damage_taken":0,"max_hp_gain":0,"max_hp_loss":0,"event_name":"Tomb of Lord Red Mask","floor":39,"gold_loss":0},{"damage_healed":0,"gold_gain":0,"player_choice":"Fight","damage_taken":0,"max_hp_gain":0,"max_hp_loss":0,"event_name":"MindBloom","floor":40,"gold_loss":0}],"is_beta":false,"boss_relics":[{"not_picked":["Honey Jar","hubris:HollowSoul"],"picked":"hubris:GrandSneckoEye"},{"not_picked":["hubris:BlackHole","Electric Blood","hubris:CrackedHourglass"]}],"items_purged_floors":[41],"is_endless":false,"potions_floor_spawned":[6,7,9,16,26,30,35,37,40,42,44,50],"ascension_level":4}}