{"host":"lgcfsflrbypvnipj","time":1609586291,"event":{"mods":["2.2 Compatiblity","BaseMod","Block Reminder","Minty Spire (QoL Compilation)","Relic Stats","StSLib"],"gold_per_floor":[118,118,130,130,57,57,43,43,92,125,138,138,165,182,182,279,279,299,315,12,22,22,37,57,57,57,57,87,2,2,32,32,134,134,150,0,11,24,34,68,68,68,68,94,94,144,164,10,10,10],"floor_reached":51,"playtime":3172,"items_purged":["Strike_G"],"score":918,"play_id":"d2361c07-b447-4bad-a318-1c6061b923d9","local_time":"20210102061811","is_ascension_mode":true,"campfire_choices":[{"floor":6,"key":"DIG"},{"floor":8,"key":"DIG"},{"floor":15,"key":"DIG"},{"floor":25,"key":"DIG"},{"floor":27,"key":"DIG"},{"floor":30,"key":"DIG"},{"floor":32,"key":"REST"},{"floor":41,"key":"DIG"},{"floor":42,"key":"DIG"},{"floor":49,"key":"DIG"}],"circlet_count":0,"master_deck":["Defend_G+1","Defend_G","Defend_G","Defend_G","Survivor","Neutralize","Well Laid Plans","Bouncing Flask","Noxious Fumes","Dodge and Roll+1","Dagger Spray","Crippling Poison","Footwork","Adrenaline","PiercingWail","Footwork","Backflip","Outmaneuver","All Out Attack","Reflex+1","Endless Agony+1","Acrobatics+1","Malaise","PiercingWail+1","Dagger Spray"],"relics":["Ring of the Snake","NeowsBlessing","Shovel","MawBank","Tough Bandages","Nunchaku","War Paint","MealTicket","Boot","Busted Crown","DollysMirror","Gremlin Horn","Paper Crane","PreservedInsect","Orichalcum","Blood Vial","WingedGreaves","Bottled Flame","Astrolabe","Red Mask","Pear","Mummified Hand","Pantograph","Omamori","Bag of Marbles","Gambling Chip","Orrery","Oddly Smooth Stone"],"acts_visited":["Exordium","TheCity","TheBeyond"],"potions_floor_usage":[13,16,19,35,40,44,47,50,50],"damage_taken":[{"damage":0,"enemies":"Jaw Worm","floor":1,"turns":1},{"damage":0,"enemies":"Small Slimes","floor":3,"turns":1},{"damage":0,"enemies":"3 Sentries","floor":10,"turns":1},{"damage":0,"enemies":"Cultist","floor":11,"turns":4},{"damage":11,"enemies":"Lagavulin","floor":13,"turns":6},{"damage":0,"enemies":"Red Slaver","floor":14,"turns":5},{"damage":25,"enemies":"Hexaghost","floor":16,"turns":10},{"damage":0,"enemies":"3 Byrds","floor":18,"turns":4},{"damage":6,"enemies":"2 Thieves","floor":19,"turns":4},{"damage":11,"enemies":"Snecko","floor":21,"turns":5},{"damage":6,"enemies":"Centurion and Healer","floor":23,"turns":11},{"damage":7,"enemies":"Sentry and Sphere","floor":24,"turns":6},{"damage":0,"enemies":"Book of Stabbing","floor":28,"turns":6},{"damage":4,"enemies":"Slavers","floor":31,"turns":5},{"damage":0,"enemies":"Collector","floor":33,"turns":11},{"damage":2,"enemies":"3 Shapes","floor":35,"turns":3},{"damage":2,"enemies":"Orb Walker","floor":37,"turns":5},{"damage":0,"enemies":"Sphere and 2 Shapes","floor":38,"turns":8},{"damage":0,"enemies":"4 Shapes","floor":39,"turns":9},{"damage":21,"enemies":"Reptomancer","floor":40,"turns":7},{"damage":16,"enemies":"Nemesis","floor":44,"turns":9},{"damage":0,"enemies":"Mind Bloom Boss Battle","floor":46,"turns":7},{"damage":0,"enemies":"3 Darklings","floor":47,"turns":4},{"damage":47,"enemies":"Awakened One","floor":50,"turns":26}],"seed_played":"-1351056121641102450","potions_obtained":[{"floor":1,"key":"SkillPotion"},{"floor":3,"key":"Block Potion"},{"floor":16,"key":"ColorlessPotion"},{"floor":21,"key":"ColorlessPotion"},{"floor":24,"key":"Ancient Potion"},{"floor":33,"key":"SkillPotion"},{"floor":37,"key":"SpeedPotion"},{"floor":40,"key":"SkillPotion"},{"floor":46,"key":"CunningPotion"}],"is_trial":false,"path_per_floor":["M","?","M","?","$","R","$","R","T","E","M","$","E","M","R","B",null,"M","M","$","M","?","M","M","R","T","R","E","?","R","E","R","B",null,"M","?","M","M","M","E","R","R","T","E","?","?","M","$","R","B",null],"character_chosen":"THE_SILENT","items_purchased":["Noxious Fumes","Dodge and Roll","DollysMirror","Backflip","PowerPotion","Orrery"],"campfire_rested":1,"item_purchase_floors":[5,7,20,20,20,48],"current_hp_per_floor":[70,37,37,70,70,70,70,70,70,70,70,70,59,59,59,34,70,70,64,70,59,59,53,46,46,46,46,46,46,46,44,65,67,70,68,68,68,70,70,59,59,59,59,45,65,80,80,80,80,33],"gold":10,"neow_bonus":"THREE_ENEMY_KILL","is_daily":false,"chose_seed":false,"campfire_upgraded":0,"win_rate":0.0,"timestamp":1609586291,"path_taken":["M","?","M","?","$","R","$","R","T","E","?","?","E","M","R","BOSS","M","M","$","M","?","M","M","R","T","R","E","?","R","E","R","BOSS","M","?","M","M","M","E","R","R","T","E","?","?","M","$","R","BOSS"],"items_purchased_type":["Card","Card","Relic","Card","Potion","Relic"],"build_version":"2020-12-22","purchased_purges":1,"victory":true,"max_hp_per_floor":[70,70,70,70,70,70,70,70,70,70,70,70,70,70,70,70,70,70,70,70,70,70,70,70,70,70,70,70,70,70,70,70,70,70,70,70,70,70,70,80,80,80,80,80,80,80,80,80,80,80],"relic_stats":{"Gremlin Horn":[19,19],"counters":[24,158],"Astrolabe":["Reflex","Endless Agony","Acrobatics"],"PreservedInsect":186,"War Paint":["Defend_G","Dodge and Roll"],"Orichalcum":[48],"MawBank":12,"Boot":[262],"Blood Vial":10,"Tough Bandages":[252],"Nunchaku":[21],"Shovel":9,"Busted Crown":42,"Mummified Hand":[16],"Pantograph":15,"Gambling Chip":[1],"MealTicket":6,"obtain_stats":[{"Gremlin Horn":25,"Boot":15,"Blood Vial":29,"Tough Bandages":8,"Nunchaku":9,"Shovel":2,"DollysMirror":20,"Mummified Hand":41,"Pantograph":42,"Gambling Chip":46,"MealTicket":13,"WingedGreaves":30,"Red Mask":36,"Ring of the Snake":0,"Pear":40,"NeowsBlessing":0,"Astrolabe":34,"Oddly Smooth Stone":49,"PreservedInsect":27,"Omamori":43,"War Paint":10,"Paper Crane":26,"Orichalcum":28,"MawBank":6,"Bottled Flame":31,"Busted Crown":17,"Orrery":48,"Bag of Marbles":44},{"Gremlin Horn":12,"Boot":6,"Blood Vial":13,"Tough Bandages":2,"Nunchaku":2,"Shovel":1,"DollysMirror":9,"Mummified Hand":20,"Pantograph":20,"Gambling Chip":22,"MealTicket":5,"WingedGreaves":13,"Red Mask":16,"Ring of the Snake":0,"Pear":20,"NeowsBlessing":0,"Astrolabe":15,"Oddly Smooth Stone":23,"PreservedInsect":12,"Omamori":20,"War Paint":3,"Paper Crane":12,"Orichalcum":13,"MawBank":2,"Bottled Flame":14,"Busted Crown":7,"Orrery":23,"Bag of Marbles":21},{"Gremlin Horn":58,"Boot":18,"Blood Vial":64,"Tough Bandages":2,"Nunchaku":2,"Shovel":1,"DollysMirror":36,"Mummified Hand":112,"Pantograph":112,"Gambling Chip":128,"MealTicket":13,"WingedGreaves":64,"Red Mask":83,"Ring of the Snake":0,"Pear":112,"NeowsBlessing":0,"Astrolabe":80,"Oddly Smooth Stone":132,"PreservedInsect":58,"Omamori":112,"War Paint":3,"Paper Crane":58,"Orichalcum":64,"MawBank":2,"Bottled Flame":69,"Busted Crown":28,"Orrery":132,"Bag of Marbles":121}],"Ring of the Snake":[50]},"card_choices":[{"not_picked":["Deflect","Blade Dance"],"picked":"Well Laid Plans","floor":1},{"not_picked":["Sucker Punch","Acrobatics"],"picked":"Bouncing Flask","floor":3},{"not_picked":["Prepared","Deflect"],"picked":"Dagger Spray","floor":10},{"not_picked":["Caltrops","Backflip"],"picked":"Crippling Poison","floor":11},{"not_picked":["Underhanded Strike","Leg Sweep"],"picked":"Footwork","floor":13},{"not_picked":["Escape Plan","Flying Knee","Dagger Spray"],"picked":"SKIP","floor":14},{"not_picked":["Wraith Form v2","Venomology"],"picked":"Adrenaline","floor":16},{"not_picked":["Slice"],"picked":"SKIP","floor":18},{"not_picked":[],"picked":"PiercingWail","floor":19},{"not_picked":["Dagger Spray"],"picked":"SKIP","floor":21},{"not_picked":["Slice"],"picked":"SKIP","floor":23},{"not_picked":["Flying Knee"],"picked":"SKIP","floor":24},{"not_picked":["Sucker Punch"],"picked":"SKIP","floor":28},{"not_picked":["Eviscerate"],"picked":"SKIP","floor":31},{"not_picked":["Endless Agony+1"],"picked":"SKIP","floor":35},{"not_picked":["Blade Dance"],"picked":"SKIP","floor":37},{"not_picked":["Crippling Poison"],"picked":"SKIP","floor":38},{"not_picked":["Prepared+1"],"picked":"SKIP","floor":39},{"not_picked":["Outmaneuver+1"],"picked":"SKIP","floor":40},{"not_picked":["Sucker Punch+1"],"picked":"SKIP","floor":44},{"not_picked":["Escape Plan"],"picked":"SKIP","floor":47},{"not_picked":[],"picked":"Malaise","floor":48},{"not_picked":[],"picked":"PiercingWail+1","floor":48},{"not_picked":[],"picked":"Dagger Spray","floor":48}],"player_experience":13173,"relics_obtained":[{"floor":6,"key":"MawBank"},{"floor":8,"key":"Tough Bandages"},{"floor":9,"key":"Nunchaku"},{"floor":10,"key":"War Paint"},{"floor":13,"key":"MealTicket"},{"floor":15,"key":"Boot"},{"floor":25,"key":"Gremlin Horn"},{"floor":26,"key":"Paper Crane"},{"floor":27,"key":"PreservedInsect"},{"floor":28,"key":"Orichalcum"},{"floor":30,"key":"WingedGreaves"},{"floor":31,"key":"Bottled Flame"},{"floor":40,"key":"Pear"},{"floor":41,"key":"Mummified Hand"},{"floor":42,"key":"Pantograph"},{"floor":43,"key":"Omamori"},{"floor":44,"key":"Bag of Marbles"},{"floor":46,"key":"Gambling Chip"},{"floor":49,"key":"Oddly Smooth Stone"}],"event_choices":[{"damage_healed":0,"gold_gain":0,"player_choice":"Success","damage_taken":33,"relics_obtained":["Shovel"],"max_hp_gain":0,"max_hp_loss":0,"event_name":"Scrap Ooze","floor":2,"gold_loss":0},{"damage_healed":33,"gold_gain":0,"player_choice":"Full Heal","damage_taken":0,"max_hp_gain":0,"max_hp_loss":0,"event_name":"Wheel of Change","floor":4,"gold_loss":0},{"damage_healed":0,"gold_gain":0,"cards_transformed":["Strike_G","Strike_G"],"player_choice":"Became Test Subject","damage_taken":0,"max_hp_gain":0,"max_hp_loss":0,"event_name":"Drug Dealer","floor":22,"gold_loss":0,"cards_obtained":["Outmaneuver","All Out Attack"]},{"damage_healed":0,"gold_gain":0,"player_choice":"Obtained Relic","damage_taken":0,"relics_obtained":["Blood Vial"],"max_hp_gain":0,"max_hp_loss":0,"event_name":"Addict","floor":29,"gold_loss":85},{"damage_healed":0,"gold_gain":0,"player_choice":"Paid","damage_taken":0,"relics_obtained":["Red Mask"],"max_hp_gain":0,"max_hp_loss":0,"event_name":"Tomb of Lord Red Mask","floor":36,"gold_loss":150},{"damage_healed":20,"gold_gain":0,"player_choice":"Writhe","damage_taken":0,"max_hp_gain":0,"max_hp_loss":0,"event_name":"Winding Halls","floor":45,"gold_loss":0,"cards_obtained":["Writhe"]},{"damage_healed":0,"gold_gain":0,"player_choice":"Fight","damage_taken":0,"max_hp_gain":0,"max_hp_loss":0,"event_name":"MindBloom","floor":46,"gold_loss":0}],"is_beta":false,"boss_relics":[{"not_picked":["Calling Bell","Black Star"],"picked":"Busted Crown"},{"not_picked":["Empty Cage","SacredBark"],"picked":"Astrolabe"}],"items_purged_floors":[20],"is_endless":false,"potions_floor_spawned":[1,3,16,21,24,31,33,37,40,46],"ascension_level":1}}