{"host":"vl29iwkwnyytuw8q","time":1609602499,"event":{"mods":["BaseMod","Minty Spire (QoL Compilation)","Permanent Neow","Relic Stats","StSLib"],"gold_per_floor":[115,128,93,18,33,63,63,97,97,97,97,97,97],"floor_reached":12,"playtime":272,"items_purged":["Strike_G"],"score":172,"play_id":"5940123b-0a2e-41ce-80d7-82b0d4e2ca5d","local_time":"20210102164819","is_ascension_mode":true,"campfire_choices":[{"floor":7.0,"key":"REST"},{"floor":11.0,"key":"REST"}],"circlet_count":0,"master_deck":["AscendersBane","Strike_G","Strike_G","Strike_G","Strike_G","Defend_G","Defend_G","Defend_G","Defend_G","Defend_G","Survivor","Neutralize","Poisoned Stab","Crippling Poison","Dagger Spray","Adrenaline"],"relics":["Philosopher\u0027s Stone","Pear","StrikeDummy","Bottled Lightning"],"acts_visited":["Exordium"],"potions_floor_usage":[12],"damage_taken":[{"damage":5.0,"enemies":"Small Slimes","floor":1.0,"turns":7.0},{"damage":11.0,"enemies":"Jaw Worm","floor":2.0,"turns":4.0},{"damage":0.0,"enemies":"2 Louse","floor":5.0,"turns":2.0},{"damage":53.0,"enemies":"Gremlin Nob","floor":6.0,"turns":5.0},{"damage":36.0,"enemies":"Lagavulin","floor":8.0,"turns":8.0},{"damage":25,"enemies":"Gremlin Nob","floor":12,"turns":3}],"seed_played":"4103009994653359056","potions_obtained":[{"floor":8.0,"key":"SkillPotion"}],"is_trial":false,"path_per_floor":["M","M","?","$","M","E","R","E","T","$","R","E"],"character_chosen":"THE_SILENT","items_purchased":[],"campfire_rested":2,"item_purchase_floors":[],"current_hp_per_floor":[54,43,59,59,59,16,38,2,2,2,24,0,0],"gold":97,"neow_bonus":"BOSS_RELIC","is_daily":false,"chose_seed":false,"campfire_upgraded":0,"win_rate":0.0,"timestamp":1609602499,"path_taken":["M","M","?","$","M","E","R","E","T","$","R","E"],"items_purchased_type":[],"build_version":"2020-12-22","purchased_purges":1,"victory":false,"max_hp_per_floor":[66,66,66,66,66,76,76,76,76,76,76,76,76],"relic_stats":{"counters":[6,29],"obtain_stats":[{"Pear":6,"Philosopher\u0027s Stone":0,"Bottled Lightning":9,"StrikeDummy":8,"Ring of the Snake":0},{"Pear":4,"Philosopher\u0027s Stone":0,"Bottled Lightning":5,"StrikeDummy":5,"Ring of the Snake":0},{"Pear":18,"Philosopher\u0027s Stone":0,"Bottled Lightning":26,"StrikeDummy":26,"Ring of the Snake":0}]},"card_choices":[{"not_picked":["Slice","Backflip"],"picked":"Poisoned Stab","floor":1.0},{"not_picked":["Dagger Spray","Calculated Gamble"],"picked":"Crippling Poison","floor":2.0},{"not_picked":["Choke","Prepared","Outmaneuver"],"picked":"SKIP","floor":5.0},{"not_picked":["Flechettes","Quick Slash"],"picked":"Dagger Spray","floor":6.0},{"not_picked":["Prepared","Escape Plan"],"picked":"Adrenaline","floor":8.0}],"player_experience":617098,"relics_obtained":[{"floor":6.0,"key":"Pear"},{"floor":8.0,"key":"StrikeDummy"},{"floor":9.0,"key":"Bottled Lightning"}],"event_choices":[{"damage_healed":16.0,"max_hp_gain":0.0,"max_hp_loss":0.0,"gold_gain":0.0,"event_name":"The Cleric","player_choice":"Healed","floor":3.0,"gold_loss":35.0,"damage_taken":0.0}],"is_beta":false,"boss_relics":[],"items_purged_floors":[4],"is_endless":false,"potions_floor_spawned":[8],"killed_by":"Gremlin Nob","ascension_level":20}}