{"host":"w9yruvs4bqht6bhw","time":1609558931,"event":{"mods":["BaseMod","Colored Powertips","Minty Spire (QoL Compilation)"],"gold_per_floor":[111,111,12,25,75,108,108,143,143,207,218,218,235,285,285,382,382,396,446,496,579,629,629],"floor_reached":22,"playtime":623,"items_purged":["Strike_R"],"score":293,"play_id":"84bbd7fe-2098-4d3f-8358-02e7494e9d5b","local_time":"20210101224211","is_ascension_mode":true,"campfire_choices":[{"data":"Anger","floor":7,"key":"SMITH"},{"data":"Limit Break","floor":12,"key":"SMITH"},{"data":"Anger","floor":15,"key":"SMITH"}],"circlet_count":0,"master_deck":["Strike_R+1","Strike_R+1","Strike_R+1","Defend_R+1","Defend_R+1","Defend_R+1","Bash","Thunderclap","Flex","Anger+1","Uppercut","Limit Break+1","Flex","Heavy Blade","Anger+1","Thunderclap+1","Anger+1","RitualDagger"],"relics":["Burning Blood","NeowsBlessing","SsserpentHead","Prayer Wheel","Bag of Marbles","Singing Bowl","SacredBark","Red Mask"],"acts_visited":["Exordium","TheCity"],"potions_floor_usage":[16,16,22],"damage_taken":[{"damage":0,"enemies":"Small Slimes","floor":1,"turns":1},{"damage":0,"enemies":"Cultist","floor":4,"turns":1},{"damage":0,"enemies":"Gremlin Nob","floor":6,"turns":1},{"damage":30,"enemies":"Lagavulin","floor":8,"turns":4},{"damage":2,"enemies":"2 Louse","floor":10,"turns":3},{"damage":1,"enemies":"Gremlin Gang","floor":11,"turns":3},{"damage":5,"enemies":"Exordium Wildlife","floor":13,"turns":3},{"damage":57,"enemies":"The Guardian","floor":16,"turns":9},{"damage":36,"enemies":"2 Thieves","floor":18,"turns":4},{"damage":24,"enemies":"Masked Bandits","floor":21,"turns":4},{"damage":22,"enemies":"Spheric Guardian","floor":22,"turns":3}],"seed_played":"2590475929525285663","potions_obtained":[{"floor":10,"key":"AttackPotion"},{"floor":13,"key":"Weak Potion"},{"floor":16,"key":"SpeedPotion"},{"floor":21,"key":"ColorlessPotion"}],"is_trial":false,"path_per_floor":["M","?","$","M","?","E","R","E","T","M","M","R","M","?","R","B",null,"M","?","?","?","M"],"character_chosen":"IRONCLAD","items_purchased":["Flex","Anger"],"campfire_rested":0,"item_purchase_floors":[3,3],"current_hp_per_floor":[78,78,78,80,80,80,80,56,56,62,69,69,72,65,65,16,70,40,40,34,18,0,0],"gold":629,"neow_bonus":"THREE_ENEMY_KILL","is_daily":false,"chose_seed":false,"campfire_upgraded":3,"win_rate":0.0,"timestamp":1609558931,"path_taken":["M","?","?","M","?","E","R","E","T","?","M","R","M","?","R","BOSS","M","?","?","?","?"],"items_purchased_type":["Card","Card"],"build_version":"2020-12-22","purchased_purges":1,"victory":false,"max_hp_per_floor":[80,80,80,80,80,80,80,80,80,82,84,84,86,86,86,88,88,88,88,88,90,90,90],"card_choices":[{"not_picked":["True Grit","Feel No Pain"],"picked":"Thunderclap","floor":1},{"not_picked":["Pommel Strike","Thunderclap","Burning Pact"],"picked":"SKIP","floor":4},{"not_picked":["Pummel","Dual Wield"],"picked":"Uppercut","floor":6},{"not_picked":["Sever Soul","Headbutt"],"picked":"Limit Break","floor":8},{"not_picked":["Hemokinesis","Wild Strike"],"picked":"Flex","floor":10},{"not_picked":["Body Slam","Warcry","Pommel Strike"],"picked":"Singing Bowl","floor":10},{"not_picked":["Sever Soul","Uppercut","Seeing Red"],"picked":"Singing Bowl","floor":11},{"not_picked":["Body Slam","Dropkick"],"picked":"Heavy Blade","floor":11},{"not_picked":["Perfected Strike","Twin Strike"],"picked":"Anger","floor":13},{"not_picked":["Rupture","Carnage","True Grit"],"picked":"Singing Bowl","floor":13},{"not_picked":["Immolate","Berserk","Barricade"],"picked":"Singing Bowl","floor":16},{"not_picked":["Heavy Blade","Perfected Strike"],"picked":"Thunderclap+1","floor":18},{"not_picked":["Wild Strike","Pommel Strike"],"picked":"Anger+1","floor":18},{"not_picked":["Metallicize","Havoc+1","Headbutt"],"picked":"Singing Bowl","floor":21}],"player_experience":253392,"relics_obtained":[{"floor":6,"key":"Prayer Wheel"},{"floor":8,"key":"Bag of Marbles"},{"floor":9,"key":"Singing Bowl"},{"floor":21,"key":"Red Mask"}],"event_choices":[{"damage_healed":0,"gold_gain":0,"player_choice":"Trade","damage_taken":0,"relics_obtained":["SsserpentHead"],"max_hp_gain":0,"max_hp_loss":0,"event_name":"FaceTrader","floor":2,"gold_loss":0},{"cards_removed":["Strike_R"],"damage_healed":0,"gold_gain":0,"player_choice":"Offered Basic","damage_taken":0,"max_hp_gain":0,"max_hp_loss":0,"event_name":"Bonfire Elementals","floor":5,"gold_loss":0},{"cards_removed":["Defend_R"],"damage_healed":0,"gold_gain":0,"player_choice":"Card Removal","damage_taken":7,"max_hp_gain":0,"max_hp_loss":0,"event_name":"Golden Wing","floor":14,"gold_loss":0},{"damage_healed":0,"gold_gain":0,"player_choice":"Simplicity","damage_taken":0,"max_hp_gain":0,"max_hp_loss":0,"event_name":"Back to Basics","floor":19,"gold_loss":0,"cards_upgraded":["Strike_R","Strike_R","Strike_R","Defend_R","Defend_R","Defend_R"]},{"damage_healed":0,"gold_gain":0,"player_choice":"Joined the Cult","damage_taken":6,"max_hp_gain":0,"max_hp_loss":0,"event_name":"Nest","floor":20,"gold_loss":0,"cards_obtained":["RitualDagger"]},{"damage_healed":0,"gold_gain":0,"player_choice":"Fought Bandits","damage_taken":0,"max_hp_gain":0,"max_hp_loss":0,"event_name":"Masked Bandits","floor":21,"gold_loss":0}],"is_beta":false,"boss_relics":[{"not_picked":["Fusion Hammer","Runic Cube"],"picked":"SacredBark"}],"items_purged_floors":[3],"is_endless":false,"potions_floor_spawned":[10,13,16,21],"killed_by":"Spheric Guardian","ascension_level":7}}