{"host":"tr12w2fixbnujl15","time":1609598329,"event":{"mods":["2.2 Compatiblity","BaseMod","Better Skull","BetterRewards","Colored Powertips","Hubris","Infinite Spire","Minty Spire (QoL Compilation)","Quick Restart","Replay The Spire","Shop Mod","StSLib","SuperFastMode","The Dragon Tamer","The Necromancer","The Sage","The Senshi","The Spell Scribe","TheFirefly","WarShipGirlsR/????R mod"],"gold_per_floor":[110,184,184,199,199,199,199,218,242,242,258,132,147,159,159,257,257,319,319,333,343,355,355,370,370,370,370,117,127,145,172,172,172,172],"floor_reached":33,"playtime":1237,"items_purged":[],"score":266,"play_id":"00e52ee1-1be3-41ab-940f-dd00a3295204","local_time":"20210102093849","is_ascension_mode":false,"campfire_choices":[{"data":"Apotheosis","floor":6,"key":"SMITH"},{"data":"rmod:luckystar","floor":15,"key":"SMITH"},{"floor":23,"key":"REST"},{"floor":25,"key":"REST"},{"data":"rmod:wife","floor":27,"key":"SMITH"},{"floor":32,"key":"REST"}],"circlet_count":0,"master_deck":["rmod:strick","rmod:strick","rmod:strick","rmod:strick","rmod:defend","rmod:defend+1","rmod:defend","rmod:defend","rmod:basicallowance","rmod:maingunfire","Apotheosis+1","rmod:expedition","rmod:supportescort","rmod:unsinkable","rmod:firesupport","rmod:garrisonisland+1","rmod:fuelsupply","rmod:victimresponsibility","rmod:combined","rmod:victimresponsibility","rmod:advancebysurprise","rmod:goodfighter","Discovery+1","rmod:luckystar+1","rmod:wife+1","rmod:acesubmarine","CurseOfTheBell","rmod:maintain","rmod:mineteam","rmod:diamondstrike+1","rmod:aluminumsupply+1","rmod:aviationdawn+1","Replay:Sssssssssstrike","rmod:combined","rmod:wolves","rmod:wolves","rmod:aluminumsupply","rmod:stealaluminum","rmod:diaomin+1","rmod:generalist"],"relics":["rmod:firstchargereward","Chemical X","Bird Faced Urn","Anchor","Calling Bell","Bronze Scales","hubris:MobiusCoin","Incense Burner","infinitespire:Satchel","FossilizedHelix"],"acts_visited":["Exordium","TheCity"],"potions_floor_usage":[14,18,29,33,33],"damage_taken":[{"damage":5,"enemies":"Jaw Worm","floor":1,"turns":3},{"damage":0,"enemies":"2 Louse","floor":4,"turns":3},{"damage":10,"enemies":"Small Slimes","floor":8,"turns":4},{"damage":11,"enemies":"3 Louse","floor":11,"turns":5},{"damage":0,"enemies":"Exordium Wildlife","floor":13,"turns":3},{"damage":0,"enemies":"Large Slime","floor":14,"turns":2},{"damage":36,"enemies":"Fading Forest","floor":16,"turns":12},{"damage":0,"enemies":"3 Byrds","floor":18,"turns":3},{"damage":9,"enemies":"Spheric Guardian","floor":20,"turns":5},{"damage":10,"enemies":"Centurion and Healer","floor":21,"turns":4},{"damage":24,"enemies":"Snecko","floor":22,"turns":4},{"damage":11,"enemies":"Snake Plant","floor":24,"turns":2},{"damage":16,"enemies":"Chosen and Byrds","floor":29,"turns":5},{"damage":24,"enemies":"Centurion and Healer","floor":30,"turns":3},{"damage":77,"enemies":"hubris:MusketHawk","floor":33,"turns":6}],"seed_played":"8070174764441411947","potions_obtained":[{"floor":11,"key":"SkillPotion"},{"floor":13,"key":"SpeedPotion"},{"floor":16,"key":"ColorlessPotion"},{"floor":18,"key":"Strength Potion"},{"floor":21,"key":"Weak Potion"},{"floor":29,"key":"LiquidBronze"}],"is_trial":false,"path_per_floor":["M","?","?","M","?","R","?","M","T","?","M","$","M","M","R","B",null,"M","?","M","M","M","R","M","R","T","R","$","M","M","?","R","B"],"character_chosen":"PRAEFECT","items_purchased":["Chemical X","Apotheosis","rmod:expedition","rmod:supportescort","rmod:unsinkable","rmod:firesupport","rmod:garrisonisland+1","rmod:goodfighter","Discovery","Replay:Sssssssssstrike","rmod:combined","rmod:wolves","rmod:aluminumsupply"],"campfire_rested":3,"item_purchase_floors":[0,0,0,0,0,0,0,12,12,28,28,28,28],"current_hp_per_floor":[70,70,70,70,75,75,75,65,65,65,56,56,58,58,58,48,80,80,80,71,65,41,65,54,78,78,78,78,64,44,24,48,0,0],"gold":172,"neow_bonus":"","is_daily":false,"chose_seed":false,"campfire_upgraded":3,"win_rate":0.0,"timestamp":1609598329,"path_taken":["M","?","?","M","?","R","?","M","T","?","?","$","M","M","R","BOSS","M","?","M","M","M","R","?","R","T","R","$","M","M","?","R","BOSS"],"items_purchased_type":["Relic","Card","Card","Card","Card","Card","Card","Card","Card","Card","Card","Card","Card"],"build_version":"2020-12-22","purchased_purges":0,"victory":false,"max_hp_per_floor":[75,75,75,75,80,80,80,80,80,80,80,80,80,80,80,80,80,80,80,80,80,80,80,80,80,80,80,80,80,80,80,80,80,80],"card_choices":[{"not_picked":["rmod:supportescort","rmod:punchline"],"picked":"rmod:fuelsupply","floor":1},{"not_picked":["rmod:unsinkable","rmod:guardianhero"],"picked":"rmod:victimresponsibility","floor":4},{"not_picked":["rmod:steelsupply","rmod:unsinkable"],"picked":"rmod:victimresponsibility","floor":8},{"not_picked":["rmod:victimresponsibility","rmod:ammunitionsupply"],"picked":"rmod:advancebysurprise","floor":11},{"not_picked":["rmod:unsinkable","rmod:seals"],"picked":"rmod:luckystar","floor":13},{"not_picked":["rmod:combined","rmod:lonelyqueen"],"picked":"rmod:wife","floor":14},{"not_picked":["rmod:ridicule","rmod:stealaluminum"],"picked":"rmod:acesubmarine","floor":16},{"not_picked":["rmod:fletcherpendant","rmod:diaomin"],"picked":"rmod:maintain","floor":18},{"not_picked":["rmod:intelligenceanalysis","rmod:tearstotiara"],"picked":"rmod:mineteam","floor":20},{"not_picked":["rmod:firesupport+1","rmod:fuelsupply+1"],"picked":"rmod:diamondstrike+1","floor":21},{"not_picked":["rmod:sl","rmod:tearstotiara"],"picked":"rmod:aluminumsupply+1","floor":22},{"not_picked":["rmod:luckystar","rmod:goodfighter"],"picked":"rmod:aviationdawn+1","floor":24},{"not_picked":["rmod:combined","rmod:launchingtorpedo"],"picked":"rmod:stealaluminum","floor":29},{"not_picked":["rmod:fletcherpendant","rmod:capitalist+1"],"picked":"rmod:diaomin+1","floor":30},{"not_picked":["rmod:firesupport+1","rmod:circuitoustactics"],"picked":"rmod:generalist","floor":31}],"player_experience":19728,"relics_obtained":[{"floor":9,"key":"Anchor"},{"floor":17,"key":"Bronze Scales"},{"floor":17,"key":"hubris:MobiusCoin"},{"floor":17,"key":"Incense Burner"},{"floor":26,"key":"infinitespire:Satchel"},{"floor":31,"key":"FossilizedHelix"}],"event_choices":[{"damage_healed":0,"gold_gain":74,"player_choice":"Gained Gold","damage_taken":0,"max_hp_gain":0,"max_hp_loss":0,"event_name":"Golden Wing","floor":2,"gold_loss":0},{"damage_healed":0,"gold_gain":0,"player_choice":"Leave","damage_taken":0,"max_hp_gain":0,"max_hp_loss":0,"event_name":"The Cleric","floor":3,"gold_loss":0},{"damage_healed":0,"gold_gain":0,"player_choice":"Donut","damage_taken":0,"max_hp_gain":5,"max_hp_loss":0,"event_name":"Big Fish","floor":5,"gold_loss":0},{"damage_healed":0,"gold_gain":0,"player_choice":"Upgraded","damage_taken":0,"max_hp_gain":0,"max_hp_loss":0,"event_name":"Upgrade Shrine","floor":19,"gold_loss":0,"cards_upgraded":["Discovery"]}],"is_beta":false,"boss_relics":[{"not_picked":["hubris:Stopwatch","Coffee Dripper"],"picked":"Calling Bell"}],"items_purged_floors":[],"is_endless":false,"potions_floor_spawned":[11,13,16,18,21,29],"killed_by":"hubris:MusketHawk","ascension_level":0}}