{"host":"bizh8s6kqxoug1aw","time":1609607206,"event":{"mods":["AchievementEnabler","BaseMod","Better Vampires","Colored Powertips","Downfall","Minty Spire (QoL Compilation)","Replay The Spire","StSLib"],"gold_per_floor":[110,26,26,26,37,62,62,88,112,112,112,127,18,18,18,120,120,140,157,157,157,157,157,157,173,173,173,173,173,201,56,56,154,154,169,169,69,89,138,165,180,180,204,204,239,239,266,278,278,278],"floor_reached":51,"playtime":4218,"items_purged":["Defend_R","Defend_R"],"score":580,"play_id":"272b5ce2-4671-4d1f-93c0-233174bd90d9","local_time":"20210103010646","is_ascension_mode":false,"campfire_choices":[{"floor":7.0,"key":"REST"},{"floor":15.0,"key":"REST"},{"data":"RitualDagger","floor":23.0,"key":"SMITH"},{"floor":29.0,"key":"REST"},{"floor":32.0,"key":"REST"},{"floor":44,"key":"REST"},{"data":"Strike_R","floor":46,"key":"PURGE"},{"floor":49,"key":"DIG"}],"circlet_count":0,"master_deck":["Strike_R","Strike_R","Defend_R","Defend_R","Impervious+1","expansioncontent:DonusPower","Survivor","Neutralize","Pot Of Greed","Pot Of Greed+1","Iron Wave","Replay:Undeath\u0027s Touch","Whirlwind","Flex+1","Brutality","Reckless Charge","Replay:Undeath\u0027s Touch+1","RitualDagger+1","Replay:Many Hands","Normality","Bloodletting","Pot Of Greed","Brutality","Spot Weakness+1","Anger+1","ReplayTheSpireMod:LeadingStrike+1","Dual Wield+1","Fire Breathing+1","Twin Strike","Bloodletting","Heavy Blade+1"],"relics":["Black Blood","PreservedInsect","Grinning Jar","Replay:Rubber Ducky","War Paint","Darkstone Periapt","GremlinMask","ReplayTheSpireMod:Shallot","Honey Jar","Shuriken","Ring of Misfortune","ReplayTheSpireMod:Ring of Exchange","Blood Vial","Brimstone","Peace Pipe","Letter Opener","Dream Catcher","Anchor","Replay:Wax Seal","Paper Frog","Toy Ornithopter"],"acts_visited":["Exordium","TheCity","TheBeyond"],"potions_floor_usage":[47,50,50],"damage_taken":[{"damage":9.0,"enemies":"Small Slimes","floor":1.0,"turns":3.0},{"damage":10.0,"enemies":"Cultist","floor":5.0,"turns":4.0},{"damage":39.0,"enemies":"Lagavulin","floor":6.0,"turns":11.0},{"damage":30.0,"enemies":"Gremlin Nob","floor":8.0,"turns":5.0},{"damage":1.0,"enemies":"Jaw Worm","floor":12.0,"turns":5.0},{"damage":64.0,"enemies":"Fading Forest","floor":16.0,"turns":11.0},{"damage":16.0,"enemies":"3 Byrds","floor":18.0,"turns":5.0},{"damage":21.0,"enemies":"2 Thieves","floor":19.0,"turns":4.0},{"damage":24.0,"enemies":"Centurion and Healer","floor":25.0,"turns":7.0},{"damage":6.0,"enemies":"Gremlin Leader","floor":30.0,"turns":5.0},{"damage":51.0,"enemies":"Champ","floor":33.0,"turns":6.0},{"damage":3,"enemies":"Orb Walker","floor":35,"turns":2},{"damage":19,"enemies":"3 Shapes","floor":38,"turns":3},{"damage":32,"enemies":"2 Orb Walkers","floor":39,"turns":3},{"damage":29,"enemies":"Nemesis","floor":40,"turns":3},{"damage":17,"enemies":"3 Darklings","floor":41,"turns":3},{"damage":4,"enemies":"Giant Head","floor":45,"turns":4},{"damage":20,"enemies":"Reptomancer","floor":47,"turns":4},{"damage":9,"enemies":"Transient","floor":48,"turns":5},{"damage":23,"enemies":"Replay:Hell Engine","floor":50,"turns":4}],"seed_played":"-1033800510239041202","potions_obtained":[{"floor":8.0,"key":"DuplicationPotion"},{"floor":12.0,"key":"Fire Potion"},{"floor":18.0,"key":"champ:CounterPotion"},{"floor":19.0,"key":"BlessingOfTheForge"},{"floor":35,"key":"Fire Potion"},{"floor":38,"key":"Energy Potion"},{"floor":39,"key":"Elixir"}],"is_trial":false,"path_per_floor":["M","$","?","?","M","E","R","E","T","T","?","M","$","?","R","B",null,"M","M","?","$","?","R","?","M","T","?","?","R","E","$","R","B",null,"M","?","$","M","?","E","M","T","T","R","E","R","E","M","R","B",null],"character_chosen":"IRONCLAD","items_purchased":["expansioncontent:DonusPower","Flex+1","Brimstone"],"campfire_rested":5,"item_purchase_floors":[2,13,31],"current_hp_per_floor":[77,77,77,77,73,40,64,40,40,40,40,45,45,27,51,17,80,70,55,55,55,49,49,49,31,31,31,37,62,62,62,86,41,86,86,86,86,79,61,46,43,43,43,68,78,78,72,77,77,78],"gold":278,"neow_bonus":"ONE_RANDOM_RARE_CARD","is_daily":false,"chose_seed":false,"campfire_upgraded":1,"win_rate":0.0,"timestamp":1609607206,"path_taken":["M","$","?","?","?","E","R","E","T","?","?","?","$","?","R","BOSS","M","M","?","$","?","R","?","?","T","?","?","R","E","$","R","BOSS","M","?","$","?","?","E","M","?","T","R","E","R","E","M","R","BOSS"],"items_purchased_type":["Card","Card","Relic"],"build_version":"2020-12-22","purchased_purges":2,"victory":true,"max_hp_per_floor":[80,80,80,80,80,80,80,80,80,80,80,80,80,80,80,80,80,80,80,80,80,80,80,80,80,80,80,86,86,86,86,86,86,86,86,86,86,86,86,86,86,86,86,86,86,86,86,86,86,86],"card_choices":[{"not_picked":["Body Slam","ReplayTheSpireMod:Corrosion Curse"],"picked":"Heavy Blade","floor":1.0},{"not_picked":["Thunderclap","True Grit","Perfected Strike"],"picked":"SKIP","floor":5.0},{"not_picked":["Intimidate","Thunderclap"],"picked":"Iron Wave","floor":6.0},{"not_picked":["Twin Strike","Dropkick"],"picked":"Replay:Undeath\u0027s Touch","floor":8.0},{"not_picked":["Sword Boomerang","Armaments"],"picked":"Whirlwind","floor":12.0},{"not_picked":["Demonic Infusion","Impervious"],"picked":"Brutality","floor":16.0},{"not_picked":["True Grit","Armaments","Shrug It Off"],"picked":"Reckless Charge","floor":18.0},{"not_picked":["Entrench","Burning Pact","Shrug It Off"],"picked":"Replay:Undeath\u0027s Touch+1","floor":19.0},{"not_picked":["Rupture","Entrench","Sword Boomerang"],"picked":"Replay:Many Hands","floor":25.0},{"not_picked":["Juggernaut","Iron Wave","Limit Break"],"picked":"Bloodletting","floor":30.0},{"not_picked":["Eclipse","Double Tap","Bludgeon"],"picked":"Brutality","floor":33.0},{"not_picked":["Sword Boomerang","ReplayTheSpireMod:Strike From Hell+1","Pommel Strike+1"],"picked":"Spot Weakness+1","floor":35},{"not_picked":["Armaments","Whirlwind","Cleave"],"picked":"Anger+1","floor":38},{"not_picked":["Pommel Strike","Whirlwind","ReplayTheSpireMod:Strike From Hell+1"],"picked":"ReplayTheSpireMod:LeadingStrike+1","floor":39},{"not_picked":["Sword Boomerang+1","Fiend Fire","Body Slam"],"picked":"Dual Wield+1","floor":40},{"not_picked":["Pommel Strike","Body Slam+1","Anger"],"picked":"Fire Breathing+1","floor":41},{"not_picked":["Body Slam","Fire Breathing","Shrug It Off"],"picked":"Twin Strike","floor":44},{"not_picked":["Sword Boomerang+1","True Grit","Shrug It Off"],"picked":"Bloodletting","floor":45},{"not_picked":["Impervious","Body Slam","Headbutt+1"],"picked":"Heavy Blade+1","floor":47},{"not_picked":["Twin Strike+1","Second Wind+1","Burning Pact","Clash"],"picked":"SKIP","floor":48}],"player_experience":28926,"relics_obtained":[{"floor":6.0,"key":"Grinning Jar"},{"floor":8.0,"key":"Replay:Rubber Ducky"},{"floor":9.0,"key":"War Paint"},{"floor":10.0,"key":"Darkstone Periapt"},{"floor":26.0,"key":"Shuriken"},{"floor":28.0,"key":"Ring of Misfortune"},{"floor":28.0,"key":"ReplayTheSpireMod:Ring of Exchange"},{"floor":30.0,"key":"Blood Vial"},{"floor":39,"key":"Peace Pipe"},{"floor":40,"key":"Letter Opener"},{"floor":42,"key":"Dream Catcher"},{"floor":43,"key":"Anchor"},{"floor":45,"key":"Replay:Wax Seal"},{"floor":47,"key":"Paper Frog"},{"floor":49,"key":"Toy Ornithopter"}],"event_choices":[{"cards_removed":["Heavy Blade"],"damage_healed":0.0,"max_hp_gain":0.0,"max_hp_loss":0.0,"gold_gain":0.0,"event_name":"WeMeetAgain","player_choice":"Gave Card","floor":4.0,"gold_loss":0.0,"damage_taken":0.0,"relics_obtained":["PreservedInsect"]},{"damage_healed":0.0,"max_hp_gain":0.0,"max_hp_loss":0.0,"gold_gain":0.0,"event_name":"FaceTrader","player_choice":"Trade","floor":11.0,"gold_loss":0.0,"damage_taken":0.0,"relics_obtained":["GremlinMask"]},{"damage_healed":0.0,"max_hp_gain":0.0,"max_hp_loss":0.0,"gold_gain":0.0,"event_name":"Scrap Ooze","player_choice":"Success","floor":14.0,"gold_loss":0.0,"damage_taken":18.0,"relics_obtained":["ReplayTheSpireMod:Shallot"]},{"damage_healed":0.0,"max_hp_gain":0.0,"max_hp_loss":0.0,"gold_gain":0.0,"event_name":"Nest","player_choice":"Joined the Cult","floor":22.0,"gold_loss":0.0,"damage_taken":6.0,"cards_obtained":["RitualDagger"]},{"cards_removed":["Strike_R"],"damage_healed":0.0,"max_hp_gain":0.0,"max_hp_loss":0.0,"gold_gain":0.0,"event_name":"Bonfire Elementals","player_choice":"Offered Basic","floor":24.0,"gold_loss":0.0,"damage_taken":0.0},{"cards_removed":["Strike_R"],"damage_healed":0.0,"max_hp_gain":0.0,"max_hp_loss":0.0,"gold_gain":0.0,"event_name":"Back to Basics","player_choice":"Elegance","floor":27.0,"gold_loss":0.0,"damage_taken":0.0},{"damage_healed":0,"gold_gain":0,"player_choice":"Bought 0 Potions","damage_taken":0,"max_hp_gain":0,"max_hp_loss":0,"event_name":"The Woman in Blue","floor":36,"gold_loss":0},{"damage_healed":0,"gold_gain":0,"player_choice":"Fight","damage_taken":0,"max_hp_gain":0,"max_hp_loss":0,"event_name":"Mysterious Sphere","floor":39,"gold_loss":0}],"is_beta":false,"boss_relics":[{"not_picked":["Busted Crown","Runic Dome"],"picked":"Honey Jar"},{"not_picked":["TheAbacus","Empty Cage"],"picked":"Black Blood"}],"items_purged_floors":[13,37],"is_endless":false,"potions_floor_spawned":[8,12,18,19,35,38,39],"ascension_level":0}}