{"host":"88sw61cmk1203zgj","time":1609558547,"event":{"mods":["BaseMod","Minty Spire (QoL Compilation)"],"gold_per_floor":[116,128,128,128,145,145,180,180,180,196,4,36,36,51,51,151,151,163,177,194,208,133,133,163,163,163,195,208,220,39,39,39,136,136,151,201,221,11,21,52,52,85,108,126,155,171,171,171],"floor_reached":47,"playtime":3865,"items_purged":["Strike_R","Strike_R"],"score":879,"play_id":"bec75df3-360d-4a52-a33f-7d6cff88fb9b","local_time":"20210101223547","is_ascension_mode":true,"campfire_choices":[{"data":"Carnage","floor":6.0,"key":"SMITH"},{"data":"Fire Breathing","floor":8.0,"key":"SMITH"},{"data":"Evolve","floor":13.0,"key":"SMITH"},{"data":"Power Through","floor":15.0,"key":"SMITH"},{"data":"Warcry","floor":23.0,"key":"SMITH"},{"data":"Shrug It Off","floor":25.0,"key":"SMITH"},{"data":"Power Through","floor":32.0,"key":"SMITH"}],"circlet_count":0,"master_deck":["AscendersBane","Defend_R+1","Defend_R","Defend_R","Bash","Fire Breathing+1","Carnage+1","Combust","Power Through+1","Warcry+1","Shrug It Off+1","Evolve+1","Power Through+1","Shrug It Off","Warcry+1","Warcry+1","Purity","Feel No Pain","Entrench+1","Burning Pact+1","True Grit+1","Dark Embrace","Barricade","Injury"],"relics":["Burning Blood","Orichalcum","Champion Belt","The Courier","War Paint","Empty Cage","MealTicket","Ornamental Fan","Cursed Key","Turnip","Bottled Tornado","Kunai","Regal Pillow","Blood Vial","Lantern"],"acts_visited":["Exordium","TheCity","TheBeyond"],"potions_floor_usage":[],"damage_taken":[{"damage":6.0,"enemies":"Jaw Worm","floor":1.0,"turns":5.0},{"damage":8.0,"enemies":"2 Louse","floor":2.0,"turns":4.0},{"damage":0.0,"enemies":"Cultist","floor":5.0,"turns":3.0},{"damage":13.0,"enemies":"Gremlin Nob","floor":7.0,"turns":3.0},{"damage":2.0,"enemies":"Blue Slaver","floor":10.0,"turns":3.0},{"damage":6.0,"enemies":"Lagavulin","floor":12.0,"turns":7.0},{"damage":10.0,"enemies":"Lots of Slimes","floor":14.0,"turns":5.0},{"damage":29.0,"enemies":"Slime Boss","floor":16.0,"turns":6.0},{"damage":9.0,"enemies":"2 Thieves","floor":18.0,"turns":4.0},{"damage":11.0,"enemies":"Shell Parasite","floor":19.0,"turns":5.0},{"damage":3.0,"enemies":"Cultist and Chosen","floor":20.0,"turns":5.0},{"damage":0.0,"enemies":"Chosen and Byrds","floor":21.0,"turns":5.0},{"damage":19.0,"enemies":"Slavers","floor":24.0,"turns":3.0},{"damage":13.0,"enemies":"Book of Stabbing","floor":27.0,"turns":7.0},{"damage":5.0,"enemies":"Centurion and Healer","floor":28.0,"turns":5.0},{"damage":1.0,"enemies":"Snake Plant","floor":29.0,"turns":4.0},{"damage":9.0,"enemies":"Collector","floor":33.0,"turns":9.0},{"damage":0.0,"enemies":"Orb Walker","floor":35.0,"turns":5.0},{"damage":0.0,"enemies":"Mind Bloom Boss Battle","floor":36.0,"turns":12.0},{"damage":9.0,"enemies":"3 Shapes","floor":37.0,"turns":4.0},{"damage":28,"enemies":"Jaw Worm Horde","floor":39,"turns":5},{"damage":3,"enemies":"Nemesis","floor":40,"turns":9},{"damage":1,"enemies":"Reptomancer","floor":42,"turns":6},{"damage":0,"enemies":"Maw","floor":44,"turns":12},{"damage":7,"enemies":"Giant Head","floor":45,"turns":20},{"damage":1,"enemies":"4 Shapes","floor":46,"turns":2},{"damage":94,"enemies":"Reptomancer","floor":47,"turns":3}],"seed_played":"-7159392922810876663","potions_obtained":[{"floor":1.0,"key":"BlessingOfTheForge"},{"floor":2.0,"key":"BlessingOfTheForge"},{"floor":7.0,"key":"Fire Potion"},{"floor":14.0,"key":"ElixirPotion"},{"floor":16.0,"key":"BlessingOfTheForge"},{"floor":24.0,"key":"SkillPotion"},{"floor":44,"key":"Fire Potion"}],"is_trial":false,"path_per_floor":["M","M","?","?","M","R","E","R","T","M","$","E","R","M","R","B",null,"M","M","M","M","?","R","E","R","T","E","M","M","$","?","R","B",null,"M","?","M","$","M","E","?","E","T","M","E","M","E"],"character_chosen":"IRONCLAD","items_purchased":["Warcry","Shrug It Off","Evolve","Purity","Feel No Pain","Bottled Tornado"],"campfire_rested":0,"item_purchase_floors":[11,11,11,30,30,38],"current_hp_per_floor":[72,70,63,68,74,74,67,67,67,71,71,71,71,67,67,44,75,72,67,70,76,76,76,63,63,63,56,57,62,77,77,77,74,82,85,85,82,85,63,66,66,71,71,79,80,85,0,0],"gold":171,"neow_bonus":"RANDOM_COMMON_RELIC","is_daily":false,"chose_seed":false,"campfire_upgraded":7,"win_rate":0.0,"timestamp":1609558547,"path_taken":["M","M","?","?","M","R","E","R","T","M","$","E","R","M","R","BOSS","M","M","M","M","?","R","E","R","T","E","M","M","$","?","R","BOSS","M","?","M","$","M","E","?","E","T","M","E","?","E"],"items_purchased_type":["Card","Card","Card","Card","Card","Relic"],"build_version":"2020-12-22","purchased_purges":2,"victory":false,"max_hp_per_floor":[80,80,80,85,85,85,85,85,85,85,85,85,85,85,85,85,85,85,85,85,85,85,85,85,85,85,85,85,85,85,85,85,85,85,85,85,85,85,85,85,85,85,85,85,85,85,85,85],"card_choices":[{"not_picked":["Wild Strike","Infernal Blade"],"picked":"Fire Breathing","floor":1.0},{"not_picked":["Flex","Dual Wield"],"picked":"Carnage","floor":2.0},{"not_picked":["Havoc","Perfected Strike"],"picked":"Combust","floor":5.0},{"not_picked":["Inflame","Warcry"],"picked":"Power Through","floor":7.0},{"not_picked":["Seeing Red","Bloodletting","Infernal Blade"],"picked":"SKIP","floor":10.0},{"not_picked":["Blood for Blood","Metallicize"],"picked":"Power Through","floor":12.0},{"not_picked":["Feed","Combust"],"picked":"Shrug It Off","floor":14.0},{"not_picked":["Dual Wield","Thunderclap"],"picked":"Warcry","floor":18.0},{"not_picked":["Anger","Reckless Charge","Blood for Blood"],"picked":"SKIP","floor":19.0},{"not_picked":["Dropkick+1","Rage","Flex"],"picked":"SKIP","floor":20.0},{"not_picked":["Clash","Wild Strike","Twin Strike"],"picked":"SKIP","floor":21.0},{"not_picked":["Reckless Charge","Sentinel"],"picked":"Warcry+1","floor":24.0},{"not_picked":["Reckless Charge","Double Tap","Rage"],"picked":"SKIP","floor":27.0},{"not_picked":["Warcry","Flex","Iron Wave"],"picked":"SKIP","floor":28.0},{"not_picked":["Clothesline","Cleave+1","Infernal Blade+1"],"picked":"SKIP","floor":29.0},{"not_picked":["Disarm","Warcry+1"],"picked":"Entrench+1","floor":35.0},{"not_picked":["Reckless Charge+1","Sentinel"],"picked":"Burning Pact+1","floor":37.0},{"not_picked":["Pummel","Heavy Blade+1","Havoc+1"],"picked":"SKIP","floor":39},{"not_picked":["Immolate","Rampage+1"],"picked":"True Grit+1","floor":40},{"not_picked":["Twin Strike+1","Rupture"],"picked":"Barricade","floor":42},{"not_picked":["Sword Boomerang+1","Headbutt","Havoc"],"picked":"SKIP","floor":44},{"not_picked":["Shrug It Off","Warcry","Flex"],"picked":"SKIP","floor":45},{"not_picked":["Havoc+1","Heavy Blade+1","Clothesline"],"picked":"SKIP","floor":46}],"player_experience":1443590,"relics_obtained":[{"floor":7.0,"key":"Champion Belt"},{"floor":9.0,"key":"The Courier"},{"floor":12.0,"key":"War Paint"},{"floor":24.0,"key":"MealTicket"},{"floor":27.0,"key":"Ornamental Fan"},{"floor":36.0,"key":"Turnip"},{"floor":40,"key":"Kunai"},{"floor":42,"key":"Regal Pillow"},{"floor":43,"key":"Blood Vial"},{"floor":45,"key":"Lantern"}],"event_choices":[{"cards_removed":["Defend_R"],"damage_healed":0.0,"max_hp_gain":0.0,"max_hp_loss":0.0,"gold_gain":0.0,"event_name":"Golden Wing","player_choice":"Card Removal","floor":3.0,"gold_loss":0.0,"damage_taken":7.0},{"damage_healed":0.0,"max_hp_gain":5.0,"max_hp_loss":0.0,"gold_gain":0.0,"event_name":"Big Fish","player_choice":"Donut","floor":4.0,"gold_loss":0.0,"damage_taken":0.0},{"cards_removed":["Strike_R"],"damage_healed":0.0,"max_hp_gain":0.0,"max_hp_loss":0.0,"gold_gain":0.0,"event_name":"Beggar","player_choice":"Gave Gold","floor":22.0,"gold_loss":75.0,"damage_taken":0.0},{"damage_healed":0.0,"max_hp_gain":0.0,"max_hp_loss":0.0,"gold_gain":0.0,"event_name":"NoteForYourself","player_choice":"Ignored","floor":31.0,"gold_loss":0.0,"damage_taken":0.0},{"damage_healed":0.0,"max_hp_gain":0.0,"max_hp_loss":0.0,"gold_gain":0.0,"event_name":"MindBloom","player_choice":"Fight","floor":36.0,"gold_loss":0.0,"damage_taken":0.0},{"damage_healed":0,"gold_gain":0,"player_choice":"1 cards matched","damage_taken":0,"max_hp_gain":0,"max_hp_loss":0,"event_name":"Match and Keep!","floor":41,"gold_loss":0,"cards_obtained":["Dark Embrace"]}],"is_beta":false,"boss_relics":[{"not_picked":["Astrolabe","Black Blood"],"picked":"Empty Cage"},{"not_picked":["Coffee Dripper","SacredBark"],"picked":"Cursed Key"}],"items_purged_floors":[11,30],"is_endless":false,"potions_floor_spawned":[1,2,7,14,16,24,27,28,29,33,35,36,44],"killed_by":"Reptomancer","ascension_level":11}}