{"host":"f400onr2g6b8rzrw","time":1609558321,"event":{"mods":["AchievementEnabler","BaseMod","Better Altar","Better Match","Better Note","Better Sensory Stone","Better Skull","Better Third Choice","Block Reminder","Colored Powertips","Minty Spire (QoL Compilation)","Relic Stats","Spicy Shops","StSLib"],"gold_per_floor":[119,194,194,204,204,233,233,251,251,284,303,323,273,289,289,393,393,412,429,339,359,369,369,403,403,403,403,47,66,95,295,295,397,397,411,411,425,425,445,445,445],"floor_reached":40,"playtime":4334,"items_purged":["Writhe","Decay"],"score":557,"play_id":"bf5b9d1d-157d-44ac-af1c-abc1ff80cc90","local_time":"20210102140201","is_ascension_mode":true,"campfire_choices":[{"data":"Infernal Blade","floor":7.0,"key":"SMITH"},{"data":"Uppercut","floor":15.0,"key":"SMITH"},{"floor":23.0,"key":"REST"},{"floor":27,"key":"RECALL"},{"floor":32,"key":"REST"}],"circlet_count":0,"master_deck":["Strike_R","Strike_R","Strike_R+1","Strike_R","Strike_R","Bash","Infernal Blade+1","Clash","PanicButton","Anger","Seeing Red","Clothesline","Entrench","Carnage","Pommel Strike","Heavy Blade","Infernal Blade","Uppercut+1","Shrug It Off","Demon Form","Pommel Strike+1","Armaments+1","Perfected Strike+1","Pommel Strike","Dual Wield+1","Disarm+1","Rampage+1","Flame Barrier","Cleave+1","Flame Barrier+1","Intimidate","Body Slam","Sword Boomerang","Flex+1","Infernal Blade+1"],"relics":["Burning Blood","NeowsBlessing","Prayer Wheel","Smiling Mask","Cursed Key","StoneCalendar","FossilizedHelix","Self Forming Clay","StrikeDummy","InkBottle","SlaversCollar"],"acts_visited":["Exordium","TheCity","TheBeyond"],"potions_floor_usage":[24,29,30,30,33,40],"damage_taken":[{"damage":0.0,"enemies":"Jaw Worm","floor":1.0,"turns":1.0},{"damage":0.0,"enemies":"2 Louse","floor":4.0,"turns":1.0},{"damage":0.0,"enemies":"3 Sentries","floor":6.0,"turns":2.0},{"damage":1.0,"enemies":"Cultist","floor":8.0,"turns":3.0},{"damage":10.0,"enemies":"Lagavulin","floor":10.0,"turns":5.0},{"damage":0.0,"enemies":"2 Fungi Beasts","floor":11.0,"turns":2.0},{"damage":15.0,"enemies":"3 Louse","floor":12.0,"turns":3.0},{"damage":13.0,"enemies":"Gremlin Gang","floor":14.0,"turns":4.0},{"damage":13.0,"enemies":"Slime Boss","floor":16.0,"turns":7.0},{"damage":19.0,"enemies":"Spheric Guardian","floor":18.0,"turns":4.0},{"damage":25.0,"enemies":"2 Thieves","floor":19.0,"turns":3.0},{"damage":8.0,"enemies":"Chosen and Byrds","floor":21.0,"turns":4.0},{"damage":21.0,"enemies":"Snake Plant","floor":22.0,"turns":3.0},{"damage":40,"enemies":"Slavers","floor":24,"turns":6},{"damage":7,"enemies":"Shelled Parasite and Fungi","floor":29,"turns":3},{"damage":14,"enemies":"Book of Stabbing","floor":30,"turns":5},{"damage":41,"enemies":"Automaton","floor":33,"turns":10},{"damage":0,"enemies":"Orb Walker","floor":35,"turns":3},{"damage":57,"enemies":"3 Shapes","floor":37,"turns":4},{"damage":16,"enemies":"Transient","floor":39,"turns":5},{"damage":28,"enemies":"Nemesis","floor":40,"turns":4}],"seed_played":"2702658754670780378","potions_obtained":[{"floor":1.0,"key":"BloodPotion"},{"floor":10.0,"key":"CultistPotion"},{"floor":14.0,"key":"ElixirPotion"},{"floor":19.0,"key":"CultistPotion"},{"floor":22.0,"key":"AttackPotion"},{"floor":29,"key":"EssenceOfSteel"},{"floor":30,"key":"SpeedPotion"},{"floor":37,"key":"Strength Potion"}],"is_trial":false,"path_per_floor":["M","?","?","M","?","E","R","M","T","E","M","M","?","M","R","B",null,"M","M","?","M","M","R","E","T","T","R","$","M","E","?","R","B",null,"M","?","M","?","M","E"],"character_chosen":"IRONCLAD","items_purchased":["StrikeDummy"],"campfire_rested":2,"item_purchase_floors":[28],"current_hp_per_floor":[80,69,69,75,75,80,80,80,80,76,80,71,71,64,64,57,80,67,48,48,46,31,55,21,21,21,21,21,36,28,28,52,17,80,80,80,29,29,19,0,0],"gold":445,"neow_bonus":"THREE_ENEMY_KILL","is_daily":false,"chose_seed":false,"campfire_upgraded":2,"win_rate":0.0,"timestamp":1609558321,"path_taken":["M","?","?","?","?","E","R","M","T","E","M","?","?","M","R","BOSS","M","M","?","?","M","R","E","?","T","R","?","M","E","?","R","BOSS","M","?","?","?","M","E"],"items_purchased_type":["Relic"],"build_version":"2020-12-22","purchased_purges":2,"victory":false,"max_hp_per_floor":[80,80,80,80,80,80,80,80,80,80,80,80,80,80,80,80,80,80,80,80,80,80,80,80,80,80,80,80,80,80,80,80,80,80,80,80,80,80,80,80,80],"relic_stats":{"counters":[21,82],"Self Forming Clay":[60],"Prayer Wheel":13,"StoneCalendar":[52],"Smiling Mask":75,"Cursed Key":2,"obtain_stats":[{"SlaversCollar":34,"NeowsBlessing":0,"Self Forming Clay":26,"Prayer Wheel":6,"StoneCalendar":24,"Smiling Mask":10,"Cursed Key":17,"StrikeDummy":28,"Burning Blood":0,"FossilizedHelix":25,"InkBottle":30},{"SlaversCollar":17,"NeowsBlessing":0,"Self Forming Clay":14,"Prayer Wheel":3,"StoneCalendar":14,"Smiling Mask":5,"Cursed Key":9,"StrikeDummy":14,"Burning Blood":0,"FossilizedHelix":14,"InkBottle":16},{"SlaversCollar":66,"NeowsBlessing":0,"Self Forming Clay":48,"Prayer Wheel":4,"StoneCalendar":48,"Smiling Mask":12,"Cursed Key":28,"StrikeDummy":48,"Burning Blood":0,"FossilizedHelix":48,"InkBottle":56}],"Burning Blood":100,"InkBottle":[10]},"card_choices":[{"not_picked":["Reckless Charge","Headbutt"],"picked":"Infernal Blade","floor":1.0},{"not_picked":["Whirlwind","True Grit"],"picked":"Clash","floor":4.0},{"not_picked":["Impatience","Deep Breath"],"picked":"PanicButton","floor":5.0},{"not_picked":["Wild Strike","Headbutt"],"picked":"Anger","floor":6.0},{"not_picked":["Twin Strike","Bloodletting"],"picked":"Seeing Red","floor":8.0},{"not_picked":["True Grit","Iron Wave"],"picked":"Clothesline","floor":8.0},{"not_picked":["Anger","Immolate"],"picked":"Entrench","floor":10.0},{"not_picked":["Flex","Body Slam"],"picked":"Carnage","floor":11.0},{"not_picked":["Seeing Red","Iron Wave"],"picked":"Pommel Strike","floor":11.0},{"not_picked":["Corruption","True Grit"],"picked":"Heavy Blade","floor":12.0},{"not_picked":["Thunderclap","Anger"],"picked":"Infernal Blade","floor":12.0},{"not_picked":["Perfected Strike","Battle Trance"],"picked":"Uppercut","floor":14.0},{"not_picked":["Perfected Strike","Body Slam"],"picked":"Shrug It Off","floor":14.0},{"not_picked":["Feed","Fiend Fire"],"picked":"Demon Form","floor":16.0},{"not_picked":["Dual Wield","Burning Pact"],"picked":"Pommel Strike+1","floor":18.0},{"not_picked":["Havoc","Flame Barrier+1"],"picked":"Armaments+1","floor":18.0},{"not_picked":["Second Wind","Sword Boomerang"],"picked":"Perfected Strike+1","floor":19.0},{"not_picked":["Heavy Blade","Feel No Pain"],"picked":"Pommel Strike","floor":19.0},{"not_picked":["Sword Boomerang","Shockwave"],"picked":"Dual Wield+1","floor":21.0},{"not_picked":["Clash+1","Entrench+1"],"picked":"Disarm+1","floor":21.0},{"not_picked":["Thunderclap","Body Slam+1"],"picked":"Rampage+1","floor":22.0},{"not_picked":["Dual Wield","Wild Strike"],"picked":"Flame Barrier","floor":22.0},{"not_picked":["Sever Soul","Twin Strike"],"picked":"Cleave+1","floor":24},{"not_picked":["Rampage","Cleave"],"picked":"Flame Barrier+1","floor":29},{"not_picked":["Disarm","Dark Embrace"],"picked":"Intimidate","floor":29},{"not_picked":["Whirlwind","Dual Wield"],"picked":"Body Slam","floor":30},{"not_picked":["Disarm","Thunderclap","True Grit"],"picked":"SKIP","floor":35},{"not_picked":["Disarm+1","Body Slam","Clash+1"],"picked":"SKIP","floor":35},{"not_picked":["True Grit","Twin Strike"],"picked":"Flex+1","floor":37},{"not_picked":["Heavy Blade","Anger"],"picked":"Infernal Blade+1","floor":37},{"not_picked":["Rupture","Body Slam+1","Rampage+1"],"picked":"SKIP","floor":39},{"not_picked":["Burning Pact","Brutality","Combust+1"],"picked":"SKIP","floor":39}],"player_experience":471994,"relics_obtained":[{"floor":6.0,"key":"Prayer Wheel"},{"floor":10.0,"key":"Smiling Mask"},{"floor":24,"key":"StoneCalendar"},{"floor":25,"key":"FossilizedHelix"},{"floor":26,"key":"Self Forming Clay"},{"floor":30,"key":"InkBottle"}],"event_choices":[{"damage_healed":0.0,"max_hp_gain":0.0,"max_hp_loss":0.0,"gold_gain":75.0,"event_name":"betterThird:BetterGoop","player_choice":"Gold","floor":2.0,"gold_loss":0.0,"damage_taken":11.0},{"cards_removed":["Defend_R"],"damage_healed":0.0,"max_hp_gain":0.0,"max_hp_loss":0.0,"gold_gain":0.0,"event_name":"Purifier","player_choice":"Purged","floor":3.0,"gold_loss":0.0,"damage_taken":0.0},{"damage_healed":0.0,"max_hp_gain":0.0,"max_hp_loss":0.0,"gold_gain":1.0,"event_name":"betterStone:BetterStone","player_choice":"1","floor":5.0,"gold_loss":0.0,"damage_taken":0.0},{"cards_removed":["Defend_R"],"damage_healed":0.0,"max_hp_gain":0.0,"max_hp_loss":0.0,"gold_gain":0.0,"event_name":"The Cleric","player_choice":"Card Removal","floor":13.0,"gold_loss":50.0,"damage_taken":0.0},{"cards_removed":["Defend_R"],"damage_healed":0.0,"max_hp_gain":0.0,"max_hp_loss":0.0,"gold_gain":0.0,"event_name":"Designer","player_choice":"Upgrade and Remove","floor":20.0,"gold_loss":90.0,"damage_taken":0.0,"cards_upgraded":["Strike_R"]},{"damage_healed":0,"gold_gain":250,"player_choice":"Bet on Owner","damage_taken":0,"max_hp_gain":0,"max_hp_loss":0,"event_name":"The Joust","floor":31,"gold_loss":50},{"damage_healed":0,"gold_gain":0,"cards_transformed":["Defend_R"],"player_choice":"Transformed","damage_taken":0,"max_hp_gain":0,"max_hp_loss":0,"event_name":"Transmorgrifier","floor":36,"gold_loss":0,"cards_obtained":["Sword Boomerang"]},{"damage_healed":0,"gold_gain":0,"player_choice":"Ignored","damage_taken":0,"max_hp_gain":0,"max_hp_loss":0,"event_name":"The Moai Head","floor":38,"gold_loss":0}],"is_beta":false,"boss_relics":[{"not_picked":["Runic Cube","Runic Pyramid"],"picked":"Cursed Key"},{"not_picked":["SacredBark","Pandora\u0027s Box"],"picked":"SlaversCollar"}],"items_purged_floors":[28,28],"is_endless":false,"potions_floor_spawned":[1,10,14,16,19,22,29,30,37],"killed_by":"Nemesis","ascension_level":3}}