{"host":"Jonboy","time":1609609672,"event":{"mods":["AchievementEnabler","BaseMod","Block Reminder","Colored Powertips","Minty Spire (QoL Compilation)","Relic Stats"],"gold_per_floor":[109,128,138,13,23,23,58,58,58,58,58,74,104,124,124,199,199,210,225,239,146,162,162,187,70,119,119,44,62,91,110,110,182,182,198,209,221,240,240,240,267,287,287,587,587,615,615,633,633,633,633],"floor_reached":50,"playtime":2282,"items_purged":["Defend_P"],"score":1199,"play_id":"71ef520f-6640-453f-bb1d-5d88aaeafc05","local_time":"20210102174752","is_ascension_mode":true,"campfire_choices":[{"data":"Consecrate","floor":6.0,"key":"SMITH"},{"floor":8.0,"key":"REST"},{"data":"Wallop","floor":11.0,"key":"SMITH"},{"floor":15.0,"key":"REST"},{"data":"Conclude","floor":23.0,"key":"SMITH"},{"data":"SandsOfTime","floor":27.0,"key":"SMITH"},{"floor":32.0,"key":"REST"},{"data":"WaveOfTheHand","floor":40,"key":"SMITH"},{"floor":45,"key":"REST"},{"floor":47,"key":"REST"},{"data":"MentalFortress","floor":49,"key":"SMITH"}],"circlet_count":0,"master_deck":["AscendersBane","Strike_P","Defend_P","Defend_P","Eruption","Vigilance","PathToVictory","LikeWater","FollowUp","Wallop+1","CutThroughFate","Consecrate+1","EmptyFist","Protect","Protect","Tantrum","Blasphemy","Wireheading","CutThroughFate+1","Conclude+1","WheelKick","WaveOfTheHand+1","SandsOfTime+1","ClearTheMind","Meditate+1","MentalFortress+1","Vault","MentalFortress+1","Crescendo+1","Protect+1","Wireheading+1"],"relics":["Empty Cage","Akabeko","Sundial","Lizard Tail","Runic Pyramid","Pen Nib","Juzu Bracelet","Centennial Puzzle","Potion Belt","Sozu","Bottled Tornado","Bag of Marbles","Bronze Scales"],"acts_visited":["Exordium","TheCity","TheBeyond"],"potions_floor_usage":[],"damage_taken":[{"damage":5.0,"enemies":"Cultist","floor":1.0,"turns":4.0},{"damage":2.0,"enemies":"Small Slimes","floor":2.0,"turns":5.0},{"damage":2.0,"enemies":"2 Louse","floor":3.0,"turns":4.0},{"damage":4.0,"enemies":"Exordium Thugs","floor":5.0,"turns":4.0},{"damage":30.0,"enemies":"Lagavulin","floor":7.0,"turns":9.0},{"damage":0.0,"enemies":"3 Louse","floor":12.0,"turns":2.0},{"damage":24.0,"enemies":"Gremlin Nob","floor":13.0,"turns":4.0},{"damage":0.0,"enemies":"2 Fungi Beasts","floor":14.0,"turns":2.0},{"damage":0.0,"enemies":"Slime Boss","floor":16.0,"turns":3.0},{"damage":0.0,"enemies":"Chosen","floor":18.0,"turns":3.0},{"damage":3.0,"enemies":"3 Byrds","floor":19.0,"turns":5.0},{"damage":6.0,"enemies":"Centurion and Healer","floor":20.0,"turns":5.0},{"damage":0.0,"enemies":"3 Cultists","floor":22.0,"turns":2.0},{"damage":100036.0,"enemies":"Book of Stabbing","floor":24.0,"turns":5.0},{"damage":2.0,"enemies":"Cultist and Chosen","floor":29.0,"turns":4.0},{"damage":18.0,"enemies":"Gremlin Leader","floor":30.0,"turns":5.0},{"damage":1.0,"enemies":"Snecko","floor":31.0,"turns":3.0},{"damage":31.0,"enemies":"Champ","floor":33.0,"turns":7.0},{"damage":1,"enemies":"3 Shapes","floor":35,"turns":2},{"damage":4,"enemies":"3 Darklings","floor":36,"turns":3},{"damage":20,"enemies":"Maw","floor":37,"turns":8},{"damage":7,"enemies":"Sphere and 2 Shapes","floor":38,"turns":1},{"damage":21,"enemies":"Reptomancer","floor":41,"turns":5},{"damage":11,"enemies":"Writhing Mass","floor":42,"turns":4},{"damage":6,"enemies":"Nemesis","floor":46,"turns":8},{"damage":0,"enemies":"Spire Growth","floor":48,"turns":5},{"damage":67,"enemies":"Awakened One","floor":50,"turns":9}],"seed_played":"-1767540528901072268","potions_obtained":[{"floor":1.0,"key":"EntropicBrew"},{"floor":5.0,"key":"SkillPotion"},{"floor":12.0,"key":"Block Potion"},{"floor":14.0,"key":"FearPotion"},{"floor":20.0,"key":"DistilledChaos"},{"floor":24.0,"key":"ColorlessPotion"},{"floor":29.0,"key":"CultistPotion"},{"floor":31.0,"key":"Ambrosia"}],"is_trial":false,"path_per_floor":["M","M","M","$","M","R","E","R","T","?","R","M","E","M","R","B",null,"M","M","M","?","M","R","E","$","T","R","?","M","E","M","R","B",null,"M","M","M","M","?","R","E","M","T","?","R","E","R","M","R","B"],"character_chosen":"WATCHER","items_purchased":["Wallop","CutThroughFate","SandsOfTime"],"campfire_rested":5,"item_purchase_floors":[4,4,25],"current_hp_per_floor":[56,54,52,52,48,48,18,38,38,38,38,38,14,14,34,34,60,60,57,51,51,51,51,34,34,34,34,34,32,14,13,33,2,52,51,47,27,20,56,56,35,24,24,24,40,34,50,50,50,0,0],"gold":633,"neow_bonus":"BOSS_RELIC","is_daily":false,"chose_seed":false,"campfire_upgraded":6,"win_rate":0.0,"timestamp":1609609672,"path_taken":["M","?","?","?","M","R","E","R","T","?","R","M","E","M","R","BOSS","M","?","M","?","M","R","E","?","T","R","?","M","E","M","R","BOSS","M","M","M","M","?","R","E","M","T","?","R","E","R","M","R","BOSS"],"items_purchased_type":["Card","Card","Card"],"build_version":"2020-12-18","purchased_purges":1,"victory":false,"max_hp_per_floor":[68,68,68,68,68,68,68,68,68,68,68,68,68,68,68,68,68,68,68,68,68,68,68,68,68,68,68,68,68,68,68,68,68,68,68,68,68,68,56,56,56,56,56,56,56,56,56,56,56,56,56],"relic_stats":{"Sozu":3,"Lizard Tail":34,"Centennial Puzzle":[31],"counters":[27,121],"Sundial":[4],"Bronze Scales":[54],"Pen Nib":[13],"Juzu Bracelet":1,"obtain_stats":[{"Potion Belt":30,"Pen Nib":21,"Juzu Bracelet":24,"Bottled Tornado":41,"Empty Cage":0,"Akabeko":7,"Sozu":34,"Lizard Tail":13,"Centennial Puzzle":26,"Sundial":9,"Bronze Scales":46,"Bag of Marbles":43,"PureWater":0,"Runic Pyramid":17},{"Potion Belt":16,"Pen Nib":12,"Juzu Bracelet":14,"Bottled Tornado":23,"Empty Cage":0,"Akabeko":5,"Sozu":18,"Lizard Tail":7,"Centennial Puzzle":14,"Sundial":5,"Bronze Scales":25,"Bag of Marbles":24,"PureWater":0,"Runic Pyramid":9},{"Potion Belt":66,"Pen Nib":50,"Juzu Bracelet":57,"Bottled Tornado":95,"Empty Cage":0,"Akabeko":26,"Sozu":76,"Lizard Tail":32,"Centennial Puzzle":57,"Sundial":26,"Bronze Scales":107,"Bag of Marbles":99,"PureWater":0,"Runic Pyramid":37}]},"card_choices":[{"not_picked":["EmptyMind","WaveOfTheHand"],"picked":"PathToVictory","floor":1.0},{"not_picked":["Prostrate","Collect"],"picked":"LikeWater","floor":2.0},{"not_picked":["Crescendo","ClearTheMind"],"picked":"FollowUp","floor":3.0},{"not_picked":["FlyingSleeves","Vault"],"picked":"Consecrate","floor":5.0},{"not_picked":["EmptyBody","Swivel"],"picked":"EmptyFist","floor":7.0},{"not_picked":["BowlingBash","Crescendo"],"picked":"Protect","floor":12.0},{"not_picked":["Weave","Halt"],"picked":"Protect","floor":13.0},{"not_picked":["ThirdEye","Indignation"],"picked":"Tantrum","floor":14.0},{"not_picked":["DeusExMachina","ConjureBlade"],"picked":"Blasphemy","floor":16.0},{"not_picked":["EmptyFist","LikeWater"],"picked":"Wireheading","floor":18.0},{"not_picked":["Consecrate","Indignation"],"picked":"CutThroughFate+1","floor":19.0},{"not_picked":["Tantrum","Nirvana"],"picked":"Conclude","floor":20.0},{"not_picked":["EmptyFist","CutThroughFate"],"picked":"WheelKick","floor":22.0},{"not_picked":["Tantrum","Pray"],"picked":"WaveOfTheHand","floor":24.0},{"not_picked":["Tantrum","Worship"],"picked":"ClearTheMind","floor":29.0},{"not_picked":["Consecrate+1","Protect+1"],"picked":"Meditate+1","floor":30.0},{"not_picked":["InnerPeace","CrushJoints"],"picked":"MentalFortress","floor":31.0},{"not_picked":["Judgement","Establishment"],"picked":"Vault","floor":33.0},{"not_picked":["Halt","EmptyFist"],"picked":"MentalFortress+1","floor":35},{"not_picked":["SashWhip","FlyingSleeves"],"picked":"Crescendo+1","floor":36},{"not_picked":["CrushJoints","Evaluate"],"picked":"Protect+1","floor":37},{"not_picked":["Pray","Vengeance","Brilliance"],"picked":"SKIP","floor":38},{"not_picked":["DeceiveReality","Sanctity","Scrawl"],"picked":"SKIP","floor":41},{"not_picked":["ThirdEye+1","ClearTheMind+1"],"picked":"Wireheading+1","floor":42},{"not_picked":["Tantrum+1","Sanctity","SashWhip"],"picked":"SKIP","floor":46},{"not_picked":["FlyingSleeves","Prostrate+1","PathToVictory"],"picked":"SKIP","floor":48}],"player_experience":417580,"relics_obtained":[{"floor":7.0,"key":"Akabeko"},{"floor":9.0,"key":"Sundial"},{"floor":13.0,"key":"Lizard Tail"},{"floor":24.0,"key":"Juzu Bracelet"},{"floor":26.0,"key":"Centennial Puzzle"},{"floor":30.0,"key":"Potion Belt"},{"floor":41,"key":"Bottled Tornado"},{"floor":43,"key":"Bag of Marbles"},{"floor":46,"key":"Bronze Scales"}],"event_choices":[{"cards_removed":["Defend_P"],"damage_healed":0.0,"max_hp_gain":0.0,"max_hp_loss":0.0,"gold_gain":0.0,"event_name":"Bonfire Elementals","player_choice":"Offered Basic","floor":10.0,"gold_loss":0.0,"damage_taken":0.0},{"damage_healed":0.0,"max_hp_gain":0.0,"max_hp_loss":0.0,"gold_gain":0.0,"event_name":"WeMeetAgain","player_choice":"Paid Gold","floor":21.0,"gold_loss":93.0,"damage_taken":0.0,"relics_obtained":["Pen Nib"]},{"cards_removed":["Strike_P"],"damage_healed":0.0,"max_hp_gain":0.0,"max_hp_loss":0.0,"gold_gain":0.0,"event_name":"Beggar","player_choice":"Gave Gold","floor":28.0,"gold_loss":75.0,"damage_taken":0.0},{"damage_healed":56,"gold_gain":0,"player_choice":"Heal","damage_taken":0,"max_hp_gain":0,"max_hp_loss":12,"event_name":"The Moai Head","floor":39,"gold_loss":0},{"damage_healed":0,"gold_gain":300,"player_choice":"Gold","damage_taken":0,"max_hp_gain":0,"max_hp_loss":0,"event_name":"Wheel of Change","floor":44,"gold_loss":0}],"is_beta":true,"boss_relics":[{"not_picked":["VioletLotus","SlaversCollar"],"picked":"Runic Pyramid"},{"not_picked":["Busted Crown","Tiny House"],"picked":"Sozu"}],"items_purged_floors":[25],"is_endless":false,"potions_floor_spawned":[1,5,12,14,20,24,29,31,35,36,41],"killed_by":"Awakened One","ascension_level":18}}