{"host":"nc2y572cy63kp82t","time":1609597458,"event":{"mods":["Arknights The Spire","BaseMod","Dota2Spire","Friendly Minions","Minty Spire (QoL Compilation)","Prisma Mod","StSLib","The Marked","Yakumo Yukari mod"],"gold_per_floor":[109,109,120,137,137,137,175,196,196,0,0,16,16,91,91,217,217,238,62,82,82,97,97,109,0,0,0,18,32,32,32],"floor_reached":30,"playtime":1476,"items_purged":[],"score":232,"play_id":"798b706f-13cb-4e6b-ae83-0184208d9ba9","local_time":"20210102222418","is_ascension_mode":false,"campfire_choices":[{"data":"ats:Ignite","floor":6.0,"key":"SMITH"},{"data":"Apotheosis","floor":13.0,"key":"SMITH"},{"floor":15.0,"key":"REST"},{"floor":23,"key":"REST"},{"floor":27,"key":"REST"}],"circlet_count":0,"master_deck":["ats:Strike C","ats:Strike G","ats:Strike S","ats:Strike V","ats:Armor Crushing Shot","ats:Defend","ats:Defend","ats:Defend","ats:Defend","ats:Emotion Absorption","ats:Ignite+1","Bash","ats:Part Time Job","ats:Hammer On","Injury","ats:Healing Drone","ats:Explosion Area Strengthen","Apotheosis+1","ats:Shell Defense","ats:Dogmatic Field","ats:Closed Bolt Burst Fire","ats:Powerful Strike","ats:Revitalization","ats:Apocalypse","ats:Healing Strengthening","ats:Poison Spread","ats:Revitalization","ats:Automatic Cover","ats:Encircling Forest+1"],"relics":["ats:Sanity","NeowsBlessing","Bloody Idol","ats:Originium","Blue Candle","InkBottle","Philosopher\u0027s Stone","Dream Catcher","Art of War"],"acts_visited":["Exordium","TheCity"],"potions_floor_usage":[22,30],"damage_taken":[{"damage":0.0,"enemies":"Small Slimes","floor":1.0,"turns":1.0},{"damage":0.0,"enemies":"Cultist","floor":3.0,"turns":1.0},{"damage":0.0,"enemies":"2 Louse","floor":4.0,"turns":2.0},{"damage":55.0,"enemies":"Gremlin Nob","floor":7.0,"turns":6.0},{"damage":14.0,"enemies":"Blue Slaver","floor":8.0,"turns":3.0},{"damage":3.0,"enemies":"Large Slime","floor":12.0,"turns":5.0},{"damage":40.0,"enemies":"Slime Boss","floor":16.0,"turns":11.0},{"damage":33.0,"enemies":"Shell Parasite","floor":18.0,"turns":3.0},{"damage":29.0,"enemies":"2 Thieves","floor":20.0,"turns":4.0},{"damage":19,"enemies":"Cultist and Chosen","floor":22,"turns":4},{"damage":24,"enemies":"Snecko","floor":24,"turns":5},{"damage":102,"enemies":"Chosen and Byrds","floor":28,"turns":10},{"damage":80,"enemies":"Centurion and Healer","floor":29,"turns":8},{"damage":44,"enemies":"Snake Plant","floor":30,"turns":4}],"seed_played":"3132951422019193735","potions_obtained":[{"floor":3.0,"key":"DuplicationPotion"},{"floor":7.0,"key":"DuplicationPotion"},{"floor":8.0,"key":"PowerPotion"},{"floor":18.0,"key":"Block Potion"},{"floor":20.0,"key":"Strength Potion"},{"floor":29,"key":"ats:Emergency Sanity Potion"}],"is_trial":false,"path_per_floor":["M","?","M","M","?","R","E","M","T","$","?","M","R","?","R","B",null,"M","$","M","?","M","R","M","?","T","R","M","M","M"],"character_chosen":"DOCTOR_CLASS","items_purchased":["Apotheosis","Dream Catcher","ats:Powerful Strike"],"campfire_rested":3,"item_purchase_floors":[10,19,19],"current_hp_per_floor":[72,72,72,72,72,72,20,12,12,12,36,45,45,34,55,45,72,41,41,24,24,18,39,47,47,47,68,47,24,0,0],"gold":32,"neow_bonus":"THREE_ENEMY_KILL","is_daily":false,"chose_seed":false,"campfire_upgraded":2,"win_rate":0.0,"timestamp":1609597458,"path_taken":["M","?","?","?","?","R","E","M","T","$","?","M","R","?","R","BOSS","M","$","M","?","M","R","M","?","T","R","M","?","M"],"items_purchased_type":["Card","Relic","Card"],"build_version":"2020-12-22","purchased_purges":0,"victory":false,"max_hp_per_floor":[72,72,72,72,72,72,72,72,72,72,72,72,72,72,72,72,72,72,72,72,72,72,72,72,72,72,72,72,72,72,72],"card_choices":[{"not_picked":["ats:Consecutive Shot Auto","ats:Leaping Hammer"],"picked":"ats:Ignite","floor":1.0},{"not_picked":["ats:Poison Spread","ats:Curse Doll"],"picked":"ats:Part Time Job","floor":3.0},{"not_picked":["ats:Leaping Hammer","ats:LN2 Cannon"],"picked":"ats:Hammer On","floor":4.0},{"not_picked":["ats:Revitalization","ats:Chain Hook"],"picked":"ats:Healing Drone","floor":7.0},{"not_picked":["ats:Revitalization","ats:Blood Oath"],"picked":"ats:Explosion Area Strengthen","floor":8.0},{"not_picked":["ats:Leaping Hammer","ats:Ambush"],"picked":"ats:Shell Defense","floor":12.0},{"not_picked":["ats:Soul Rend","ats:Volcano"],"picked":"ats:Dogmatic Field","floor":16.0},{"not_picked":["ats:Shell Defense","ats:Flexible Camouflage"],"picked":"ats:Closed Bolt Burst Fire","floor":18.0},{"not_picked":["ats:Childhood Dance","ats:Ignite+1"],"picked":"ats:Revitalization","floor":20.0},{"not_picked":["ats:Defend Order+1","ats:Assault Order"],"picked":"ats:Apocalypse","floor":22},{"not_picked":["ats:Spore Proliferation","ats:Shadow Raid"],"picked":"ats:Healing Strengthening","floor":23},{"not_picked":["ats:Powerful Strike","ats:Hammer On"],"picked":"ats:Poison Spread","floor":24},{"not_picked":["ats:Flexible Camouflage","ats:Explosion Area Strengthen+1"],"picked":"ats:Revitalization","floor":27},{"not_picked":["ats:Red Shift","ats:Shell Defense"],"picked":"ats:Automatic Cover","floor":28},{"not_picked":["ats:Flexible Camouflage+1","ats:Wolf Pack"],"picked":"ats:Encircling Forest+1","floor":29}],"player_experience":240145,"relics_obtained":[{"floor":7.0,"key":"ats:Originium"},{"floor":7.0,"key":"Blue Candle"},{"floor":9.0,"key":"InkBottle"},{"floor":26,"key":"Art of War"}],"event_choices":[{"damage_healed":0.0,"max_hp_gain":0.0,"max_hp_loss":0.0,"gold_gain":0.0,"event_name":"Match and Keep!","player_choice":"1 cards matched","floor":2.0,"gold_loss":0.0,"damage_taken":0.0,"cards_obtained":["Bash"]},{"damage_healed":0.0,"max_hp_gain":0.0,"max_hp_loss":0.0,"gold_gain":0.0,"event_name":"Golden Idol","player_choice":"Take Wound","floor":5.0,"gold_loss":0.0,"damage_taken":0.0,"relics_obtained":["Golden Idol"],"cards_obtained":["Injury"]},{"damage_healed":24.0,"max_hp_gain":0.0,"max_hp_loss":0.0,"gold_gain":0.0,"event_name":"Big Fish","player_choice":"Banana","floor":11.0,"gold_loss":0.0,"damage_taken":0.0},{"damage_healed":0.0,"max_hp_gain":0.0,"max_hp_loss":0.0,"gold_gain":75.0,"event_name":"World of Goop","player_choice":"Gather Gold","floor":14.0,"gold_loss":0.0,"damage_taken":11.0},{"damage_healed":0.0,"max_hp_gain":0.0,"max_hp_loss":0.0,"gold_gain":0.0,"event_name":"Forgotten Altar","player_choice":"Gave Idol","floor":21.0,"relics_lost":["Golden Idol"],"gold_loss":0.0,"damage_taken":0.0,"relics_obtained":["Bloody Idol"]},{"damage_healed":0,"gold_gain":0,"player_choice":"Paid Fearfully","damage_taken":0,"max_hp_gain":0,"max_hp_loss":0,"event_name":"Masked Bandits","floor":25,"gold_loss":109}],"is_beta":false,"boss_relics":[{"not_picked":["ats:Omniscience","Black Star"],"picked":"Philosopher\u0027s Stone"}],"items_purged_floors":[],"is_endless":false,"potions_floor_spawned":[3,7,8,18,20,29],"killed_by":"Snake Plant","ascension_level":0}}