{"host":"4axoa1rfjgnprp9l","time":1609601304,"event":{"mods":["2.2 Compatiblity","AchievementEnabler","BaseMod","Colored Map","DeckTracker","Highlight Path","Minty Spire (QoL Compilation)","Permanent Neow","StSLib","SuperFastMode"],"gold_per_floor":[116,135,135,149,159,159,187,187,187,198,211,211,15,47,47,119,119,135,135,60,76,91,91,91],"floor_reached":23,"playtime":692,"items_purged":["Defend_R"],"score":406,"play_id":"5c9c3d25-5690-4c96-9f37-b30453857390","local_time":"20210103002824","is_ascension_mode":true,"campfire_choices":[{"data":"Perfected Strike","floor":6.0,"key":"SMITH"},{"data":"Cleave","floor":8.0,"key":"SMITH"},{"data":"Twin Strike","floor":12.0,"key":"SMITH"},{"floor":15.0,"key":"REST"}],"circlet_count":0,"master_deck":["AscendersBane","Strike_R","Strike_R","Strike_R","Strike_R","Strike_R","Defend_R+1","Defend_R+1","Defend_R","Bash","Perfected Strike+1","Cleave+1","Twin Strike+1","Ghostly Armor","Evolve","Shrug It Off","Inflame","Twin Strike","Ghostly Armor","Burning Pact+1"],"relics":["Burning Blood","Champion Belt","Regal Pillow","Charon\u0027s Ashes","Bottled Lightning","Potion Belt","War Paint","Philosopher\u0027s Stone"],"acts_visited":["Exordium","TheCity"],"potions_floor_usage":[22,22,23],"damage_taken":[{"damage":4.0,"enemies":"Small Slimes","floor":1.0,"turns":3.0},{"damage":0.0,"enemies":"Cultist","floor":2.0,"turns":2.0},{"damage":4.0,"enemies":"Jaw Worm","floor":4.0,"turns":4.0},{"damage":33.0,"enemies":"Large Slime","floor":5.0,"turns":9.0},{"damage":6.0,"enemies":"Lagavulin","floor":7.0,"turns":4.0},{"damage":0.0,"enemies":"2 Fungi Beasts","floor":10.0,"turns":3.0},{"damage":9.0,"enemies":"Exordium Wildlife","floor":11.0,"turns":4.0},{"damage":32.0,"enemies":"Gremlin Nob","floor":14.0,"turns":4.0},{"damage":31.0,"enemies":"Slime Boss","floor":16.0,"turns":7.0},{"damage":9,"enemies":"Chosen","floor":18,"turns":3},{"damage":12,"enemies":"Spheric Guardian","floor":21,"turns":3},{"damage":9,"enemies":"Centurion and Healer","floor":22,"turns":4},{"damage":68,"enemies":"Book of Stabbing","floor":23,"turns":5}],"seed_played":"-2965182488738531501","potions_obtained":[{"floor":2.0,"key":"DistilledChaos"},{"floor":4.0,"key":"EssenceOfSteel"},{"floor":10.0,"key":"ElixirPotion"},{"floor":11.0,"key":"Ancient Potion"},{"floor":16.0,"key":"ElixirPotion"},{"floor":19,"key":"FairyPotion"},{"floor":19,"key":"Energy Potion"},{"floor":21,"key":"Fire Potion"}],"is_trial":false,"path_per_floor":["M","M","?","M","M","R","E","R","T","M","M","R","$","E","R","B",null,"M","?","$","M","M","E"],"character_chosen":"IRONCLAD","items_purchased":["Shrug It Off","Potion Belt"],"campfire_rested":1,"item_purchase_floors":[13,13],"current_hp_per_floor":[68,68,63,65,38,38,38,38,38,44,41,41,41,15,50,25,57,54,54,54,48,45,0,0],"gold":91,"neow_bonus":"ONE_RARE_RELIC","is_daily":false,"chose_seed":false,"campfire_upgraded":3,"win_rate":0.0,"timestamp":1609601304,"path_taken":["M","M","?","M","M","R","E","R","T","M","M","R","$","E","R","BOSS","M","?","$","?","M","E"],"items_purchased_type":["Card","Relic"],"build_version":"2020-12-22","purchased_purges":1,"victory":false,"max_hp_per_floor":[68,68,68,68,68,68,68,68,68,68,68,68,68,68,68,68,68,68,68,68,68,68,68,68],"card_choices":[{"not_picked":["True Grit","Sentinel"],"picked":"Perfected Strike","floor":1.0},{"not_picked":["Body Slam","Flex","Dropkick"],"picked":"SKIP","floor":2.0},{"not_picked":["Rampage","Iron Wave"],"picked":"Cleave","floor":4.0},{"not_picked":["Body Slam","Heavy Blade"],"picked":"Twin Strike","floor":5.0},{"not_picked":["Havoc","Rage"],"picked":"Ghostly Armor","floor":7.0},{"not_picked":["Infernal Blade","Anger","Dropkick"],"picked":"SKIP","floor":10.0},{"not_picked":["Anger","Pommel Strike"],"picked":"Evolve","floor":11.0},{"not_picked":["Iron Wave","Carnage"],"picked":"Inflame","floor":14.0},{"not_picked":["Dropkick","Warcry"],"picked":"Twin Strike","floor":18},{"not_picked":["Entrench+1","Armaments"],"picked":"Ghostly Armor","floor":21},{"not_picked":["Warcry","Body Slam"],"picked":"Burning Pact+1","floor":22}],"player_experience":769193,"relics_obtained":[{"floor":7.0,"key":"Charon\u0027s Ashes"},{"floor":9.0,"key":"Bottled Lightning"},{"floor":14.0,"key":"War Paint"}],"event_choices":[{"damage_healed":0.0,"max_hp_gain":0.0,"max_hp_loss":0.0,"gold_gain":0.0,"event_name":"Scrap Ooze","player_choice":"Success","floor":3.0,"gold_loss":0.0,"damage_taken":5.0,"relics_obtained":["Regal Pillow"]},{"damage_healed":0,"gold_gain":0,"player_choice":"Got Potions","damage_taken":0,"max_hp_gain":0,"max_hp_loss":0,"event_name":"Lab","floor":19,"gold_loss":0}],"is_beta":false,"boss_relics":[{"not_picked":["Calling Bell","Runic Pyramid"],"picked":"Philosopher\u0027s Stone"}],"items_purged_floors":[20],"is_endless":false,"potions_floor_spawned":[2,4,10,11,16,21],"killed_by":"Book of Stabbing","ascension_level":20}}