{"host":"sc0o2qwpf9j16a4i","time":1609603072,"event":{"mods":["AchievementEnabler","BaseMod","BetterRewards","Block Reminder","Colored Map","Colored Powertips","Custom Start","Highlight Path","Minty Spire (QoL Compilation)","Relic Stats"],"gold_per_floor":[117,132,150,164,164,196,196,230,230,230,241,255,286,19,19,90,90,104,104,118,42,55,55,55,55,101,201,227,227,241,33,33,112,112,130,90,0,11,30,30,61,61,86,105,134,145,17,51,51,51,51],"floor_reached":50,"playtime":3119,"items_purged":["Strike_R","Strike_R"],"score":1190,"play_id":"72ac6a97-af27-47c5-8c66-f59ec5fc1ea8","local_time":"20210102175752","is_ascension_mode":true,"campfire_choices":[{"floor":7,"key":"REST"},{"floor":15,"key":"REST"},{"floor":23,"key":"REST"},{"floor":25,"key":"REST"},{"data":"Spot Weakness","floor":32,"key":"SMITH"},{"floor":40,"key":"RECALL"},{"data":"Impervious","floor":49,"key":"SMITH"}],"circlet_count":0,"master_deck":["AscendersBane","Defend_R","Defend_R","Defend_R","Defend_R","Bash","Iron Wave+1","Shrug It Off","Carnage","Twin Strike+1","Shockwave","Reaper","Feed","Dual Wield","Clothesline","Spot Weakness+1","Disarm","Cleave","Pommel Strike","Shrug It Off","Exhume","Reaper","Whirlwind","Feel No Pain+1","Feel No Pain+1","Impervious+1","Shrug It Off"],"relics":["Velvet Choker","Art of War","Dream Catcher","Bronze Scales","Singing Bowl","Frozen Egg 2","Snecko Eye","Nunchaku","Smiling Mask","Torii","Self Forming Clay","Potion Belt","Coffee Dripper","Bottled Lightning","Darkstone Periapt","InkBottle"],"acts_visited":["Exordium","TheCity","TheBeyond"],"potions_floor_usage":[4,13,16,16,27,28,28,44,45,48,48],"damage_taken":[{"damage":0,"enemies":"Small Slimes","floor":1,"turns":3},{"damage":2,"enemies":"Jaw Worm","floor":2,"turns":4},{"damage":0,"enemies":"Cultist","floor":3,"turns":4},{"damage":1,"enemies":"Lots of Slimes","floor":4,"turns":5},{"damage":25,"enemies":"Gremlin Nob","floor":6,"turns":4},{"damage":5,"enemies":"3 Sentries","floor":8,"turns":8},{"damage":8,"enemies":"Large Slime","floor":11,"turns":6},{"damage":0,"enemies":"Looter","floor":12,"turns":3},{"damage":21,"enemies":"Gremlin Nob","floor":13,"turns":4},{"damage":24,"enemies":"The Guardian","floor":16,"turns":10},{"damage":19,"enemies":"Spheric Guardian","floor":18,"turns":5},{"damage":15,"enemies":"Shell Parasite","floor":20,"turns":4},{"damage":18,"enemies":"Chosen and Byrds","floor":22,"turns":5},{"damage":8,"enemies":"Colosseum Slavers","floor":27,"turns":4},{"damage":24,"enemies":"Colosseum Nobs","floor":27,"turns":6},{"damage":21,"enemies":"Book of Stabbing","floor":28,"turns":6},{"damage":3,"enemies":"3 Cultists","floor":30,"turns":5},{"damage":79,"enemies":"Automaton","floor":33,"turns":11},{"damage":36,"enemies":"3 Shapes","floor":35,"turns":15},{"damage":9,"enemies":"Orb Walker","floor":38,"turns":4},{"damage":10,"enemies":"Jaw Worm Horde","floor":39,"turns":3},{"damage":113,"enemies":"Giant Head","floor":41,"turns":10},{"damage":11,"enemies":"Maw","floor":44,"turns":9},{"damage":16,"enemies":"Reptomancer","floor":45,"turns":6},{"damage":28,"enemies":"Writhing Mass","floor":46,"turns":10},{"damage":111,"enemies":"Giant Head","floor":48,"turns":11},{"damage":0,"enemies":"Time Eater","floor":50,"turns":2}],"seed_played":"6482999713140628513","potions_obtained":[{"floor":1,"key":"Strength Potion"},{"floor":4,"key":"Explosive Potion"},{"floor":11,"key":"EssenceOfSteel"},{"floor":13,"key":"ColorlessPotion"},{"floor":18,"key":"Swift Potion"},{"floor":22,"key":"Fire Potion"},{"floor":27,"key":"FearPotion"},{"floor":30,"key":"DuplicationPotion"},{"floor":36,"key":"Block Potion"},{"floor":36,"key":"SteroidPotion"},{"floor":36,"key":"ColorlessPotion"},{"floor":38,"key":"DuplicationPotion"},{"floor":48,"key":"FearPotion"}],"is_trial":false,"path_per_floor":["M","M","M","M","?","E","R","E","T","?","M","M","E","$","R","B",null,"M","?","M","?","M","R","$","R","T","?","E","?","M","$","R","B",null,"M","?","$","M","M","R","E","?","T","M","E","M","$","E","R","B"],"character_chosen":"IRONCLAD","items_purchased":["Frozen Egg 2","Exhume","Whirlwind","Shrug It Off","BloodPotion"],"campfire_rested":4,"item_purchase_floors":[14,31,37,47,47],"current_hp_per_floor":[68,66,66,65,42,17,39,34,34,34,29,29,10,10,35,15,63,53,29,19,19,8,36,36,64,64,67,59,59,66,66,66,37,93,85,85,85,89,82,82,39,39,39,46,60,59,59,24,24,24,24],"gold":51,"neow_bonus":"BOSS_RELIC","is_daily":false,"chose_seed":false,"campfire_upgraded":2,"win_rate":0.0,"timestamp":1609603072,"path_taken":["M","M","M","M","?","E","R","E","T","?","?","M","E","?","R","BOSS","M","?","M","?","?","R","?","R","T","?","E","?","M","$","R","BOSS","M","?","?","M","M","R","E","?","T","M","E","M","$","E","R","BOSS"],"items_purchased_type":["Relic","Card","Card","Card","Potion"],"build_version":"2020-12-22","purchased_purges":2,"victory":false,"max_hp_per_floor":[75,75,75,75,75,75,75,75,75,75,75,75,77,77,79,79,79,82,87,92,92,95,95,95,95,95,100,105,105,108,108,108,111,111,119,119,119,122,125,125,127,127,127,130,130,135,135,137,137,137,137],"relic_stats":{"Darkstone Periapt":0,"Singing Bowl":18,"Torii":30,"counters":[27,167],"Self Forming Clay":[129],"Smiling Mask":75,"Dream Catcher":3,"Nunchaku":[18],"Bronze Scales":[387],"Snecko Eye":[209,200,223,201],"Art of War":[15],"obtain_stats":[{"Potion Belt":28,"Darkstone Periapt":45,"Singing Bowl":13,"Torii":27,"Self Forming Clay":27,"Velvet Choker":0,"Frozen Egg 2":14,"Smiling Mask":26,"Burning Blood":0,"Dream Catcher":8,"Nunchaku":21,"Bronze Scales":9,"Snecko Eye":17,"Art of War":6,"Coffee Dripper":34,"Bottled Lightning":41,"InkBottle":48},{"Potion Belt":16,"Darkstone Periapt":24,"Singing Bowl":9,"Torii":15,"Self Forming Clay":15,"Velvet Choker":0,"Frozen Egg 2":9,"Smiling Mask":13,"Burning Blood":0,"Dream Catcher":6,"Nunchaku":12,"Bronze Scales":6,"Snecko Eye":10,"Art of War":5,"Coffee Dripper":18,"Bottled Lightning":22,"InkBottle":26},{"Potion Belt":81,"Darkstone Periapt":144,"Singing Bowl":41,"Torii":75,"Self Forming Clay":75,"Velvet Choker":0,"Frozen Egg 2":41,"Smiling Mask":65,"Burning Blood":0,"Dream Catcher":28,"Nunchaku":60,"Bronze Scales":28,"Snecko Eye":51,"Art of War":20,"Coffee Dripper":97,"Bottled Lightning":129,"InkBottle":165}],"InkBottle":[0]},"card_choices":[{"not_picked":["Sword Boomerang","Dropkick"],"picked":"Iron Wave","floor":1},{"not_picked":["Sever Soul","Shockwave"],"picked":"Shrug It Off","floor":2},{"not_picked":["Dark Embrace","Warcry"],"picked":"Carnage","floor":3},{"not_picked":["Rage","Intimidate"],"picked":"Twin Strike","floor":4},{"not_picked":["Dark Embrace","Pommel Strike"],"picked":"Shockwave","floor":6},{"not_picked":["Shrug It Off","Flame Barrier"],"picked":"Reaper","floor":8},{"not_picked":["Heavy Blade","Wild Strike","Seeing Red"],"picked":"SKIP","floor":11},{"not_picked":["Rage","Warcry","Rampage"],"picked":"SKIP","floor":12},{"not_picked":["Sever Soul","Havoc","Iron Wave"],"picked":"Singing Bowl","floor":13},{"not_picked":["Twin Strike","Thunderclap","Sword Boomerang"],"picked":"Singing Bowl","floor":15},{"not_picked":["Juggernaut+1","Double Tap"],"picked":"Feed","floor":16},{"not_picked":["Sword Boomerang","Rage"],"picked":"Dual Wield","floor":18},{"not_picked":["Twin Strike","Thunderclap","Sword Boomerang"],"picked":"Singing Bowl","floor":20},{"not_picked":["Thunderclap+1","Twin Strike"],"picked":"Clothesline","floor":22},{"not_picked":["Anger","Brutality+1"],"picked":"Spot Weakness","floor":23},{"not_picked":["Iron Wave","Blood for Blood"],"picked":"Disarm","floor":25},{"not_picked":["Carnage","Twin Strike","Sever Soul"],"picked":"Singing Bowl","floor":27},{"not_picked":["Ghostly Armor","Twin Strike","Pommel Strike"],"picked":"Singing Bowl","floor":28},{"not_picked":["Armaments","Thunderclap"],"picked":"Shrug It Off","floor":30},{"not_picked":["Feed","Corruption+1"],"picked":"Reaper","floor":33},{"not_picked":["Rupture+1","Battle Trance","Pommel Strike"],"picked":"Singing Bowl","floor":35},{"not_picked":["Wild Strike+1","Havoc"],"picked":"Metallicize+1","floor":38},{"not_picked":["Sentinel","Evolve+1"],"picked":"Feel No Pain+1","floor":39},{"not_picked":["Wild Strike","Warcry+1","Fire Breathing+1"],"picked":"Singing Bowl","floor":41},{"not_picked":["Spot Weakness","Seeing Red"],"picked":"Feel No Pain+1","floor":44},{"not_picked":["Shrug It Off+1","Havoc"],"picked":"Impervious","floor":45},{"not_picked":["Havoc+1","Heavy Blade","Body Slam"],"picked":"Singing Bowl","floor":46},{"not_picked":["Sword Boomerang","Sever Soul","Thunderclap"],"picked":"Singing Bowl","floor":48}],"player_experience":505098,"relics_obtained":[{"floor":6,"key":"Art of War"},{"floor":8,"key":"Dream Catcher"},{"floor":9,"key":"Bronze Scales"},{"floor":13,"key":"Singing Bowl"},{"floor":26,"key":"Smiling Mask"},{"floor":27,"key":"Torii"},{"floor":27,"key":"Self Forming Clay"},{"floor":28,"key":"Potion Belt"},{"floor":41,"key":"Bottled Lightning"},{"floor":45,"key":"Darkstone Periapt"},{"floor":48,"key":"InkBottle"}],"event_choices":[{"damage_healed":0,"gold_gain":0,"player_choice":"Entered Light","damage_taken":23,"max_hp_gain":0,"max_hp_loss":0,"event_name":"Shining Light","floor":5,"gold_loss":0,"cards_upgraded":["Twin Strike","Iron Wave"]},{"cards_removed":["Strike_R"],"damage_healed":0,"gold_gain":0,"player_choice":"Offered Basic","damage_taken":0,"max_hp_gain":0,"max_hp_loss":0,"event_name":"Bonfire Elementals","floor":10,"gold_loss":0},{"damage_healed":0,"gold_gain":0,"player_choice":"Shed Blood","damage_taken":29,"max_hp_gain":5,"max_hp_loss":0,"event_name":"Forgotten Altar","floor":19,"gold_loss":0},{"damage_healed":0,"gold_gain":0,"player_choice":"Paid Gold","damage_taken":0,"relics_obtained":["Nunchaku"],"max_hp_gain":0,"max_hp_loss":0,"event_name":"WeMeetAgain","floor":21,"gold_loss":76},{"damage_healed":0,"gold_gain":0,"player_choice":"Fight","damage_taken":0,"max_hp_gain":0,"max_hp_loss":0,"event_name":"Colosseum","floor":27,"gold_loss":0},{"damage_healed":0,"gold_gain":0,"player_choice":"Fought Nobs","damage_taken":0,"max_hp_gain":0,"max_hp_loss":0,"event_name":"Colosseum","floor":27,"gold_loss":0},{"damage_healed":0,"gold_gain":0,"cards_transformed":["Strike_R","Strike_R"],"player_choice":"Became Test Subject","damage_taken":0,"max_hp_gain":0,"max_hp_loss":0,"event_name":"Drug Dealer","floor":29,"gold_loss":0,"cards_obtained":["Cleave","Pommel Strike"]},{"damage_healed":0,"gold_gain":0,"player_choice":"Bought 3 Potions","damage_taken":0,"max_hp_gain":0,"max_hp_loss":0,"event_name":"The Woman in Blue","floor":36,"gold_loss":0},{"cards_removed":["Metallicize"],"damage_healed":0,"gold_gain":0,"player_choice":"Removed Power","damage_taken":0,"max_hp_gain":0,"max_hp_loss":0,"event_name":"Falling","floor":42,"gold_loss":0}],"is_beta":false,"boss_relics":[{"not_picked":["Fusion Hammer","Cursed Key"],"picked":"Snecko Eye"},{"not_picked":["Runic Cube","Busted Crown"],"picked":"Coffee Dripper"}],"items_purged_floors":[31,47],"is_endless":false,"potions_floor_spawned":[1,4,11,12,13,18,22,27,30,38,41,48],"killed_by":"Time Eater","ascension_level":20}}