{"host":"ymmeoa1x24ihslbm","time":1609618419,"event":{"mods":["AchievementEnabler","BaseMod","Colored Map","Colored Powertips","Defuse TimeMaze Blight","Highlight Path","Minty Spire (QoL Compilation)","Permanent Neow","Quick Restart","StSLib","Unceasing Turn Reminder"],"gold_per_floor":[118,132,143,161,172,205,205,205,205,217,217,239,239,268,268,365,365,384,384,396,396,12,12,31,31,31,31,49,49,49,76,76,76,76],"floor_reached":33,"playtime":1099,"items_purged":[],"score":420,"play_id":"2f8930ed-50cc-4962-9643-3048ac4e861f","local_time":"20210102211339","is_ascension_mode":true,"campfire_choices":[{"data":"FollowUp","floor":7,"key":"SMITH"},{"data":"Vigilance","floor":11,"key":"SMITH"},{"data":"PathToVictory","floor":13,"key":"SMITH"},{"data":"FlurryOfBlows","floor":15,"key":"SMITH"},{"data":"DevaForm","floor":23,"key":"SMITH"},{"data":"Defend_P","floor":25,"key":"SMITH"},{"data":"Strike_P","floor":27,"key":"SMITH"},{"data":"PathToVictory","floor":29,"key":"SMITH"},{"data":"Strike_P","floor":32,"key":"SMITH"}],"circlet_count":0,"master_deck":["Strike_P+1","Strike_P","Strike_P","Strike_P+1","Defend_P+1","Defend_P","Defend_P","Defend_P","Eruption+1","Vigilance+1","FollowUp+1","FlurryOfBlows+1","PathToVictory+1","DevaForm+1","Consecrate+1","PathToVictory+1","Writhe","SignatureMove+1"],"relics":["HolyWater","Centennial Puzzle","Happy Flower","Odd Mushroom","Bag of Marbles","Vajra","Singing Bowl","Gremlin Horn","Molten Egg 2","Bottled Flame"],"acts_visited":["Exordium","TheCity"],"potions_floor_usage":[6,14,16,20,31,33],"damage_taken":[{"damage":0,"enemies":"Small Slimes","floor":1,"turns":1},{"damage":2,"enemies":"2 Louse","floor":2,"turns":2},{"damage":0,"enemies":"Jaw Worm","floor":3,"turns":1},{"damage":2,"enemies":"2 Fungi Beasts","floor":4,"turns":3},{"damage":0,"enemies":"3 Louse","floor":5,"turns":4},{"damage":0,"enemies":"Gremlin Nob","floor":6,"turns":2},{"damage":10,"enemies":"Lots of Slimes","floor":10,"turns":2},{"damage":3,"enemies":"The Mushroom Lair","floor":12,"turns":3},{"damage":30,"enemies":"Lagavulin","floor":14,"turns":3},{"damage":0,"enemies":"Slime Boss","floor":16,"turns":3},{"damage":7,"enemies":"2 Thieves","floor":18,"turns":3},{"damage":1,"enemies":"3 Byrds","floor":20,"turns":4},{"damage":12,"enemies":"Snecko","floor":24,"turns":4},{"damage":2,"enemies":"3 Cultists","floor":28,"turns":3},{"damage":42,"enemies":"Book of Stabbing","floor":31,"turns":5},{"damage":21,"enemies":"Champ","floor":33,"turns":6}],"seed_played":"-8911468713803752648","potions_obtained":[{"floor":4,"key":"LiquidMemories"},{"floor":5,"key":"Ancient Potion"},{"floor":12,"key":"SpeedPotion"},{"floor":14,"key":"Fire Potion"},{"floor":18,"key":"StancePotion"},{"floor":28,"key":"Regen Potion"}],"is_trial":false,"path_per_floor":["M","M","M","M","M","E","R","?","T","M","R","?","R","E","R","B",null,"M","?","M","?","$","R","M","R","T","R","M","R","?","E","R","B"],"character_chosen":"WATCHER","items_purchased":["Vajra","Singing Bowl"],"campfire_rested":0,"item_purchase_floors":[22,22],"current_hp_per_floor":[72,70,70,68,68,68,68,68,68,58,58,55,55,25,25,25,72,65,52,51,76,76,76,66,66,66,66,64,64,64,36,36,15,15],"gold":76,"neow_bonus":"UPGRADE_CARD","is_daily":false,"chose_seed":false,"campfire_upgraded":9,"win_rate":0.0,"timestamp":1609618419,"path_taken":["M","M","M","M","M","E","R","?","T","M","R","?","R","E","R","BOSS","M","?","M","?","?","R","M","R","T","R","M","R","?","E","R","BOSS"],"items_purchased_type":["Relic","Relic"],"build_version":"2020-12-22","purchased_purges":0,"victory":false,"max_hp_per_floor":[72,72,72,72,72,72,72,72,72,72,72,72,72,72,72,72,72,72,77,77,77,77,77,79,79,79,79,79,79,79,79,79,79,79],"card_choices":[{"not_picked":["FlyingSleeves","JustLucky","CrushJoints"],"picked":"SKIP","floor":1},{"not_picked":["Protect","EmptyBody"],"picked":"FollowUp","floor":2},{"not_picked":["Evaluate","EmptyFist"],"picked":"FlurryOfBlows","floor":3},{"not_picked":["Nirvana","Crescendo","Fasting2"],"picked":"SKIP","floor":4},{"not_picked":["Nirvana","Protect"],"picked":"PathToVictory","floor":5},{"not_picked":["Scrawl","Alpha","FlurryOfBlows"],"picked":"SKIP","floor":6},{"not_picked":["PathToVictory","ThirdEye","Adaptation"],"picked":"SKIP","floor":10},{"not_picked":["Perseverance","JustLucky","TalkToTheHand"],"picked":"SKIP","floor":14},{"not_picked":["Alpha","Judgement"],"picked":"DevaForm","floor":16},{"not_picked":["CarveReality+1","ThirdEye"],"picked":"Consecrate+1","floor":18},{"not_picked":["BowlingBash","Crescendo","CarveReality+1"],"picked":"SKIP","floor":20},{"not_picked":["Indignation","LikeWater","Pray"],"picked":"Singing Bowl","floor":24},{"not_picked":["EmptyMind","Crescendo"],"picked":"PathToVictory","floor":28},{"not_picked":["WreathOfFlame","FearNoEvil+1"],"picked":"SignatureMove+1","floor":31}],"player_experience":689035,"relics_obtained":[{"floor":6,"key":"Centennial Puzzle"},{"floor":9,"key":"Happy Flower"},{"floor":12,"key":"Odd Mushroom"},{"floor":14,"key":"Bag of Marbles"},{"floor":26,"key":"Gremlin Horn"},{"floor":31,"key":"Bottled Flame"}],"event_choices":[{"damage_healed":0,"gold_gain":0,"player_choice":"Leave","damage_taken":0,"max_hp_gain":0,"max_hp_loss":0,"event_name":"The Cleric","floor":8,"gold_loss":0},{"damage_healed":0,"gold_gain":0,"player_choice":"Fought Mushrooms","damage_taken":0,"max_hp_gain":0,"max_hp_loss":0,"event_name":"Mushrooms","floor":12,"gold_loss":0},{"damage_healed":0,"gold_gain":0,"player_choice":"Shed Blood","damage_taken":18,"max_hp_gain":5,"max_hp_loss":0,"event_name":"Forgotten Altar","floor":19,"gold_loss":0},{"damage_healed":25,"gold_gain":0,"player_choice":"Heal","damage_taken":0,"max_hp_gain":0,"max_hp_loss":0,"event_name":"The Library","floor":21,"gold_loss":0},{"damage_healed":0,"gold_gain":0,"player_choice":"Opened","damage_taken":0,"relics_obtained":["Molten Egg 2"],"max_hp_gain":0,"max_hp_loss":0,"event_name":"The Mausoleum","floor":30,"gold_loss":0,"cards_obtained":["Writhe"]}],"is_beta":false,"boss_relics":[{"not_picked":["Ectoplasm","Velvet Choker"],"picked":"HolyWater"}],"items_purged_floors":[],"is_endless":false,"potions_floor_spawned":[4,5,12,14,18,28],"killed_by":"Champ","ascension_level":4}}