{"host":"6bsan6hkua32tfq7","time":1609631161,"event":{"mods":["BaseMod","Better Third Choice","Colored Map","Highlight Path","Minty Spire (QoL Compilation)","StSLib"],"gold_per_floor":[119,71,90,115,125,158,158,193,274,274,30,41,41,55,55,129,129,142,162,162,175,192,192,203,203,226,226,253,264,264,264,264,341,341,361,361,111,111,126,159,159,96,169,169,169,169],"floor_reached":45,"playtime":5183,"items_purged":["Strike_R","Strike_R","Strike_R"],"score":992,"play_id":"87b03c2e-0acd-4e12-b9a8-799364f4a0ad","local_time":"20210103004601","is_ascension_mode":true,"campfire_choices":[{"floor":7.0,"key":"REST"},{"data":"Bash","floor":10.0,"key":"SMITH"},{"data":"Metallicize","floor":13.0,"key":"SMITH"},{"data":"Defend_R","floor":15.0,"key":"SMITH"},{"data":"Heavy Blade","floor":23.0,"key":"SMITH"},{"data":"True Grit","floor":25.0,"key":"SMITH"},{"data":"Defend_R","floor":27.0,"key":"SMITH"},{"data":"Battle Trance","floor":32,"key":"SMITH"},{"data":"Panacea","floor":41,"key":"SMITH"},{"data":"Feed","floor":44,"key":"SMITH"}],"circlet_count":0,"master_deck":["AscendersBane","Strike_R","Defend_R+1","Defend_R+1","Defend_R+1","Defend_R+1","Bash+1","Metallicize+1","Twin Strike","Battle Trance+1","Evolve+1","Reaper","Shockwave+1","Heavy Blade+1","True Grit+1","Reckless Charge+1","Feed+1","Feel No Pain+1","Panacea+1","Power Through"],"relics":["Burning Blood","NeowsBlessing","betterThird:SlimedRelic","Omamori","Bronze Scales","Frozen Egg 2","Brimstone","Mark of Pain","Oddly Smooth Stone","War Paint","betterThird:NestCultRelic","Philosopher\u0027s Stone","Membership Card","Incense Burner"],"acts_visited":["Exordium","TheCity","TheBeyond"],"potions_floor_usage":[40],"damage_taken":[{"damage":0.0,"enemies":"2 Louse","floor":1.0,"turns":1.0},{"damage":0.0,"enemies":"Jaw Worm","floor":3.0,"turns":1.0},{"damage":0.0,"enemies":"Cultist","floor":5.0,"turns":1.0},{"damage":55.0,"enemies":"Gremlin Nob","floor":6.0,"turns":5.0},{"damage":24.0,"enemies":"Lagavulin","floor":8.0,"turns":10.0},{"damage":12.0,"enemies":"Red Slaver","floor":12.0,"turns":4.0},{"damage":3.0,"enemies":"Looter","floor":14.0,"turns":4.0},{"damage":17.0,"enemies":"The Guardian","floor":16.0,"turns":9.0},{"damage":3.0,"enemies":"3 Byrds","floor":18.0,"turns":2.0},{"damage":9.0,"enemies":"2 Thieves","floor":19.0,"turns":4.0},{"damage":16.0,"enemies":"Snecko","floor":21.0,"turns":5.0},{"damage":39.0,"enemies":"Shelled Parasite and Fungi","floor":22.0,"turns":6.0},{"damage":6.0,"enemies":"Centurion and Healer","floor":24.0,"turns":6.0},{"damage":21.0,"enemies":"Slavers","floor":28.0,"turns":5.0},{"damage":17.0,"enemies":"Cultist and Chosen","floor":29.0,"turns":4.0},{"damage":76,"enemies":"Automaton","floor":33,"turns":8},{"damage":28,"enemies":"3 Darklings","floor":35,"turns":4},{"damage":13,"enemies":"3 Shapes","floor":39,"turns":5},{"damage":55,"enemies":"Nemesis","floor":40,"turns":9},{"damage":69,"enemies":"Reptomancer","floor":45,"turns":2}],"seed_played":"2249426019207672343","potions_obtained":[{"floor":1.0,"key":"EntropicBrew"},{"floor":12.0,"key":"Energy Potion"},{"floor":14.0,"key":"Explosive Potion"},{"floor":19.0,"key":"LiquidMemories"},{"floor":39,"key":"DuplicationPotion"},{"floor":40,"key":"CultistPotion"}],"is_trial":false,"path_per_floor":["M","?","M","T","M","E","R","E","T","R","$","M","R","M","R","B",null,"M","M","?","M","M","R","M","R","T","R","E","M","?","?","R","B",null,"M","?","$","?","M","E","R","$","T","R","E"],"character_chosen":"IRONCLAD","items_purchased":["Brimstone","Membership Card","Feel No Pain+1"],"campfire_rested":1,"item_purchase_floors":[11,37,37],"current_hp_per_floor":[74,63,69,69,75,26,48,30,30,30,30,24,24,27,27,16,60,63,69,69,72,52,52,75,75,75,75,74,75,75,75,75,40,66,47,47,47,47,70,60,60,60,60,60,0,0],"gold":169,"neow_bonus":"THREE_ENEMY_KILL","is_daily":false,"chose_seed":false,"campfire_upgraded":9,"win_rate":0.0,"timestamp":1609631161,"path_taken":["M","?","M","?","?","E","R","E","T","R","?","M","R","M","R","BOSS","M","M","?","M","M","R","M","R","T","R","E","M","?","?","R","BOSS","M","?","$","?","M","E","R","?","T","R","E"],"items_purchased_type":["Relic","Relic","Card"],"build_version":"2020-12-22","purchased_purges":3,"victory":false,"max_hp_per_floor":[75,75,75,75,75,75,75,75,75,75,75,75,75,75,75,75,75,75,75,75,75,75,75,75,75,75,75,75,75,75,75,75,75,75,78,78,78,78,81,84,84,84,84,84,84,84],"card_choices":[{"not_picked":["Fire Breathing","Sever Soul"],"picked":"Metallicize","floor":1.0},{"not_picked":["Flex","Shockwave"],"picked":"Twin Strike","floor":3.0},{"not_picked":["Power Through","Body Slam"],"picked":"Battle Trance","floor":5.0},{"not_picked":["Infernal Blade","Clothesline","Thunderclap"],"picked":"SKIP","floor":6.0},{"not_picked":["Perfected Strike","Second Wind","Wild Strike"],"picked":"SKIP","floor":8.0},{"not_picked":["Blood for Blood","Iron Wave","Infernal Blade"],"picked":"SKIP","floor":12.0},{"not_picked":["Sever Soul","Armaments"],"picked":"Evolve+1","floor":14.0},{"not_picked":["Juggernaut+1","Brutality+1"],"picked":"Reaper","floor":16.0},{"not_picked":["Spot Weakness","Perfected Strike"],"picked":"Shockwave+1","floor":18.0},{"not_picked":["Pommel Strike","Shockwave","Wild Strike"],"picked":"SKIP","floor":19.0},{"not_picked":["Dark Embrace+1","Cleave"],"picked":"Heavy Blade","floor":21.0},{"not_picked":["Havoc","Warcry","Power Through"],"picked":"SKIP","floor":22.0},{"not_picked":["Ghostly Armor","Perfected Strike"],"picked":"True Grit","floor":24.0},{"not_picked":["Dropkick","Perfected Strike","Twin Strike"],"picked":"SKIP","floor":28.0},{"not_picked":["Warcry","Heavy Blade"],"picked":"Reckless Charge+1","floor":29},{"not_picked":["Impervious","Fiend Fire"],"picked":"Feed","floor":33},{"not_picked":["Dropkick","Cleave+1","Headbutt"],"picked":"SKIP","floor":35},{"not_picked":["Deep Breath","Bandage Up"],"picked":"Panacea","floor":38},{"not_picked":["Hemokinesis+1","Infernal Blade","Flex+1"],"picked":"SKIP","floor":39},{"not_picked":["Inflame+1","Brutality+1","Power Through"],"picked":"SKIP","floor":40},{"not_picked":["Inflame+1","Brutality+1"],"picked":"Power Through","floor":40}],"player_experience":5208383,"relics_obtained":[{"floor":4.0,"key":"Omamori"},{"floor":8.0,"key":"Bronze Scales"},{"floor":9.0,"key":"Frozen Egg 2"},{"floor":26.0,"key":"Oddly Smooth Stone"},{"floor":28.0,"key":"War Paint"},{"floor":40,"key":"Incense Burner"}],"event_choices":[{"damage_healed":0.0,"max_hp_gain":0.0,"max_hp_loss":0.0,"gold_gain":0.0,"event_name":"betterThird:BetterGoop","player_choice":"Slimed","floor":2.0,"gold_loss":48.0,"damage_taken":11.0},{"cards_removed":["Strike_R"],"damage_healed":0.0,"max_hp_gain":0.0,"max_hp_loss":0.0,"gold_gain":0.0,"event_name":"betterThird:BetterWriting","player_choice":"Elegance","floor":20.0,"gold_loss":0.0,"damage_taken":0.0},{"damage_healed":0,"gold_gain":0,"player_choice":"Smashed Altar","damage_taken":0,"max_hp_gain":0,"max_hp_loss":0,"event_name":"Forgotten Altar","floor":30,"gold_loss":0,"cards_obtained":["Decay"]},{"damage_healed":0,"gold_gain":0,"player_choice":"Madness","damage_taken":0,"relics_obtained":["betterThird:NestCultRelic"],"max_hp_gain":0,"max_hp_loss":0,"event_name":"betterThird:BetterNest","floor":31,"gold_loss":0},{"damage_healed":0,"gold_gain":0,"player_choice":"Ignored","damage_taken":0,"max_hp_gain":0,"max_hp_loss":0,"event_name":"Tomb of Lord Red Mask","floor":36,"gold_loss":0},{"damage_healed":0,"gold_gain":0,"player_choice":"Memory 1","damage_taken":0,"max_hp_gain":0,"max_hp_loss":0,"event_name":"SensoryStone","floor":38,"gold_loss":0}],"is_beta":false,"boss_relics":[{"not_picked":["Tiny House","Sozu"],"picked":"Mark of Pain"},{"not_picked":["Coffee Dripper","Snecko Eye"],"picked":"Philosopher\u0027s Stone"}],"items_purged_floors":[11,37,42],"is_endless":false,"potions_floor_spawned":[1,12,14,16,19,22,29,33,39,40],"killed_by":"Reptomancer","ascension_level":20}}