{"host":"vgnbhsp8fcte4xpm","time":1609561986,"event":{"mods":["BaseMod","Challenge The Spire","Minty Spire (QoL Compilation)","Shop Mod","StSLib"],"gold_per_floor":[9859,8889,8920,8952,8982,8982,8277,7418,7444,7478,7522,7531,6250,5050,15085,15121,15155,15190],"floor_reached":19,"playtime":1084,"items_purged":["Bash","Defend_R","Strike_R","Strike_R","Strike_R","Strike_R"],"score":545,"play_id":"07b83ed5-9613-4fef-b5a7-73f5c3e18343","local_time":"20210102123306","daily_mods":["challengethespire:Bronze Difficulty","challengethespire:Elite Rush","Uncertain Future"],"is_ascension_mode":true,"campfire_choices":[],"circlet_count":0,"master_deck":["Strike_R","Defend_R","Defend_R","Defend_R","Violence","Burning Pact","Shrug It Off","Metallicize","Reaper+1","Entrench+1","Searing Blow+1","Armaments+1","Inflame","Heavy Blade+1","Searing Blow+1","Bloodletting+1","Corruption","CurseOfTheBell","Master of Strategy+1","Bandage Up+1","Havoc+1","Exhume+1","Hemokinesis+1","Master of Strategy+1","Dark Shackles+1","Inflame","Flex+1","Seeing Red+1","Bloodletting+1","Exhume+1"],"relics":["Burning Blood","Black Star","Sling","PreservedInsect","ClockworkSouvenir","Blue Candle","Darkstone Periapt","Frozen Eye","Molten Egg 2","Charon\u0027s Ashes","Self Forming Clay","Art of War","Strawberry","HornCleat","Ancient Tea Set","Toxic Egg 2","Runic Cube","HandDrill","Red Skull","MealTicket","OrangePellets","Gremlin Horn","Anchor","Vajra","CaptainsWheel","Akabeko","Bag of Marbles","CeramicFish","FossilizedHelix","Calling Bell","Pear","Blood Vial","Dead Branch","Brimstone","Paper Frog","Kunai","Lantern","InkBottle","Toolbox","Bottled Lightning","The Courier","Mummified Hand","Bird Faced Urn","Oddly Smooth Stone","Ice Cream","TungstenRod","Shuriken"],"acts_visited":["Exordium"],"potions_floor_usage":[11],"damage_taken":[{"damage":26,"enemies":"Lagavulin","floor":3,"turns":7},{"damage":4,"enemies":"3 Sentries","floor":4,"turns":5},{"damage":10,"enemies":"Gremlin Nob","floor":5,"turns":4},{"damage":19,"enemies":"Slavers","floor":9,"turns":6},{"damage":33,"enemies":"Book of Stabbing","floor":10,"turns":7},{"damage":49,"enemies":"Gremlin Leader","floor":11,"turns":5},{"damage":6,"enemies":"Giant Head","floor":15,"turns":2},{"damage":0,"enemies":"Reptomancer","floor":16,"turns":1},{"damage":3,"enemies":"Nemesis","floor":17,"turns":1},{"damage":0,"enemies":"Shield and Spear","floor":18,"turns":1}],"seed_played":"2294394411709812374","potions_obtained":[{"floor":4,"key":"Regen Potion"},{"floor":11,"key":"EssenceOfSteel"}],"is_trial":true,"path_per_floor":["$","$","E","E","E","T","$","$","E","E","E","T","$","$","E","E","E","E",null],"character_chosen":"IRONCLAD","items_purchased":["ClockworkSouvenir","Blue Candle","Darkstone Periapt","BloodPotion","Fire Potion","DistilledChaos","Violence","Burning Pact","Frozen Eye","Molten Egg 2","Charon\u0027s Ashes","Energy Potion","Energy Potion","Shrug It Off","HandDrill","Red Skull","MealTicket","FairyPotion","Searing Blow+1","OrangePellets","Gremlin Horn","Anchor","Armaments+1","Inflame","Heavy Blade+1","Brimstone","Paper Frog","Kunai","Master of Strategy+1","Bandage Up+1","BloodPotion","Havoc+1","Exhume+1","Lantern","InkBottle","Toolbox","Hemokinesis+1","Regen Potion","Master of Strategy+1","Dark Shackles+1","Inflame","Flex+1"],"campfire_rested":0,"item_purchase_floors":[1,1,1,1,1,1,1,1,2,2,2,2,2,2,7,7,7,7,7,8,8,8,8,8,8,13,13,13,13,13,13,13,13,14,14,14,14,14,14,14,14,14],"current_hp_per_floor":[80,80,60,69,65,65,65,80,77,60,47,63,78,93,101,103,103,103],"gold":15190,"neow_bonus":"","is_daily":false,"chose_seed":false,"campfire_upgraded":0,"win_rate":0.0,"timestamp":1609561986,"path_taken":["$","$","E","E","E","T","$","$","E","E","E","T","$","$","E","E","E","E"],"items_purchased_type":["Relic","Relic","Relic","Potion","Potion","Potion","Card","Card","Relic","Relic","Relic","Potion","Potion","Card","Relic","Relic","Relic","Potion","Card","Relic","Relic","Relic","Card","Card","Card","Relic","Relic","Relic","Card","Card","Potion","Card","Card","Relic","Relic","Relic","Card","Potion","Card","Card","Card","Card"],"build_version":"2020-12-22","purchased_purges":6,"victory":true,"max_hp_per_floor":[80,80,80,87,87,87,87,87,87,87,87,103,103,103,103,103,103,103],"card_choices":[],"player_experience":96125,"relics_obtained":[{"floor":3,"key":"Self Forming Clay"},{"floor":3,"key":"Art of War"},{"floor":4,"key":"Strawberry"},{"floor":4,"key":"HornCleat"},{"floor":5,"key":"Ancient Tea Set"},{"floor":5,"key":"Toxic Egg 2"},{"floor":9,"key":"Vajra"},{"floor":9,"key":"CaptainsWheel"},{"floor":10,"key":"Akabeko"},{"floor":10,"key":"Bag of Marbles"},{"floor":11,"key":"CeramicFish"},{"floor":11,"key":"FossilizedHelix"},{"floor":12,"key":"Pear"},{"floor":12,"key":"Blood Vial"},{"floor":12,"key":"Dead Branch"},{"floor":15,"key":"Bottled Lightning"},{"floor":15,"key":"The Courier"},{"floor":16,"key":"Mummified Hand"},{"floor":16,"key":"Bird Faced Urn"},{"floor":17,"key":"Oddly Smooth Stone"},{"floor":17,"key":"Ice Cream"},{"floor":18,"key":"TungstenRod"},{"floor":18,"key":"Shuriken"}],"event_choices":[],"is_beta":false,"boss_relics":[{"not_picked":["Coffee Dripper","Snecko Eye"],"picked":"Runic Cube"},{"not_picked":["Fusion Hammer","Cursed Key"],"picked":"Calling Bell"}],"items_purged_floors":[1,2,7,8,13,14],"is_endless":false,"potions_floor_spawned":[4,10,11,15],"ascension_level":0}}