{"host":"l12hrjjiowxu1z6t","time":1609601945,"event":{"mods":["AchievementEnabler","BaseMod","Colored Map","Colored Powertips","Highlight Path","Minty Spire (QoL Compilation)","Relic Stats"],"gold_per_floor":[118,118,118,138,9,9,42,42,69,69,79,92,92,118,118,215,215,227,538,558,558,575,586,604,604,629,640,640,675,37,49,49,162,162,162,162],"floor_reached":35,"playtime":1010,"items_purged":["Quick Slash","All Out Attack+1"],"score":614,"play_id":"0ae067f1-bcdb-4806-a8df-87c3576ce9ae","local_time":"20210102153905","daily_mods":["SealedDeck","Vintage","Heirloom"],"is_ascension_mode":false,"campfire_choices":[{"data":"Finisher","floor":6,"key":"SMITH"},{"data":"All Out Attack","floor":8,"key":"SMITH"},{"data":"Deflect","floor":10,"key":"SMITH"},{"data":"Prepared","floor":13,"key":"SMITH"},{"data":"Dodge and Roll","floor":15,"key":"SMITH"},{"data":"Endless Agony","floor":25,"key":"SMITH"},{"data":"Adrenaline","floor":28,"key":"SMITH"},{"data":"1","floor":32,"key":"LIFT"}],"circlet_count":0,"master_deck":["Slice","Finisher+1","Backflip+1","Outmaneuver+1","Endless Agony+1","Quick Slash","Prepared+1","Blade Dance+1","Blade Dance+1","Deflect+1","Dodge and Roll+1","Adrenaline+1","A Thousand Cuts"],"relics":["Unceasing Top","Pocketwatch","Mummified Hand","War Paint","Mercury Hourglass","PreservedInsect","Boot","Ornamental Fan","Matryoshka","Sozu","Happy Flower","Old Coin","CeramicFish","GremlinMask","White Beast Statue","Bag of Preparation","Tiny Chest","Dream Catcher","Strawberry","Sundial","Gremlin Horn","Kunai","Girya","Shuriken","Busted Crown"],"acts_visited":["Exordium","TheCity","TheBeyond"],"potions_floor_usage":[],"damage_taken":[{"damage":0,"enemies":"2 Louse","floor":1,"turns":1},{"damage":0,"enemies":"Cultist","floor":4,"turns":2},{"damage":9,"enemies":"3 Sentries","floor":7,"turns":3},{"damage":0,"enemies":"Small Slimes","floor":11,"turns":1},{"damage":0,"enemies":"2 Fungi Beasts","floor":12,"turns":2},{"damage":0,"enemies":"Gremlin Nob","floor":14,"turns":2},{"damage":0,"enemies":"Slime Boss","floor":16,"turns":2},{"damage":0,"enemies":"Chosen","floor":18,"turns":1},{"damage":0,"enemies":"2 Thieves","floor":19,"turns":2},{"damage":0,"enemies":"Snake Plant","floor":20,"turns":1},{"damage":0,"enemies":"Chosen and Byrds","floor":22,"turns":2},{"damage":0,"enemies":"Cultist and Chosen","floor":23,"turns":2},{"damage":0,"enemies":"Snake Plant","floor":24,"turns":2},{"damage":0,"enemies":"Chosen and Byrds","floor":27,"turns":2},{"damage":0,"enemies":"Slavers","floor":29,"turns":2},{"damage":0,"enemies":"Sentry and Sphere","floor":31,"turns":1},{"damage":0,"enemies":"Collector","floor":33,"turns":2},{"damage":0,"enemies":"3 Darklings","floor":35,"turns":1}],"seed_played":"851556426381126571","potions_obtained":[{"floor":7,"key":"Energy Potion"},{"floor":16,"key":"Energy Potion"}],"is_trial":true,"path_per_floor":["M","?","?","M","$","R","E","R","T","R","M","M","R","E","R","B",null,"M","M","M","?","M","M","M","R","T","M","R","E","$","M","R","B",null,"M"],"character_chosen":"THE_SILENT","items_purchased":["Deflect","Kunai","Girya"],"campfire_rested":0,"item_purchase_floors":[5,30,30],"current_hp_per_floor":[70,70,70,70,70,70,61,61,61,61,61,61,61,61,61,61,70,70,70,70,70,70,70,70,70,77,77,77,77,77,77,77,77,77,77,77],"gold":162,"neow_bonus":"","is_daily":false,"chose_seed":false,"campfire_upgraded":7,"win_rate":0.0,"timestamp":1609601945,"path_taken":["M","?","?","?","$","R","E","R","T","R","M","M","R","E","R","BOSS","M","M","M","?","M","M","M","R","T","M","R","E","$","M","R","BOSS","M"],"items_purchased_type":["Card","Relic","Relic"],"build_version":"2020-12-22","purchased_purges":2,"victory":false,"max_hp_per_floor":[70,70,70,70,70,70,70,70,70,70,70,70,70,70,70,70,70,70,70,70,70,70,70,70,70,77,77,77,77,77,77,77,77,77,77,77],"relic_stats":{"Happy Flower":[5],"Gremlin Horn":[3,3],"counters":[18,29],"CeramicFish":9,"PreservedInsect":61,"Bag of Preparation":[12],"War Paint":["Outmaneuver","Blade Dance"],"Boot":[191],"Mercury Hourglass":[100],"Sozu":7,"Dream Catcher":0,"Busted Crown":0,"Mummified Hand":[0],"Ornamental Fan":[204],"Sundial":[2],"Shuriken":[8],"Tiny Chest":0,"Kunai":[12],"obtain_stats":[{"Gremlin Horn":29,"CeramicFish":20,"GremlinMask":21,"Bag of Preparation":23,"Boot":11,"Old Coin":19,"Sozu":17,"Dream Catcher":26,"Matryoshka":14,"Mummified Hand":1,"Sundial":27,"Strawberry":26,"Tiny Chest":24,"Kunai":30,"Girya":30,"Happy Flower":18,"PreservedInsect":9,"War Paint":4,"White Beast Statue":22,"Mercury Hourglass":7,"Busted Crown":34,"Ornamental Fan":12,"Shuriken":31,"Unceasing Top":0,"Pocketwatch":0},{"Gremlin Horn":15,"CeramicFish":10,"GremlinMask":10,"Bag of Preparation":12,"Boot":4,"Old Coin":9,"Sozu":7,"Dream Catcher":13,"Matryoshka":6,"Mummified Hand":1,"Sundial":14,"Strawberry":13,"Tiny Chest":13,"Kunai":15,"Girya":15,"Happy Flower":8,"PreservedInsect":3,"War Paint":2,"White Beast Statue":11,"Mercury Hourglass":3,"Busted Crown":17,"Ornamental Fan":5,"Shuriken":16,"Unceasing Top":0,"Pocketwatch":0},{"Gremlin Horn":26,"CeramicFish":17,"GremlinMask":17,"Bag of Preparation":21,"Boot":7,"Old Coin":16,"Sozu":13,"Dream Catcher":22,"Matryoshka":11,"Mummified Hand":1,"Sundial":24,"Strawberry":22,"Tiny Chest":22,"Kunai":26,"Girya":26,"Happy Flower":14,"PreservedInsect":6,"War Paint":3,"White Beast Statue":19,"Mercury Hourglass":6,"Busted Crown":29,"Ornamental Fan":9,"Shuriken":27,"Unceasing Top":0,"Pocketwatch":0}],"Unceasing Top":[16],"Pocketwatch":[0]},"card_choices":[{"not_picked":["Deadly Poison","Venomology"],"picked":"All Out Attack","floor":7},{"not_picked":["Flying Knee","Tools of the Trade"],"picked":"Dodge and Roll","floor":14},{"not_picked":["Grand Finale","A Thousand Cuts"],"picked":"Adrenaline","floor":16},{"not_picked":["Reflex","Flying Knee","Poisoned Stab"],"picked":"SKIP","floor":29},{"not_picked":["Bullet Time","Envenom"],"picked":"A Thousand Cuts","floor":33}],"player_experience":67913,"relics_obtained":[{"floor":1,"key":"Mummified Hand"},{"floor":4,"key":"War Paint"},{"floor":7,"key":"Mercury Hourglass"},{"floor":9,"key":"PreservedInsect"},{"floor":11,"key":"Boot"},{"floor":12,"key":"Ornamental Fan"},{"floor":14,"key":"Matryoshka"},{"floor":18,"key":"Happy Flower"},{"floor":19,"key":"Old Coin"},{"floor":20,"key":"CeramicFish"},{"floor":22,"key":"White Beast Statue"},{"floor":23,"key":"Bag of Preparation"},{"floor":24,"key":"Tiny Chest"},{"floor":26,"key":"Dream Catcher"},{"floor":26,"key":"Strawberry"},{"floor":27,"key":"Sundial"},{"floor":29,"key":"Gremlin Horn"},{"floor":31,"key":"Shuriken"}],"event_choices":[{"damage_healed":0,"gold_gain":0,"player_choice":"Grow","damage_taken":0,"max_hp_gain":0,"max_hp_loss":0,"event_name":"Living Wall","floor":2,"gold_loss":0,"cards_upgraded":["Blade Dance"]},{"damage_healed":0,"gold_gain":0,"player_choice":"Forge","damage_taken":0,"max_hp_gain":0,"max_hp_loss":0,"event_name":"Accursed Blacksmith","floor":3,"gold_loss":0,"cards_upgraded":["Backflip"]},{"damage_healed":0,"gold_gain":0,"player_choice":"Trade","damage_taken":0,"relics_obtained":["GremlinMask"],"max_hp_gain":0,"max_hp_loss":0,"event_name":"FaceTrader","floor":21,"gold_loss":0}],"is_beta":false,"boss_relics":[{"not_picked":["Snecko Eye","Fusion Hammer"],"picked":"Sozu"},{"not_picked":["Runic Pyramid","SlaversCollar"],"picked":"Busted Crown"}],"items_purged_floors":[5,30],"is_endless":false,"potions_floor_spawned":[4,7,16,19,23,24,27,29,31,33],"killed_by":"3 Darklings","ascension_level":0}}