{"host":"sefvftc5g87x47w2","time":1609608957,"event":{"mods":["AchievementEnabler","BaseMod","Colored Map","Colored Powertips","DeckTracker","Minty Spire (QoL Compilation)","Quick Restart","Rare Cards Sparkle","StSLib","everything is the same but u backflip on backflip"],"gold_per_floor":[119,129,18,35,53,53,83,83,106,118,133,133,153,153,153,251,251,224,241,256,256,256],"floor_reached":21,"playtime":2832,"items_purged":["Strike_B"],"score":185,"play_id":"52029221-402d-4a06-a256-0c0a0d3d9f01","local_time":"20210103023557","is_ascension_mode":false,"campfire_choices":[{"data":"Aggregate","floor":6,"key":"SMITH"},{"floor":12,"key":"REST"},{"data":"Storm","floor":15,"key":"SMITH"}],"circlet_count":0,"master_deck":["Strike_B","Strike_B","Strike_B","Defend_B","Defend_B","Defend_B","Defend_B","Zap","Dualcast","Chill+1","Sweeping Beam","FTL","Cold Snap","Aggregate+1","Creative AI","Genetic Algorithm","Storm+1","Leap","Buffer","Fusion","Double Energy"],"relics":["FrozenCore","PreservedInsect","Smiling Mask","Oddly Smooth Stone","Anchor"],"acts_visited":["TheCity"],"potions_floor_usage":[16,20,20],"damage_taken":[{"damage":0,"enemies":"Small Slimes","floor":1,"turns":3},{"damage":6,"enemies":"Jaw Worm","floor":2,"turns":4},{"damage":4,"enemies":"Cultist","floor":4,"turns":3},{"damage":8,"enemies":"Exordium Thugs","floor":5,"turns":6},{"damage":16,"enemies":"3 Sentries","floor":7,"turns":5},{"damage":13,"enemies":"Gremlin Gang","floor":10,"turns":4},{"damage":4,"enemies":"Blue Slaver","floor":11,"turns":3},{"damage":0,"enemies":"Lots of Slimes","floor":13,"turns":4},{"damage":25,"enemies":"Slime Boss","floor":16,"turns":9},{"damage":13,"enemies":"2 Thieves","floor":18,"turns":5},{"damage":0,"enemies":"Chosen","floor":19,"turns":6},{"damage":3,"enemies":"Centurion and Healer","floor":20,"turns":8},{"damage":72,"enemies":"3 Cultists","floor":21,"turns":6}],"seed_played":"2903862034075522698","potions_obtained":[{"floor":1,"key":"EssenceOfSteel"},{"floor":2,"key":"SteroidPotion"},{"floor":11,"key":"Weak Potion"},{"floor":18,"key":"DistilledChaos"}],"is_trial":false,"path_per_floor":["M","M","$","M","M","R","E","?","T","M","M","R","M","?","R","B",null,"M","M","M","M"],"character_chosen":"DEFECT","items_purchased":["FTL"],"campfire_rested":1,"item_purchase_floors":[3],"current_hp_per_floor":[75,69,69,65,57,57,41,41,41,28,24,46,46,46,46,21,75,62,62,59,0,0],"gold":256,"neow_bonus":"RANDOM_COMMON_RELIC","is_daily":false,"chose_seed":false,"campfire_upgraded":2,"win_rate":0.0,"timestamp":1609608957,"path_taken":["M","M","$","M","M","R","E","?","T","M","M","R","M","?","R","BOSS","M","M","?","M"],"items_purchased_type":["Card"],"build_version":"2020-12-22","purchased_purges":1,"victory":false,"max_hp_per_floor":[75,75,75,75,75,75,75,75,75,75,75,75,75,75,75,75,75,75,75,75,75,75],"card_choices":[{"not_picked":["Lockon","Fusion"],"picked":"Chill","floor":1},{"not_picked":["Ball Lightning","Go for the Eyes"],"picked":"Sweeping Beam","floor":2},{"not_picked":["Streamline","Leap"],"picked":"Cold Snap","floor":4},{"not_picked":["Redo","Streamline"],"picked":"Aggregate","floor":5},{"not_picked":["Streamline","Defragment"],"picked":"Creative AI","floor":7},{"not_picked":["Consume","Go for the Eyes"],"picked":"Genetic Algorithm","floor":10},{"not_picked":["Steam","Skim"],"picked":"Storm","floor":11},{"not_picked":["Sweeping Beam","Ball Lightning"],"picked":"Leap","floor":13},{"not_picked":["All For One","Creative AI"],"picked":"Buffer","floor":16},{"not_picked":["Stack","Genetic Algorithm+1"],"picked":"Fusion","floor":18},{"not_picked":["Gash","Fusion"],"picked":"Double Energy","floor":19},{"not_picked":["Barrage","Gash+1","Scrape"],"picked":"SKIP","floor":20}],"player_experience":68114,"relics_obtained":[{"floor":7,"key":"Smiling Mask"},{"floor":9,"key":"Oddly Smooth Stone"}],"event_choices":[{"damage_healed":0,"gold_gain":0,"player_choice":"Grow","damage_taken":0,"max_hp_gain":0,"max_hp_loss":0,"event_name":"Living Wall","floor":8,"gold_loss":0,"cards_upgraded":["Chill"]},{"damage_healed":0,"gold_gain":0,"player_choice":"Gave Potion","damage_taken":0,"relics_obtained":["Anchor"],"max_hp_gain":0,"max_hp_loss":0,"event_name":"WeMeetAgain","floor":14,"gold_loss":0}],"is_beta":false,"boss_relics":[{"not_picked":["Coffee Dripper","Cursed Key"],"picked":"FrozenCore"}],"items_purged_floors":[3],"is_endless":false,"potions_floor_spawned":[1,2,11,18],"killed_by":"3 Cultists","ascension_level":0}}