{"host":"qfskrnw3pl1q86j0","time":1609610654,"event":{"mods":["BaseMod","Block Reminder","Hermit","Marisa????????","Minty Spire (QoL Compilation)","Quick Restart","Random Character Button","Relic Stats","StSLib","The Poker Player","slay the spire mod where everything is the same but ironclad has a cowboy hat"],"gold_per_floor":[112,127,127,202,202,202,53,53,53,53,78,109,130,151,151,276,276,289,18,117,27,45,45,70,70,124,143,80,80,115,133,133,263,263,276,276,22,45,59,59,74,74,99,123,12,31,31,31,31,31],"floor_reached":51,"playtime":1493,"items_purged":["Strike_MRS","Strike_MRS","Strike_MRS","Strike_MRS","Clumsy"],"score":672,"play_id":"a8d6e7d2-e51a-48d1-ad6c-4a6489d5bc71","local_time":"20210102190414","is_ascension_mode":false,"campfire_choices":[{"data":"MasterSpark","floor":6.0,"key":"SMITH"},{"data":"EnergyFlow","floor":8.0,"key":"SMITH"},{"data":"Dramatic Entrance","floor":10.0,"key":"SMITH"},{"data":"SporeBomb","floor":15.0,"key":"SMITH"},{"data":"UpSweep","floor":23,"key":"SMITH"},{"data":"ShootTheMoon","floor":25,"key":"SMITH"},{"data":"AbsoluteMagnitude","floor":29,"key":"SMITH"},{"data":"OortCloud","floor":32,"key":"SMITH"},{"data":"MilkyWay","floor":40,"key":"SMITH"},{"data":"Singularity","floor":42,"key":"SMITH"},{"data":"GrandCross","floor":47,"key":"SMITH"},{"floor":49,"key":"REST"}],"circlet_count":0,"master_deck":["Defend_MRS","Defend_MRS","Defend_MRS","MasterSpark+1","UpSweep+1","Dramatic Entrance+1","SporeBomb+1","EnergyFlow+1","ShootTheMoon+1","Singularity+1","PulseMagic+1","AbsoluteMagnitude+1","GalacticHalo+1","AsteroidBelt+1","OortCloud+1","Acceleration+1","MilkyWay+1","EnergyFlow+1","GrandCross+1"],"relics":["MiniHakkero","Golden Idol","StrikeDummy","Potion Belt","Regal Pillow","Philosopher\u0027s Stone","Membership Card","Lantern","Art of War","Red Mask","Cursed Key","CaptainsWheel","Blood Vial"],"acts_visited":["Exordium","TheCity","TheBeyond"],"potions_floor_usage":[30,30,48,50,50,50,50],"damage_taken":[{"damage":0.0,"enemies":"Cultist","floor":1.0,"turns":2.0},{"damage":1.0,"enemies":"Jaw Worm","floor":2.0,"turns":3.0},{"damage":8.0,"enemies":"3 Sentries","floor":12.0,"turns":5.0},{"damage":0.0,"enemies":"2 Louse","floor":13.0,"turns":1.0},{"damage":2.0,"enemies":"Blue Slaver","floor":14.0,"turns":2.0},{"damage":34.0,"enemies":"The Guardian","floor":16.0,"turns":10.0},{"damage":24,"enemies":"3 Byrds","floor":18,"turns":5},{"damage":0,"enemies":"Shell Parasite","floor":22,"turns":2},{"damage":10,"enemies":"Shelled Parasite and Fungi","floor":24,"turns":4},{"damage":1,"enemies":"Chosen and Byrds","floor":27,"turns":4},{"damage":0,"enemies":"Masked Bandits","floor":30,"turns":2},{"damage":0,"enemies":"Snake Plant","floor":31,"turns":2},{"damage":18,"enemies":"Champ","floor":33,"turns":6},{"damage":0,"enemies":"3 Darklings","floor":35,"turns":5},{"damage":0,"enemies":"3 Shapes","floor":38,"turns":3},{"damage":0,"enemies":"3 Darklings","floor":39,"turns":5},{"damage":22,"enemies":"Writhing Mass","floor":41,"turns":3},{"damage":2,"enemies":"Maw","floor":44,"turns":4},{"damage":0,"enemies":"Transient","floor":46,"turns":5},{"damage":0,"enemies":"Writhing Mass","floor":48,"turns":1},{"damage":15,"enemies":"Donu and Deca","floor":50,"turns":7}],"seed_played":"-5499902749253014510","potions_obtained":[{"floor":1.0,"key":"Swift Potion"},{"floor":12.0,"key":"Fire Potion"},{"floor":13.0,"key":"Dexterity Potion"},{"floor":18,"key":"SteroidPotion"},{"floor":22,"key":"Swift Potion"},{"floor":24,"key":"FearPotion"},{"floor":27,"key":"Weak Potion"},{"floor":41,"key":"SmokeBomb"},{"floor":44,"key":"Weak Potion"}],"is_trial":false,"path_per_floor":["M","M","?","?","?","R","$","R","T","R","T","E","M","M","R","B",null,"M","$","?","?","M","R","M","R","T","M","$","R","?","M","R","B",null,"M","?","$","M","M","R","M","R","T","M","$","M","R","M","R","B",null],"character_chosen":"MARISA","items_purchased":["ShootTheMoon","Membership Card","Lantern","MilkyWay","CaptainsWheel","GrandCross"],"campfire_rested":1,"item_purchase_floors":[7,19,19,37,37,45],"current_hp_per_floor":[75,74,56,45,45,45,45,45,45,45,45,37,37,35,35,1,75,51,51,51,51,51,51,41,41,41,40,40,40,40,40,40,22,75,75,75,75,75,75,75,53,53,53,53,53,55,55,57,75,60],"gold":31,"neow_bonus":"RANDOM_COLORLESS","is_daily":false,"chose_seed":false,"campfire_upgraded":11,"win_rate":0.0,"timestamp":1609610654,"path_taken":["M","M","?","?","?","R","$","R","T","R","?","E","M","?","R","BOSS","M","$","?","?","M","R","M","R","T","?","$","R","?","M","R","BOSS","M","?","?","M","M","R","M","R","T","M","$","?","R","M","R","BOSS"],"items_purchased_type":["Card","Relic","Relic","Card","Relic","Card"],"build_version":"2020-12-22","purchased_purges":5,"victory":true,"max_hp_per_floor":[75,75,75,75,75,75,75,75,75,75,75,75,75,75,75,75,75,75,75,75,75,75,75,75,75,75,75,75,75,75,75,75,75,75,75,75,75,75,75,75,75,75,75,75,75,75,75,75,75,75],"relic_stats":{"Blood Vial":6,"Regal Pillow":0,"counters":[21,81],"Golden Idol":143,"Art of War":[8],"Cursed Key":1,"obtain_stats":[{"Potion Belt":11,"Regal Pillow":12,"Lantern":19,"Golden Idol":3,"Cursed Key":34,"Blood Vial":43,"CaptainsWheel":37,"Philosopher\u0027s Stone":17,"Art of War":26,"Red Mask":30,"MiniHakkero":0,"Membership Card":19,"StrikeDummy":9},{"Potion Belt":2,"Regal Pillow":3,"Lantern":7,"Golden Idol":2,"Cursed Key":13,"Blood Vial":17,"CaptainsWheel":14,"Philosopher\u0027s Stone":6,"Art of War":9,"Red Mask":11,"MiniHakkero":0,"Membership Card":7,"StrikeDummy":2},{"Potion Belt":5,"Regal Pillow":10,"Lantern":28,"Golden Idol":5,"Cursed Key":48,"Blood Vial":64,"CaptainsWheel":53,"Philosopher\u0027s Stone":23,"Art of War":34,"Red Mask":40,"MiniHakkero":0,"Membership Card":28,"StrikeDummy":5}]},"card_choices":[{"not_picked":["Forethought","Jack Of All Trades"],"picked":"Dramatic Entrance","floor":0.0},{"not_picked":["LuminesStrike","GasGiant"],"picked":"SporeBomb","floor":1.0},{"not_picked":["Acceleration","GravityBeat"],"picked":"EnergyFlow","floor":2.0},{"not_picked":["6A","IllusionStar","WitchLeyline"],"picked":"SKIP","floor":12.0},{"not_picked":["OneTimeOff","PowerUp"],"picked":"Singularity","floor":13.0},{"not_picked":["Occultation","AsteroidBelt"],"picked":"PulseMagic","floor":14.0},{"not_picked":["FinalSpark","TreasureHunter"],"picked":"AbsoluteMagnitude","floor":16.0},{"not_picked":["MachineGunSpark","MysteriousBeam+1"],"picked":"GalacticHalo","floor":18},{"not_picked":["UnstableBomb","ShootingEcho","Acceleration"],"picked":"SKIP","floor":22},{"not_picked":["SuperPerseids+1","EventHorizon"],"picked":"AsteroidBelt+1","floor":24},{"not_picked":["WitchOfGreed+1","FairyDestructionRay","AsteroidBelt"],"picked":"SKIP","floor":27},{"not_picked":["UnstableBomb+1","WitchLeyline"],"picked":"OortCloud","floor":31},{"not_picked":["MeteoricShower+1","IllusionStar","Acceleration+1"],"picked":"SKIP","floor":35},{"not_picked":["MeteoricShower+1","IllusionStar"],"picked":"Acceleration+1","floor":35},{"not_picked":["MysteriousBeam+1","IllusionStar+1","6A"],"picked":"SKIP","floor":38},{"not_picked":["UnstableBomb","LuminesStrike+1","ShootingEcho"],"picked":"SKIP","floor":39},{"not_picked":["SporeBomb+1","RefractionSpark+1"],"picked":"EnergyFlow+1","floor":41},{"not_picked":["UnstableBomb","LuminesStrike+1","SuperPerseids"],"picked":"SKIP","floor":44},{"not_picked":["GalacticHalo+1","GasGiant+1","MysteriousBeam+1"],"picked":"SKIP","floor":46}],"player_experience":904859,"relics_obtained":[{"floor":9.0,"key":"StrikeDummy"},{"floor":11.0,"key":"Potion Belt"},{"floor":12.0,"key":"Regal Pillow"},{"floor":26,"key":"Art of War"},{"floor":30,"key":"Red Mask"},{"floor":43,"key":"Blood Vial"}],"event_choices":[{"damage_healed":0.0,"max_hp_gain":0.0,"max_hp_loss":0.0,"gold_gain":0.0,"event_name":"Golden Idol","player_choice":"Take Damage","floor":3.0,"gold_loss":0.0,"damage_taken":18.0,"relics_obtained":["Golden Idol"]},{"damage_healed":0.0,"max_hp_gain":0.0,"max_hp_loss":0.0,"gold_gain":75.0,"event_name":"World of Goop","player_choice":"Gather Gold","floor":4.0,"gold_loss":0.0,"damage_taken":11.0},{"damage_healed":0.0,"max_hp_gain":0.0,"max_hp_loss":0.0,"gold_gain":0.0,"event_name":"Shining Light","player_choice":"Ignored","floor":5.0,"gold_loss":0.0,"damage_taken":0.0},{"damage_healed":0,"gold_gain":99,"player_choice":"Stole From Cult","damage_taken":0,"max_hp_gain":0,"max_hp_loss":0,"event_name":"Nest","floor":20,"gold_loss":0},{"cards_removed":["Defend_MRS"],"damage_healed":0,"gold_gain":0,"player_choice":"Upgrade and Remove","damage_taken":0,"max_hp_gain":0,"max_hp_loss":0,"event_name":"Designer","floor":21,"gold_loss":90,"cards_upgraded":["PulseMagic"]},{"damage_healed":0,"gold_gain":0,"player_choice":"Fought Bandits","damage_taken":0,"max_hp_gain":0,"max_hp_loss":0,"event_name":"Masked Bandits","floor":30,"gold_loss":0},{"damage_healed":0,"gold_gain":0,"player_choice":"Forge","damage_taken":0,"max_hp_gain":0,"max_hp_loss":0,"event_name":"Accursed Blacksmith","floor":36,"gold_loss":0,"cards_upgraded":["GalacticHalo"]}],"is_beta":false,"boss_relics":[{"not_picked":["Runic Pyramid","Runic Dome"],"picked":"Philosopher\u0027s Stone"},{"not_picked":["BewitchedHakkero","Velvet Choker"],"picked":"Cursed Key"}],"items_purged_floors":[7,19,28,37,45],"is_endless":false,"potions_floor_spawned":[1,12,13,18,22,24,27,41,44,48],"ascension_level":0}}