{"host":"792mtbovsoa03nb3","time":1609560052,"event":{"mods":["BaseMod","Colored Map","Curses Come First","Dota2Spire","Downfall","Ekko","Evolution","Hubris","Infinite Spire","Minty Spire (QoL Compilation)","Replay The Spire","Spicy Shops","StSLib","The Blue Laboratory","The Jungle","??????REMEMod"],"gold_per_floor":[116,133,147,147,163,163,196,196,196,196,196,214,67,81,81,186,186,204,204,204,303,327,355,355,366,391,408,427,442,452,464,464,565,565,584,584,598,613,438,456,488,42,42,42,42,72,72,82,82,82,82,82,33,33,33],"floor_reached":54,"playtime":1920,"items_purged":["Sword Boomerang"],"score":796,"play_id":"bb97218d-d955-465e-941e-a2af24684f6b","local_time":"20210101200052","is_ascension_mode":false,"campfire_choices":[{"data":"Slimebound:DuplicatedForm","floor":6,"key":"SMITH"},{"data":"ReplayTheSpireMod:Corrosion Curse","floor":11,"key":"SMITH"},{"data":"Replay:Undeath\u0027s Touch","floor":15,"key":"SMITH"},{"data":"Defy Death","floor":32,"key":"SMITH"},{"data":"REME_Cut","floor":44,"key":"SMITH"},{"data":"Reaper","floor":47,"key":"SMITH"},{"floor":49,"key":"RECALL"},{"data":"REME_Cut","floor":52,"key":"SMITH"}],"circlet_count":0,"master_deck":["Sword Boomerang","Sword Boomerang","Sword Boomerang","Shrug It Off","Defend_R","Defend_R","Bash","Defy Death+1","Slimebound:DuplicatedForm+1","ReplayTheSpireMod:Corrosion Curse+1","Replay:Undeath\u0027s Touch+1","Immolate","Pommel Strike+1","Shrug It Off","Cleave","REME_TheLastStrike","Reaper+1","REME_Cut+1","REME_Cut+1","hubris:Greed","Pommel Strike","hubris:Greed"],"relics":["Burning Blood","EVO:Axolotl","REME_ComplimentaryCards","ReplayTheSpireMod:TigerMarble","Turnip","hubris:Towel","Boot","REME_PuzzleBoxRelic","Busted Crown","Black Blood","Dota2Spire:Butterfly","Toy Ornithopter","Ring of Chaos","Shuriken","Bronze Scales","hubris:CuriousFeather","Mummified Hand","hubris:ChampionShield"],"acts_visited":["Exordium","TheCity","TheBeyond","TheEnding"],"potions_floor_usage":[46,46],"damage_taken":[{"damage":10,"enemies":"Small Slimes","floor":1,"turns":2},{"damage":7,"enemies":"2 Louse","floor":2,"turns":2},{"damage":3,"enemies":"Jaw Worm","floor":3,"turns":3},{"damage":8,"enemies":"Blue Slaver","floor":5,"turns":3},{"damage":19,"enemies":"Lagavulin","floor":7,"turns":4},{"damage":0,"enemies":"Looter","floor":12,"turns":1},{"damage":0,"enemies":"Red Slaver","floor":14,"turns":1},{"damage":19,"enemies":"Slime Boss","floor":16,"turns":3},{"damage":61,"enemies":"Shell Parasite","floor":18,"turns":3},{"damage":0,"enemies":"Book of Stabbing","floor":23,"turns":1},{"damage":0,"enemies":"Spheric Guardian","floor":25,"turns":3},{"damage":21,"enemies":"Centurion and Healer","floor":27,"turns":4},{"damage":3,"enemies":"3 Cultists","floor":28,"turns":3},{"damage":17,"enemies":"Chosen and Byrds","floor":29,"turns":3},{"damage":5,"enemies":"Snecko","floor":30,"turns":2},{"damage":21,"enemies":"Sentry and Sphere","floor":31,"turns":3},{"damage":41,"enemies":"Collector","floor":33,"turns":4},{"damage":45,"enemies":"3 Darklings","floor":35,"turns":4},{"damage":13,"enemies":"3 Shapes","floor":37,"turns":2},{"damage":17,"enemies":"3 Darklings","floor":38,"turns":3},{"damage":25,"enemies":"Sphere and 2 Shapes","floor":40,"turns":3},{"damage":41,"enemies":"Giant Head","floor":41,"turns":7},{"damage":68,"enemies":"Nightmare","floor":46,"turns":5},{"damage":15,"enemies":"Transient","floor":48,"turns":5},{"damage":55,"enemies":"hubris:GrandSnecko","floor":50,"turns":5},{"damage":108,"enemies":"Shield and Spear","floor":54,"turns":3}],"seed_played":"-7814479329732173483","potions_obtained":[{"floor":2,"key":"Guardian:BlockOnCardUsePotion"},{"floor":5,"key":"SpeedPotion"},{"floor":7,"key":"blueLaboratory:BubblePotion"}],"is_trial":false,"path_per_floor":["M","M","M","?","M","R","E","?","T","?","R","M","$","M","R","B",null,"M","?","AVR","?","T","E","?","M","T","M","M","M","M","M","R","B",null,"M","?","M","M","$","M","E","$","T","R","?","NM","R","M","R","B",null,"R","$","E"],"character_chosen":"IRONCLAD","items_purchased":["REME_PuzzleBoxRelic","Reaper","REME_Cut","Bronze Scales","hubris:CuriousFeather","REME_Cut","Pommel Strike"],"campfire_rested":0,"item_purchase_floors":[13,39,39,42,42,42,53],"current_hp_per_floor":[52,51,54,54,52,52,62,62,62,62,62,68,68,74,74,76,80,55,55,55,55,55,73,73,80,80,80,80,82,84,84,84,80,84,72,72,77,78,78,84,81,81,81,81,81,57,57,74,74,52,84,84,84,0,0],"gold":33,"neow_bonus":"REMOVE_TWO","is_daily":false,"chose_seed":false,"campfire_upgraded":7,"win_rate":0.0,"timestamp":1609560052,"path_taken":["M","M","M","?","M","R","E","?","T","?","R","M","$","M","R","BOSS","M","?","AVR","?","?","E","?","M","T","M","M","M","?","M","R","BOSS","M","?","M","M","$","M","E","?","T","R","?","NM","R","M","R","BOSS","R","$","E"],"items_purchased_type":["Relic","Card","Card","Relic","Relic","Card","Card"],"build_version":"2020-12-22","purchased_purges":1,"victory":false,"max_hp_per_floor":[80,80,80,80,80,80,80,80,80,80,80,80,80,80,80,80,80,80,80,80,80,80,80,80,80,80,80,80,82,84,84,84,84,84,84,84,84,84,84,84,84,84,84,84,84,84,84,84,84,84,84,84,84,84,84],"card_choices":[{"not_picked":["Abandon","ReplayTheSpireMod:Stacked"],"picked":"Defy Death","floor":1},{"not_picked":["Havoc","Dark Embrace","Anger"],"picked":"SKIP","floor":2},{"not_picked":["Whirlwind","Anger"],"picked":"ReplayTheSpireMod:Corrosion Curse","floor":3},{"not_picked":["Thunderclap","Warcry","REME_SingleHolding"],"picked":"SKIP","floor":5},{"not_picked":["Massacre","Run Through"],"picked":"Replay:Undeath\u0027s Touch","floor":7},{"not_picked":["True Grit","Anger","Cleave"],"picked":"SKIP","floor":12},{"not_picked":["Dark Embrace","ReplayTheSpireMod:Strike From Hell","True Grit"],"picked":"SKIP","floor":14},{"not_picked":["Eclipse","REME_Fury"],"picked":"Immolate","floor":16},{"not_picked":[],"picked":"Pommel Strike+1","floor":18},{"not_picked":[],"picked":"Shrug It Off","floor":23},{"not_picked":[],"picked":"Cleave","floor":25},{"not_picked":["Cleave"],"picked":"SKIP","floor":27},{"not_picked":["Barricade"],"picked":"SKIP","floor":28},{"not_picked":["ReplayTheSpireMod:Strike From Hell"],"picked":"SKIP","floor":29},{"not_picked":["Carnage+1"],"picked":"SKIP","floor":30},{"not_picked":["Wild Strike"],"picked":"SKIP","floor":31},{"not_picked":[],"picked":"REME_TheLastStrike","floor":33},{"not_picked":["Flex"],"picked":"SKIP","floor":35},{"not_picked":["Anger+1"],"picked":"SKIP","floor":37},{"not_picked":["Shrug It Off"],"picked":"SKIP","floor":38},{"not_picked":["hubris:ReadiedAction"],"picked":"SKIP","floor":40},{"not_picked":["hubris:SharpeningStone+1"],"picked":"SKIP","floor":41},{"not_picked":["Twin Strike+1"],"picked":"SKIP","floor":46},{"not_picked":["Entrench"],"picked":"SKIP","floor":48}],"player_experience":834156,"relics_obtained":[{"floor":7,"key":"Turnip"},{"floor":9,"key":"Boot"},{"floor":23,"key":"Dota2Spire:Butterfly"},{"floor":26,"key":"Toy Ornithopter"},{"floor":41,"key":"Shuriken"},{"floor":43,"key":"Mummified Hand"},{"floor":46,"key":"hubris:ChampionShield"}],"event_choices":[{"damage_healed":0,"gold_gain":0,"player_choice":"Box","damage_taken":0,"relics_obtained":["ReplayTheSpireMod:TigerMarble"],"max_hp_gain":0,"max_hp_loss":0,"event_name":"Big Fish","floor":4,"gold_loss":0,"cards_obtained":["Regret"]},{"damage_healed":0,"gold_gain":99,"player_choice":"Stole From Cult","damage_taken":0,"max_hp_gain":0,"max_hp_loss":0,"event_name":"Nest","floor":21,"gold_loss":0},{"damage_healed":0,"gold_gain":0,"player_choice":"Bought 0 Potions","damage_taken":0,"max_hp_gain":0,"max_hp_loss":0,"event_name":"The Woman in Blue","floor":24,"gold_loss":0},{"cards_removed":["Regret"],"damage_healed":0,"gold_gain":0,"player_choice":"Removed Curses","damage_taken":0,"max_hp_gain":0,"max_hp_loss":0,"event_name":"Fountain of Cleansing","floor":36,"gold_loss":0},{"damage_healed":0,"gold_gain":0,"player_choice":"Memory 1","damage_taken":0,"max_hp_gain":0,"max_hp_loss":0,"event_name":"SensoryStone","floor":45,"gold_loss":0}],"is_beta":false,"boss_relics":[{"not_picked":["Sozu","ReplayTheSpireMod:DimensionalGlitch"],"picked":"Busted Crown"},{"not_picked":["Philosopher\u0027s Stone","Empty Cage"],"picked":"Ring of Chaos"}],"items_purged_floors":[42],"is_endless":false,"potions_floor_spawned":[2,5,7,12,23,25,27,30,31,37,40],"killed_by":"Shield and Spear","ascension_level":0}}