{"host":"0azimyi6n3ugndj4","time":1609620099,"event":{"mods":["2.2 Compatiblity","BaseMod","Bestiary","Conspire","Curses Come First","Defuse TimeMaze Blight","Hermit","Hyrulean Relics","Infinite Spire","Minty Spire (QoL Compilation)","Relic Stats","Replay The Spire","StSLib","SuperFastMode","The Cursed","Uncapped","¡¼?Úª?ø«¡½REMEMod"],"gold_per_floor":[135,60,60,60,210,291,291,291,291],"floor_reached":8,"playtime":169,"items_purged":[],"score":179,"play_id":"2af46aa2-f752-491d-9c0b-70298fbd8306","local_time":"20210103054139","daily_mods":["SealedDeck","Insanity","Chimera","Specialized","Vintage","ControlledChaos","Allstar","Diverse","Colorless Cards","Heirloom","Time Dilation","Flight","Elite Swarm","Lethality","Midas","Binary"],"is_ascension_mode":true,"campfire_choices":[],"circlet_count":0,"master_deck":["Demon Form","Wraith Form v2","Echo Form","DevaForm","AscendersBane","Bash","Survivor","Zap","Strike_R","Strike_G","Strike_B","Defend_R","Defend_G","Defend_P","hermit:Ricochet","ReplayTheSpireMod:Scrap Shanks","Ball Lightning","Pommel Strike","TheCursedMod:SurpriseAttack","Warcry","Crescendo","Stack","Leap","Blood for Blood","hermit:Vantage","Leap","hermit:Headshot","Halt","Prostrate","Clothesline","hermit:Ricochet","hermit:GhostlyPresence","Wild Strike","Backflip","TheCursedMod:CircleOfAmplification","Gash","REME_Whirling","TheCursedMod:SmokeScreen","hermit:ShadowCloak","Tactician","TheCursedMod:WearCloak","TheCursedMod:SmokeScreen","Hologram","REME_Cut","hermit:Glare","Iron Wave","TheCursedMod:DoubleShield","Consecrate","Clash","Dark Embrace","TheCursedMod:DoubleShield","Replay:BluntJabs","Scrape","TalkToTheHand","hermit:Ricochet","Consecrate","Cloak And Dagger","Replay:AtTheReady","JustLucky","Dark Embrace","Armaments","Quick Slash","hermit:WideOpen","Run Through","Electrodynamics","Electrodynamics","Electrodynamics","Electrodynamics","Electrodynamics","TheCursedMod:Wield","Power Through","ReplayTheSpireMod:The Works","Flying Knee","Warcry","TheCursedMod:FleshFromBone","ClearTheMind","hermit:TrackingShot","hermit:Deadeye","Consecrate","Doppelganger","Doubt"],"relics":["Ring of the Snake","Frozen Eye","Busted Crown","REME_ComplimentaryCards","Counterbalance","infinitespire:Lucky Rock","zeldaRelics:CourageTriforce"],"acts_visited":["Exordium"],"potions_floor_usage":[8],"damage_taken":[{"damage":5.0,"enemies":"Jaw Worm","floor":1.0,"turns":3.0},{"damage":38,"enemies":"3 Sentries","floor":6,"turns":5},{"damage":30,"enemies":"Lagavulin","floor":8,"turns":3}],"seed_played":"4163218776960011986","potions_obtained":[{"floor":1.0,"key":"ColorlessPotion"}],"is_trial":true,"path_per_floor":["M","?","T","$","?","E","T","E"],"character_chosen":"THE_SILENT","items_purchased":[],"campfire_rested":0,"item_purchase_floors":[],"current_hp_per_floor":[54,54,54,54,54,16,16,0,0],"gold":291,"neow_bonus":"","is_daily":false,"chose_seed":false,"campfire_upgraded":0,"win_rate":0.0,"timestamp":1609620099,"path_taken":["M","?","?","?","?","E","?","E"],"items_purchased_type":[],"build_version":"2020-12-22","purchased_purges":0,"victory":false,"max_hp_per_floor":[66,66,66,66,66,66,66,66,66],"relic_stats":{"Busted Crown":2,"counters":[3,11],"obtain_stats":[{"Frozen Eye":0,"Busted Crown":0,"Counterbalance":0,"zeldaRelics:CouragePiece":3,"infinitespire:Lucky Rock":1,"zeldaRelics:CourageTriforce":7,"Ring of the Snake":0,"REME_ComplimentaryCards":0},{"Frozen Eye":0,"Busted Crown":0,"Counterbalance":0,"zeldaRelics:CouragePiece":1,"infinitespire:Lucky Rock":1,"zeldaRelics:CourageTriforce":2,"Ring of the Snake":0,"REME_ComplimentaryCards":0},{"Frozen Eye":0,"Busted Crown":0,"Counterbalance":0,"zeldaRelics:CouragePiece":3,"infinitespire:Lucky Rock":3,"zeldaRelics:CourageTriforce":8,"Ring of the Snake":0,"REME_ComplimentaryCards":0}],"Ring of the Snake":[6]},"card_choices":[],"player_experience":1508163,"relics_obtained":[{"floor":1.0,"key":"infinitespire:Lucky Rock"},{"floor":3.0,"key":"zeldaRelics:CouragePiece"},{"floor":6,"key":"zeldaRelics:CouragePiece"},{"floor":7,"key":"zeldaRelics:CouragePiece"}],"event_choices":[{"cards_removed":["Eruption"],"damage_healed":0.0,"max_hp_gain":0.0,"max_hp_loss":0.0,"gold_gain":0.0,"event_name":"The Cleric","player_choice":"Card Removal","floor":2.0,"gold_loss":75.0,"damage_taken":0.0},{"damage_healed":0.0,"max_hp_gain":0.0,"max_hp_loss":0.0,"gold_gain":150.0,"event_name":"Liars Game","player_choice":"AGREE","floor":5.0,"gold_loss":0.0,"damage_taken":0.0,"cards_obtained":["Doubt"]}],"is_beta":false,"boss_relics":[],"items_purged_floors":[],"is_endless":false,"potions_floor_spawned":[1],"killed_by":"Lagavulin","ascension_level":20}}