{"host":"9rplp4stncpaeegj","time":1609574856,"event":{"mods":["AchievementEnabler","BaseMod","Best Route Mod","Colored Map","Evolution","Highlight Path","Keyboard Shortcuts","Minty Spire (QoL Compilation)","Shop Mod","StSLib","The Animator"],"gold_per_floor":[118,98,23,52,66,66,66,66],"floor_reached":7,"playtime":293,"items_purged":["animator:Strike"],"score":82,"play_id":"2d189429-3724-4369-a7d4-88af0a682243","local_time":"20210102090736","is_ascension_mode":true,"campfire_choices":[{"data":"animator:Aqua","floor":6,"key":"SMITH"}],"circlet_count":0,"master_deck":["AscendersBane","animator:Strike_Konosuba","animator:Defend_Konosuba","animator:Strike","animator:Strike","animator:Defend","animator:Defend","animator:Defend","animator:Kazuma","animator:Aqua+1","animator:Verdia"],"relics":["animator:LivingPicture","animator:TheMissingPiece","EVO:Axolotl","NeowsBlessing"],"acts_visited":["Exordium"],"potions_floor_usage":[7,7],"damage_taken":[{"damage":0,"enemies":"Small Slimes","floor":1,"turns":1},{"damage":0,"enemies":"Cultist","floor":4,"turns":1},{"damage":0,"enemies":"Jaw Worm","floor":5,"turns":1},{"damage":96,"enemies":"Gremlin Nob","floor":7,"turns":6}],"seed_played":"-1274419218318531664","potions_obtained":[{"floor":1,"key":"ColorlessPotion"},{"floor":2,"key":"FearPotion"},{"floor":5,"key":"Weak Potion"}],"is_trial":false,"path_per_floor":["M","?","$","M","M","R","E"],"character_chosen":"THE_ANIMATOR","items_purchased":[],"campfire_rested":0,"item_purchase_floors":[],"current_hp_per_floor":[56,56,56,56,56,56,0,0],"gold":66,"neow_bonus":"THREE_ENEMY_KILL","is_daily":false,"chose_seed":false,"campfire_upgraded":1,"win_rate":0.0,"timestamp":1609574856,"path_taken":["M","?","$","?","M","R","E"],"items_purchased_type":[],"build_version":"2020-12-22","purchased_purges":1,"victory":false,"max_hp_per_floor":[60,60,60,60,60,60,60,60],"card_choices":[{"not_picked":["animator:TukaLunaMarceau","animator:Gillette","animator:AcuraTooru"],"picked":"SKIP","floor":1},{"not_picked":["animator:MetalKnight","animator:Tyuule"],"picked":"animator:Verdia","floor":4},{"not_picked":["animator:Shion","animator:AcuraTooru","animator:Sloth"],"picked":"SKIP","floor":5},{"not_picked":["animator:Shion","animator:AcuraTooru","animator:Sloth"],"picked":"SKIP","floor":5}],"player_experience":131192,"relics_obtained":[],"event_choices":[{"damage_healed":0,"gold_gain":0,"player_choice":"Bought 1 Potion","damage_taken":0,"max_hp_gain":0,"max_hp_loss":0,"event_name":"The Woman in Blue","floor":2,"gold_loss":0}],"is_beta":false,"boss_relics":[],"items_purged_floors":[3],"is_endless":false,"potions_floor_spawned":[1,5],"killed_by":"Gremlin Nob","ascension_level":20}}