{"host":"kq2g769nefmuyn7c","time":1609605292,"event":{"mods":["ATMod(°¢èªMod)","Act Like it!","BaseMod","Chen","Gensokyo","Minty Spire (QoL Compilation)","Remilia£¨ÀÙÃ×ÀòÑÇ£©","Replay The Spire","StSLib"],"gold_per_floor":[118,118,134,234,314,342,342,377,377,396,396,115,135,148,148,243,243,261,55,305,316,332,362,379,412,412,451,463,502,514,526,538,649,661,683,711,742,815,839,903,915,962,974,986,998,1042,1054,1079,1091,1103,1115,1127,201,232,232],"floor_reached":56,"playtime":4089,"items_purged":["Strike_RM","Strike_RM","Pot Of Greed"],"score":2061,"play_id":"f37fa4fd-d806-43c2-a8b6-d639ee03c7f4","local_time":"20210103003452","is_ascension_mode":true,"campfire_choices":[{"data":"AT_FamilyPortrait","floor":7.0,"key":"SMITH"},{"data":"GlobalNightmare","floor":15.0,"key":"SMITH"},{"data":"ScarletMeister","floor":30.0,"key":"SMITH"},{"data":"ScarletGensokyo","floor":32.0,"key":"SMITH"},{"data":"Master of Strategy","floor":41.0,"key":"SMITH"},{"floor":49.0,"key":"RECALL"},{"data":"TricksterDevil","floor":52.0,"key":"SMITH"}],"circlet_count":0,"master_deck":["Defend_RM","Defend_RM","Defend_RM","RedMoon","ScarletShoot","AT_FamilyPortrait+1","BloodAndWine","Maim","ReincarnationDial","BadLadyScramble","ScarletNetherworld","MillenniumVampire","UnderTheZenith","MastersStateliness","Master of Strategy+1","Blind","NightDance","BombardNight","GlobalNightmare+1","Ultimatum+1","ScarletMeister+1","VampireClaw+1","BlasphemousPunishment+1","Shame","UnderTheZenith+1","RedRainbow","ScarletDream+1","DevilSight+1","DiffusionOfMisfortune+1","VampireFantasy+1","BloodyMagicSquare+1","Stigmanizer+1","Reinforced Body","ScarletGensokyo+1","EquivalentExchange","BloodAndWine+1","ScarletDevilSign+1","UnstableMagic+1","EmergencyRegeneration+1","VampireFantasy","VampireKiss+1","TricksterDevil+1","VampireKiss","Pot Of Greed+1","Pot Of Greed+1","Pot Of Greed+1","BloodySeventeenLaser","Mayhem+1","BloodyCatastrophe","NightLord+1"],"relics":["ScarletHat","AT_ATBox","Pear","Snack Pack","RedBat","BargainBundle","Black Star","ReplayTheSpireMod:CursedCoin","Question Card","ReplayTheSpireMod:TigerMarble","AT_ArcaneBoots","Mirror","Replay:Accelerometer","Ornamental Fan","MawBank","Unceasing Top","Bottled Tornado","ReplayTheSpireMod:Shallot","PreservedInsect","ScarletEmblem","MealTicket","AT_DeathDance","Juzu Bracelet","AT_ChloranthyRing","Replay:Bottled Steam","Frozen Egg 2","Grinning Jar","AT_GuinsooRageblade","Whetstone","HandDrill","Replay:Bottled Eggs","AT_EbonyIvory"],"acts_visited":["Gensokyo:Gensokyo","Gensokyo:Gensokyoer","Gensokyo:Gensokyoest","TheEnding"],"potions_floor_usage":[55,55,55],"damage_taken":[{"damage":4.0,"enemies":"Gensokyo:2_Kodama","floor":1.0,"turns":3.0},{"damage":0.0,"enemies":"Gensokyo:Gryphon","floor":3.0,"turns":5.0},{"damage":12.0,"enemies":"Gensokyo:Cirno","floor":6.0,"turns":6.0},{"damage":14.0,"enemies":"Gensokyo:Aya","floor":8.0,"turns":7.0},{"damage":0.0,"enemies":"Gensokyo:3_Fairies","floor":10.0,"turns":3.0},{"damage":0.0,"enemies":"Gensokyo:Python_and_Kodama","floor":13.0,"turns":6.0},{"damage":5.0,"enemies":"Gensokyo:Gryphon_and_Rabbit","floor":14.0,"turns":5.0},{"damage":0.0,"enemies":"Gensokyo:Kokoro","floor":16.0,"turns":11.0},{"damage":13.0,"enemies":"Gensokyo:Chomper","floor":18.0,"turns":6.0},{"damage":27.0,"enemies":"Gensokyo:AngelMirror","floor":21.0,"turns":4.0},{"damage":37.0,"enemies":"Gensokyo:Slime_Group","floor":22.0,"turns":5.0},{"damage":34.0,"enemies":"Gensokyo:Tenshi","floor":23.0,"turns":5.0},{"damage":37.0,"enemies":"Gensokyo:3_Gloops","floor":24.0,"turns":7.0},{"damage":10.0,"enemies":"Gensokyo:Koishi","floor":25.0,"turns":7.0},{"damage":31.0,"enemies":"Gensokyo:Reisen","floor":27.0,"turns":4.0},{"damage":19.0,"enemies":"Gensokyo:Koishi","floor":29.0,"turns":2.0},{"damage":18.0,"enemies":"Gensokyo:Kaguya","floor":33.0,"turns":6.0},{"damage":34.0,"enemies":"Gensokyo:3_Bats","floor":35.0,"turns":3.0},{"damage":17.0,"enemies":"Gensokyo:3_Boulders","floor":36.0,"turns":4.0},{"damage":27.0,"enemies":"Gensokyo:Rafflesia","floor":37.0,"turns":3.0},{"damage":0.0,"enemies":"Gensokyo:Dusk_and_Dawn","floor":39.0,"turns":4.0},{"damage":17.0,"enemies":"Gensokyo:Doremy","floor":40.0,"turns":1.0},{"damage":55.0,"enemies":"Gensokyo:Kasen","floor":42.0,"turns":11.0},{"damage":32.0,"enemies":"Gensokyo:Marisa","floor":46.0,"turns":2.0},{"damage":4.0,"enemies":"Gensokyo:SeedOfUnknown","floor":48.0,"turns":4.0},{"damage":128.0,"enemies":"Gensokyo:Scarlet_Devils","floor":50.0,"turns":4.0},{"damage":47.0,"enemies":"Shield and Spear","floor":54.0,"turns":3.0},{"damage":130,"enemies":"The Heart","floor":55,"turns":5}],"seed_played":"-3857772222602585243","potions_obtained":[{"floor":21.0,"key":"Energy Potion"},{"floor":23.0,"key":"Elixir"},{"floor":25.0,"key":"LifebloodPotion"},{"floor":48.0,"key":"PowerPotion"}],"is_trial":false,"path_per_floor":["M","?","M","?","?","E","R","E","T","M","?","$","M","M","R","B",null,"M","$","?","M","M","E","M","E","T","E","?","E","R","?","R","B",null,"M","M","M","?","M","E","R","E","T","?","?","E","R","M","R","B",null,"R","$","E","B",null],"character_chosen":"REMILIA","items_purchased":["BargainBundle","DuplicationPotion","Dexterity Potion","Strength Potion","MillenniumVampire","UnderTheZenith","MastersStateliness","Master of Strategy","Blind","NightDance","BombardNight","ReplayTheSpireMod:CursedCoin","Question Card","AT_GuinsooRageblade","Whetstone","BloodySeventeenLaser","Mayhem+1","HandDrill"],"campfire_rested":0,"item_purchase_floors":[12,12,12,12,12,12,12,12,12,12,12,19,19,53,53,53,53,53],"current_hp_per_floor":[64,51,62,62,62,60,60,52,52,60,60,60,68,76,76,78,78,77,77,74,57,47,34,20,42,42,38,38,36,36,36,36,25,62,33,34,22,4,28,26,26,64,64,64,64,43,43,74,74,74,74,74,74,55,58],"gold":232,"neow_bonus":"THREE_RARE_CARDS","is_daily":false,"chose_seed":false,"campfire_upgraded":6,"win_rate":0.0,"timestamp":1609605292,"path_taken":["M","?","M","?","?","E","R","E","T","M","?","$","?","M","R","BOSS","M","$","?","M","M","E","M","E","T","E","?","E","R","?","R","BOSS","M","M","M","?","M","E","R","E","T","?","?","E","R","M","R","BOSS","R","$","E","BOSS"],"items_purchased_type":["Relic","Potion","Potion","Potion","Card","Card","Card","Card","Card","Card","Card","Relic","Relic","Relic","Relic","Card","Card","Relic"],"build_version":"2020-12-22","purchased_purges":3,"victory":true,"max_hp_per_floor":[68,68,68,68,68,78,78,78,78,78,78,78,78,78,78,78,78,78,78,74,74,74,74,74,74,74,74,74,74,74,74,74,74,74,74,74,74,74,74,74,74,74,74,74,74,74,74,74,74,74,74,74,74,78,78],"card_choices":[{"not_picked":["ScarletMeister","TricksterDevil"],"picked":"TransientEternity","floor":0.0},{"not_picked":["FavorOfDestiny","ScarletImprint"],"picked":"BloodAndWine","floor":1.0},{"not_picked":["RedMagic","EmergencyRegeneration"],"picked":"Maim","floor":3.0},{"not_picked":["VampireFantasy","RedRainbow"],"picked":"ReincarnationDial","floor":6.0},{"not_picked":["CharismaGuard","BloodyMagicSquare"],"picked":"BadLadyScramble","floor":8.0},{"not_picked":["BloodyMagicSquare","Ultimatum"],"picked":"ScarletNetherworld","floor":10.0},{"not_picked":["BombardNight","UnderTheZenith"],"picked":"GlobalNightmare","floor":13.0},{"not_picked":["EndlessAdversity","Maim"],"picked":"Ultimatum","floor":14.0},{"not_picked":["BatForm","BloodySeventeenLaser"],"picked":"ScarletMeister","floor":16.0},{"not_picked":["CharismaGuard","RedRainbow"],"picked":"VampireClaw","floor":18.0},{"not_picked":["Ultimatum","RedMagic+1"],"picked":"BlasphemousPunishment","floor":18.0},{"not_picked":["RedRainbow","ScarletImprint","SuperhumanBloodyKnife"],"picked":"UnderTheZenith+1","floor":21.0},{"not_picked":["MastersStateliness","UnstableMagic","NightDance+1"],"picked":"RedRainbow","floor":21.0},{"not_picked":["RedNightlessCastle+1","RedRainbow+1","EndlessAdversity"],"picked":"ScarletDream+1","floor":22.0},{"not_picked":["FitfulNightmare","ForbiddenFruit","ScarletDevilSign"],"picked":"DevilSight+1","floor":22.0},{"not_picked":["BloodyTrap","BloodySeventeenLaser","CharismaGuard+1"],"picked":"DiffusionOfMisfortune+1","floor":23.0},{"not_picked":["ScarletDevil","FavorOfDestiny","CharismaGuard"],"picked":"VampireFantasy+1","floor":24.0},{"not_picked":["EndlessAdversity","MastersStateliness","ChainGang"],"picked":"BloodyMagicSquare+1","floor":25.0},{"not_picked":["CurseOfVladTepes","NightDance+1","VampireClaw"],"picked":"Stigmanizer+1","floor":27.0},{"not_picked":["NightDance","ScarletDream+1","CharismaGuard","ScarletImprint"],"picked":"SKIP","floor":29.0},{"not_picked":["MastersStateliness","DevilSight+1","RedRainbow","NightDance"],"picked":"SKIP","floor":29.0},{"not_picked":["KillingBlow","CurseOfVladTepes","ScarletMeister"],"picked":"EquivalentExchange","floor":33.0},{"not_picked":["EndlessAdversity","UnstableMagic","FavorOfDestiny+1","VampireClaw"],"picked":"SKIP","floor":35.0},{"not_picked":["ScarletImprint+1","UnstableMagic","ScarletGensokyo+1","ScarletDream"],"picked":"SKIP","floor":36.0},{"not_picked":["VampireClaw+1","Stigmanizer","BlasphemousPunishment+1"],"picked":"BloodAndWine+1","floor":37.0},{"not_picked":["FitfulNightmare","Stigmanizer","EndlessAdversity"],"picked":"ScarletDevilSign+1","floor":38.0},{"not_picked":["CharismaGuard+1","ScarletDevil+1","Stigmanizer+1"],"picked":"UnstableMagic+1","floor":38.0},{"not_picked":["ScarletImprint+1","UnstableMagic+1","MillenniumVampire"],"picked":"EmergencyRegeneration+1","floor":39.0},{"not_picked":["RedRainbow+1","BloodRain","UnstableMagic"],"picked":"VampireFantasy","floor":40.0},{"not_picked":["Ultimatum","UnderTheZenith","ScarletDevil"],"picked":"VampireKiss+1","floor":42.0},{"not_picked":["Septette","FavorOfDestiny+1","DiffusionOfMisfortune"],"picked":"VampireKiss","floor":46.0},{"not_picked":["ScarletDevil","CharismaGuard+1","RedMagic","VampireFantasy"],"picked":"SKIP","floor":48.0},{"not_picked":["BloodHunter","FavorOfDestiny","NightLord+1","VampireKiss"],"picked":"SKIP","floor":54.0},{"not_picked":["RedRainbow+1","Septette+1","BloodyCatastrophe","BloodHunter+1"],"picked":"SKIP","floor":54.0},{"not_picked":["RedRainbow+1","Septette+1","BloodHunter+1"],"picked":"BloodyCatastrophe","floor":54.0},{"not_picked":["BloodHunter","FavorOfDestiny","VampireKiss"],"picked":"NightLord+1","floor":54.0}],"player_experience":123388,"relics_obtained":[{"floor":6.0,"key":"Pear"},{"floor":8.0,"key":"Snack Pack"},{"floor":9.0,"key":"RedBat"},{"floor":23.0,"key":"ReplayTheSpireMod:TigerMarble"},{"floor":23.0,"key":"AT_SpeedBoots"},{"floor":23.0,"key":"Mirror"},{"floor":25.0,"key":"Replay:Accelerometer"},{"floor":25.0,"key":"Ornamental Fan"},{"floor":26.0,"key":"MawBank"},{"floor":27.0,"key":"Unceasing Top"},{"floor":27.0,"key":"Bottled Tornado"},{"floor":29.0,"key":"ReplayTheSpireMod:Shallot"},{"floor":29.0,"key":"PreservedInsect"},{"floor":38.0,"key":"MealTicket"},{"floor":40.0,"key":"AT_DeathDance"},{"floor":40.0,"key":"Juzu Bracelet"},{"floor":42.0,"key":"AT_ChloranthyRing"},{"floor":42.0,"key":"Replay:Bottled Steam"},{"floor":46.0,"key":"Frozen Egg 2"},{"floor":46.0,"key":"Grinning Jar"},{"floor":54.0,"key":"Replay:Bottled Eggs"},{"floor":54.0,"key":"AT_EbonyIvory"}],"event_choices":[],"is_beta":false,"boss_relics":[{"not_picked":["Fusion Hammer","Runic Pyramid"],"picked":"Black Star"},{"not_picked":["Ring of Chaos","Replay:Grab Bag"],"picked":"ScarletEmblem"}],"items_purged_floors":[12,19,53],"is_endless":false,"potions_floor_spawned":[13,14,16,21,22,25,27,35,37,40,48],"ascension_level":7}}