{"host":"6hzrz31j95f2y1pa","time":1609623037,"event":{"mods":["BaseMod","Colored Map","Downfall","Minty Spire (QoL Compilation)","StSLib"],"gold_per_floor":[199,37,37,52,76,101,126,144,144,164,181,181,181,181],"floor_reached":12,"playtime":459,"items_purged":["hexamod:Defend"],"score":122,"play_id":"9226719a-c511-4601-9a17-15c0ae6183ff","local_time":"20210102163037","is_ascension_mode":true,"campfire_choices":[{"data":"hexamod:Float","floor":1.0,"key":"SMITH"}],"circlet_count":0,"master_deck":["AscendersBane","hexamod:Strike","hexamod:Strike","hexamod:Strike","hexamod:Strike","hexamod:Defend","hexamod:Defend","hexamod:Sear","hexamod:Float+1","hexamod:Hexaguard","hexamod:EmpoweredFlame","hexamod:FifthSeal","hexamod:SecondSeal","hexamod:CatchUp","hexamod:CatchUp","hexamod:FirstSeal","hexamod:FourthSeal","hexamod:SpectersWail","hexamod:GhostShield","hexamod:SixthSeal","hexamod:NightmareGuise","hexamod:ThirdSeal","hexamod:ThermalTransfer"],"relics":["hexamod:SpiritBrand","Tiny Chest"],"acts_visited":["Exordium"],"potions_floor_usage":[12],"damage_taken":[{"damage":0.0,"enemies":"downfall:FleeingMerchant","floor":2.0,"turns":4.0},{"damage":8.0,"enemies":"Jaw Worm","floor":4.0,"turns":5.0},{"damage":0.0,"enemies":"Cultist","floor":5.0,"turns":4.0},{"damage":14.0,"enemies":"2 Louse","floor":6.0,"turns":5.0},{"damage":33.0,"enemies":"Large Slime","floor":8.0,"turns":7.0},{"damage":27.0,"enemies":"Exordium Wildlife","floor":10.0,"turns":6.0},{"damage":1.0,"enemies":"Blue Slaver","floor":11.0,"turns":6.0},{"damage":14,"enemies":"Gremlin Nob","floor":12,"turns":3}],"seed_played":"4773399934922368871","potions_obtained":[{"floor":6.0,"key":"Regen Potion"},{"floor":8.0,"key":"hexamod:EctoCoolerPotion"},{"floor":8.0,"key":"ColorlessPotion"},{"floor":10.0,"key":"SteroidPotion"},{"floor":11.0,"key":"FearPotion"}],"is_trial":false,"path_per_floor":["R","$","?","M","M","M","T","M","?","M","M","E"],"character_chosen":"THE_SPIRIT","items_purchased":["hexamod:EmpoweredFlame"],"campfire_rested":0,"item_purchase_floors":[2],"current_hp_per_floor":[57,57,57,49,49,42,42,31,31,11,10,0,0,0],"gold":181,"neow_bonus":"HUNDRED_GOLD","is_daily":false,"chose_seed":false,"campfire_upgraded":1,"win_rate":0.0,"timestamp":1609623037,"path_taken":["R","$","?","?","M","M","T","M","?","M","M","E"],"items_purchased_type":["Card"],"build_version":"2020-12-22","purchased_purges":1,"victory":false,"max_hp_per_floor":[63,63,63,63,63,63,63,63,63,63,63,63,63,63],"card_choices":[{"not_picked":["hexamod:GhostflameInferno","hexamod:PowerFromBeyond"],"picked":"hexamod:Hexaguard","floor":2.0},{"not_picked":["hexamod:ThirdSeal","hexamod:SixthSeal"],"picked":"hexamod:SecondSeal","floor":4.0},{"not_picked":["hexamod:NightmareStrike","hexamod:GhostShield"],"picked":"hexamod:CatchUp","floor":4.0},{"not_picked":["hexamod:BurningTouch","hexamod:BacktrackSmack"],"picked":"hexamod:CatchUp","floor":5.0},{"not_picked":["hexamod:SecondSeal","hexamod:FourthSeal"],"picked":"hexamod:FirstSeal","floor":5.0},{"not_picked":["hexamod:ThirdSeal","hexamod:SecondSeal"],"picked":"hexamod:FourthSeal","floor":6.0},{"not_picked":["hexamod:NecessarySacrifice","hexamod:StepThrough"],"picked":"hexamod:SpectersWail","floor":6.0},{"not_picked":["hexamod:Firestarter","hexamod:HauntingEcho"],"picked":"hexamod:GhostShield","floor":8.0},{"not_picked":["hexamod:ThirdSeal","hexamod:FirstSeal"],"picked":"hexamod:SixthSeal","floor":8.0},{"not_picked":["hexamod:InspiringFlames","hexamod:BacktrackSmack"],"picked":"hexamod:NightmareGuise","floor":10.0},{"not_picked":["hexamod:SixthSeal","hexamod:FourthSeal","hexamod:FirstSeal"],"picked":"SKIP","floor":10.0},{"not_picked":["hexamod:SixthSeal","hexamod:FirstSeal"],"picked":"hexamod:ThirdSeal","floor":11.0},{"not_picked":["hexamod:DynamicBlow","hexamod:SwordOfDarkness"],"picked":"hexamod:ThermalTransfer","floor":11.0}],"player_experience":1277310,"relics_obtained":[{"floor":7.0,"key":"Tiny Chest"}],"event_choices":[{"damage_healed":0.0,"max_hp_gain":0.0,"max_hp_loss":0.0,"gold_gain":0.0,"cards_transformed":["hexamod:Defend"],"event_name":"Transmorgrifier","player_choice":"Transformed","floor":3.0,"gold_loss":0.0,"damage_taken":0.0,"cards_obtained":["hexamod:FifthSeal"]}],"is_beta":false,"boss_relics":[],"items_purged_floors":[2],"is_endless":false,"potions_floor_spawned":[6,8],"killed_by":"Gremlin Nob","ascension_level":14}}