{"host":"5dk97cf2ubw2v967","time":1609560706,"event":{"mods":["AlwaysNeverKeys","BaseMod","Better Altar","Better Vampires","Block Reminder","Colored Powertips","Downfall","Googly Eyes","Highlight Path","Minty Spire (QoL Compilation)","Permanent Neow","Potion Indicator Mod","Quick Restart","Relic Filter","Relic Stats","Say the Spire","Spicy Shops","StSLib","Waifu the Spire","everything is the same but u backflip on backflip"],"gold_per_floor":[118,136,136,136,136,136,169,169,192,216,232,263,0,21,21,114,114,133,133,55,69,87,131,131,131,131],"floor_reached":25,"playtime":777,"items_purged":[],"score":612,"play_id":"e1fc4483-ad5e-49bd-80f5-78a0bbc507b7","local_time":"20210102041146","is_ascension_mode":true,"campfire_choices":[{"data":"Combust","floor":6.0,"key":"SMITH"},{"data":"Infernal Blade","floor":8.0,"key":"SMITH"},{"data":"Fire Breathing","floor":15.0,"key":"SMITH"},{"floor":24,"key":"REST"}],"circlet_count":0,"master_deck":["AscendersBane","Defend_R","Defend_R","Defend_R","Defend_R","Bash","Feel No Pain","Combust+1","Regret","Infernal Blade+1","Fire Breathing+1","Feel No Pain","Offering","Barricade","Slimebound:Tackle+1","Slimebound:Tackle+1","Slimebound:Tackle+1","Fire Breathing"],"relics":["Burning Blood","NeowsBlessing","Juzu Bracelet","Golden Idol","Mercury Hourglass","Art of War","Singing Bowl","Mummified Hand","Runic Cube","Thread and Needle"],"acts_visited":["Exordium","TheCity"],"potions_floor_usage":[23],"damage_taken":[{"damage":0.0,"enemies":"Jaw Worm","floor":1.0,"turns":1.0},{"damage":0.0,"enemies":"2 Louse","floor":2.0,"turns":1.0},{"damage":1.0,"enemies":"3 Sentries","floor":7.0,"turns":1.0},{"damage":1.0,"enemies":"Small Slimes","floor":10.0,"turns":1.0},{"damage":6.0,"enemies":"Looter","floor":11.0,"turns":3.0},{"damage":9.0,"enemies":"Lagavulin","floor":12.0,"turns":4.0},{"damage":10.0,"enemies":"Gremlin Gang","floor":14.0,"turns":3.0},{"damage":11.0,"enemies":"Slime Boss","floor":16.0,"turns":6.0},{"damage":16.0,"enemies":"3 Byrds","floor":18.0,"turns":3.0},{"damage":13.0,"enemies":"Chosen","floor":21.0,"turns":2.0},{"damage":31,"enemies":"Snake Plant","floor":22,"turns":2},{"damage":42,"enemies":"Slavers","floor":23,"turns":3},{"damage":50,"enemies":"Gremlin Leader","floor":25,"turns":4}],"seed_played":"-7797649174103200979","potions_obtained":[{"floor":1.0,"key":"BloodPotion"},{"floor":2.0,"key":"Strength Potion"},{"floor":11.0,"key":"Fire Potion"},{"floor":18.0,"key":"BloodPotion"},{"floor":21.0,"key":"CultistPotion"}],"is_trial":false,"path_per_floor":["M","M","?","?","?","R","E","R","T","M","M","E","$","M","R","B",null,"M","?","$","M","M","E","R","E"],"character_chosen":"IRONCLAD","items_purchased":["Mummified Hand","Fire Breathing"],"campfire_rested":1,"item_purchase_floors":[13,20],"current_hp_per_floor":[74,75,68,68,42,42,47,47,47,52,67,64,64,62,62,57,72,64,64,64,59,36,18,43,0,0],"gold":131,"neow_bonus":"THREE_ENEMY_KILL","is_daily":false,"chose_seed":false,"campfire_upgraded":3,"win_rate":0.0,"timestamp":1609560706,"path_taken":["M","M","?","?","?","R","E","R","T","M","M","E","$","M","R","BOSS","M","?","$","M","M","E","R","E"],"items_purchased_type":["Relic","Card"],"build_version":"2020-12-22","purchased_purges":0,"victory":false,"max_hp_per_floor":[75,75,75,75,75,75,75,75,75,75,75,75,75,77,77,77,77,79,79,79,81,83,85,85,85,85],"relic_stats":{"Singing Bowl":10,"counters":[13,34],"Golden Idol":64,"Mummified Hand":[40],"Juzu Bracelet":0,"Art of War":[3],"obtain_stats":[{"NeowsBlessing":0,"Singing Bowl":12,"Golden Idol":5,"Mummified Hand":13,"Thread and Needle":23,"Juzu Bracelet":4,"Art of War":9,"Burning Blood":0,"Mercury Hourglass":7,"Runic Cube":17},{"NeowsBlessing":0,"Singing Bowl":6,"Golden Idol":2,"Mummified Hand":6,"Thread and Needle":12,"Juzu Bracelet":2,"Art of War":3,"Burning Blood":0,"Mercury Hourglass":3,"Runic Cube":8},{"NeowsBlessing":0,"Singing Bowl":11,"Golden Idol":2,"Mummified Hand":11,"Thread and Needle":30,"Juzu Bracelet":2,"Art of War":3,"Burning Blood":0,"Mercury Hourglass":3,"Runic Cube":20}],"Burning Blood":67,"Mercury Hourglass":[168],"Runic Cube":[40]},"card_choices":[{"not_picked":["Disarm","Clash"],"picked":"Feel No Pain","floor":1.0},{"not_picked":["Armaments","Cleave"],"picked":"Combust","floor":2.0},{"not_picked":["Body Slam","Exhume"],"picked":"Infernal Blade","floor":7.0},{"not_picked":["Havoc","Cleave"],"picked":"Fire Breathing","floor":10.0},{"not_picked":["Infernal Blade","Pommel Strike"],"picked":"Feel No Pain","floor":11.0},{"not_picked":["Sever Soul","Flame Barrier"],"picked":"Offering","floor":12.0},{"not_picked":["Body Slam","Flex","Blood for Blood"],"picked":"Singing Bowl","floor":14.0},{"not_picked":["Limit Break","Double Tap"],"picked":"Barricade","floor":16.0},{"not_picked":["Heavy Blade","Twin Strike","Anger"],"picked":"Singing Bowl","floor":18.0},{"not_picked":["Cleave","Perfected Strike","Pommel Strike+1"],"picked":"Singing Bowl","floor":21.0},{"not_picked":["Intimidate","Thunderclap","Uppercut"],"picked":"Singing Bowl","floor":22},{"not_picked":["Rupture","Flex","Combust"],"picked":"Singing Bowl","floor":23}],"player_experience":1279251,"relics_obtained":[{"floor":7.0,"key":"Mercury Hourglass"},{"floor":9.0,"key":"Art of War"},{"floor":12.0,"key":"Singing Bowl"},{"floor":23,"key":"Thread and Needle"}],"event_choices":[{"cards_removed":["Strike_R"],"damage_healed":0.0,"max_hp_gain":0.0,"max_hp_loss":0.0,"gold_gain":0.0,"event_name":"Golden Wing","player_choice":"Card Removal","floor":3.0,"gold_loss":0.0,"damage_taken":7.0},{"damage_healed":0.0,"max_hp_gain":0.0,"max_hp_loss":0.0,"gold_gain":0.0,"event_name":"Big Fish","player_choice":"Box","floor":4.0,"gold_loss":0.0,"damage_taken":0.0,"relics_obtained":["Juzu Bracelet"],"cards_obtained":["Regret"]},{"damage_healed":0.0,"max_hp_gain":0.0,"max_hp_loss":0.0,"gold_gain":0.0,"event_name":"Golden Idol","player_choice":"Take Damage","floor":5.0,"gold_loss":0.0,"damage_taken":26.0,"relics_obtained":["Golden Idol"]}],"is_beta":false,"boss_relics":[{"not_picked":["Ectoplasm","Empty Cage"],"picked":"Runic Cube"}],"items_purged_floors":[],"is_endless":false,"potions_floor_spawned":[1,2,11,18,21],"killed_by":"Gremlin Leader","ascension_level":20}}