{"host":"rmsq46plbpwfbxcc","time":1609580040,"event":{"mods":["AchievementEnabler","BaseMod","Colored Map","Colored Powertips","DeckTracker","KOR Keyword Fix","Minty Spire (QoL Compilation)","Permanent Neow","Quick Restart","SuperFastMode"],"gold_per_floor":[112,130,130,130,146,146,167,167,167,192,192,222,121,121,121,225,225,244,279,289,209,209,235,255,255,279,292,292,324,338,372,372,476,476,489,489,189,212,232,232,249,277,302,312,312,322,340,23,23,23,23,23,23,51,51],"floor_reached":56,"playtime":1955,"items_purged":["Strike_G","Strike_G","Defend_G","Skewer+1"],"score":1592,"play_id":"3105a63a-e953-4ae7-82b8-d380ee07f096","local_time":"20210102183400","is_ascension_mode":true,"campfire_choices":[{"data":"Cloak And Dagger","floor":6.0,"key":"SMITH"},{"data":"Neutralize","floor":8.0,"key":"SMITH"},{"data":"Finisher","floor":11.0,"key":"SMITH"},{"data":"Blade Dance","floor":15.0,"key":"SMITH"},{"data":"Accuracy","floor":25.0,"key":"SMITH"},{"data":"Terror","floor":32.0,"key":"SMITH"},{"data":"Acrobatics","floor":40.0,"key":"SMITH"},{"data":"Backflip","floor":45,"key":"SMITH"},{"floor":49,"key":"RECALL"},{"data":"Escape Plan","floor":52,"key":"SMITH"}],"circlet_count":0,"master_deck":["Defend_G","Survivor","Neutralize+1","PiercingWail","Finisher+1","Cloak And Dagger+1","Blade Dance+1","Slice+1","Venomology+1","Acrobatics+1","Accuracy+1","Backflip+1","Terror+1","Escape Plan+1","Choke+1","Blur+1"],"relics":["Coffee Dripper","Odd Mushroom","The Courier","Molten Egg 2","Pantograph","Astrolabe","Red Mask","Blue Candle","Snake Skull","Kunai","Ornamental Fan","WristBlade","Ninja Scroll","Orichalcum","Akabeko","Bottled Tornado","Toy Ornithopter"],"acts_visited":["Exordium","TheCity","TheBeyond","TheEnding"],"potions_floor_usage":[42,44,46,47,50,54,55,55,55],"damage_taken":[{"damage":0.0,"enemies":"Small Slimes","floor":1.0,"turns":3.0},{"damage":0.0,"enemies":"2 Louse","floor":2.0,"turns":3.0},{"damage":7.0,"enemies":"Cultist","floor":5.0,"turns":4.0},{"damage":12.0,"enemies":"The Mushroom Lair","floor":7.0,"turns":6.0},{"damage":19.0,"enemies":"3 Sentries","floor":10.0,"turns":8.0},{"damage":10.0,"enemies":"Lagavulin","floor":12.0,"turns":8.0},{"damage":4.0,"enemies":"Hexaghost","floor":16.0,"turns":9.0},{"damage":4.0,"enemies":"3 Byrds","floor":18.0,"turns":3.0},{"damage":0.0,"enemies":"Masked Bandits","floor":19.0,"turns":3.0},{"damage":0.0,"enemies":"Spheric Guardian","floor":20.0,"turns":2.0},{"damage":2.0,"enemies":"Gremlin Leader","floor":23.0,"turns":5.0},{"damage":0.0,"enemies":"Snake Plant","floor":24.0,"turns":3.0},{"damage":0.0,"enemies":"Centurion and Healer","floor":27.0,"turns":2.0},{"damage":0.0,"enemies":"Slavers","floor":29.0,"turns":3.0},{"damage":14.0,"enemies":"Chosen and Byrds","floor":30.0,"turns":4.0},{"damage":16.0,"enemies":"Gremlin Leader","floor":31.0,"turns":4.0},{"damage":6.0,"enemies":"Automaton","floor":33.0,"turns":6.0},{"damage":0.0,"enemies":"Orb Walker","floor":35.0,"turns":2.0},{"damage":0.0,"enemies":"3 Darklings","floor":39.0,"turns":2.0},{"damage":0.0,"enemies":"Transient","floor":41.0,"turns":5.0},{"damage":9,"enemies":"Giant Head","floor":42,"turns":5},{"damage":0,"enemies":"Jaw Worm Horde","floor":44,"turns":3},{"damage":3,"enemies":"Maw","floor":46,"turns":3},{"damage":0,"enemies":"3 Darklings","floor":47,"turns":2},{"damage":0,"enemies":"Awakened One","floor":50,"turns":8},{"damage":9,"enemies":"Shield and Spear","floor":54,"turns":5},{"damage":44,"enemies":"The Heart","floor":55,"turns":9}],"seed_played":"-2179716582866056739","potions_obtained":[{"floor":7.0,"key":"GamblersBrew"},{"floor":10.0,"key":"Poison Potion"},{"floor":19.0,"key":"SteroidPotion"},{"floor":20.0,"key":"GamblersBrew"},{"floor":22.0,"key":"CultistPotion"},{"floor":22.0,"key":"FairyPotion"},{"floor":22.0,"key":"CultistPotion"},{"floor":39.0,"key":"SkillPotion"},{"floor":47,"key":"Dexterity Potion"}],"is_trial":false,"path_per_floor":["M","M","?","?","M","R","?","R","T","E","R","E","$","?","R","B",null,"M","?","M","$","?","E","M","R","T","M","?","E","M","E","R","B",null,"M","?","$","T","M","R","M","E","T","M","R","M","M","$","R","B",null,"R","$","E","B",null],"character_chosen":"THE_SILENT","items_purchased":["Blade Dance","Ninja Scroll","Bottled Tornado"],"campfire_rested":0,"item_purchase_floors":[13,37,48],"current_hp_per_floor":[70,70,70,75,68,68,56,56,56,37,37,27,27,27,27,48,75,71,71,71,71,71,69,69,69,69,69,69,69,55,39,39,58,75,75,75,75,75,75,75,75,66,66,66,66,63,63,63,63,75,75,75,75,66,38],"gold":51,"neow_bonus":"BOSS_RELIC","is_daily":false,"chose_seed":false,"campfire_upgraded":9,"win_rate":0.0,"timestamp":1609580040,"path_taken":["M","M","?","?","M","R","?","R","T","E","R","E","$","?","R","BOSS","M","?","M","$","?","E","M","R","T","?","?","E","?","E","R","BOSS","M","?","$","?","M","R","M","E","T","M","R","M","M","$","R","BOSS","R","$","E","BOSS"],"items_purchased_type":["Card","Relic","Relic"],"build_version":"2020-12-22","purchased_purges":4,"victory":true,"max_hp_per_floor":[70,70,70,75,75,75,75,75,75,75,75,75,75,75,75,75,75,75,75,75,75,75,75,75,75,75,75,75,75,75,75,75,75,75,75,75,75,75,75,75,75,75,75,75,75,75,75,75,75,75,75,75,75,75,75],"card_choices":[{"not_picked":["Backflip","Dagger Spray"],"picked":"PiercingWail","floor":1.0},{"not_picked":["Deflect","Heel Hook"],"picked":"Finisher","floor":2.0},{"not_picked":["Sucker Punch","Dagger Throw"],"picked":"Cloak And Dagger","floor":5.0},{"not_picked":["Dagger Spray+1","Deadly Poison","Acrobatics"],"picked":"SKIP","floor":10.0},{"not_picked":["Underhanded Strike+1","Storm of Steel","Poisoned Stab+1"],"picked":"SKIP","floor":12.0},{"not_picked":["Dagger Spray+1","PiercingWail"],"picked":"Acrobatics","floor":18.0},{"not_picked":["Deadly Poison","Calculated Gamble+1","Reflex"],"picked":"SKIP","floor":20.0},{"not_picked":["Escape Plan+1","Poisoned Stab+1"],"picked":"Accuracy","floor":23.0},{"not_picked":["Bane+1","Dodge and Roll"],"picked":"Backflip","floor":24.0},{"not_picked":["Dagger Spray+1","Poisoned Stab+1"],"picked":"Terror","floor":27.0},{"not_picked":["Caltrops","Dagger Spray+1"],"picked":"Escape Plan","floor":29.0},{"not_picked":["Doppelganger","Skewer+1","Prepared"],"picked":"SKIP","floor":30.0},{"not_picked":["Reflex","Bouncing Flask+1","Setup"],"picked":"SKIP","floor":31.0},{"not_picked":["Quick Slash+1","All Out Attack+1","Deadly Poison"],"picked":"SKIP","floor":35.0},{"not_picked":["Underhanded Strike+1","Expertise","Leg Sweep+1"],"picked":"SKIP","floor":39.0},{"not_picked":["Eviscerate+1","Flying Knee+1"],"picked":"Choke+1","floor":41.0},{"not_picked":["Sucker Punch+1","Slice+1","Endless Agony+1"],"picked":"SKIP","floor":42},{"not_picked":["Prepared+1","Dagger Spray+1","Setup+1"],"picked":"SKIP","floor":44},{"not_picked":["Flechettes+1","Predator+1","Acrobatics"],"picked":"SKIP","floor":46},{"not_picked":["Backstab+1","Crippling Poison","Dash+1"],"picked":"SKIP","floor":47},{"not_picked":["Calculated Gamble+1","Backstab+1"],"picked":"Blur+1","floor":54}],"player_experience":644866,"relics_obtained":[{"floor":7.0,"key":"Odd Mushroom"},{"floor":9.0,"key":"The Courier"},{"floor":10.0,"key":"Molten Egg 2"},{"floor":12.0,"key":"Pantograph"},{"floor":19.0,"key":"Red Mask"},{"floor":23.0,"key":"Blue Candle"},{"floor":26.0,"key":"Snake Skull"},{"floor":29.0,"key":"Kunai"},{"floor":31.0,"key":"Ornamental Fan"},{"floor":42,"key":"Orichalcum"},{"floor":43,"key":"Akabeko"},{"floor":54,"key":"Toy Ornithopter"}],"event_choices":[{"damage_healed":0.0,"max_hp_gain":0.0,"max_hp_loss":0.0,"gold_gain":0.0,"event_name":"Liars Game","player_choice":"Ignored","floor":3.0,"gold_loss":0.0,"damage_taken":0.0},{"damage_healed":0.0,"max_hp_gain":5.0,"max_hp_loss":0.0,"gold_gain":0.0,"event_name":"Big Fish","player_choice":"Donut","floor":4.0,"gold_loss":0.0,"damage_taken":0.0},{"damage_healed":0.0,"max_hp_gain":0.0,"max_hp_loss":0.0,"gold_gain":0.0,"event_name":"Mushrooms","player_choice":"Fought Mushrooms","floor":7.0,"gold_loss":0.0,"damage_taken":0.0},{"cards_removed":["Defend_G"],"damage_healed":0.0,"max_hp_gain":0.0,"max_hp_loss":0.0,"gold_gain":0.0,"event_name":"Living Wall","player_choice":"Forget","floor":14.0,"gold_loss":0.0,"damage_taken":0.0},{"damage_healed":0.0,"max_hp_gain":0.0,"max_hp_loss":0.0,"gold_gain":0.0,"event_name":"Masked Bandits","player_choice":"Fought Bandits","floor":19.0,"gold_loss":0.0,"damage_taken":0.0},{"damage_healed":0.0,"max_hp_gain":0.0,"max_hp_loss":0.0,"gold_gain":0.0,"event_name":"Lab","player_choice":"Got Potions","floor":22.0,"gold_loss":0.0,"damage_taken":0.0},{"cards_removed":["Defend_G"],"damage_healed":0.0,"max_hp_gain":0.0,"max_hp_loss":0.0,"gold_gain":0.0,"event_name":"Purifier","player_choice":"Purged","floor":28.0,"gold_loss":0.0,"damage_taken":0.0},{"cards_removed":["Strike_G"],"damage_healed":0.0,"max_hp_gain":0.0,"max_hp_loss":0.0,"gold_gain":0.0,"event_name":"Purifier","player_choice":"Purged","floor":36.0,"gold_loss":0.0,"damage_taken":0.0}],"is_beta":false,"boss_relics":[{"not_picked":["Philosopher\u0027s Stone","Busted Crown"],"picked":"Astrolabe"},{"not_picked":["Calling Bell","Pandora\u0027s Box"],"picked":"WristBlade"}],"items_purged_floors":[13,21,37,48],"is_endless":false,"potions_floor_spawned":[7,10,19,20,27,30,33,39,47],"ascension_level":4}}