{"host":"vsdszi3rnxsdp24p","time":1609607801,"event":{"mods":["AchievementEnabler","BaseMod","Colored Map","Colored Powertips","Hermit","Highlight Path","Minty Spire (QoL Compilation)","Quick Restart","Relic Sorter","Relic Stats","StSLib","SuperFastMode","Synergy Search","The Cursed","The Mystic"],"gold_per_floor":[114,129,144,159,159,159,189,204,204,204,219,3,18,33,33,33,33],"floor_reached":16,"playtime":615,"items_purged":[],"score":156,"play_id":"7e977fdc-5e43-42b3-8182-d5d0f86399f7","local_time":"20210102181641","daily_mods":["Insanity","Red Cards","Binary"],"is_ascension_mode":false,"campfire_choices":[{"floor":6,"key":"REST"},{"floor":15,"key":"REST"}],"circlet_count":0,"master_deck":["hermit:Showdown","hermit:Ricochet","hermit:SprayPray","hermit:Roulette","hermit:LowProfile","hermit:Enervate","hermit:Coalescence","hermit:TakeCover","hermit:Feint","hermit:HighCaliber","hermit:LoneWolf","hermit:DeadMansHand","hermit:Vantage","hermit:Headshot","hermit:Virtue","hermit:Dive","hermit:Brawl","hermit:FullyLoaded","hermit:WideOpen","hermit:ItchyTrigger","hermit:FullyLoaded","hermit:HighCaliber","hermit:Determination","hermit:Showdown","hermit:Horror","hermit:Spite","hermit:Coalescence","hermit:Glare","hermit:Glare+1","hermit:SprayPray","hermit:Misfire","hermit:Desperado","hermit:Vantage","hermit:Deadeye","hermit:ItchyTrigger","hermit:LowProfile","hermit:WideOpen+1","hermit:Desperado","hermit:Roulette","hermit:LowProfile","hermit:FlashPowder","hermit:Misfire","hermit:Malice","hermit:CalledShot","hermit:CalledShot","hermit:SprayPray","hermit:Glare","hermit:TakeAim","hermit:Manifest","hermit:HighCaliber","hermit:Ricochet","hermit:Reprieve","hermit:Maintenance","hermit:GoldenBullet","Sadistic Nature","hermit:Roulette","hermit:Misfire"],"relics":["hermit:Momento","Bag of Preparation","Kunai","Pear"],"acts_visited":["Exordium"],"potions_floor_usage":[2,8],"damage_taken":[{"damage":0,"enemies":"Cultist","floor":1,"turns":2},{"damage":11,"enemies":"Jaw Worm","floor":2,"turns":4},{"damage":2,"enemies":"2 Louse","floor":3,"turns":3},{"damage":16,"enemies":"Blue Slaver","floor":4,"turns":3},{"damage":32,"enemies":"Gremlin Nob","floor":7,"turns":5},{"damage":9,"enemies":"2 Fungi Beasts","floor":8,"turns":4},{"damage":20,"enemies":"Lots of Slimes","floor":11,"turns":4},{"damage":0,"enemies":"Looter","floor":13,"turns":2},{"damage":0,"enemies":"Blue Slaver","floor":14,"turns":2},{"damage":28,"enemies":"Hexaghost","floor":16,"turns":7}],"seed_played":"-4486375853315586652","potions_obtained":[{"floor":1,"key":"CultistPotion"},{"floor":4,"key":"SkillPotion"},{"floor":8,"key":"Weak Potion"},{"floor":11,"key":"hermit:BlackBile"}],"is_trial":false,"path_per_floor":["M","M","M","M","?","R","E","M","T","T","M","$","M","M","R","B"],"character_chosen":"HERMIT","items_purchased":["Sadistic Nature","hermit:Roulette"],"campfire_rested":2,"item_purchase_floors":[12,12],"current_hp_per_floor":[75,64,62,46,31,53,21,12,12,22,2,2,2,2,27,0,0],"gold":33,"neow_bonus":"","is_daily":true,"chose_seed":false,"campfire_upgraded":0,"win_rate":0.0,"timestamp":1609607801,"path_taken":["M","M","?","M","?","R","E","M","T","?","?","$","M","M","R","BOSS"],"items_purchased_type":["Card","Card"],"build_version":"2020-12-22","purchased_purges":0,"victory":false,"max_hp_per_floor":[75,75,75,75,75,75,75,75,75,85,85,85,85,85,85,85,85],"relic_stats":{"counters":[10,36],"Bag of Preparation":[10],"Kunai":[2],"obtain_stats":[{"Pear":10,"Bag of Preparation":7,"Kunai":9,"hermit:Momento":0},{"Pear":6,"Bag of Preparation":5,"Kunai":6,"hermit:Momento":0},{"Pear":21,"Bag of Preparation":17,"Kunai":21,"hermit:Momento":0}]},"card_choices":[{"not_picked":["hermit:Misfire","hermit:Roulette"],"picked":"SKIP","floor":1},{"not_picked":["hermit:Feint","hermit:LuckOfTheDraw"],"picked":"SKIP","floor":2},{"not_picked":["hermit:Coalescence"],"picked":"hermit:Ricochet","floor":3},{"not_picked":["hermit:Manifest"],"picked":"hermit:Reprieve","floor":4},{"not_picked":["hermit:Feint"],"picked":"hermit:Maintenance","floor":7},{"not_picked":["hermit:SprayPray"],"picked":"hermit:GoldenBullet","floor":8},{"not_picked":["hermit:LowProfile","hermit:WideOpen"],"picked":"SKIP","floor":11},{"not_picked":["hermit:LowProfile","hermit:Feint"],"picked":"SKIP","floor":13},{"not_picked":["hermit:Snipe"],"picked":"hermit:Misfire","floor":14}],"player_experience":116875,"relics_obtained":[{"floor":7,"key":"Bag of Preparation"},{"floor":9,"key":"Kunai"},{"floor":10,"key":"Pear"}],"event_choices":[{"damage_healed":0,"gold_gain":0,"player_choice":"Entered Light","damage_taken":15,"max_hp_gain":0,"max_hp_loss":0,"event_name":"Shining Light","floor":5,"gold_loss":0,"cards_upgraded":["hermit:Glare","hermit:WideOpen"]}],"is_beta":false,"boss_relics":[],"items_purged_floors":[],"is_endless":false,"potions_floor_spawned":[1,4,8,11],"killed_by":"Hexaghost","ascension_level":0}}