{"host":"6ko66ogg91i6g7xq","time":1609609597,"event":{"mods":["AchievementEnabler","Act Like it!","BaseMod","Colored Map","Colored Powertips","Downfall","Hermit","Minty Spire (QoL Compilation)","Quick Restart","Relic Stats","StSLib","The Jungle","everything is the same but u backflip on backflip"],"gold_per_floor":[112,187,41,41,41,41,75,75,75,107,107,133,152,152,152,272,272,296,221,136,150,197,197,210,250,262,319,331,381,393,418,430,581,602,643,655,667,699,436,457,507,530,530,579,597,597,615,471,471,471,471],"floor_reached":50,"playtime":2417,"items_purged":[],"score":728,"play_id":"9e84c7bb-4753-4f44-a171-7dc05f11932f","local_time":"20210102124637","is_ascension_mode":true,"campfire_choices":[{"floor":6,"key":"RECALL"},{"data":"Adrenaline","floor":8,"key":"SMITH"},{"data":"Blade Dance","floor":11,"key":"SMITH"},{"floor":15,"key":"REST"},{"data":"Venomology","floor":23,"key":"SMITH"},{"floor":32,"key":"REST"},{"data":"Doppelganger","floor":46,"key":"SMITH"},{"floor":49,"key":"REST"}],"circlet_count":0,"master_deck":["Strike_G","Strike_G","Strike_G","Defend_G","Defend_G","Defend_G","Defend_G","Survivor","Neutralize","Adrenaline+1","Blade Dance+1","Accuracy","Venomology+1","Skewer+1","Bouncing Flask+1","Backflip","Leg Sweep","Blade Dance","Doppelganger+1","Phantasmal Killer","CurseOfTheBell","After Image","Infinite Blades","Finisher","Die Die Die","Backstab+1","Panacea","expansioncontent:CaCaw"],"relics":["Ring of the Snake","NeowsBlessing","Snake Skull","InkBottle","Akabeko","Shuriken","Ornamental Fan","Darkstone Periapt","Golden Idol","Astrolabe","Meat on the Bone","Vajra","MawBank","CeramicFish","Regal Pillow","MutagenicStrength","Calling Bell","Oddly Smooth Stone","White Beast Statue","Tough Bandages","Pen Nib","Bottled Tornado","Juzu Bracelet","StrikeDummy","TwistedFunnel"],"acts_visited":["Exordium","TheCity","TheBeyond"],"potions_floor_usage":[18,21,24,27,29,31,31,33,35,35,38,38,40,41,41,41,42,44,45,50,50],"damage_taken":[{"damage":0,"enemies":"Jaw Worm","floor":1,"turns":1},{"damage":0,"enemies":"Gremlin Nob","floor":7,"turns":1},{"damage":0,"enemies":"3 Sentries","floor":10,"turns":1},{"damage":15,"enemies":"Lagavulin","floor":12,"turns":5},{"damage":3,"enemies":"2 Louse","floor":13,"turns":2},{"damage":22,"enemies":"Hexaghost","floor":16,"turns":7},{"damage":2,"enemies":"Spheric Guardian","floor":18,"turns":3},{"damage":0,"enemies":"Chosen","floor":21,"turns":2},{"damage":0,"enemies":"Snecko","floor":24,"turns":2},{"damage":16,"enemies":"Book of Stabbing","floor":25,"turns":3},{"damage":6,"enemies":"Slavers","floor":27,"turns":4},{"damage":12,"enemies":"Book of Stabbing","floor":29,"turns":3},{"damage":10,"enemies":"Cultist and Chosen","floor":31,"turns":3},{"damage":14,"enemies":"Champ","floor":33,"turns":7},{"damage":0,"enemies":"Orb Walker","floor":35,"turns":2},{"damage":8,"enemies":"3 Darklings","floor":38,"turns":5},{"damage":0,"enemies":"4 Shapes","floor":40,"turns":3},{"damage":15,"enemies":"Reptomancer","floor":41,"turns":3},{"damage":15,"enemies":"Spire Growth","floor":42,"turns":3},{"damage":12,"enemies":"Giant Head","floor":44,"turns":6},{"damage":11,"enemies":"Sphere and 2 Shapes","floor":45,"turns":4},{"damage":68,"enemies":"Time Eater","floor":50,"turns":6}],"seed_played":"1146508042546828648","potions_obtained":[{"floor":12,"key":"DuplicationPotion"},{"floor":18,"key":"DistilledChaos"},{"floor":25,"key":"DuplicationPotion"},{"floor":33,"key":"sneckomod:MuddlingPotion"},{"floor":35,"key":"Fire Potion"},{"floor":38,"key":"Weak Potion"},{"floor":40,"key":"Block Potion"},{"floor":41,"key":"Weak Potion"},{"floor":42,"key":"Energy Potion"},{"floor":44,"key":"SkillPotion"}],"is_trial":false,"path_per_floor":["M","?","$","?","$","R","E","R","T","E","R","E","M","?","R","B",null,"M","?","?","M","T","R","M","E","T","E","?","E","?","M","R","B",null,"M","?","?","M","$","M","E","M","T","E","M","R","?","$","R","B"],"character_chosen":"THE_SILENT","items_purchased":["Snake Skull","Pen Nib","Infinite Blades","Finisher","TwistedFunnel"],"campfire_rested":3,"item_purchase_floors":[3,39,39,39,48],"current_hp_per_floor":[70,59,59,59,59,59,59,59,59,59,59,44,41,24,45,23,70,68,68,68,68,68,68,68,52,52,46,46,46,46,36,70,56,76,76,76,76,68,68,68,53,50,50,50,39,39,29,29,66,0,0],"gold":471,"neow_bonus":"THREE_ENEMY_KILL","is_daily":false,"chose_seed":false,"campfire_upgraded":4,"win_rate":0.0,"timestamp":1609609597,"path_taken":["M","?","$","?","$","R","E","R","T","E","R","E","M","?","R","BOSS","M","?","?","M","?","R","M","E","T","E","?","E","?","M","R","BOSS","M","?","?","M","?","M","E","?","T","E","M","R","?","$","R","BOSS"],"items_purchased_type":["Relic","Relic","Card","Card","Relic"],"build_version":"2020-12-22","purchased_purges":0,"victory":false,"max_hp_per_floor":[70,70,70,70,70,70,70,70,70,70,70,70,70,70,70,70,70,70,70,70,70,70,70,70,70,70,70,70,70,70,70,70,70,76,76,76,76,76,76,76,76,76,76,76,76,76,76,76,76,76,76],"relic_stats":{"Darkstone Periapt":6,"Regal Pillow":28,"counters":[22,76],"Golden Idol":124,"Astrolabe":["Skewer","Flying Knee","Bouncing Flask"],"CeramicFish":90,"Snake Skull":[21],"Pen Nib":[7],"Juzu Bracelet":0,"MawBank":168,"Tough Bandages":[33],"Shuriken":[62],"Ornamental Fan":[244],"obtain_stats":[{"Darkstone Periapt":12,"TwistedFunnel":48,"Regal Pillow":29,"CeramicFish":27,"Vajra":22,"Snake Skull":3,"Juzu Bracelet":43,"Bottled Tornado":41,"Tough Bandages":34,"InkBottle":4,"Ring of the Snake":0,"NeowsBlessing":0,"Golden Idol":14,"Astrolabe":17,"Oddly Smooth Stone":34,"Pen Nib":39,"MawBank":25,"Akabeko":7,"White Beast Statue":34,"Calling Bell":34,"Shuriken":9,"Ornamental Fan":10,"MutagenicStrength":30,"StrikeDummy":44,"Meat on the Bone":20},{"Darkstone Periapt":4,"TwistedFunnel":21,"Regal Pillow":12,"CeramicFish":11,"Vajra":8,"Snake Skull":1,"Juzu Bracelet":19,"Bottled Tornado":18,"Tough Bandages":14,"InkBottle":1,"Ring of the Snake":0,"NeowsBlessing":0,"Golden Idol":5,"Astrolabe":6,"Oddly Smooth Stone":14,"Pen Nib":16,"MawBank":10,"Akabeko":2,"White Beast Statue":14,"Calling Bell":14,"Shuriken":2,"Ornamental Fan":3,"MutagenicStrength":12,"StrikeDummy":20,"Meat on the Bone":7},{"Darkstone Periapt":8,"TwistedFunnel":70,"Regal Pillow":34,"CeramicFish":31,"Vajra":22,"Snake Skull":1,"Juzu Bracelet":60,"Bottled Tornado":57,"Tough Bandages":44,"InkBottle":1,"Ring of the Snake":0,"NeowsBlessing":0,"Golden Idol":10,"Astrolabe":17,"Oddly Smooth Stone":44,"Pen Nib":51,"MawBank":27,"Akabeko":2,"White Beast Statue":44,"Calling Bell":44,"Shuriken":2,"Ornamental Fan":3,"MutagenicStrength":34,"StrikeDummy":66,"Meat on the Bone":20}],"InkBottle":[42],"Ring of the Snake":[44],"Meat on the Bone":36},"card_choices":[{"not_picked":["Prepared","Bane","Deflect"],"picked":"SKIP","floor":1},{"not_picked":["Well Laid Plans","Underhanded Strike"],"picked":"Adrenaline","floor":7},{"not_picked":["Acrobatics","Heel Hook"],"picked":"Blade Dance","floor":10},{"not_picked":["Dagger Spray","Dodge and Roll"],"picked":"Accuracy","floor":12},{"not_picked":["PiercingWail","Heel Hook","Deadly Poison"],"picked":"SKIP","floor":13},{"not_picked":["Bullet Time","Envenom"],"picked":"Venomology","floor":16},{"not_picked":["Deflect","Deadly Poison"],"picked":"Backflip","floor":18},{"not_picked":["Riddle With Holes","Underhanded Strike"],"picked":"Leg Sweep","floor":21},{"not_picked":["Backflip+1","Deadly Poison"],"picked":"Blade Dance","floor":24},{"not_picked":["All Out Attack","Expertise","A Thousand Cuts"],"picked":"SKIP","floor":25},{"not_picked":["Distraction","Bane"],"picked":"Doppelganger","floor":27},{"not_picked":["Deadly Poison+1","Flechettes","Choke"],"picked":"SKIP","floor":29},{"not_picked":["All Out Attack","Slice","Deflect"],"picked":"SKIP","floor":31},{"not_picked":["Adrenaline","Unload"],"picked":"Phantasmal Killer","floor":33},{"not_picked":["Prepared","Acrobatics+1"],"picked":"After Image","floor":35},{"not_picked":["Skewer+1","Dagger Throw","All Out Attack+1"],"picked":"SKIP","floor":38},{"not_picked":["Slice+1","Acrobatics+1","Dagger Throw+1"],"picked":"SKIP","floor":40},{"not_picked":["Backflip","Well Laid Plans"],"picked":"Die Die Die","floor":41},{"not_picked":["Catalyst","Bane+1","Deflect"],"picked":"SKIP","floor":42},{"not_picked":["Heel Hook","Reflex+1"],"picked":"Backstab+1","floor":44},{"not_picked":["Concentrate","Heel Hook","Outmaneuver"],"picked":"SKIP","floor":45},{"not_picked":["Forethought","Discovery"],"picked":"Panacea","floor":47},{"not_picked":["expansioncontent:GoopSpray","Metamorphosis"],"picked":"expansioncontent:CaCaw","floor":47}],"player_experience":243181,"relics_obtained":[{"floor":7,"key":"Akabeko"},{"floor":9,"key":"Shuriken"},{"floor":10,"key":"Ornamental Fan"},{"floor":12,"key":"Darkstone Periapt"},{"floor":22,"key":"Vajra"},{"floor":25,"key":"MawBank"},{"floor":27,"key":"CeramicFish"},{"floor":29,"key":"Regal Pillow"},{"floor":34,"key":"Oddly Smooth Stone"},{"floor":34,"key":"White Beast Statue"},{"floor":34,"key":"Tough Bandages"},{"floor":41,"key":"Bottled Tornado"},{"floor":43,"key":"Juzu Bracelet"},{"floor":44,"key":"StrikeDummy"}],"event_choices":[{"damage_healed":0,"gold_gain":75,"player_choice":"Gather Gold","damage_taken":11,"max_hp_gain":0,"max_hp_loss":0,"event_name":"World of Goop","floor":2,"gold_loss":0},{"damage_healed":0,"gold_gain":0,"player_choice":"Box","damage_taken":0,"relics_obtained":["InkBottle"],"max_hp_gain":0,"max_hp_loss":0,"event_name":"Big Fish","floor":4,"gold_loss":0,"cards_obtained":["Regret"]},{"damage_healed":0,"gold_gain":0,"player_choice":"Take Damage","damage_taken":17,"relics_obtained":["Golden Idol"],"max_hp_gain":0,"max_hp_loss":0,"event_name":"Golden Idol","floor":14,"gold_loss":0},{"cards_removed":["Regret"],"damage_healed":0,"gold_gain":0,"player_choice":"Gave Gold","damage_taken":0,"max_hp_gain":0,"max_hp_loss":0,"event_name":"Beggar","floor":19,"gold_loss":75},{"damage_healed":0,"gold_gain":0,"player_choice":"Obtained Relic","damage_taken":0,"relics_obtained":["Meat on the Bone"],"max_hp_gain":0,"max_hp_loss":0,"event_name":"Addict","floor":20,"gold_loss":85},{"damage_healed":0,"gold_gain":0,"player_choice":"Ignored","damage_taken":0,"max_hp_gain":0,"max_hp_loss":0,"event_name":"Ghosts","floor":28,"gold_loss":0},{"damage_healed":0,"gold_gain":0,"player_choice":"Inject Mutagens","damage_taken":0,"relics_obtained":["MutagenicStrength"],"max_hp_gain":0,"max_hp_loss":0,"event_name":"Drug Dealer","floor":30,"gold_loss":0},{"damage_healed":0,"gold_gain":0,"player_choice":"Ignored","damage_taken":0,"max_hp_gain":0,"max_hp_loss":0,"event_name":"Tomb of Lord Red Mask","floor":36,"gold_loss":0},{"cards_removed":["Flying Knee"],"damage_healed":0,"gold_gain":0,"player_choice":"Removed Attack","damage_taken":0,"max_hp_gain":0,"max_hp_loss":0,"event_name":"Falling","floor":37,"gold_loss":0},{"damage_healed":0,"gold_gain":0,"player_choice":"Memory 3","damage_taken":10,"max_hp_gain":0,"max_hp_loss":0,"event_name":"SensoryStone","floor":47,"gold_loss":0}],"is_beta":false,"boss_relics":[{"not_picked":["Philosopher\u0027s Stone","Sozu"],"picked":"Astrolabe"},{"not_picked":["Tiny House","Busted Crown"],"picked":"Calling Bell"}],"items_purged_floors":[],"is_endless":false,"potions_floor_spawned":[12,18,25,33,35,38,40,41,42,44,45],"killed_by":"Time Eater","ascension_level":1}}