{"host":"rvgqag7mtxu5qaaz","time":1609568308,"event":{"mods":["AchievementEnabler","BaseMod","Downfall","Hermit","Hubris","Minty Spire (QoL Compilation)","Replay The Spire","StSLib","SuperFastMode","The Animator","The Construct","The Cursed","The Disciple","The Necromancer"],"gold_per_floor":[109,121,135,135,153,186,186,218,245,245,43,60,80,80,80,177,177,194,205,128,128,141,169,169,188,212,228,228,262,306,306,306,408,408,423,423,24,34,84,110,155,173,173,173,184,196,14,44,44,44],"floor_reached":51,"playtime":3816,"items_purged":["Regret","ReplayTheSpireMod:Splinters","Parasite"],"score":832,"play_id":"b23522fc-d778-4f91-9761-061aa078dca7","local_time":"20210102011827","is_ascension_mode":true,"campfire_choices":[{"floor":7,"key":"REST"},{"floor":10,"key":"REST"},{"floor":15,"key":"REST"},{"floor":24,"key":"REST"},{"floor":32,"key":"REST"},{"data":"Accuracy","floor":44,"key":"SMITH"},{"floor":49,"key":"REST"}],"circlet_count":0,"master_deck":["Strike_G","Strike_G","Strike_G","Strike_G","Strike_G","Defend_G","Defend_G","Defend_G","Defend_G","Defend_G","Survivor","Neutralize","Prepared","Hidden Blade","Acrobatics","Accuracy","Infinite Blades+1","Accuracy+1","Blade Dance","Night Terror","Outmaneuver+1","hubris:Sniper","Cloak And Dagger+1","Reflex+1","Adrenaline","Prepared+1","Storm of Steel","ReplayTheSpireMod:The Works","expansioncontent:Chronoboost","Poisoned Strike","Crow Ritual","Hidden Blade","Acrobatics","ReplayTheSpireMod:IOU","ReplayTheSpireMod:Scrap Shanks","Acrobatics+1"],"relics":["hubris:TerracottaHorce","Bronze Scales","Paper Crane","Iron Hammer","Lantern","WristBlade","hubris:TenFootPole","Replay:Baseball","Lizard Tail","hubris:Reverence","Ring of Peace","ReplayTheSpireMod:Ring of Exchange","construct:WeddingRing","Byrd Skull","hubris:Zylophone","Mercury Hourglass","Du-Vu Doll","Replay:Bottled Steam","Replay:Wax Seal","Snack Pack"],"acts_visited":["Exordium","TheCity","TheBeyond"],"potions_floor_usage":[6,16,23,23,28,29,33,42,50,50],"damage_taken":[{"damage":0,"enemies":"Cultist","floor":1,"turns":4},{"damage":0,"enemies":"2 Louse","floor":2,"turns":3},{"damage":4,"enemies":"Jaw Worm","floor":3,"turns":4},{"damage":4,"enemies":"Blue Slaver","floor":5,"turns":4},{"damage":41,"enemies":"Lagavulin","floor":6,"turns":10},{"damage":30,"enemies":"Gremlin Nob","floor":8,"turns":5},{"damage":0,"enemies":"Red Slaver","floor":12,"turns":2},{"damage":1,"enemies":"Looter","floor":13,"turns":3},{"damage":32,"enemies":"The Guardian","floor":16,"turns":8},{"damage":1,"enemies":"Spheric Guardian","floor":18,"turns":3},{"damage":14,"enemies":"3 Byrds","floor":19,"turns":3},{"damage":3,"enemies":"Centurion and Healer","floor":22,"turns":3},{"damage":36,"enemies":"Replay:Snechameleon","floor":23,"turns":4},{"damage":0,"enemies":"Cultist and Chosen","floor":25,"turns":3},{"damage":14,"enemies":"Snake Plant","floor":27,"turns":4},{"damage":0,"enemies":"Centurion and Healer","floor":28,"turns":1},{"damage":42,"enemies":"Slavers","floor":29,"turns":4},{"damage":12,"enemies":"hubris:MusketHawk","floor":33,"turns":5},{"damage":0,"enemies":"Orb Walker","floor":35,"turns":2},{"damage":0,"enemies":"3 Darklings","floor":38,"turns":4},{"damage":0,"enemies":"Mind Bloom Boss Battle","floor":39,"turns":4},{"damage":7,"enemies":"Giant Head","floor":40,"turns":4},{"damage":9,"enemies":"2 Orb Walkers","floor":41,"turns":2},{"damage":0,"enemies":"Writhing Mass","floor":42,"turns":4},{"damage":0,"enemies":"4 Shapes","floor":45,"turns":3},{"damage":0,"enemies":"Sphere and 2 Shapes","floor":46,"turns":3},{"damage":4,"enemies":"Nemesis","floor":48,"turns":5},{"damage":49,"enemies":"Donu and Deca","floor":50,"turns":5}],"seed_played":"6973397483856034532","potions_obtained":[{"floor":1,"key":"Weak Potion"},{"floor":3,"key":"Strength Potion"},{"floor":12,"key":"Fire Potion"},{"floor":16,"key":"Fruit Juice"},{"floor":18,"key":"Block Potion"},{"floor":22,"key":"ColorlessPotion"},{"floor":23,"key":"SmokeBomb"},{"floor":27,"key":"FairyPotion"},{"floor":30,"key":"LiquidMemories"},{"floor":35,"key":"Guardian:BlockOnCardUsePotion"},{"floor":39,"key":"Venom Potion"},{"floor":40,"key":"SpeedPotion"},{"floor":41,"key":"Energy Potion"}],"is_trial":false,"path_per_floor":["M","M","M","?","M","E","R","E","T","R","$","M","M","$","R","B",null,"M","M","$","?","M","E","R","M","T","M","M","E","?","?","R","B",null,"M","?","$","M","?","E","?","M","T","R","M","M","$","E","R","B",null],"character_chosen":"THE_SILENT","items_purchased":["Infinite Blades+1","CunningPotion","hubris:Sniper","Byrd Skull","Replay:Wax Seal","ReplayTheSpireMod:Scrap Shanks"],"campfire_rested":6,"item_purchase_floors":[11,11,20,37,47,47],"current_hp_per_floor":[70,70,66,66,62,21,42,12,12,33,33,33,32,32,53,26,63,62,48,48,48,45,9,31,31,31,17,17,1,1,1,23,11,59,59,54,54,54,54,47,38,38,38,38,38,38,38,34,55,16],"gold":44,"neow_bonus":"BOSS_RELIC","is_daily":false,"chose_seed":false,"campfire_upgraded":1,"win_rate":0.0,"timestamp":1609568307,"path_taken":["M","M","?","?","M","E","R","E","T","R","?","M","M","$","R","BOSS","M","M","$","?","M","E","R","M","T","?","M","E","?","?","R","BOSS","M","?","$","M","?","E","?","M","T","R","?","M","$","E","R","BOSS"],"items_purchased_type":["Card","Potion","Card","Relic","Relic","Card"],"build_version":"2020-12-22","purchased_purges":3,"victory":true,"max_hp_per_floor":[70,70,70,70,70,70,70,70,70,70,70,70,70,70,70,75,75,75,75,75,75,75,75,75,75,75,75,75,75,75,75,75,75,75,75,75,75,75,75,75,75,75,75,75,75,75,72,72,72,72],"card_choices":[{"not_picked":["ReplayTheSpireMod:Speed Training","Outmaneuver"],"picked":"Prepared","floor":1},{"not_picked":["Deadly Poison","Backflip"],"picked":"Hidden Blade","floor":2},{"not_picked":["Bane","PiercingWail","Bouncing Flask"],"picked":"SKIP","floor":3},{"not_picked":["PiercingWail","Deflect"],"picked":"Acrobatics","floor":5},{"not_picked":["Predator","Corpse Explosion"],"picked":"Accuracy","floor":6},{"not_picked":["Bane","Footwork","Masterful Stab"],"picked":"SKIP","floor":8},{"not_picked":["Finisher","hubris:SlightOfHand"],"picked":"Accuracy","floor":12},{"not_picked":["Deadly Poison","Underhanded Strike"],"picked":"Blade Dance","floor":13},{"not_picked":["Poison Darts","Adrenaline"],"picked":"Night Terror","floor":16},{"not_picked":["Outmaneuver","Skewer","Footwork"],"picked":"SKIP","floor":18},{"not_picked":["Dagger Spray+1","Underhanded Strike"],"picked":"Outmaneuver+1","floor":19},{"not_picked":["Underhanded Strike","ReplayTheSpireMod:Speed Training+1"],"picked":"Cloak And Dagger+1","floor":22},{"not_picked":["Poisoned Stab","Bouncing Flask","Flying Knee+1"],"picked":"SKIP","floor":23},{"not_picked":["Sucker Punch","Bane+1","Deflect+1"],"picked":"SKIP","floor":25},{"not_picked":["Corpse Explosion","Eviscerate"],"picked":"Reflex+1","floor":27},{"not_picked":["Deflect","ReplayTheSpireMod:The Works"],"picked":"Adrenaline","floor":29},{"not_picked":["Acrobatics+1","Dagger Throw"],"picked":"Prepared+1","floor":30},{"not_picked":["Poison Darts","Die Die Die"],"picked":"Storm of Steel","floor":33},{"not_picked":["Underhanded Strike","Terror"],"picked":"ReplayTheSpireMod:The Works","floor":35},{"not_picked":["ReplayTheSpireMod:Private Reserves","expansioncontent:DefensiveMode"],"picked":"expansioncontent:Chronoboost","floor":36},{"not_picked":["Flash of Steel","Madness"],"picked":"Poisoned Strike","floor":36},{"not_picked":["Violence","Replay:SS_fish_1"],"picked":"Crow Ritual","floor":36},{"not_picked":["Backflip","Noxious Fumes+1"],"picked":"Hidden Blade","floor":38},{"not_picked":["Slice+1","Dash+1","hubris:SlightOfHand+1"],"picked":"SKIP","floor":40},{"not_picked":["ReplayTheSpireMod:Speed Training","Reflex"],"picked":"Acrobatics","floor":41},{"not_picked":["Acrobatics","Burst","Calculated Gamble"],"picked":"SKIP","floor":42},{"not_picked":["Quick Slash+1","Catalyst","PiercingWail"],"picked":"SKIP","floor":45},{"not_picked":["Dash","Sucker Punch","PiercingWail+1"],"picked":"SKIP","floor":46},{"not_picked":["Setup","Well Laid Plans+1"],"picked":"Acrobatics+1","floor":48}],"player_experience":341463,"relics_obtained":[{"floor":6,"key":"Paper Crane"},{"floor":8,"key":"Iron Hammer"},{"floor":9,"key":"Lantern"},{"floor":23,"key":"hubris:TenFootPole"},{"floor":26,"key":"Replay:Baseball"},{"floor":29,"key":"Lizard Tail"},{"floor":30,"key":"hubris:Reverence"},{"floor":31,"key":"Ring of Peace"},{"floor":31,"key":"ReplayTheSpireMod:Ring of Exchange"},{"floor":39,"key":"hubris:Zylophone"},{"floor":40,"key":"Mercury Hourglass"},{"floor":41,"key":"Du-Vu Doll"},{"floor":43,"key":"Replay:Bottled Steam"},{"floor":48,"key":"Snack Pack"}],"event_choices":[{"damage_healed":0,"gold_gain":0,"player_choice":"Box","damage_taken":0,"relics_obtained":["Bronze Scales"],"max_hp_gain":0,"max_hp_loss":0,"event_name":"Big Fish","floor":4,"gold_loss":0,"cards_obtained":["Regret"]},{"damage_healed":0,"gold_gain":0,"player_choice":"Ignored","damage_taken":0,"max_hp_gain":0,"max_hp_loss":0,"event_name":"N\u0027loth","floor":21,"gold_loss":0},{"damage_healed":0,"gold_gain":0,"player_choice":"Memory 3","damage_taken":10,"max_hp_gain":0,"max_hp_loss":0,"event_name":"SensoryStone","floor":36,"gold_loss":0},{"damage_healed":0,"gold_gain":0,"player_choice":"Fight","damage_taken":0,"max_hp_gain":0,"max_hp_loss":0,"event_name":"MindBloom","floor":39,"gold_loss":0},{"damage_healed":0,"gold_gain":0,"player_choice":"Fight","damage_taken":0,"max_hp_gain":0,"max_hp_loss":0,"event_name":"Mysterious Sphere","floor":41,"gold_loss":0}],"is_beta":false,"boss_relics":[{"not_picked":["Philosopher\u0027s Stone","Coffee Dripper"],"picked":"WristBlade"},{"not_picked":["hubris:EmptyBottle","Sling"],"picked":"construct:WeddingRing"}],"items_purged_floors":[11,37,47],"is_endless":false,"potions_floor_spawned":[1,3,12,16,18,22,23,27,35,39,40,41],"ascension_level":2}}