{"host":"ctlqibkg0sskiu65","time":1609603663,"event":{"mods":["2.2 Compatiblity","AchievementEnabler","Aspiration","BaseMod","BetterRewards","Colored Map","Colored Powertips","Conspire","Downfall","Fiend Mod","Infinite Spire","Minty Spire (QoL Compilation)","Quick Restart","Replay The Spire","Shop Mod","StSLib","The Bladedancer","The Cursed","The Hierophant","The Jungle","The Kombatant","The Poker Player","The Servant 0.9.4","TheBandit"],"gold_per_floor":[110,110,10,10,10,36,47,62,89,89,118,118,95,110,110,207,207,227,227,242,242,242,242,242,252,252,252,266,266,266,284,284,399,399,439,474,516,516,567,567,638,197,197,227,227,253,288,288,288,288],"floor_reached":51,"playtime":2224,"items_purged":["Strike_G","Strike_G"],"score":1760,"play_id":"517de688-d4fb-4aec-889f-4588327aa78c","local_time":"20210102100743","is_ascension_mode":true,"campfire_choices":[{"floor":10.0,"key":"REST"},{"data":"infinitespire:Neurotoxin","floor":12.0,"key":"SMITH"},{"floor":15.0,"key":"REST"},{"data":"Adrenaline","floor":23,"key":"SMITH"},{"floor":27,"key":"REST"},{"floor":30,"key":"REST"},{"floor":32,"key":"REST"},{"floor":40,"key":"REST"},{"floor":45,"key":"REST"},{"floor":49,"key":"REST"}],"circlet_count":0,"master_deck":["Strike_G+1","Defend_G+1","Defend_G+1","Defend_G+1","Defend_G","Survivor+1","Neutralize","Noxious Fumes","Dagger Spray+1","Slice","Toxin Wave","infinitespire:Neurotoxin+1","Catalyst","PiercingWail+1","Bouncing Flask","Adrenaline+1","Poisoned Stab+1","Necronomicurse","Quick Slash+1","Corpse Explosion+1","Fluid Movement+1","Replay:Poison Smokescreen+1","Prepared+1","Poison Darts","Well Laid Plans+1","Specialist","conspire:PoisonWeapons+1"],"relics":["Ring of the Snake","HandDrill","Ancient Tea Set","Replay:Rubber Ducky","Vampiric Spirits","aspiration:ChemicalBlood","aspiration:Lifesprig","HornCleat","Empty Cage","infinitespire:BottledMercury","Necronomicon","Gremlin Food","infinitespire:EvilPickle","Philosopher\u0027s Stone","Basket Of Snakes","Question Card","Whetstone","Strange Spoon","Blue Doll"],"acts_visited":["Exordium","TheCity","TheBeyond"],"potions_floor_usage":[16,25,28,33,33,33,33,33,33,36,41,50,50,50,50,50],"damage_taken":[{"damage":2.0,"enemies":"2 Louse","floor":1.0,"turns":3.0},{"damage":31.0,"enemies":"Lagavulin","floor":6.0,"turns":10.0},{"damage":2.0,"enemies":"Jaw Worm","floor":7.0,"turns":4.0},{"damage":13.0,"enemies":"Small Slimes","floor":8.0,"turns":3.0},{"damage":20.0,"enemies":"Gremlin Nob","floor":11.0,"turns":4.0},{"damage":0.0,"enemies":"Exordium Wildlife","floor":14.0,"turns":3.0},{"damage":48,"enemies":"Fading Forest","floor":16,"turns":11},{"damage":5,"enemies":"2 Thieves","floor":18,"turns":4},{"damage":6,"enemies":"Shell Parasite","floor":20,"turns":3},{"damage":0,"enemies":"Snecko","floor":25,"turns":2},{"damage":30,"enemies":"3 Cultists","floor":28,"turns":7},{"damage":0,"enemies":"Sentry and Sphere","floor":31,"turns":4},{"damage":63,"enemies":"Pondfish","floor":33,"turns":13},{"damage":20,"enemies":"3 Shapes","floor":35,"turns":5},{"damage":10,"enemies":"conspire:MimicChest","floor":36,"turns":5},{"damage":0,"enemies":"3 Darklings","floor":37,"turns":4},{"damage":5,"enemies":"4 Shapes","floor":39,"turns":5},{"damage":4,"enemies":"R_Hoarder","floor":41,"turns":5},{"damage":2,"enemies":"Jaw Worm Horde","floor":44,"turns":2},{"damage":18,"enemies":"Writhing Mass","floor":46,"turns":5},{"damage":8,"enemies":"Transient","floor":47,"turns":5},{"damage":36,"enemies":"Donu and Deca","floor":50,"turns":8}],"seed_played":"5329135179215975407","potions_obtained":[{"floor":7.0,"key":"FearPotion"},{"floor":8.0,"key":"Adrenaline Potion"},{"floor":11.0,"key":"Guardian:BlockOnCardUsePotion"},{"floor":20,"key":"Flashbang"},{"floor":25,"key":"Weak Potion"},{"floor":33,"key":"Elixir"},{"floor":39,"key":"Poison Potion"},{"floor":46,"key":"GamblersBrew"}],"is_trial":false,"path_per_floor":["M","?","$","?","$","E","M","M","T","R","E","R","$","M","R","B",null,"M","?","M","?","T","R","?","M","T","R","M","?","R","M","R","B",null,"M","?","M","?","M","R","E","$","T","M","R","M","M","?","R","B",null],"character_chosen":"THE_SILENT","items_purchased":["Noxious Fumes","Dagger Spray","HandDrill","Ancient Tea Set","Replay:Rubber Ducky","PiercingWail","Whetstone","Strange Spoon","Well Laid Plans+1","Specialist"],"campfire_rested":8,"item_purchase_floors":[0,0,0,0,0,13,42,42,42,42],"current_hp_per_floor":[65,65,65,65,65,34,35,22,22,43,31,31,31,37,58,23,58,58,58,52,52,52,52,36,36,36,57,29,29,50,51,70,7,54,36,27,37,37,35,56,56,56,56,54,70,52,50,50,70,34],"gold":288,"neow_bonus":"","is_daily":false,"chose_seed":false,"campfire_upgraded":2,"win_rate":0.0,"timestamp":1609603663,"path_taken":["M","?","$","?","?","E","M","M","T","R","E","R","$","M","R","BOSS","M","?","M","?","?","R","?","M","T","R","M","?","R","M","R","BOSS","M","?","?","?","M","R","E","$","T","M","R","M","M","?","R","BOSS"],"items_purchased_type":["Card","Card","Relic","Relic","Relic","Card","Relic","Relic","Card","Card"],"build_version":"2020-12-22","purchased_purges":2,"victory":true,"max_hp_per_floor":[70,70,70,70,70,70,70,70,70,70,70,70,70,70,70,70,70,70,70,70,70,70,70,70,70,70,70,70,70,70,70,70,70,70,70,70,70,70,70,70,70,70,70,70,70,70,70,70,70,70],"card_choices":[{"not_picked":["Flying Knee","Dagger Throw"],"picked":"Slice","floor":1.0},{"not_picked":["Sucker Punch","PiercingWail"],"picked":"Toxin Wave","floor":6.0},{"not_picked":["Accuracy","Underhanded Strike"],"picked":"infinitespire:Neurotoxin","floor":7.0},{"not_picked":["Flying Knee","Hidden Blade","Infinite Blades"],"picked":"SKIP","floor":8.0},{"not_picked":["Flying Knee","PiercingWail"],"picked":"Catalyst","floor":11.0},{"not_picked":["Outmaneuver","Poisoned Stab"],"picked":"Bouncing Flask","floor":14.0},{"not_picked":["Glass Knife","Replay:Bag of Tricks"],"picked":"Adrenaline","floor":16},{"not_picked":["Blade Dance","Quick Slash"],"picked":"Draining Mist","floor":18},{"not_picked":["Reflex+1","Quick Slash"],"picked":"Poisoned Stab","floor":20},{"not_picked":["Slice","Quick Slash","Prepared"],"picked":"SKIP","floor":25},{"not_picked":["Bouncing Flask","Eviscerate","conspire:DoublingDagger"],"picked":"SKIP","floor":28},{"not_picked":["Blur","Accuracy"],"picked":"Quick Slash+1","floor":31},{"not_picked":["Tools of the Trade","Unload"],"picked":"Corpse Explosion","floor":33},{"not_picked":["Accuracy","Outmaneuver"],"picked":"Fluid Movement+1","floor":35},{"not_picked":["Hidden Blade","ReplayTheSpireMod:Shiv Toss+1"],"picked":"Replay:Poison Smokescreen+1","floor":37},{"not_picked":["ReplayTheSpireMod:Exploit Weakness","Hidden Blade"],"picked":"Prepared+1","floor":39},{"not_picked":["ReplayTheSpireMod:Scrap Shanks","ReplayTheSpireMod:The Works+1"],"picked":"Poison Darts","floor":41},{"not_picked":["Blur","ReplayTheSpireMod:Shiv Toss+1","Replay:Poison Smokescreen+1","Caltrops"],"picked":"SKIP","floor":44},{"not_picked":["Hidden Blade","ReplayTheSpireMod:Speed Training","Dagger Throw+1","Replay:Poison Smokescreen"],"picked":"SKIP","floor":46},{"not_picked":["Hidden Blade","Blur","Deflect+1"],"picked":"conspire:PoisonWeapons+1","floor":47}],"player_experience":185330,"relics_obtained":[{"floor":6.0,"key":"aspiration:ChemicalBlood"},{"floor":9.0,"key":"aspiration:Lifesprig"},{"floor":11.0,"key":"HornCleat"},{"floor":22,"key":"infinitespire:BottledMercury"},{"floor":24,"key":"Necronomicon"},{"floor":26,"key":"Gremlin Food"},{"floor":36,"key":"Basket Of Snakes"},{"floor":41,"key":"Question Card"},{"floor":43,"key":"Blue Doll"}],"event_choices":[{"cards_removed":["Strike_G"],"damage_healed":0,"gold_gain":0,"player_choice":"Elegance","damage_taken":0,"max_hp_gain":0,"max_hp_loss":0,"event_name":"Back to Basics","floor":21,"gold_loss":0},{"damage_healed":0,"gold_gain":0,"player_choice":"Obtained Book","damage_taken":16,"max_hp_gain":0,"max_hp_loss":0,"event_name":"Cursed Tome","floor":24,"gold_loss":0},{"damage_healed":0,"gold_gain":0,"player_choice":"Ignored","damage_taken":0,"max_hp_gain":0,"max_hp_loss":0,"event_name":"Ghosts","floor":29,"gold_loss":0},{"cards_removed":["Draining Mist"],"damage_healed":0,"gold_gain":0,"player_choice":"Removed Skill","damage_taken":0,"max_hp_gain":0,"max_hp_loss":0,"event_name":"Falling","floor":38,"gold_loss":0},{"damage_healed":0,"gold_gain":0,"player_choice":"Leave","damage_taken":0,"max_hp_gain":0,"max_hp_loss":0,"event_name":"conspire:Investor","floor":48,"gold_loss":0}],"is_beta":false,"boss_relics":[{"not_picked":["Runic Dome","Pandora\u0027s Box"],"picked":"Empty Cage"},{"not_picked":["Kintsugi","Runic Pyramid"],"picked":"Philosopher\u0027s Stone"}],"items_purged_floors":[0,3],"is_endless":false,"potions_floor_spawned":[7,8,11,20,25,33,39,46,47],"ascension_level":9}}