{"host":"yplokfwlx8kpnt0a","time":1609624663,"event":{"mods":["2.2 Compatiblity","AchievementEnabler","Act Like it!","Aspiration","Astrologer","BaseMod","Beaked The Cultist","Better Altar","Better Match","Better Note","Better Sensory Stone","Better Skull","Better Synergies","Better Third Choice","BetterRewards","CCEM","ChefMod","Colored Powertips","Curses Come First","Downfall","Elementarium","Emptier Cage","Evolution","Friendly Minions","Gensokyo","Googly Eyes","Hallownest","Hermit","Highlight Path","Hubris","Infinite Spire","JesterMod","Menagerie","Mimic Mod","Minty Spire (QoL Compilation)","RNG Fix","Random Character Button","Rare Cards Sparkle","Relic Sorter","Replay The Spire","Retaliation","Robot Space Explorer","Shop Mod","Spicy Shops","Spikes Relics","StSLib","The Blue Laboratory","The Bug Knight","The Construct","The Cursed","The Disciple","The Forsaken","The Marked","The Mystic","The Runesmith","TheVacant","Transform Curses","Treasure Hunter"],"gold_per_floor":[132,152,152,152,152,77,110,110,137,155,181,199,213,432,445,548,548,473,490,605,623,613,31,69,82,214,214,214,214],"floor_reached":27,"playtime":4046,"items_purged":["Clumsy"],"score":329,"play_id":"225717a6-ea65-45e3-9b42-93c836b2c4b9","local_time":"20210102145743","is_ascension_mode":true,"campfire_choices":[{"floor":1,"key":"RECALL"},{"data":"champ:Taunt","floor":6,"key":"SMITH"},{"data":"champ:ShieldWall","floor":8,"key":"SMITH"},{"data":"champ:HeartStrike","floor":18,"key":"SMITH"}],"circlet_count":0,"master_deck":["champ:FanOfKnives","champ:FanOfKnives","champ:Strike","champ:Strike","champ:Defend","champ:Defend","champ:Defend","champ:Defend","champ:Execute","champ:Taunt+1","champ:AdrenalArmor","theForsaken:PlagueCurse","champ:ShieldWall+1","TH:TreasureMap","champ:Encircle","champ:FaceSlap","TH:CopperCoins","champ:RisingSlash","champ:FanOfKnives","champ:HeartStrike+1","TH:EnergyPotion","champ:MurderStrike","CloudedMind","SecondHand","champ:PerfectForm","Replay:BasicMightCard","infinitespire:Execution","Elementarium:GildedEssence","champ:ArenaPreparation","Runesmith:ReplicatingBarrier","HollowMod:DashSlash","TH:CopperCoins","theMarked:ShockingTouch"],"relics":["champ:ChampionCrown","EVO:Axolotl","NeowsBlessing","Gensokyo:NagashiBinaDoll","theForsaken:PlagueMask","hubris:Icosahedron","downfall:HeartBlessingRed","aspiration:VileToxins","Ginger","HornCleat","Bag of Marbles","downfall:HeartBlessingGreen","SnailShell","MerchantsRug","construct:BoolHorns","Strawberry","PrismaticShard","CCEMRelics:WhiteRose","CCEMRelics:Barrel"],"acts_visited":["Gensokyo:Gensokyo","Elementarium:Elementarium"],"potions_floor_usage":[10,11,16],"damage_taken":[{"damage":0,"enemies":"Gensokyo:2_Kodama","floor":2,"turns":1},{"damage":4,"enemies":"Gensokyo:Gryphon","floor":7,"turns":2},{"damage":5,"enemies":"Gensokyo:Mamizou","floor":9,"turns":2},{"damage":12,"enemies":"Gensokyo:Gryphon","floor":10,"turns":4},{"damage":22,"enemies":"Gensokyo:Cirno","floor":11,"turns":5},{"damage":14,"enemies":"Gensokyo:3_Fairies","floor":12,"turns":3},{"damage":14,"enemies":"Gensokyo:Gryphon_and_Rabbit","floor":13,"turns":4},{"damage":6,"enemies":"Gensokyo:2_Rabbits","floor":15,"turns":2},{"damage":39,"enemies":"downfall:Silent","floor":16,"turns":5},{"damage":28,"enemies":"Elementarium:Cyclone","floor":19,"turns":6},{"damage":33,"enemies":"Elementarium:VoidCorruption","floor":21,"turns":5},{"damage":7,"enemies":"downfall:FleeingMerchant","floor":23,"turns":4},{"damage":54,"enemies":"Elementarium:VoidBeast","floor":24,"turns":4},{"damage":18,"enemies":"Elementarium:VoidBeast","floor":25,"turns":4},{"damage":39,"enemies":"Elementarium:ElementalPortal","floor":26,"turns":4},{"damage":98,"enemies":"Menagerie:Suneater","floor":27,"turns":3}],"seed_played":"9070347576375980740","potions_obtained":[{"floor":2,"key":"Dexterity Potion"},{"floor":10,"key":"LiquidMemories"},{"floor":15,"key":"blueLaboratory:SavagePotion"},{"floor":16,"key":"Doom Potion"},{"floor":26,"key":"Ancient Potion"}],"is_trial":false,"path_per_floor":["R","M","?","?","?","R","MIM","R","E","M","E","M","M","?","M","B",null,"R","M","?","M","?","$","MIM","M","E","?"],"character_chosen":"THE_CHAMP","items_purchased":["MerchantsRug","construct:BoolHorns","Strawberry","PrismaticShard","champ:ArenaPreparation"],"campfire_rested":0,"item_purchase_floors":[23,23,23,23,23],"current_hp_per_floor":[90,90,90,90,90,90,90,90,90,90,80,80,80,41,41,22,90,90,71,44,19,19,97,93,79,72,0,0,0],"gold":214,"neow_bonus":"THREE_ENEMY_KILL","is_daily":false,"chose_seed":false,"campfire_upgraded":3,"win_rate":0.0,"timestamp":1609624663,"path_taken":["R","M","?","?","?","R","MIM","R","E","M","E","M","?","?","M","BOSS","R","M","?","?","?","$","MIM","M","E","?"],"items_purchased_type":["Relic","Relic","Relic","Relic","Card"],"build_version":"2020-12-22","purchased_purges":1,"victory":false,"max_hp_per_floor":[90,90,90,90,90,90,90,90,90,90,90,90,90,90,90,90,90,90,90,90,90,90,97,97,97,97,97,97,97],"card_choices":[{"not_picked":["champ:Balance","champ:DefensiveShout"],"picked":"champ:AdrenalArmor","floor":2},{"not_picked":["champ:Haymaker","champ:ShieldSigil"],"picked":"champ:ShieldWall","floor":7},{"not_picked":["TH:ElvenBoots"],"picked":"TH:TreasureMap","floor":9},{"not_picked":["champ:GladiatorsShout","champ:RageSigil"],"picked":"champ:Encircle","floor":9},{"not_picked":["champ:GladiatorStyle","champ:FocusedDefense"],"picked":"champ:FaceSlap","floor":10},{"not_picked":["TH:ElvenBoots"],"picked":"TH:CopperCoins","floor":11},{"not_picked":["champ:FaceSlap","champ:StanceDance"],"picked":"champ:RisingSlash","floor":11},{"not_picked":["champ:RageSigil","champ:Circumvent"],"picked":"champ:FanOfKnives","floor":12},{"not_picked":["champ:StanceDance","champ:TornadoPunch"],"picked":"champ:HeartStrike","floor":13},{"not_picked":["champ:CrookedStrike","champ:BerserkersShout","champ:GutPunch"],"picked":"SKIP","floor":15},{"not_picked":["TH:TreasureMap"],"picked":"TH:EnergyPotion","floor":16},{"not_picked":["champ:EnchantSword","champ:EnchantCrown"],"picked":"champ:MurderStrike","floor":16},{"not_picked":["Replay:GuardianBash","Vigilance"],"picked":"SecondHand","floor":17},{"not_picked":["champ:EnchantSword","champ:Improvising"],"picked":"champ:PerfectForm","floor":17},{"not_picked":["expansioncontent:DarkVoid","Replay:SS_fish_2"],"picked":"Replay:BasicMightCard","floor":17},{"not_picked":["infinitespire:NeuralNetwork","infinitespire:Menacing"],"picked":"infinitespire:Execution","floor":17},{"not_picked":["champ:TornadoPunch","champ:AdrenalArmor+1","champ:DancingMaster"],"picked":"SKIP","floor":19},{"not_picked":["champ:BladeFlurry","champ:FlashCut+1","champ:Encircle"],"picked":"SKIP","floor":21},{"not_picked":["champ:PerfectedStrike","champ:FlashCut","champ:TornadoPunch"],"picked":"SKIP","floor":23},{"not_picked":["Guardian:VentSteam+1","sneckomod:UnknownCommonAttack"],"picked":"Runesmith:ReplicatingBarrier","floor":24},{"not_picked":["Dodge and Roll","hermit:Brawl+1"],"picked":"HollowMod:DashSlash","floor":25},{"not_picked":["TH:BikiniMail"],"picked":"TH:CopperCoins","floor":26},{"not_picked":["theMarked:Electrocute+1","Slimebound:RollThrough"],"picked":"theMarked:ShockingTouch","floor":26}],"player_experience":608795,"relics_obtained":[{"floor":7,"key":"aspiration:VileToxins"},{"floor":9,"key":"Ginger"},{"floor":11,"key":"HornCleat"},{"floor":24,"key":"CCEMRelics:WhiteRose"},{"floor":26,"key":"CCEMRelics:Barrel"}],"event_choices":[{"damage_healed":0,"gold_gain":0,"player_choice":"Obtain Plague Curse","damage_taken":0,"max_hp_gain":0,"max_hp_loss":0,"event_name":"Plague Doctor","floor":4,"gold_loss":0,"cards_obtained":["theForsaken:PlagueCurse"]},{"damage_healed":0,"gold_gain":219,"player_choice":"GO RE GO ","damage_taken":43,"relics_obtained":["Bag of Marbles"],"max_hp_gain":0,"max_hp_loss":0,"event_name":"betterSkull:BetterSkull","floor":14,"gold_loss":0,"cards_upgraded":[]},{"damage_healed":0,"gold_gain":115,"player_choice":"GO RE ","damage_taken":30,"relics_obtained":["SnailShell"],"max_hp_gain":0,"max_hp_loss":0,"event_name":"betterSkull:BetterSkull","floor":20,"gold_loss":0,"cards_upgraded":[]},{"damage_healed":0,"gold_gain":0,"player_choice":"Toss","damage_taken":0,"max_hp_gain":0,"max_hp_loss":0,"event_name":"Elementarium:OnrushingOffering","floor":22,"gold_loss":10,"cards_obtained":["Elementarium:GildedEssence"]},{"damage_healed":0,"gold_gain":0,"player_choice":"Follow","damage_taken":0,"max_hp_gain":0,"max_hp_loss":0,"event_name":"Elementarium:BeastsOfTheMenagerie","floor":27,"gold_loss":0}],"is_beta":false,"boss_relics":[{"not_picked":["ChewingGum","Runic Pyramid"],"picked":"ReplayTheSpireMod:SealedPack"}],"items_purged_floors":[23],"is_endless":false,"potions_floor_spawned":[2,10,15,16,26],"killed_by":"Menagerie:Suneater","ascension_level":1}}