{"host":"2se5dq1do2gp0x9k","time":1609546740,"event":{"mods":["AchievementEnabler","BaseMod","Block Reminder","Colored Map","Colored Powertips","Minty Spire (QoL Compilation)","Relic Stats","StSLib","SuperFastMode"],"gold_per_floor":[109,127,7,21,21,47,47,59,85,10,39,50,80,80,80,80,80],"floor_reached":16,"playtime":900,"items_purged":["Defend_P"],"score":132,"play_id":"944943e6-52e4-4c46-b436-1f2073bd931f","local_time":"20210101161900","is_ascension_mode":true,"campfire_choices":[{"data":"Protect","floor":7,"key":"SMITH"},{"data":"Adaptation","floor":15,"key":"SMITH"}],"circlet_count":0,"master_deck":["Strike_P","Strike_P","Strike_P","Strike_P","Defend_P","Defend_P+1","Defend_P","Eruption+1","Vigilance","Swift Strike","Protect+1","EmptyBody+1","ThirdEye","Consecrate","LessonLearned","Adaptation+1","JustLucky","Protect+1","Crescendo","CrushJoints","InnerPeace"],"relics":["PureWater","Toy Ornithopter","MealTicket","Potion Belt","Mummified Hand"],"acts_visited":["Exordium"],"potions_floor_usage":[12,13,13],"damage_taken":[{"damage":2,"enemies":"Jaw Worm","floor":1,"turns":3},{"damage":0,"enemies":"Cultist","floor":2,"turns":2},{"damage":0,"enemies":"2 Louse","floor":4,"turns":3},{"damage":20,"enemies":"Lagavulin","floor":6,"turns":8},{"damage":1,"enemies":"Red Slaver","floor":8,"turns":3},{"damage":4,"enemies":"3 Sentries","floor":11,"turns":8},{"damage":1,"enemies":"Exordium Wildlife","floor":12,"turns":8},{"damage":28,"enemies":"Gremlin Nob","floor":13,"turns":6},{"damage":61,"enemies":"Slime Boss","floor":16,"turns":15}],"seed_played":"6338260885126431347","potions_obtained":[{"floor":1,"key":"EssenceOfSteel"},{"floor":6,"key":"Ancient Potion"},{"floor":11,"key":"Block Potion"},{"floor":12,"key":"LiquidMemories"}],"is_trial":false,"path_per_floor":["M","M","$","M","?","E","R","M","T","$","E","M","E","$","R","B"],"character_chosen":"WATCHER","items_purchased":["ThirdEye","JustLucky","Protect"],"campfire_rested":0,"item_purchase_floors":[3,10,10],"current_hp_per_floor":[70,70,70,70,70,50,50,49,49,64,60,64,46,61,61,0,0],"gold":80,"neow_bonus":"RANDOM_COLORLESS","is_daily":false,"chose_seed":false,"campfire_upgraded":2,"win_rate":0.0,"timestamp":1609546740,"path_taken":["M","M","$","M","?","E","R","M","T","$","E","?","E","?","R","BOSS"],"items_purchased_type":["Card","Card","Card"],"build_version":"2020-12-22","purchased_purges":1,"victory":false,"max_hp_per_floor":[72,72,72,72,72,72,72,72,72,72,72,72,72,72,72,72,72],"relic_stats":{"counters":[9,56],"Mummified Hand":[1],"MealTicket":30,"obtain_stats":[{"Potion Belt":11,"Mummified Hand":13,"MealTicket":9,"PureWater":0,"Toy Ornithopter":6},{"Potion Belt":6,"Mummified Hand":8,"MealTicket":5,"PureWater":0,"Toy Ornithopter":4},{"Potion Belt":27,"Mummified Hand":41,"MealTicket":19,"PureWater":0,"Toy Ornithopter":16}],"Toy Ornithopter":15},"card_choices":[{"not_picked":["Blind","Enlightenment"],"picked":"Swift Strike","floor":0},{"not_picked":["BowlingBash","Evaluate"],"picked":"Protect","floor":1},{"not_picked":["Wireheading","Evaluate"],"picked":"EmptyBody","floor":2},{"not_picked":["Perseverance","PathToVictory"],"picked":"Consecrate","floor":4},{"not_picked":["EmptyBody","BowlingBash"],"picked":"LessonLearned","floor":6},{"not_picked":["SashWhip","Halt"],"picked":"Adaptation","floor":8},{"not_picked":["MentalFortress","PathToVictory"],"picked":"Crescendo","floor":11},{"not_picked":["BowlingBash","Scrawl"],"picked":"CrushJoints","floor":12},{"not_picked":["Consecrate","Perseverance"],"picked":"InnerPeace","floor":13}],"player_experience":3699570,"relics_obtained":[{"floor":6,"key":"Toy Ornithopter"},{"floor":9,"key":"MealTicket"},{"floor":11,"key":"Potion Belt"},{"floor":13,"key":"Mummified Hand"}],"event_choices":[{"damage_healed":0,"gold_gain":0,"player_choice":"Upgraded","damage_taken":0,"max_hp_gain":0,"max_hp_loss":0,"event_name":"Upgrade Shrine","floor":5,"gold_loss":0,"cards_upgraded":["Eruption"]}],"is_beta":false,"boss_relics":[],"items_purged_floors":[3],"is_endless":false,"potions_floor_spawned":[1,6,11,12],"killed_by":"Slime Boss","ascension_level":2}}