{"host":"wwo1kwxjf4eyz37q","time":1609556114,"event":{"mods":["AchievementEnabler","BaseMod","Colored Map","Minty Spire (QoL Compilation)","Quick Restart","SuperFastMode"],"gold_per_floor":[20,20,43,93,118,118,151,151,151,182,34,34,48,81,81,179,179,203,226,226,126,139,139,139,194,194,194,43,43,8,39,39,130,130,145,169,169,23,39,72,72,88,88,88,152,177,177,177,177,177],"floor_reached":51,"playtime":2986,"items_purged":["Defend_R","Strike_R","Defend_R"],"score":1616,"play_id":"9aabce6b-7f2a-4996-845b-4646f4500a32","local_time":"20210102115514","is_ascension_mode":true,"campfire_choices":[{"data":"Berserk","floor":6.0,"key":"SMITH"},{"data":"Bash","floor":8.0,"key":"SMITH"},{"data":"Battle Trance","floor":12.0,"key":"SMITH"},{"floor":15.0,"key":"REST"},{"data":"Armaments","floor":23.0,"key":"SMITH"},{"data":"Inflame","floor":27.0,"key":"SMITH"},{"data":"True Grit","floor":29.0,"key":"SMITH"},{"data":"Barricade","floor":32.0,"key":"SMITH"},{"data":"Dark Embrace","floor":41.0,"key":"SMITH"},{"data":"Flame Barrier","floor":44.0,"key":"SMITH"},{"floor":49,"key":"REST"}],"circlet_count":0,"master_deck":["AscendersBane","Defend_R","Defend_R","Bash+1","Battle Trance+1","Berserk+1","Pommel Strike","Inflame+1","Barricade+1","Shrug It Off","Twin Strike","Flame Barrier+1","Fiend Fire","Sword Boomerang","Armaments+1","Entrench+1","True Grit+1","Evolve","Twin Strike+1","Offering","Flame Barrier+1","Dark Embrace+1","Clothesline+1","Dark Shackles"],"relics":["Burning Blood","Golden Idol","Darkstone Periapt","HornCleat","CaptainsWheel","Prayer Wheel","Empty Cage","Charon\u0027s Ashes","Blood Vial","Torii","Anchor","Mark of Pain","Orrery","Letter Opener","Kunai","Gambling Chip","Nunchaku"],"acts_visited":["TheCity","TheBeyond"],"potions_floor_usage":[50],"damage_taken":[{"damage":0.0,"enemies":"Small Slimes","floor":1.0,"turns":3.0},{"damage":7.0,"enemies":"Jaw Worm","floor":3.0,"turns":3.0},{"damage":0.0,"enemies":"Cultist","floor":5.0,"turns":3.0},{"damage":25.0,"enemies":"Lagavulin","floor":7.0,"turns":6.0},{"damage":20.0,"enemies":"Gremlin Nob","floor":10.0,"turns":4.0},{"damage":3.0,"enemies":"Blue Slaver","floor":13.0,"turns":4.0},{"damage":15.0,"enemies":"3 Sentries","floor":14.0,"turns":8.0},{"damage":2.0,"enemies":"Slime Boss","floor":16.0,"turns":5.0},{"damage":0.0,"enemies":"3 Byrds","floor":18.0,"turns":3.0},{"damage":12.0,"enemies":"Chosen","floor":19.0,"turns":3.0},{"damage":0.0,"enemies":"Snake Plant","floor":22.0,"turns":2.0},{"damage":26.0,"enemies":"Gremlin Leader","floor":31.0,"turns":7.0},{"damage":45.0,"enemies":"Collector","floor":33.0,"turns":14.0},{"damage":15.0,"enemies":"3 Darklings","floor":35.0,"turns":5.0},{"damage":0.0,"enemies":"3 Shapes","floor":36.0,"turns":6.0},{"damage":20.0,"enemies":"Spire Growth","floor":39.0,"turns":5.0},{"damage":8.0,"enemies":"Giant Head","floor":40.0,"turns":8.0},{"damage":6.0,"enemies":"Maw","floor":42.0,"turns":6.0},{"damage":25.0,"enemies":"2 Orb Walkers","floor":45.0,"turns":4.0},{"damage":6.0,"enemies":"Sphere and 2 Shapes","floor":46.0,"turns":4.0},{"damage":6,"enemies":"Awakened One","floor":50,"turns":17}],"seed_played":"557459129350273575","potions_obtained":[{"floor":3.0,"key":"Energy Potion"},{"floor":13.0,"key":"SkillPotion"},{"floor":14.0,"key":"AttackPotion"},{"floor":16.0,"key":"SkillPotion"},{"floor":18.0,"key":"Block Potion"},{"floor":33.0,"key":"Fire Potion"},{"floor":39.0,"key":"SteroidPotion"},{"floor":40.0,"key":"Block Potion"},{"floor":45.0,"key":"ColorlessPotion"}],"is_trial":false,"path_per_floor":["M","?","M","?","M","R","E","R","T","E","$","R","M","E","R","B",null,"M","M","T","$","M","R","?","T","T","R","$","R","$","E","R","B",null,"M","M","?","$","M","E","R","M","T","R","?","M","?","T","R","B",null],"character_chosen":"IRONCLAD","items_purchased":["Shrug It Off","Twin Strike","True Grit","Evolve","Orrery"],"campfire_rested":2,"item_purchase_floors":[11,11,28,30,38],"current_hp_per_floor":[74,68,67,67,68,68,49,49,49,35,35,35,38,29,49,53,64,68,62,62,62,68,68,68,68,68,68,68,68,68,48,48,11,54,47,55,55,55,43,43,43,45,45,45,28,30,30,30,50,52],"gold":177,"neow_bonus":"TRANSFORM_TWO_CARDS","is_daily":false,"chose_seed":false,"campfire_upgraded":9,"win_rate":0.0,"timestamp":1609556114,"path_taken":["M","?","M","?","M","R","E","R","T","E","$","R","M","E","R","BOSS","M","M","?","$","M","R","?","?","T","R","?","R","?","E","R","BOSS","M","M","?","$","M","E","R","M","T","R","?","M","?","?","R","BOSS"],"items_purchased_type":["Card","Card","Card","Card","Relic"],"build_version":"2020-12-22","purchased_purges":3,"victory":true,"max_hp_per_floor":[75,68,68,68,68,68,68,68,68,68,68,68,68,68,68,68,68,68,68,68,68,68,68,68,68,68,68,68,68,68,68,68,68,68,68,68,68,68,68,68,68,68,68,68,68,68,68,68,68,68],"card_choices":[{"not_picked":["Warcry","True Grit"],"picked":"Pommel Strike","floor":1.0},{"not_picked":["Headbutt","Anger"],"picked":"Inflame","floor":3.0},{"not_picked":["Headbutt","Heavy Blade","Carnage"],"picked":"SKIP","floor":5.0},{"not_picked":["Twin Strike","Carnage"],"picked":"Barricade","floor":7.0},{"not_picked":["Heavy Blade","Battle Trance","Combust"],"picked":"SKIP","floor":10.0},{"not_picked":["Thunderclap","Iron Wave","Anger"],"picked":"SKIP","floor":13.0},{"not_picked":["Flex","Iron Wave"],"picked":"Flame Barrier","floor":14.0},{"not_picked":["Exhume","Feed"],"picked":"Fiend Fire","floor":16.0},{"not_picked":["Cleave","Entrench"],"picked":"Sword Boomerang","floor":18.0},{"not_picked":["Iron Wave","Battle Trance","Perfected Strike"],"picked":"SKIP","floor":18.0},{"not_picked":["Blood for Blood","Sentinel"],"picked":"Armaments","floor":19.0},{"not_picked":["Headbutt","Feed","Wild Strike"],"picked":"SKIP","floor":19.0},{"not_picked":["Ghostly Armor","Body Slam"],"picked":"Entrench+1","floor":22.0},{"not_picked":["Anger+1","Flex","Sword Boomerang"],"picked":"SKIP","floor":22.0},{"not_picked":["Shrug It Off","Anger"],"picked":"Twin Strike+1","floor":31.0},{"not_picked":["Double Tap","Feed"],"picked":"Offering","floor":33.0},{"not_picked":["Sever Soul","Clash+1","Thunderclap"],"picked":"SKIP","floor":35.0},{"not_picked":["Wild Strike+1","Armaments","Shockwave"],"picked":"SKIP","floor":35.0},{"not_picked":["Heavy Blade","Iron Wave","Rupture+1"],"picked":"SKIP","floor":36.0},{"not_picked":["Pommel Strike","Warcry","Battle Trance+1"],"picked":"SKIP","floor":36.0},{"not_picked":["Seeing Red+1","Wild Strike"],"picked":"Flame Barrier+1","floor":38.0},{"not_picked":["Body Slam","Seeing Red"],"picked":"Dark Embrace","floor":38.0},{"not_picked":["True Grit","Armaments+1"],"picked":"Clothesline+1","floor":39.0},{"not_picked":["Carnage","Evolve+1","Infernal Blade"],"picked":"SKIP","floor":39.0},{"not_picked":["True Grit","Armaments","Iron Wave"],"picked":"SKIP","floor":40.0},{"not_picked":["Hemokinesis","Searing Blow","Anger+1"],"picked":"SKIP","floor":42.0},{"not_picked":["Wild Strike","Thunderclap","Flame Barrier"],"picked":"SKIP","floor":42.0},{"not_picked":["Entrench","Warcry","Anger"],"picked":"SKIP","floor":46.0},{"not_picked":["Burning Pact+1","Armaments","Warcry"],"picked":"SKIP","floor":46.0},{"not_picked":["PanicButton","Swift Strike"],"picked":"Dark Shackles","floor":47}],"player_experience":162996,"relics_obtained":[{"floor":7.0,"key":"Darkstone Periapt"},{"floor":9.0,"key":"HornCleat"},{"floor":10.0,"key":"CaptainsWheel"},{"floor":14.0,"key":"Prayer Wheel"},{"floor":20.0,"key":"Charon\u0027s Ashes"},{"floor":25.0,"key":"Blood Vial"},{"floor":26.0,"key":"Torii"},{"floor":31.0,"key":"Anchor"},{"floor":40.0,"key":"Letter Opener"},{"floor":43.0,"key":"Kunai"},{"floor":45.0,"key":"Gambling Chip"},{"floor":48,"key":"Nunchaku"}],"event_choices":[{"damage_healed":0.0,"max_hp_gain":0.0,"max_hp_loss":7.0,"gold_gain":0.0,"event_name":"Golden Idol","player_choice":"Lose Max HP","floor":2.0,"gold_loss":0.0,"damage_taken":0.0,"relics_obtained":["Golden Idol"]},{"damage_healed":0.0,"max_hp_gain":0.0,"max_hp_loss":0.0,"gold_gain":50.0,"event_name":"Golden Shrine","player_choice":"Pray","floor":4.0,"gold_loss":0.0,"damage_taken":0.0},{"damage_healed":0.0,"max_hp_gain":0.0,"max_hp_loss":0.0,"gold_gain":0.0,"event_name":"Ghosts","player_choice":"Ignored","floor":24.0,"gold_loss":0.0,"damage_taken":0.0},{"damage_healed":0.0,"max_hp_gain":0.0,"max_hp_loss":0.0,"gold_gain":0.0,"event_name":"Tomb of Lord Red Mask","player_choice":"Ignored","floor":37.0,"gold_loss":0.0,"damage_taken":0.0},{"damage_healed":0.0,"max_hp_gain":0.0,"max_hp_loss":0.0,"gold_gain":0.0,"event_name":"Mysterious Sphere","player_choice":"Fight","floor":45.0,"gold_loss":0.0,"damage_taken":0.0},{"damage_healed":0,"gold_gain":0,"player_choice":"Memory 1","damage_taken":0,"max_hp_gain":0,"max_hp_loss":0,"event_name":"SensoryStone","floor":47,"gold_loss":0}],"is_beta":false,"boss_relics":[{"not_picked":["Black Star","Runic Cube"],"picked":"Empty Cage"},{"not_picked":["Runic Pyramid","Runic Dome"],"picked":"Mark of Pain"}],"items_purged_floors":[11,21,28],"is_endless":false,"potions_floor_spawned":[3,13,14,16,18,33,39,40,45],"ascension_level":15}}