{"host":"kq2g769nefmuyn7c","time":1609591316,"event":{"mods":["ATMod(°¢èªMod)","Act Like it!","BaseMod","Gensokyo","Minty Spire (QoL Compilation)","Remilia£¨ÀÙÃ×ÀòÑÇ£©","Replay The Spire","StSLib","The Marked"],"gold_per_floor":[119,135,149,183,203,203,229,229,229,329,329,349,362,389,389,389,389],"floor_reached":16,"playtime":1306,"items_purged":[],"score":176,"play_id":"775af0c5-07f0-43fe-80d7-072b73b2dc39","local_time":"20210102204156","is_ascension_mode":true,"campfire_choices":[{"data":"GlobalNightmare","floor":6,"key":"SMITH"},{"data":"EquivalentExchange","floor":8,"key":"SMITH"},{"data":"DiffusionOfMisfortune","floor":11,"key":"SMITH"},{"data":"DevilSight","floor":15,"key":"SMITH"}],"circlet_count":0,"master_deck":["Strike_RM","Strike_RM","Strike_RM","Strike_RM","Defend_RM","Defend_RM","Defend_RM","Defend_RM+1","RedMoon+1","ScarletShoot","AT_EssenceShift","GlobalNightmare+1","DevilSight+1","DiffusionOfMisfortune+1","ReincarnationDial","EquivalentExchange+1","DiffusionOfMisfortune","ForecastOfChange"],"relics":["ScarletHat","AT_ATBox","War Paint","ScarletDevilRocket","Calipers","Snack Pack","Singing Bowl"],"acts_visited":["Gensokyo:Gensokyo"],"potions_floor_usage":[4,4],"damage_taken":[{"damage":0,"enemies":"Gensokyo:Python","floor":1,"turns":3},{"damage":0,"enemies":"Gensokyo:3_Fairies","floor":2,"turns":5},{"damage":1,"enemies":"Gensokyo:Gryphon","floor":3,"turns":4},{"damage":32,"enemies":"Gensokyo:Cirno","floor":4,"turns":10},{"damage":0,"enemies":"Gensokyo:Kitsune","floor":5,"turns":4},{"damage":38,"enemies":"Gensokyo:Cirno","floor":7,"turns":10},{"damage":7,"enemies":"Gensokyo:Gryphon_and_Rabbit","floor":12,"turns":7},{"damage":4,"enemies":"Gensokyo:CorruptedTreant","floor":13,"turns":4},{"damage":0,"enemies":"Gensokyo:Aya","floor":14,"turns":6},{"damage":16,"enemies":"Gensokyo:Reimu","floor":16,"turns":15}],"seed_played":"-6636207651931057738","potions_obtained":[{"floor":3,"key":"SkillPotion"},{"floor":4,"key":"Fruit Juice"},{"floor":7,"key":"Elixir"},{"floor":12,"key":"Death Potion"}],"is_trial":false,"path_per_floor":["M","M","M","?","M","R","E","R","T","?","R","M","M","E","R","B"],"character_chosen":"REMILIA","items_purchased":[],"campfire_rested":0,"item_purchase_floors":[],"current_hp_per_floor":[75,75,75,52,52,52,27,27,27,27,27,25,24,24,24,22,22],"gold":389,"neow_bonus":"RANDOM_COMMON_RELIC","is_daily":false,"chose_seed":false,"campfire_upgraded":4,"win_rate":0.0,"timestamp":1609591316,"path_taken":["M","M","M","?","M","R","E","R","T","?","R","M","M","E","R","BOSS"],"items_purchased_type":[],"build_version":"2020-12-22","purchased_purges":0,"victory":false,"max_hp_per_floor":[75,75,75,80,80,80,80,80,80,80,80,80,80,80,80,80,80],"card_choices":[{"not_picked":["StarOfDavid","EndlessAdversity","UnderTheZenith"],"picked":"SKIP","floor":1},{"not_picked":["DevilSight","VampireSweep"],"picked":"GlobalNightmare","floor":2},{"not_picked":["BombardNight","UnstableMagic"],"picked":"DevilSight","floor":3},{"not_picked":["BloodyTrap","MastersStateliness"],"picked":"DiffusionOfMisfortune","floor":4},{"not_picked":["CharismaGuard","StarOfDavid"],"picked":"ReincarnationDial","floor":5},{"not_picked":["ScarletImprint","MastersStateliness"],"picked":"EquivalentExchange","floor":7},{"not_picked":["UnstableMagic","NightLord"],"picked":"DiffusionOfMisfortune","floor":12},{"not_picked":["ScarletDevil","NightDance","ReincarnationDial"],"picked":"SKIP","floor":13},{"not_picked":["NightDance","StarOfDavid"],"picked":"ForecastOfChange","floor":14}],"player_experience":113994,"relics_obtained":[{"floor":4,"key":"ScarletDevilRocket"},{"floor":7,"key":"Calipers"},{"floor":9,"key":"Snack Pack"},{"floor":14,"key":"Singing Bowl"}],"event_choices":[],"is_beta":false,"boss_relics":[],"items_purged_floors":[],"is_endless":false,"potions_floor_spawned":[3,4,7,12],"killed_by":"Gensokyo:Reimu","ascension_level":5}}