{"host":"ifw7cdx76lcpw3w9","time":1609573558,"event":{"mods":["AchievementEnabler","Act Like it!","BaseMod","Duelist Mod","Elementarium","Friendly Minions","Minty Spire (QoL Compilation)","StSLib"],"gold_per_floor":[136,8,8,77,77,77,107,107,130,196,221,43,118,128,128,128,128],"floor_reached":16,"playtime":1011,"items_purged":["theDuelist:Sparks"],"score":215,"play_id":"5839e0e6-eae8-4c3d-b2ce-58e34eedc58e","local_time":"20210102004558","is_ascension_mode":true,"campfire_choices":[{"data":"theDuelist:StardustDragon","floor":6,"key":"SMITH"},{"floor":15,"key":"REST"}],"circlet_count":0,"master_deck":["AscendersBane","theDuelist:BabyDragon","theDuelist:CastleWalls","theDuelist:CaveDragon","theDuelist:CaveDragon","theDuelist:GoldenSparks","theDuelist:LesserDragon","theDuelist:LesserDragon","theDuelist:YamataDragon","theDuelist:StardustDragon+1","theDuelist:Hydrogeddon","theDuelist:SuperancientDinobeast","theDuelist:TwinBarrelDragon","theDuelist:LostWorld","theDuelist:MaskedDragon","theDuelist:Vandalgyon","theDuelist:SeismicShockwave+1"],"relics":["theDuelist:MillenniumPuzzle","theDuelist:CardPoolRelic","theDuelist:CardPoolBasicRelic","theDuelist:BoosterPackPoolRelic","theDuelist:CardPoolAddRelic","theDuelist:CardPoolMinusRelic","theDuelist:CardPoolSaveRelic","theDuelist:CardPoolOptionsRelic","NeowsBlessing","theDuelist:BoosterPackTrapEgg","theDuelist:MetronomeRelicB","Vajra","Juzu Bracelet"],"acts_visited":["Exordium"],"potions_floor_usage":[13],"damage_taken":[{"damage":0,"enemies":"Small Slimes","floor":1,"turns":1},{"damage":0,"enemies":"Jaw Worm","floor":4,"turns":1},{"damage":0,"enemies":"Lagavulin","floor":7,"turns":1},{"damage":0,"enemies":"2 Louse","floor":10,"turns":4},{"damage":26,"enemies":"Gremlin Nob","floor":11,"turns":5},{"damage":27,"enemies":"3 Sentries","floor":13,"turns":7},{"damage":0,"enemies":"2 Fungi Beasts","floor":14,"turns":3},{"damage":6,"enemies":"Hexaghost","floor":16,"turns":7}],"seed_played":"7255377808781346175","potions_obtained":[{"floor":1,"key":"theDuelist:SolderPotionB"},{"floor":10,"key":"theDuelist:OrbBottle"},{"floor":11,"key":"theDuelist:FireBottle"}],"is_trial":false,"path_per_floor":["M","$","?","M","?","R","E","?","T","M","E","$","E","M","R","B"],"character_chosen":"THE_DUELIST","items_purchased":["theDuelist:Hydrogeddon","theDuelist:Vandalgyon","Vajra"],"campfire_rested":1,"item_purchase_floors":[2,12,12],"current_hp_per_floor":[72,72,72,72,72,72,72,72,72,72,46,46,19,19,43,37,37],"gold":128,"neow_bonus":"THREE_ENEMY_KILL","is_daily":false,"chose_seed":false,"campfire_upgraded":1,"win_rate":0.0,"timestamp":1609573558,"path_taken":["M","$","?","M","?","R","E","?","T","M","E","$","E","M","R","BOSS"],"items_purchased_type":["Card","Card","Relic"],"build_version":"2020-12-22","purchased_purges":1,"victory":false,"max_hp_per_floor":[80,80,80,80,80,80,80,80,80,80,80,80,80,80,80,80,80],"card_choices":[{"not_picked":["theDuelist:WingedDragonRa","theDuelist:Scapegoat","theDuelist:Lancephorhynchus","theDuelist:DefensiveTactics"],"picked":"theDuelist:StardustDragon","floor":1},{"not_picked":["theDuelist:YamataDragon","theDuelist:ViceDragon","theDuelist:LesserDragon","theDuelist:BlackBrachios"],"picked":"theDuelist:TwinBarrelDragon","floor":4},{"not_picked":["theDuelist:TailSwipe","theDuelist:StardustDragon","theDuelist:FiveHeaded","theDuelist:BSkullDragon"],"picked":"theDuelist:LostWorld","floor":7},{"not_picked":["theDuelist:BigFire","theDuelist:Hinotama","theDuelist:LightningDarts+1","theDuelist:RainbowOverdragon","theDuelist:BattleguardKing"],"picked":"SKIP","floor":10},{"not_picked":["theDuelist:Pyrorex","theDuelist:MirageDragon","theDuelist:DarkHorus","theDuelist:CyberValley"],"picked":"theDuelist:MaskedDragon","floor":11},{"not_picked":["theDuelist:BattleguardKing","theDuelist:PreventRat","theDuelist:PurplePainOni","theDuelist:DarkFactory","theDuelist:ForbiddenChalice"],"picked":"SKIP","floor":13},{"not_picked":["theDuelist:VoidOgreDragon","theDuelist:SurvivalFittest+1","theDuelist:DefensiveTactics+1","theDuelist:BSkullDragon"],"picked":"theDuelist:SeismicShockwave+1","floor":14}],"player_experience":183317,"relics_obtained":[{"floor":7,"key":"theDuelist:BoosterPackTrapEgg"},{"floor":11,"key":"theDuelist:MetronomeRelicB"},{"floor":13,"key":"Juzu Bracelet"}],"event_choices":[{"damage_healed":0,"gold_gain":0,"cards_transformed":["theDuelist:CastleWalls"],"player_choice":"Change","damage_taken":0,"max_hp_gain":0,"max_hp_loss":0,"event_name":"Living Wall","floor":3,"gold_loss":0,"cards_obtained":["theDuelist:SuperancientDinobeast"]},{"damage_healed":0,"gold_gain":0,"player_choice":"Ignored","damage_taken":0,"max_hp_gain":0,"max_hp_loss":0,"event_name":"Liars Game","floor":5,"gold_loss":0},{"total_magic_score":91,"gold_gain":0,"duelist":true,"damage_taken":0,"relics_obtained":[],"points":7,"max_hp_gain":0,"max_hp_loss":0,"spent_points":{"magic":0,"greed":0,"war":0,"power":0,"hunger":0},"event_name":"Nameless Tomb","floor":8,"gold_loss":0,"cards_obtained":[]}],"is_beta":false,"boss_relics":[],"items_purged_floors":[2],"is_endless":false,"potions_floor_spawned":[1,10,11],"killed_by":"Hexaghost","ascension_level":10}}