{"host":"h4lp0eeso8a0ssq0","time":1609545908,"event":{"mods":["2.2 Compatiblity","AchievementEnabler","BaseMod","CapriCore","Colored Map","Lobotomy","Minty Spire (QoL Compilation)","StSLib","SuperFastMode"],"gold_per_floor":[19,19,29,29,39,72,85,85,85,111,111,127,127,142,142,241,241,257,257,277,295,308,308,233,233,284,304,304,317,329,229,229,229,229],"floor_reached":33,"playtime":961,"items_purged":["Strike_R","Strike_R"],"score":261,"play_id":"d6b17f57-8deb-432a-9433-174d1c3a0933","local_time":"20210102090508","is_ascension_mode":false,"campfire_choices":[{"data":"Bash","floor":8.0,"key":"SMITH"},{"floor":11.0,"key":"REST"},{"data":"Havoc","floor":13,"key":"SMITH"},{"data":"True Grit","floor":15,"key":"SMITH"},{"data":"Shrug It Off","floor":23,"key":"SMITH"},{"data":"Wild Strike","floor":25,"key":"SMITH"},{"data":"Battle Trance","floor":32,"key":"SMITH"}],"circlet_count":0,"master_deck":["Strike_R","Strike_R","Defend_R","Defend_R","Bash+1","Pommel Strike","Headbutt","Wild Strike+1","Sever Soul","Havoc+1","True Grit+1","Offering","Sentinel","Shrug It Off+1","Pummel+1","Armaments+1","Battle Trance+1"],"relics":["Burning Blood","Paper Frog","Dead Branch","Coffee Dripper","Red Skull","Nloth\u0027s Gift"],"acts_visited":["Exordium","TheCity"],"potions_floor_usage":[22,33,33,33],"damage_taken":[{"damage":6.0,"enemies":"2 Louse","floor":1.0,"turns":3.0},{"damage":0.0,"enemies":"Cultist","floor":3.0,"turns":2.0},{"damage":3.0,"enemies":"Small Slimes","floor":5.0,"turns":3.0},{"damage":36.0,"enemies":"Lagavulin","floor":6.0,"turns":6.0},{"damage":16.0,"enemies":"Red Slaver","floor":7.0,"turns":3.0},{"damage":14.0,"enemies":"Gremlin Nob","floor":10.0,"turns":3.0},{"damage":12,"enemies":"Blue Slaver","floor":12,"turns":2},{"damage":6,"enemies":"Exordium Thugs","floor":14,"turns":3},{"damage":39,"enemies":"Hexaghost","floor":16,"turns":8},{"damage":11,"enemies":"Chosen","floor":18,"turns":2},{"damage":6,"enemies":"Spheric Guardian","floor":20,"turns":3},{"damage":19,"enemies":"Shelled Parasite and Fungi","floor":21,"turns":4},{"damage":22,"enemies":"3 Cultists","floor":22,"turns":4},{"damage":12,"enemies":"Sentry and Sphere","floor":27,"turns":2},{"damage":6,"enemies":"Chosen and Byrds","floor":29,"turns":3},{"damage":18,"enemies":"Snake Plant","floor":30,"turns":3},{"damage":28,"enemies":"Collector","floor":33,"turns":5}],"seed_played":"-1047929505094784500","potions_obtained":[{"floor":6.0,"key":"Explosive Potion"},{"floor":7.0,"key":"EntropicBrew"},{"floor":10.0,"key":"Swift Potion"}],"is_trial":false,"path_per_floor":["M","?","M","?","M","E","M","R","T","E","R","M","R","M","R","B",null,"M","?","M","M","M","R","$","R","T","M","?","M","M","$","R","B"],"character_chosen":"IRONCLAD","items_purchased":[],"campfire_rested":1,"item_purchase_floors":[],"current_hp_per_floor":[80,80,80,80,80,50,40,40,40,32,56,50,50,50,50,17,80,75,75,75,62,46,46,46,46,46,40,40,40,28,28,28,0,0],"gold":229,"neow_bonus":"REMOVE_TWO","is_daily":false,"chose_seed":false,"campfire_upgraded":6,"win_rate":0.0,"timestamp":1609545908,"path_taken":["M","?","?","?","M","E","M","R","T","E","R","M","R","M","R","BOSS","M","?","M","?","M","R","$","R","T","M","?","M","M","?","R","BOSS"],"items_purchased_type":[],"build_version":"2020-12-22","purchased_purges":2,"victory":false,"max_hp_per_floor":[80,80,80,80,80,80,80,80,80,80,80,80,80,80,80,80,80,80,80,80,80,80,80,80,80,80,80,80,80,80,80,80,80,80],"card_choices":[{"not_picked":["Thunderclap","True Grit"],"picked":"Pommel Strike","floor":1.0},{"not_picked":["Reckless Charge","Burning Pact","Havoc"],"picked":"SKIP","floor":3.0},{"not_picked":["Rampage","Armaments"],"picked":"Headbutt","floor":5.0},{"not_picked":["Dual Wield","Heavy Blade"],"picked":"Wild Strike","floor":6.0},{"not_picked":["Reckless Charge","Havoc","Infernal Blade"],"picked":"SKIP","floor":7.0},{"not_picked":["Infernal Blade","Evolve"],"picked":"Sever Soul","floor":10.0},{"not_picked":["Bloodletting","Clash"],"picked":"Havoc","floor":12},{"not_picked":["Carnage","Pummel"],"picked":"True Grit","floor":14},{"not_picked":["Juggernaut","Demon Form"],"picked":"Offering","floor":16},{"not_picked":["Blood for Blood","Flex+1"],"picked":"Sentinel","floor":18},{"not_picked":["Dark Embrace","Combust+1"],"picked":"Shrug It Off","floor":20},{"not_picked":["Cleave","Pommel Strike"],"picked":"Pummel+1","floor":21},{"not_picked":["Iron Wave","Clash"],"picked":"Armaments+1","floor":22},{"not_picked":["Impervious","Cleave","Twin Strike+1"],"picked":"SKIP","floor":27},{"not_picked":["Headbutt+1","Clash","Body Slam"],"picked":"SKIP","floor":29},{"not_picked":["Carnage","Sentinel"],"picked":"Battle Trance","floor":30}],"player_experience":16264,"relics_obtained":[{"floor":6.0,"key":"Art of War"},{"floor":9.0,"key":"Paper Frog"},{"floor":10.0,"key":"Dead Branch"},{"floor":26,"key":"Red Skull"}],"event_choices":[{"damage_healed":0.0,"max_hp_gain":0.0,"max_hp_loss":0.0,"gold_gain":0.0,"event_name":"Wheel of Change","player_choice":"Full Heal","floor":2.0,"gold_loss":0.0,"damage_taken":0.0},{"damage_healed":0.0,"max_hp_gain":0.0,"max_hp_loss":0.0,"gold_gain":0.0,"event_name":"Scrap Ooze","player_choice":"Fled","floor":4.0,"gold_loss":0.0,"damage_taken":0.0},{"cards_removed":["Strike_R"],"damage_healed":0,"gold_gain":0,"player_choice":"Offered Basic","damage_taken":0,"max_hp_gain":0,"max_hp_loss":0,"event_name":"Bonfire Elementals","floor":19,"gold_loss":0},{"damage_healed":0,"gold_gain":0,"player_choice":"Traded Relic","damage_taken":0,"relics_obtained":["Nloth\u0027s Gift"],"max_hp_gain":0,"max_hp_loss":0,"event_name":"N\u0027loth","floor":28,"relics_lost":["Art of War"],"gold_loss":0}],"is_beta":false,"boss_relics":[{"not_picked":["Empty Cage","Velvet Choker"],"picked":"Coffee Dripper"}],"items_purged_floors":[24,31],"is_endless":false,"potions_floor_spawned":[6,7,10,12,21],"killed_by":"Collector","ascension_level":0}}