{"host":"96n0ernxosh90i3w","time":1609620990,"event":{"mods":["AchievementEnabler","BaseMod","Colored Powertips","Hubris","Infinite Spire","Minty Spire (QoL Compilation)","Replay The Spire","StSLib"],"gold_per_floor":[119,119,139,156,156,188,188,198,277,296,26,40,40,51,51,152,152,166,179,199,199,209,209,209,227,227,227,241,241,254,254,254,254,254],"floor_reached":33,"playtime":2247,"items_purged":[],"score":303,"play_id":"6562c178-a66f-4205-812c-a149c4fad8fe","local_time":"20210102155630","is_ascension_mode":false,"campfire_choices":[{"floor":13,"key":"REST"},{"floor":15,"key":"REST"},{"floor":23,"key":"REST"},{"floor":32,"key":"REST"}],"circlet_count":0,"master_deck":["Strike_B","Strike_B","Strike_B","Strike_B","Defend_B","Defend_B","Defend_B","Defend_B","Zap","Dualcast","Auto Shields","Beam Cell","Steam","Multi-Cast+1","Gash","Undo","Lockon","Scrape","ReplayTheSpireMod:Calculation Training","Sweeping Beam","Redo","Gash","Core Surge","Leap","Coolheaded+1","Barrage","Conserve Battery","Compile Driver","Sweeping Beam+1","Redo","Lockon","RitualDagger","Gash"],"relics":["Cracked Core","NeowsBlessing","Cables","hubris:Towel","Replay:Ringing Soul","Dream Catcher","BranchBurnRelic","hubris:BlackHole","hubris:CuriousFeather","ReplayTheSpireMod:TigerMarble","MutagenicStrength"],"acts_visited":["Exordium","TheCity"],"potions_floor_usage":[6,10,16,33],"damage_taken":[{"damage":0,"enemies":"Jaw Worm","floor":1,"turns":1},{"damage":0,"enemies":"Small Slimes","floor":3,"turns":1},{"damage":0,"enemies":"Cultist","floor":4,"turns":1},{"damage":11,"enemies":"3 Sentries","floor":6,"turns":6},{"damage":6,"enemies":"3 Louse","floor":8,"turns":4},{"damage":10,"enemies":"Lots of Slimes","floor":10,"turns":5},{"damage":1,"enemies":"2 Fungi Beasts","floor":12,"turns":3},{"damage":8,"enemies":"3 Louse","floor":14,"turns":3},{"damage":45,"enemies":"Hexaghost","floor":16,"turns":8},{"damage":20,"enemies":"Spheric Guardian","floor":18,"turns":4},{"damage":0,"enemies":"Chosen","floor":19,"turns":4},{"damage":0,"enemies":"Snecko","floor":20,"turns":4},{"damage":16,"enemies":"Sentry and Sphere","floor":22,"turns":4},{"damage":13,"enemies":"Centurion and Healer","floor":25,"turns":4},{"damage":0,"enemies":"Snecko","floor":28,"turns":2},{"damage":13,"enemies":"Sentry and Sphere","floor":30,"turns":6},{"damage":133,"enemies":"Automaton","floor":33,"turns":10}],"seed_played":"9222166899903986164","potions_obtained":[{"floor":3,"key":"Fire Potion"},{"floor":6,"key":"DuplicationPotion"},{"floor":14,"key":"FocusPotion"},{"floor":20,"key":"EssenceOfSteel"},{"floor":30,"key":"Swift Potion"}],"is_trial":false,"path_per_floor":["M","?","M","M","T","E","?","M","T","M","$","M","R","M","R","B",null,"M","M","M","?","M","R","?","M","T","?","M","?","M","?","R","B"],"character_chosen":"DEFECT","items_purchased":["Dream Catcher","Lockon","Scrape"],"campfire_rested":4,"item_purchase_floors":[11,11,11],"current_hp_per_floor":[75,75,75,75,75,64,64,58,58,51,54,56,84,84,93,57,96,79,82,85,85,72,107,84,86,86,86,89,89,79,76,117,0,0],"gold":254,"neow_bonus":"THREE_ENEMY_KILL","is_daily":false,"chose_seed":false,"campfire_upgraded":0,"win_rate":0.0,"timestamp":1609620990,"path_taken":["M","?","M","M","?","E","?","M","T","M","?","M","R","M","R","BOSS","M","M","M","?","?","R","?","M","T","?","M","?","?","?","R","BOSS"],"items_purchased_type":["Relic","Card","Card"],"build_version":"2020-12-22","purchased_purges":0,"victory":false,"max_hp_per_floor":[75,75,75,75,75,75,75,75,75,78,81,84,87,90,93,96,96,99,102,105,105,108,111,116,119,119,119,122,122,125,128,131,131,131],"card_choices":[{"not_picked":["Go for the Eyes","Streamline"],"picked":"Auto Shields","floor":1},{"not_picked":["Coolheaded","Genetic Algorithm"],"picked":"Beam Cell","floor":3},{"not_picked":["Gash","Hologram"],"picked":"Steam","floor":4},{"not_picked":["Reprogram","Barrage"],"picked":"Multi-Cast","floor":6},{"not_picked":["Cold Snap","Ball Lightning"],"picked":"Gash","floor":8},{"not_picked":["Hologram","ReplayGash"],"picked":"Undo","floor":10},{"not_picked":["BootSequence","Darkness"],"picked":"ReplayTheSpireMod:Calculation Training","floor":12},{"not_picked":["Streamline","Go for the Eyes"],"picked":"Sweeping Beam","floor":13},{"not_picked":["White Noise","Hyperbeam"],"picked":"Redo","floor":14},{"not_picked":["Skim","Panic Button"],"picked":"Gash","floor":15},{"not_picked":["Hyperbeam","Multi-Cast"],"picked":"Core Surge","floor":16},{"not_picked":["Double Energy","Hologram+1"],"picked":"Leap","floor":18},{"not_picked":["Darkness","Rebound"],"picked":"Coolheaded+1","floor":19},{"not_picked":["Multi-Cast","Loop"],"picked":"Barrage","floor":20},{"not_picked":["Stack","Recycle"],"picked":"Conserve Battery","floor":22},{"not_picked":["Steam","Rebound"],"picked":"Compile Driver","floor":23},{"not_picked":["Stack+1","Conserve Battery"],"picked":"Sweeping Beam+1","floor":25},{"not_picked":["Compile Driver","Conserve Battery"],"picked":"Redo","floor":28},{"not_picked":["Beam Cell","Coolheaded"],"picked":"Lockon","floor":30},{"not_picked":["Coolheaded","Go for the Eyes"],"picked":"Gash","floor":32}],"player_experience":224584,"relics_obtained":[{"floor":5,"key":"Cables"},{"floor":6,"key":"Dead Branch"},{"floor":9,"key":"Replay:Ringing Soul"},{"floor":26,"key":"ReplayTheSpireMod:TigerMarble"}],"event_choices":[{"damage_healed":0,"gold_gain":0,"player_choice":"Ignored","damage_taken":0,"max_hp_gain":0,"max_hp_loss":0,"event_name":"Golden Wing","floor":2,"gold_loss":0},{"damage_healed":0,"gold_gain":0,"player_choice":"Gave Potion","damage_taken":0,"relics_obtained":["hubris:CuriousFeather"],"max_hp_gain":0,"max_hp_loss":0,"event_name":"WeMeetAgain","floor":21,"gold_loss":0},{"damage_healed":0,"gold_gain":0,"player_choice":"Shed Blood","damage_taken":28,"max_hp_gain":5,"max_hp_loss":0,"event_name":"Forgotten Altar","floor":24,"gold_loss":0},{"damage_healed":0,"gold_gain":0,"player_choice":"Inject Mutagens","damage_taken":0,"relics_obtained":["MutagenicStrength"],"max_hp_gain":0,"max_hp_loss":0,"event_name":"Drug Dealer","floor":29,"gold_loss":0},{"damage_healed":0,"gold_gain":0,"player_choice":"Joined the Cult","damage_taken":6,"max_hp_gain":0,"max_hp_loss":0,"event_name":"Nest","floor":31,"gold_loss":0,"cards_obtained":["RitualDagger"]}],"is_beta":false,"boss_relics":[{"not_picked":["Runic Dome","Tiny House"],"picked":"hubris:BlackHole"}],"items_purged_floors":[],"is_endless":false,"potions_floor_spawned":[3,6,14,20,30],"killed_by":"Automaton","ascension_level":0}}