{"host":"g61l9u03ah4b44ex","time":1609604894,"event":{"mods":["Aspiration","BaseMod","Better Altar","Better Match","Better Sensory Stone","Better Skull","Better Third Choice","Conspire","Downfall","Hermit","Hubris","Minty Spire (QoL Compilation)","Replay The Spire","Robot Space Explorer","Spicy Shops","StSLib","The Marked","Waifu the Spire"],"gold_per_floor":[99,119,135,149,21,46,128,141,158,171,196,196,231,231,248,345,345,345,355,373,34,46,62,62,74,109,126,136,136,136,61,89,104,120,217,217,212,225,239,239,254,254,254,254,323,19,19,19,39,66,66,197,213,213],"floor_reached":55,"playtime":4952,"items_purged":["Slimebound:Tackle","Slimebound:Defend_Slimebound","Slimebound:Defend_Slimebound"],"score":1333,"play_id":"f90f12ab-e85a-4108-a40e-0098ba5e7c52","local_time":"20210103002814","is_ascension_mode":true,"campfire_choices":[{"data":"Slimebound:Split","floor":1.0,"key":"SMITH"},{"data":"Slimebound:Strike_Slimebound","floor":18.0,"key":"PURGE"},{"floor":31,"key":"RECALL"},{"data":"Slimebound:Teamwork","floor":47,"key":"SMITH"},{"data":"Slimebound:Nibble","floor":51,"key":"SMITH"}],"circlet_count":0,"master_deck":["AscendersBane","Slimebound:Defend_Slimebound","Slimebound:Split+1","Slimebound:CorrosiveSpit+1","Slimebound:PressTheAttack","Slimebound:Recollect","Slimebound:OneTwoCombo","Slimebound:LeadByExample","Slimebound:GrowthPunch","Slimebound:Nibble+1","Slimebound:Teamwork+1","Slimebound:LevelUp","Slimebound:MinionMaster+1","Slimebound:SpikyOuterGoop","Slimebound:SlimeBarrage+1","Slimebound:Repurpose","Slimebound:Recollect","Slimebound:DisruptingSlam+1","Slimebound:RallyTheTroops","Slimebound:GrowthPunch+1","Slimebound:Recollect+1","Slimebound:SelfFormingGoo"],"relics":["Slimebound:AbsorbEndCombat","ReplayFunnel","Snack Pack","Vajra","Slimebound:ScrapOozeRelic","aspiration:ChemicalBlood","Empty Cage","conspire:TopHat","Slimebound:AggressiveSlimeRelic","Quantum Egg","Question Card","downfall:HeartBlessingGreen","Mirror","hubris:ScarierMask","downfall:HeartBlessingRed","hubris:Icosahedron","hubris:Towel","Guardian:BottledAnomaly","conspire:Boomerang","InkBottle","Strawberry"],"acts_visited":["Exordium","TheCity","TheBeyond"],"potions_floor_usage":[32,32,33,34,35,35,39,46,46,50,50,54,54,54,54],"damage_taken":[{"damage":11.0,"enemies":"Jaw Worm","floor":2.0,"turns":4.0},{"damage":8.0,"enemies":"Cultist","floor":3.0,"turns":3.0},{"damage":8.0,"enemies":"2 Louse","floor":4.0,"turns":2.0},{"damage":16.0,"enemies":"downfall:FleeingMerchant","floor":5.0,"turns":4.0},{"damage":51.0,"enemies":"3 Sentries","floor":6.0,"turns":7.0},{"damage":20.0,"enemies":"Exordium Wildlife","floor":8.0,"turns":4.0},{"damage":24.0,"enemies":"2 Fungi Beasts","floor":9.0,"turns":4.0},{"damage":25.0,"enemies":"Blue Slaver","floor":10.0,"turns":4.0},{"damage":12.0,"enemies":"Gremlin Nob","floor":11.0,"turns":2.0},{"damage":20.0,"enemies":"Lagavulin","floor":13.0,"turns":3.0},{"damage":16.0,"enemies":"3 Louse","floor":15.0,"turns":3.0},{"damage":32.0,"enemies":"downfall:Watcher","floor":16.0,"turns":6.0},{"damage":9.0,"enemies":"conspire:FuzzyDice","floor":19.0,"turns":5.0},{"damage":22.0,"enemies":"Centurion and Healer","floor":20.0,"turns":6.0},{"damage":16.0,"enemies":"downfall:FleeingMerchant","floor":21.0,"turns":4.0},{"damage":29.0,"enemies":"Sentry and Sphere","floor":22.0,"turns":4.0},{"damage":15.0,"enemies":"Cultist and Chosen","floor":23.0,"turns":4.0},{"damage":11.0,"enemies":"Snake Plant","floor":25.0,"turns":3.0},{"damage":12.0,"enemies":"Replay:Snechameleon","floor":26.0,"turns":4.0},{"damage":33.0,"enemies":"Centurion and Healer","floor":27.0,"turns":4.0},{"damage":29.0,"enemies":"conspire:HollyBat","floor":28.0,"turns":6.0},{"damage":21,"enemies":"Gremlin Leader","floor":32,"turns":5},{"damage":12,"enemies":"Shelled Parasite and Fungi","floor":33,"turns":4},{"damage":21,"enemies":"Snake Plant","floor":34,"turns":3},{"damage":20,"enemies":"downfall:Defect","floor":35,"turns":6},{"damage":16,"enemies":"Orb Walker","floor":38,"turns":4},{"damage":12,"enemies":"3 Shapes","floor":39,"turns":4},{"damage":4,"enemies":"3 Darklings","floor":41,"turns":4},{"damage":28,"enemies":"downfall:FleeingMerchant","floor":46,"turns":4},{"damage":20,"enemies":"Maw","floor":49,"turns":5},{"damage":32,"enemies":"R_Hoarder","floor":50,"turns":5},{"damage":16,"enemies":"Reptomancer","floor":52,"turns":4},{"damage":12,"enemies":"4 Shapes","floor":53,"turns":3},{"damage":32,"enemies":"downfall:Silent","floor":54,"turns":7}],"seed_played":"9006074405801396133","potions_obtained":[{"floor":4.0,"key":"Ancient Potion"},{"floor":6.0,"key":"Guardian:BlockOnCardUsePotion"},{"floor":10.0,"key":"Death Potion"},{"floor":11.0,"key":"Fire Potion"},{"floor":16.0,"key":"Doom Potion"},{"floor":22.0,"key":"SteroidPotion"},{"floor":22.0,"key":"Slimebound:SlimedPotion"},{"floor":23.0,"key":"EssenceOfSteel"},{"floor":25.0,"key":"LifebloodPotion"},{"floor":27.0,"key":"FairyPotion"},{"floor":28.0,"key":"PowerPotion"},{"floor":32,"key":"DistilledChaos"},{"floor":33,"key":"Slimebound:SlimedPotion"},{"floor":35,"key":"Venom Potion"},{"floor":39,"key":"Slimebound:SlimedPotion"},{"floor":49,"key":"Strength Potion"},{"floor":50,"key":"GamblersBrew"},{"floor":53,"key":"Venom Potion"}],"is_trial":false,"path_per_floor":["R","M","M","M","$","E","T","M","M","M","E","?","E","?","M","B",null,"R","M","M","$","M","M","T","M","E","M","M","PTL","PTL","R","E","M","M","B",null,"R","M","M","?","M","PTL","PTL","?","T","$","R","$","M","E","R","E","M","B",null],"character_chosen":"SLIMEBOUND","items_purchased":["Replay:Wax Seal","conspire:TopHat","Slimebound:AggressiveSlimeRelic","Guardian:BottledAnomaly","conspire:Boomerang"],"campfire_rested":0,"item_purchase_floors":[5,21,21,46,46],"current_hp_per_floor":[54,59,60,60,60,37,37,47,49,54,48,48,60,60,56,55,59,59,59,60,60,53,60,60,57,60,58,58,58,58,58,60,60,53,60,60,60,52,56,56,60,60,60,60,60,58,58,58,60,60,60,67,67,67],"gold":213,"neow_bonus":"UPGRADE_CARD","is_daily":false,"chose_seed":false,"campfire_upgraded":3,"win_rate":0.0,"timestamp":1609604894,"path_taken":["R","M","M","M","$","E","T","M","M","M","E","?","E","?","M","BOSS","R","M","M","$","M","M","T","M","E","M","M","PTL","PTL","R","E","M","M","BOSS","R","M","?","?","M","PTL","PTL","?","T","$","R","?","M","E","R","E","M","BOSS"],"items_purchased_type":["Relic","Relic","Relic","Relic","Relic"],"build_version":"2020-12-22","purchased_purges":3,"victory":true,"max_hp_per_floor":[60,60,60,60,60,60,60,60,60,60,60,60,60,60,60,60,60,60,60,60,60,60,60,60,60,60,60,60,60,60,60,60,60,60,60,60,60,60,60,60,60,60,60,60,60,60,60,60,60,60,60,67,67,67],"card_choices":[{"not_picked":["Slimebound:SlimeSpikes","Slimebound:RollThrough"],"picked":"Slimebound:PressTheAttack","floor":2.0},{"not_picked":["Slimebound:SplitMire","Slimebound:SplitLeeching"],"picked":"Slimebound:Recollect","floor":3.0},{"not_picked":["Slimebound:FormOfPuddle","Slimebound:SlimeBarrage"],"picked":"Slimebound:OneTwoCombo","floor":4.0},{"not_picked":["Slimebound:PressTheAttack","Slimebound:RejuvenatingLick","Slimebound:ComboTackle"],"picked":"SKIP","floor":5.0},{"not_picked":["Slimebound:Dissolve","Slimebound:Schlurp","Slimebound:FinishingTackle"],"picked":"SKIP","floor":6.0},{"not_picked":["Slimebound:SplitBruiser","Slimebound:SplitMire"],"picked":"Slimebound:LeadByExample","floor":8.0},{"not_picked":["Slimebound:BestDefense","Slimebound:FinishingTackle"],"picked":"Slimebound:GrowthPunch","floor":9.0},{"not_picked":["Slimebound:SplitMire","Slimebound:GrowthPunch","Slimebound:Schlurp"],"picked":"SKIP","floor":10.0},{"not_picked":["Slimebound:SplitMire","Slimebound:GrowthPunch"],"picked":"Slimebound:Nibble","floor":11.0},{"not_picked":["Slimebound:ItLooksTasty","Slimebound:SplitAcid"],"picked":"Slimebound:Teamwork","floor":13.0},{"not_picked":["Slimebound:PressTheAttack","Slimebound:SamplingLick"],"picked":"Slimebound:LevelUp","floor":15.0},{"not_picked":["Slimebound:DouseInSlime","Slimebound:OneTwoCombo"],"picked":"Slimebound:MinionMaster","floor":16.0},{"not_picked":["Slimebound:Schlurp+1","Slimebound:ItLooksTasty","Slimebound:AcidTongue"],"picked":"SKIP","floor":19.0},{"not_picked":["Slimebound:LevelUp","Slimebound:ViciousTackle"],"picked":"Slimebound:SpikyOuterGoop","floor":20.0},{"not_picked":["Slimebound:FormOfPuddle","Slimebound:ComboTackle","Slimebound:SplitLeeching"],"picked":"SKIP","floor":21.0},{"not_picked":["Slimebound:GoopSpray","Slimebound:SlimeSpikes"],"picked":"Slimebound:SlimeBarrage+1","floor":22.0},{"not_picked":["Slimebound:TongueLash","Slimebound:Grow+1","Slimebound:LeechEnergy"],"picked":"SKIP","floor":23.0},{"not_picked":["Slimebound:SpikyOuterGoop","Slimebound:ItLooksTasty+1","Slimebound:LeechingTouch"],"picked":"SKIP","floor":25.0},{"not_picked":["Slimebound:SplitMire","Slimebound:BestDefense","Slimebound:Equalize"],"picked":"SKIP","floor":26.0},{"not_picked":["Slimebound:SamplingLick","Slimebound:GoopSpray+1","Slimebound:DouseInSlime"],"picked":"Slimebound:Repurpose","floor":27.0},{"not_picked":["Slimebound:HungryTackle","Slimebound:MegaLick","Slimebound:SamplingLick"],"picked":"Slimebound:Recollect","floor":28.0},{"not_picked":["Slimebound:ComboTackle","Slimebound:GoopSpray","Slimebound:SplitMire","Slimebound:Nibble"],"picked":"SKIP","floor":32},{"not_picked":["Slimebound:RejuvenatingLick+1","Slimebound:Recollect","Slimebound:LeechEnergy","Slimebound:GoopSpray"],"picked":"SKIP","floor":33},{"not_picked":["Slimebound:Schlurp+1","Slimebound:SlimeBrawl","Slimebound:ViciousTackle+1"],"picked":"Slimebound:DisruptingSlam+1","floor":34},{"not_picked":["Slimebound:OneTwoCombo","Slimebound:PrepareCrush","Slimebound:MinionMaster"],"picked":"Slimebound:RallyTheTroops","floor":35},{"not_picked":["Slimebound:SpikyOuterGoop","Slimebound:LeechEnergy","Slimebound:AcidTongue+1","Slimebound:SplitMire+1"],"picked":"SKIP","floor":38},{"not_picked":["Slimebound:SplitLeeching+1","Slimebound:HungryTackle+1","Slimebound:ViciousTackle+1"],"picked":"Slimebound:GrowthPunch+1","floor":39},{"not_picked":["Slimebound:FinishingTackle","Slimebound:LeechEnergy","Slimebound:GrowthPunch+1","Slimebound:SplitBruiser"],"picked":"SKIP","floor":41},{"not_picked":["Slimebound:SamplingLick","Slimebound:SplitBruiser","Slimebound:LeechEnergy"],"picked":"Slimebound:Recollect+1","floor":46},{"not_picked":["Slimebound:ComboTackle","Slimebound:DisruptingSlam+1","Slimebound:TongueLash","Slimebound:SlimeBarrage+1"],"picked":"SKIP","floor":49},{"not_picked":["Slimebound:SamplingLick","Slimebound:SplitBruiser+1","Slimebound:MassFeed","Slimebound:HauntingLick+1"],"picked":"SKIP","floor":50},{"not_picked":["Slimebound:Grow","Slimebound:CheckThePlaybook","Slimebound:GoopTackle"],"picked":"Slimebound:SelfFormingGoo","floor":52},{"not_picked":["Slimebound:ItLooksTasty","Slimebound:Schlurp+1","Slimebound:RejuvenatingLick+1","Slimebound:MegaLick+1"],"picked":"SKIP","floor":53}],"player_experience":835792,"relics_obtained":[{"floor":6.0,"key":"ReplayFunnel"},{"floor":7.0,"key":"Snack Pack"},{"floor":11.0,"key":"Vajra"},{"floor":13.0,"key":"aspiration:ChemicalBlood"},{"floor":24.0,"key":"Quantum Egg"},{"floor":26.0,"key":"Question Card"},{"floor":32,"key":"Mirror"},{"floor":50,"key":"InkBottle"},{"floor":52,"key":"Strawberry"}],"event_choices":[{"cards_removed":["Slimebound:Strike_Slimebound"],"damage_healed":0.0,"max_hp_gain":0.0,"max_hp_loss":0.0,"gold_gain":0.0,"event_name":"Wheel of Change","player_choice":"Card Removal","floor":14.0,"gold_loss":0.0,"damage_taken":0.0}],"is_beta":false,"boss_relics":[{"not_picked":["conspire:SlowCooker","aspiration:SecretTechniqueScroll"],"picked":"Empty Cage"},{"not_picked":["Astrolabe","aspiration:RunicSpoon"],"picked":"hubris:ScarierMask"}],"items_purged_floors":[5,21,46],"is_endless":false,"potions_floor_spawned":[4,6,10,11,13,22,23,25,28,32,35,39,41,50,53],"ascension_level":10}}