{"host":"37dk0reb6x0du8wx","time":1609592680,"event":{"mods":["BaseMod","Colored Map","DeckTracker","Minty Spire (QoL Compilation)","Quick Restart","StSLib","The Dragon Tamer"],"gold_per_floor":[119,294,294,274,299,339,364,405,405,405,405,420,441,212,212,338,338,358,358,382,332,346,346,384,384,384],"floor_reached":25,"playtime":602,"items_purged":["Doubt"],"score":267,"play_id":"5c98cc9f-ba11-4cfc-8885-b1b1fdcc5d18","local_time":"20210102220440","is_ascension_mode":true,"campfire_choices":[{"data":"Corpse Explosion","floor":10,"key":"SMITH"},{"floor":15,"key":"REST"},{"floor":23,"key":"REST"}],"circlet_count":0,"master_deck":["Strike_G","Strike_G","Strike_G","Strike_G","Defend_G","Defend_G","Defend_G+1","Defend_G","Defend_G","Survivor+1","Neutralize","Poisoned Stab","Poisoned Stab","Corpse Explosion+1","Glass Knife","Envenom","Bouncing Flask+1","Crippling Poison","Deadly Poison"],"relics":["Ring of the Snake","NeowsBlessing","Golden Idol","Bronze Scales","Centennial Puzzle","War Paint","Shuriken","HandDrill","SacredBark","Bottled Flame"],"acts_visited":["Exordium","TheCity"],"potions_floor_usage":[8,8,8,8,20,22,22,25],"damage_taken":[{"damage":0,"enemies":"Small Slimes","floor":1,"turns":1},{"damage":0,"enemies":"2 Louse","floor":5,"turns":1},{"damage":0,"enemies":"Lagavulin","floor":6,"turns":1},{"damage":3,"enemies":"Gremlin Nob","floor":8,"turns":4},{"damage":0,"enemies":"Cultist","floor":12,"turns":3},{"damage":14,"enemies":"Exordium Thugs","floor":13,"turns":3},{"damage":37,"enemies":"Slime Boss","floor":16,"turns":9},{"damage":30,"enemies":"Spheric Guardian","floor":18,"turns":4},{"damage":8,"enemies":"Shell Parasite","floor":20,"turns":5},{"damage":11,"enemies":"Snake Plant","floor":22,"turns":3},{"damage":40,"enemies":"Gremlin Leader","floor":24,"turns":7},{"damage":8,"enemies":"Sentry and Sphere","floor":25,"turns":2}],"seed_played":"1718646380424788728","potions_obtained":[{"floor":4,"key":"EntropicBrew"},{"floor":6,"key":"BlessingOfTheForge"},{"floor":8,"key":"PowerPotion"},{"floor":12,"key":"Weak Potion"},{"floor":20,"key":"Energy Potion"}],"is_trial":false,"path_per_floor":["M","?","?","?","M","E","T","E","T","R","?","M","M","$","R","B",null,"M","?","M","?","M","R","E","M"],"character_chosen":"THE_SILENT","items_purchased":["HandDrill"],"campfire_rested":2,"item_purchase_floors":[14],"current_hp_per_floor":[70,70,53,53,53,53,53,50,50,50,50,50,36,36,57,20,70,40,40,32,32,21,42,2,0,0],"gold":384,"neow_bonus":"THREE_ENEMY_KILL","is_daily":false,"chose_seed":false,"campfire_upgraded":1,"win_rate":0.0,"timestamp":1609592680,"path_taken":["M","?","?","?","?","E","?","E","T","R","?","M","M","$","R","BOSS","M","?","M","?","?","R","E","M"],"items_purchased_type":["Relic"],"build_version":"2020-12-22","purchased_purges":1,"victory":false,"max_hp_per_floor":[70,70,70,70,70,70,70,70,70,70,70,70,70,70,70,70,70,70,70,70,70,70,70,70,70,70],"card_choices":[{"not_picked":["Quick Slash","Expertise"],"picked":"Poisoned Stab","floor":1},{"not_picked":["Flying Knee","Setup","Blade Dance"],"picked":"SKIP","floor":5},{"not_picked":["Flying Knee","Setup","Blade Dance"],"picked":"SKIP","floor":5},{"not_picked":["Slice","Outmaneuver"],"picked":"Poisoned Stab","floor":6},{"not_picked":["Choke","PiercingWail"],"picked":"Corpse Explosion","floor":8},{"not_picked":["Acrobatics","Concentrate","Prepared"],"picked":"SKIP","floor":12},{"not_picked":["Slice","Sucker Punch","PiercingWail"],"picked":"SKIP","floor":13},{"not_picked":["Venomology","Doppelganger"],"picked":"Envenom","floor":16},{"not_picked":["Dagger Spray","Slice","Flechettes+1"],"picked":"SKIP","floor":18},{"not_picked":["Endless Agony+1","Infinite Blades"],"picked":"Bouncing Flask+1","floor":20},{"not_picked":["Blade Dance+1","Quick Slash"],"picked":"Crippling Poison","floor":22},{"not_picked":["Slice+1","Deadly Poison","Setup"],"picked":"SKIP","floor":24},{"not_picked":["Slice+1","Setup"],"picked":"Deadly Poison","floor":24}],"player_experience":122942,"relics_obtained":[{"floor":6,"key":"Bronze Scales"},{"floor":7,"key":"Centennial Puzzle"},{"floor":8,"key":"War Paint"},{"floor":9,"key":"Shuriken"},{"floor":24,"key":"Bottled Flame"}],"event_choices":[{"damage_healed":0,"gold_gain":175,"player_choice":"AGREE","damage_taken":0,"max_hp_gain":0,"max_hp_loss":0,"event_name":"Liars Game","floor":2,"gold_loss":0,"cards_obtained":["Doubt"]},{"damage_healed":0,"gold_gain":0,"player_choice":"Take Damage","damage_taken":17,"relics_obtained":["Golden Idol"],"max_hp_gain":0,"max_hp_loss":0,"event_name":"Golden Idol","floor":3,"gold_loss":0},{"damage_healed":0,"gold_gain":0,"player_choice":"Bought 1 Potion","damage_taken":0,"max_hp_gain":0,"max_hp_loss":0,"event_name":"The Woman in Blue","floor":4,"gold_loss":0},{"damage_healed":0,"gold_gain":0,"cards_transformed":["Strike_G"],"player_choice":"Transformed","damage_taken":0,"max_hp_gain":0,"max_hp_loss":0,"event_name":"Transmorgrifier","floor":11,"gold_loss":0,"cards_obtained":["Glass Knife"]},{"damage_healed":0,"gold_gain":0,"player_choice":"Ignored","damage_taken":0,"max_hp_gain":0,"max_hp_loss":0,"event_name":"Ghosts","floor":19,"gold_loss":0},{"damage_healed":0,"gold_gain":0,"player_choice":"Bet on Murderer","damage_taken":0,"max_hp_gain":0,"max_hp_loss":0,"event_name":"The Joust","floor":21,"gold_loss":50}],"is_beta":false,"boss_relics":[{"not_picked":["SlaversCollar","Busted Crown"],"picked":"SacredBark"}],"items_purged_floors":[14],"is_endless":false,"potions_floor_spawned":[6,8,12,18,20],"killed_by":"Sentry and Sphere","ascension_level":1}}