{"host":"sxnl403xm2xmiyj1","time":1609600107,"event":{"mods":["AchievementEnabler","BaseMod","Colored Map","Keyboard Shortcuts","Minty Spire (QoL Compilation)","Quick Restart","StSLib","SuperFastMode"],"gold_per_floor":[125,148,174,186,198,236,248,275,287,30,59,134,145,155,155,155,155],"floor_reached":16,"playtime":288,"items_purged":["Strike_G"],"score":179,"play_id":"38770e46-fb39-4da2-b8ac-4729fd954fbd","local_time":"20210103000827","is_ascension_mode":true,"campfire_choices":[{"data":"Tactician","floor":7.0,"key":"SMITH"},{"floor":15.0,"key":"REST"}],"circlet_count":0,"master_deck":["AscendersBane","Strike_G","Strike_G","Strike_G","Strike_G","Defend_G","Defend_G","Defend_G","Defend_G","Defend_G","Survivor","Neutralize","Slice","Masterful Stab","Tactician+1","Dagger Spray","Malaise","Blur","PiercingWail","Slice","Flying Knee","Flying Knee","Slice","Underhanded Strike","Choke","Eviscerate"],"relics":["Ring of the Snake","MawBank","Regal Pillow","CaptainsWheel","Orrery","Bag of Marbles"],"acts_visited":["Exordium"],"potions_floor_usage":[16,16],"damage_taken":[{"damage":7.0,"enemies":"Jaw Worm","floor":1.0,"turns":5.0},{"damage":1.0,"enemies":"Cultist","floor":2.0,"turns":4.0},{"damage":4.0,"enemies":"Small Slimes","floor":3.0,"turns":3.0},{"damage":16.0,"enemies":"3 Sentries","floor":6.0,"turns":11.0},{"damage":0.0,"enemies":"Exordium Wildlife","floor":8.0,"turns":3.0},{"damage":13.0,"enemies":"Gremlin Nob","floor":11.0,"turns":4.0},{"damage":0.0,"enemies":"Large Slime","floor":13.0,"turns":3.0},{"damage":0.0,"enemies":"Looter","floor":14.0,"turns":3.0},{"damage":38,"enemies":"The Guardian","floor":16,"turns":10}],"seed_played":"-1016413368547925447","potions_obtained":[{"floor":2.0,"key":"EssenceOfSteel"},{"floor":3.0,"key":"Weak Potion"},{"floor":6.0,"key":"FearPotion"},{"floor":13.0,"key":"ColorlessPotion"}],"is_trial":false,"path_per_floor":["M","M","M","?","$","E","R","M","T","$","E","?","M","M","R","B"],"character_chosen":"THE_SILENT","items_purchased":["Orrery","Slice"],"campfire_rested":1,"item_purchase_floors":[10,10],"current_hp_per_floor":[56,55,51,51,51,35,35,35,35,35,22,11,11,11,47,9,9],"gold":155,"neow_bonus":"RANDOM_COMMON_RELIC","is_daily":false,"chose_seed":false,"campfire_upgraded":1,"win_rate":0.0,"timestamp":1609600107,"path_taken":["M","M","M","?","?","E","R","M","T","$","E","?","M","?","R","BOSS"],"items_purchased_type":["Relic","Card"],"build_version":"2020-12-22","purchased_purges":1,"victory":false,"max_hp_per_floor":[70,70,70,70,70,70,70,70,70,70,70,70,70,70,70,70,70],"card_choices":[{"not_picked":["Deflect","Prepared"],"picked":"Slice","floor":1.0},{"not_picked":["Underhanded Strike","Skewer"],"picked":"Masterful Stab","floor":2.0},{"not_picked":["Deadly Poison","Dagger Spray"],"picked":"Tactician","floor":3.0},{"not_picked":["Deflect","Outmaneuver"],"picked":"Dagger Spray","floor":6.0},{"not_picked":["Dodge and Roll","Underhanded Strike"],"picked":"Malaise","floor":8.0},{"not_picked":["Bane","Bouncing Flask"],"picked":"Blur","floor":10.0},{"not_picked":["Bullet Time","Skewer"],"picked":"PiercingWail","floor":10.0},{"not_picked":["Poisoned Stab","Backflip"],"picked":"Slice","floor":10.0},{"not_picked":["Doppelganger","Deadly Poison"],"picked":"Flying Knee","floor":10.0},{"not_picked":["Deadly Poison","Wraith Form v2"],"picked":"Flying Knee","floor":10.0},{"not_picked":["All Out Attack","Finisher"],"picked":"Underhanded Strike","floor":11.0},{"not_picked":["Calculated Gamble","Blade Dance"],"picked":"Choke","floor":13.0},{"not_picked":["Outmaneuver","Flying Knee"],"picked":"Eviscerate","floor":14.0}],"player_experience":147529,"relics_obtained":[{"floor":4.0,"key":"Regal Pillow"},{"floor":6.0,"key":"CaptainsWheel"},{"floor":11.0,"key":"Bag of Marbles"}],"event_choices":[{"damage_healed":0.0,"max_hp_gain":0.0,"max_hp_loss":0.0,"gold_gain":0.0,"event_name":"Wheel of Change","player_choice":"Relic","floor":4.0,"gold_loss":0.0,"damage_taken":0.0},{"damage_healed":0.0,"max_hp_gain":0.0,"max_hp_loss":0.0,"gold_gain":75.0,"event_name":"World of Goop","player_choice":"Gather Gold","floor":12.0,"gold_loss":0.0,"damage_taken":11.0}],"is_beta":false,"boss_relics":[],"items_purged_floors":[10],"is_endless":false,"potions_floor_spawned":[2,3,6,13],"killed_by":"The Guardian","ascension_level":12}}