{"host":"bux1pdxjwq4dkad9","time":1609582337,"event":{"mods":["BaseMod","Colored Map","Minty Spire (QoL Compilation)","Quick Restart","Robot Space Explorer","Spicy Shops","StSLib","SuperFastMode","°æ“≈ŒÔMod°øºÚµ•”Œœ∑"],"gold_per_floor":[109,159,170,55,65,93,93,127,204,222,222,250,298,134,134,210,210,223,234,65,83,83,83,109,123,147,158,183,228,257,257,257,336,336,346,181,201,51,101,128,128,18,18,48,48,82,82,115,115,115,115,115,115,115,140,140],"floor_reached":57,"playtime":1790,"items_purged":["RobotSpaceExplorer:Strike","RobotSpaceExplorer:Strike","RobotSpaceExplorer:Defend","RobotSpaceExplorer:Strike+1"],"score":3859,"play_id":"75b81348-75b6-4810-b309-afc4e7813d75","local_time":"20210102181217","is_ascension_mode":true,"campfire_choices":[{"data":"RobotSpaceExplorer:MiniLasers","floor":7,"key":"SMITH"},{"data":"RobotSpaceExplorer:PowerGlove","floor":15,"key":"SMITH"},{"data":"RobotSpaceExplorer:PowerGlove","floor":23,"key":"SMITH"},{"data":"RobotSpaceExplorer:PowerGlove","floor":32,"key":"SMITH"},{"floor":41,"key":"RECALL"},{"data":"RobotSpaceExplorer:MiniBoosters","floor":49,"key":"SMITH"},{"data":"RobotSpaceExplorer:Defend","floor":53,"key":"PURGE"}],"circlet_count":0,"master_deck":["AscendersBane","RobotSpaceExplorer:Scan","RobotSpaceExplorer:MiniLasers+1","RobotSpaceExplorer:PowerGlove+1","RobotSpaceExplorer:SwiftStep","RobotSpaceExplorer:PowerGlove+1","RobotSpaceExplorer:PowerGlove+1","RobotSpaceExplorer:PowerGlove+1","RobotSpaceExplorer:GlueShot","RobotSpaceExplorer:MiniBoosters+1"],"relics":["RobotSpaceExplorer:RoboCore","ImprovedEquipment","Ice Cream","Pen Nib","Darkstone Periapt","Tiny Chest","MawBank","Empty Cage","Medical Kit","Eternal Feather","PreservedInsect","Blue Candle","Potion Belt","Whetstone","Philosopher\u0027s Stone","Nunchaku","Gambling Chip","Peace Pipe","CeramicFish","Ancient Tea Set","Prayer Wheel","Gremlin Horn","Bottled Lightning","RobotSpaceExplorer:ClockworkSextant"],"acts_visited":["Exordium","TheCity","TheBeyond","TheEnding"],"potions_floor_usage":[56,56],"damage_taken":[{"damage":0,"enemies":"Jaw Worm","floor":1,"turns":2},{"damage":0,"enemies":"Cultist","floor":3,"turns":2},{"damage":0,"enemies":"2 Louse","floor":5,"turns":2},{"damage":0,"enemies":"Gremlin Nob","floor":6,"turns":2},{"damage":0,"enemies":"3 Sentries","floor":8,"turns":4},{"damage":0,"enemies":"Exordium Wildlife","floor":10,"turns":2},{"damage":0,"enemies":"Gremlin Nob","floor":12,"turns":2},{"damage":0,"enemies":"The Guardian","floor":16,"turns":1},{"damage":0,"enemies":"3 Byrds","floor":18,"turns":1},{"damage":0,"enemies":"Shell Parasite","floor":19,"turns":1},{"damage":0,"enemies":"3 Cultists","floor":21,"turns":1},{"damage":0,"enemies":"Book of Stabbing","floor":24,"turns":2},{"damage":0,"enemies":"Shelled Parasite and Fungi","floor":25,"turns":2},{"damage":0,"enemies":"Snake Plant","floor":27,"turns":2},{"damage":0,"enemies":"Slavers","floor":28,"turns":2},{"damage":0,"enemies":"Gremlin Leader","floor":30,"turns":1},{"damage":0,"enemies":"Champ","floor":33,"turns":2},{"damage":3,"enemies":"3 Shapes","floor":35,"turns":2},{"damage":0,"enemies":"Orb Walker","floor":37,"turns":2},{"damage":0,"enemies":"2 Orb Walkers","floor":39,"turns":1},{"damage":0,"enemies":"Reptomancer","floor":40,"turns":1},{"damage":0,"enemies":"Nemesis","floor":44,"turns":1},{"damage":0,"enemies":"Reptomancer","floor":46,"turns":1},{"damage":0,"enemies":"Nemesis","floor":48,"turns":1},{"damage":0,"enemies":"Donu and Deca","floor":50,"turns":1},{"damage":0,"enemies":"Time Eater","floor":51,"turns":1},{"damage":0,"enemies":"Shield and Spear","floor":55,"turns":1},{"damage":0,"enemies":"The Heart","floor":56,"turns":4}],"seed_played":"231468841320686116","potions_obtained":[{"floor":1,"key":"Weak Potion"},{"floor":3,"key":"FearPotion"},{"floor":21,"key":"SteroidPotion"},{"floor":30,"key":"EssenceOfSteel"},{"floor":37,"key":"ColorlessPotion"},{"floor":39,"key":"Swift Potion"}],"is_trial":false,"path_per_floor":["M","?","M","$","M","E","R","E","T","M","?","E","T","$","R","B",null,"M","M","$","M","?","R","E","M","T","M","E","T","E","?","R","B",null,"M","$","M","$","?","E","R","?","T","E","$","E","T","E","R","B","B",null,"R","$","E","B",null],"character_chosen":"RobotSpaceExplorer","items_purchased":["RobotSpaceExplorer:SwiftStep","RobotSpaceExplorer:PowerGlove","Medical Kit","RobotSpaceExplorer:MiniBoosters"],"campfire_rested":0,"item_purchase_floors":[4,14,20,36],"current_hp_per_floor":[64,64,64,64,64,64,64,64,64,64,59,59,59,59,59,59,68,68,68,68,68,68,68,68,68,68,68,68,68,68,47,53,53,67,64,64,64,64,64,64,70,70,70,70,70,70,70,70,71,71,71,71,71,71,71,71],"gold":140,"neow_bonus":"THREE_CARDS","is_daily":false,"chose_seed":false,"campfire_upgraded":5,"win_rate":0.0,"timestamp":1609582337,"path_taken":["M","?","?","$","M","E","R","E","T","M","?","E","?","?","R","BOSS","M","M","$","M","?","R","E","M","T","M","E","?","E","?","R","BOSS","M","$","M","$","?","E","R","?","T","E","$","E","?","E","R","BOSS","BOSS","R","$","E","BOSS"],"items_purchased_type":["Card","Card","Relic","Card"],"build_version":"2020-12-22","purchased_purges":4,"victory":true,"max_hp_per_floor":[71,71,71,71,71,71,71,71,71,71,71,71,71,71,71,71,71,71,71,71,71,71,71,71,71,71,71,71,71,71,71,71,71,71,71,71,71,71,71,71,71,71,71,71,71,71,71,71,71,71,71,71,71,71,71,71],"card_choices":[{"not_picked":["RobotSpaceExplorer:LuckyStrike","RobotSpaceExplorer:Ammunition"],"picked":"RobotSpaceExplorer:PowerGlove","floor":1},{"not_picked":["RobotSpaceExplorer:ShockKick","RobotSpaceExplorer:GlueShot","RobotSpaceExplorer:Fix"],"picked":"SKIP","floor":3},{"not_picked":["RobotSpaceExplorer:Jetpack","RobotSpaceExplorer:SurgingShield","RobotSpaceExplorer:FrostMissile"],"picked":"SKIP","floor":5},{"not_picked":["RobotSpaceExplorer:FrostMissile","RobotSpaceExplorer:Blaster","RobotSpaceExplorer:Discharger"],"picked":"SKIP","floor":6},{"not_picked":["RobotSpaceExplorer:Discharger","RobotSpaceExplorer:Multitool","RobotSpaceExplorer:ScrapShield"],"picked":"SKIP","floor":8},{"not_picked":["RobotSpaceExplorer:MakeshiftVolley","RobotSpaceExplorer:DoubleFind","RobotSpaceExplorer:SwiftStep"],"picked":"SKIP","floor":10},{"not_picked":["RobotSpaceExplorer:PlasmaMissile","RobotSpaceExplorer:StarLightning","RobotSpaceExplorer:LaserBurst"],"picked":"SKIP","floor":12},{"not_picked":["RobotSpaceExplorer:Pulsar","RobotSpaceExplorer:LaserBurst","RobotSpaceExplorer:TurboDodge"],"picked":"SKIP","floor":18},{"not_picked":["RobotSpaceExplorer:Pulsar","RobotSpaceExplorer:ToxicBomb","RobotSpaceExplorer:SurgingStrike"],"picked":"SKIP","floor":19},{"not_picked":["RobotSpaceExplorer:MetalStrike","RobotSpaceExplorer:Blitz","RobotSpaceExplorer:FrostMissile"],"picked":"SKIP","floor":21},{"not_picked":["RobotSpaceExplorer:SurgingShield+1","RobotSpaceExplorer:StunGrenade","RobotSpaceExplorer:MetalStrike"],"picked":"SKIP","floor":24},{"not_picked":["RobotSpaceExplorer:SlimeMissile","RobotSpaceExplorer:SurgingStrike"],"picked":"RobotSpaceExplorer:PowerGlove","floor":25},{"not_picked":["RobotSpaceExplorer:Calculate+1","RobotSpaceExplorer:MetalStrike","RobotSpaceExplorer:Electroshield"],"picked":"SKIP","floor":27},{"not_picked":["RobotSpaceExplorer:FrostMissile+1","RobotSpaceExplorer:Arsenal","RobotSpaceExplorer:ShovelStrike+1"],"picked":"SKIP","floor":28},{"not_picked":["RobotSpaceExplorer:GlueShot","RobotSpaceExplorer:FranticSearch","RobotSpaceExplorer:DoubleBlock"],"picked":"SKIP","floor":30},{"not_picked":["RobotSpaceExplorer:FranticSearch","RobotSpaceExplorer:DoubleBlock"],"picked":"RobotSpaceExplorer:GlueShot","floor":30},{"not_picked":["RobotSpaceExplorer:TrailblazerForm","RobotSpaceExplorer:Multitool"],"picked":"RobotSpaceExplorer:Exploration","floor":33},{"not_picked":["RobotSpaceExplorer:PlasmaMissile+1","RobotSpaceExplorer:Probe","RobotSpaceExplorer:SurgingStrike+1"],"picked":"SKIP","floor":35},{"not_picked":["RobotSpaceExplorer:Ammunition","RobotSpaceExplorer:ScrapMissile","RobotSpaceExplorer:SurgingShield"],"picked":"SKIP","floor":37},{"not_picked":["RobotSpaceExplorer:MiniBoosters+1","RobotSpaceExplorer:MiniDrones","RobotSpaceExplorer:SurgingStrike"],"picked":"SKIP","floor":40},{"not_picked":["RobotSpaceExplorer:ShockMissile","RobotSpaceExplorer:Pulsar","RobotSpaceExplorer:FranticSearch"],"picked":"SKIP","floor":44},{"not_picked":["RobotSpaceExplorer:ShovelStrike","RobotSpaceExplorer:LuckyStrike","RobotSpaceExplorer:Ammunition+1"],"picked":"SKIP","floor":46},{"not_picked":["RobotSpaceExplorer:JunkDive+1","RobotSpaceExplorer:StunGrenade+1","RobotSpaceExplorer:Pulsar+1"],"picked":"SKIP","floor":48},{"not_picked":["RobotSpaceExplorer:DoubleBlock+1","RobotSpaceExplorer:GlueShot","RobotSpaceExplorer:StunGrenade"],"picked":"SKIP","floor":55}],"player_experience":2374015,"relics_obtained":[{"floor":6,"key":"Ice Cream"},{"floor":8,"key":"Pen Nib"},{"floor":12,"key":"Tiny Chest"},{"floor":13,"key":"MawBank"},{"floor":24,"key":"Eternal Feather"},{"floor":26,"key":"PreservedInsect"},{"floor":28,"key":"Blue Candle"},{"floor":29,"key":"Potion Belt"},{"floor":30,"key":"Whetstone"},{"floor":37,"key":"Nunchaku"},{"floor":39,"key":"Gambling Chip"},{"floor":40,"key":"Peace Pipe"},{"floor":43,"key":"CeramicFish"},{"floor":44,"key":"Ancient Tea Set"},{"floor":46,"key":"Prayer Wheel"},{"floor":47,"key":"Gremlin Horn"},{"floor":48,"key":"Bottled Lightning"},{"floor":55,"key":"RobotSpaceExplorer:ClockworkSextant"}],"event_choices":[{"damage_healed":0,"gold_gain":50,"player_choice":"Pray","damage_taken":0,"max_hp_gain":0,"max_hp_loss":0,"event_name":"Golden Shrine","floor":2,"gold_loss":0},{"damage_healed":0,"gold_gain":0,"player_choice":"Success","damage_taken":5,"relics_obtained":["Darkstone Periapt"],"max_hp_gain":0,"max_hp_loss":0,"event_name":"Scrap Ooze","floor":11,"gold_loss":0},{"damage_healed":0,"gold_gain":0,"player_choice":"Read","damage_taken":0,"max_hp_gain":0,"max_hp_loss":0,"event_name":"The Library","floor":22,"gold_loss":0,"cards_obtained":["RobotSpaceExplorer:PowerGlove"]},{"damage_healed":0,"gold_gain":0,"player_choice":"Obtained Book","damage_taken":21,"max_hp_gain":0,"max_hp_loss":0,"event_name":"Cursed Tome","floor":31,"gold_loss":0},{"damage_healed":0,"gold_gain":0,"player_choice":"Fight","damage_taken":0,"max_hp_gain":0,"max_hp_loss":0,"event_name":"Mysterious Sphere","floor":39,"gold_loss":0},{"cards_removed":["RobotSpaceExplorer:Strike"],"damage_healed":0,"gold_gain":0,"player_choice":"Upgrade and Remove","damage_taken":0,"max_hp_gain":0,"max_hp_loss":0,"event_name":"Designer","floor":42,"gold_loss":110,"cards_upgraded":["RobotSpaceExplorer:PowerGlove"]}],"is_beta":false,"boss_relics":[{"not_picked":["Velvet Choker","Busted Crown"],"picked":"Empty Cage"},{"not_picked":["RobotSpaceExplorer:TurboCore","RobotSpaceExplorer:SearchSpecs"],"picked":"Philosopher\u0027s Stone"}],"items_purged_floors":[4,14,36,38],"is_endless":false,"potions_floor_spawned":[1,3,10,19,21,24,27,30,37,39,40,48,55],"ascension_level":20}}