{"host":"sum4dy402bbv9y4o","time":1609564730,"event":{"mods":["Aspiration","BaseMod","Conspire","Highlight Path","Minty Spire (QoL Compilation)","StSLib"],"gold_per_floor":[115,40,40,40,40,40,76,98,125,159,191,245,284,321,333,345,345],"floor_reached":16,"playtime":454,"items_purged":[],"score":220,"play_id":"13022911-4660-4464-8502-23a848b11c25","local_time":"20210102081850","is_ascension_mode":true,"campfire_choices":[{"data":"Zap","floor":6,"key":"SMITH"},{"floor":15,"key":"REST"}],"circlet_count":0,"master_deck":["AscendersBane","Strike_B","Strike_B","Strike_B","Defend_B","Defend_B","Defend_B","Defend_B","Zap+1","Dualcast+1","Barrage","Reinforced Body","Loop","Streamline","Cold Snap","Go for the Eyes","Capacitor","White Noise"],"relics":["Cracked Core","Juzu Bracelet","CeramicFish","MawBank","MealTicket","Akabeko"],"acts_visited":["Exordium"],"potions_floor_usage":[12,12,16],"damage_taken":[{"damage":8,"enemies":"Small Slimes","floor":1,"turns":3},{"damage":40,"enemies":"3 Sentries","floor":7,"turns":9},{"damage":0,"enemies":"2 Louse","floor":8,"turns":2},{"damage":1,"enemies":"Cultist","floor":10,"turns":3},{"damage":9,"enemies":"Exordium Thugs","floor":11,"turns":6},{"damage":6,"enemies":"Gremlin Nob","floor":12,"turns":3},{"damage":5,"enemies":"2 Fungi Beasts","floor":14,"turns":3},{"damage":38,"enemies":"Slime Boss","floor":16,"turns":7}],"seed_played":"-2347019931645110493","potions_obtained":[{"floor":7,"key":"DuplicationPotion"},{"floor":8,"key":"FocusPotion"},{"floor":12,"key":"LiquidMemories"}],"is_trial":false,"path_per_floor":["M","?","?","?","?","R","E","M","T","M","M","E","T","M","R","B"],"character_chosen":"DEFECT","items_purchased":[],"campfire_rested":1,"item_purchase_floors":[],"current_hp_per_floor":[56,56,51,51,71,71,31,31,31,30,21,15,15,10,31,0,0],"gold":345,"neow_bonus":"UPGRADE_CARD","is_daily":false,"chose_seed":false,"campfire_upgraded":1,"win_rate":0.0,"timestamp":1609564730,"path_taken":["M","?","?","?","?","R","E","M","T","M","M","E","?","M","R","BOSS"],"items_purchased_type":[],"build_version":"2020-12-22","purchased_purges":0,"victory":false,"max_hp_per_floor":[71,71,71,71,71,71,71,71,71,71,71,71,71,71,71,71,71],"card_choices":[{"not_picked":["Compile Driver","Darkness"],"picked":"Barrage","floor":1},{"not_picked":["Coolheaded","Turbo"],"picked":"Loop","floor":7},{"not_picked":["Coolheaded","Sweeping Beam"],"picked":"Streamline","floor":8},{"not_picked":["Stack","Darkness"],"picked":"Cold Snap","floor":10},{"not_picked":["Compile Driver","Streamline"],"picked":"Go for the Eyes","floor":11},{"not_picked":["Conserve Battery","Double Energy"],"picked":"Capacitor","floor":12},{"not_picked":["Thunder Strike","Turbo"],"picked":"White Noise","floor":14}],"player_experience":2881793,"relics_obtained":[{"floor":7,"key":"CeramicFish"},{"floor":9,"key":"MawBank"},{"floor":12,"key":"MealTicket"},{"floor":13,"key":"Akabeko"}],"event_choices":[{"cards_removed":["Strike_B"],"damage_healed":0,"gold_gain":0,"player_choice":"Card Removal","damage_taken":0,"max_hp_gain":0,"max_hp_loss":0,"event_name":"The Cleric","floor":2,"gold_loss":75},{"damage_healed":0,"gold_gain":0,"player_choice":"Success","damage_taken":5,"relics_obtained":["Juzu Bracelet"],"max_hp_gain":0,"max_hp_loss":0,"event_name":"Scrap Ooze","floor":3,"gold_loss":0},{"damage_healed":0,"gold_gain":0,"player_choice":"1 cards matched","damage_taken":0,"max_hp_gain":0,"max_hp_loss":0,"event_name":"Match and Keep!","floor":4,"gold_loss":0,"cards_obtained":["Reinforced Body"]},{"damage_healed":23,"gold_gain":0,"player_choice":"Banana","damage_taken":0,"max_hp_gain":0,"max_hp_loss":0,"event_name":"Big Fish","floor":5,"gold_loss":0}],"is_beta":false,"boss_relics":[],"items_purged_floors":[],"is_endless":false,"potions_floor_spawned":[7,8,11,12],"killed_by":"Slime Boss","ascension_level":20}}