{"host":"sum4dy402bbv9y4o","time":1609608833,"event":{"mods":["Aspiration","BaseMod","Conspire","Highlight Path","Minty Spire (QoL Compilation)","StSLib"],"gold_per_floor":[118,118,136,147,73,73,100,113,188,188,188,218,236,253,253,332,332,351,367,381,381,397,397,397,397],"floor_reached":24,"playtime":1132,"items_purged":[],"score":420,"play_id":"df41576a-8d65-40a5-8423-7bbdb43256c3","local_time":"20210102203353","is_ascension_mode":true,"campfire_choices":[{"data":"Bash","floor":6,"key":"SMITH"},{"floor":10,"key":"REST"},{"floor":15,"key":"REST"},{"floor":23,"key":"REST"}],"circlet_count":0,"master_deck":["AscendersBane","Strike_R","Strike_R","Strike_R","Strike_R","Defend_R","Defend_R","Defend_R","Defend_R","Bash+1","Twin Strike","Disarm","Headbutt","Metallicize","Iron Wave","conspire:ExplosiveBarrier","Armaments","conspire:ExplosiveBarrier","Barricade","conspire:Charge","Cleave"],"relics":["Burning Blood","aspiration:Nostalgia","Ring of the Snake","Regal Pillow","conspire:BottledYoYo","Shovel","aspiration:SecretTechniqueScroll"],"acts_visited":["Exordium","TheCity"],"potions_floor_usage":[7,8,16,19,22,24],"damage_taken":[{"damage":9,"enemies":"Jaw Worm","floor":1,"turns":8},{"damage":2,"enemies":"Cultist","floor":3,"turns":4},{"damage":3,"enemies":"2 Louse","floor":4,"turns":3},{"damage":30,"enemies":"3 Sentries","floor":7,"turns":9},{"damage":27,"enemies":"Gremlin Gang","floor":8,"turns":6},{"damage":40,"enemies":"Lagavulin","floor":12,"turns":6},{"damage":12,"enemies":"Exordium Thugs","floor":13,"turns":6},{"damage":4,"enemies":"Looter","floor":14,"turns":5},{"damage":19,"enemies":"Hexaghost","floor":16,"turns":8},{"damage":17,"enemies":"3 Byrds","floor":18,"turns":5},{"damage":25,"enemies":"Spheric Guardian","floor":19,"turns":4},{"damage":3,"enemies":"Centurion and Healer","floor":20,"turns":6},{"damage":24,"enemies":"Snake Plant","floor":22,"turns":8},{"damage":64,"enemies":"Shelled Parasite and Fungi","floor":24,"turns":5}],"seed_played":"5239642150054297395","potions_obtained":[{"floor":2,"key":"Strength Potion"},{"floor":2,"key":"SpeedPotion"},{"floor":3,"key":"CultistPotion"},{"floor":7,"key":"DuplicationPotion"},{"floor":12,"key":"Dexterity Potion"},{"floor":18,"key":"Fire Potion"},{"floor":20,"key":"Explosive Potion"}],"is_trial":false,"path_per_floor":["M","?","M","M","$","R","E","M","T","R","?","E","M","M","R","B",null,"M","M","M","?","M","R","M"],"character_chosen":"IRONCLAD","items_purchased":["Metallicize"],"campfire_rested":3,"item_purchase_floors":[5],"current_hp_per_floor":[65,65,69,72,72,72,48,27,27,64,64,30,24,26,63,50,69,58,39,42,42,24,61,0,0],"gold":397,"neow_bonus":"NOSTALGIA","is_daily":false,"chose_seed":false,"campfire_upgraded":1,"win_rate":0.0,"timestamp":1609608833,"path_taken":["M","?","?","M","$","R","E","M","T","R","?","E","?","M","R","BOSS","M","M","?","?","M","R","M"],"items_purchased_type":["Card"],"build_version":"2020-12-22","purchased_purges":0,"victory":false,"max_hp_per_floor":[75,75,75,75,75,75,75,75,75,75,75,75,75,75,75,75,75,75,75,75,75,75,75,75,75],"card_choices":[{"not_picked":["Body Slam","Carnage"],"picked":"Twin Strike","floor":1},{"not_picked":["Clash","Thunderclap"],"picked":"Disarm","floor":3},{"not_picked":["Rupture","Iron Wave"],"picked":"Headbutt","floor":4},{"not_picked":["Limit Break","Sever Soul"],"picked":"Iron Wave","floor":7},{"not_picked":["Heavy Blade","Headbutt"],"picked":"conspire:ExplosiveBarrier","floor":8},{"not_picked":["Cleave","Spot Weakness"],"picked":"Armaments","floor":12},{"not_picked":["Clash","Warcry"],"picked":"conspire:ExplosiveBarrier","floor":13},{"not_picked":["Havoc","Blood for Blood","Anger"],"picked":"SKIP","floor":14},{"not_picked":["Reaper","Corruption"],"picked":"Barricade","floor":16},{"not_picked":["Sentinel","Thunderclap"],"picked":"conspire:Charge","floor":18},{"not_picked":["Heavy Blade+1","Havoc"],"picked":"Cleave","floor":19},{"not_picked":["Wild Strike","True Grit","Perfected Strike"],"picked":"SKIP","floor":20},{"not_picked":["Spot Weakness","True Grit","Heavy Blade+1"],"picked":"SKIP","floor":22}],"player_experience":2891125,"relics_obtained":[{"floor":7,"key":"Regal Pillow"},{"floor":9,"key":"conspire:BottledYoYo"},{"floor":12,"key":"Shovel"}],"event_choices":[{"damage_healed":0,"gold_gain":0,"player_choice":"Got Potions","damage_taken":0,"max_hp_gain":0,"max_hp_loss":0,"event_name":"Lab","floor":2,"gold_loss":0},{"cards_removed":["Strike_R"],"damage_healed":0,"gold_gain":0,"player_choice":"Purged","damage_taken":0,"max_hp_gain":0,"max_hp_loss":0,"event_name":"Purifier","floor":11,"gold_loss":0},{"damage_healed":0,"gold_gain":0,"player_choice":"Ignored","damage_taken":0,"max_hp_gain":0,"max_hp_loss":0,"event_name":"The Mausoleum","floor":21,"gold_loss":0}],"is_beta":false,"boss_relics":[{"not_picked":["aspiration:RunicSpoon","aspiration:PoetsPen"],"picked":"aspiration:SecretTechniqueScroll"}],"items_purged_floors":[],"is_endless":false,"potions_floor_spawned":[3,7,12,18,20],"killed_by":"Shelled Parasite and Fungi","ascension_level":20}}