{"host":"i0m9g0siyue4991n","time":1609580811,"event":{"mods":["ATMod(°¢èªMod)","Act Like it!","BaseMod","BetterRewards","CapriCore","Challenge The Spire","Custom Start","Friendly Minions","Gensokyo","Koishi","KomeijiMod","Marisa£¨ìFÓê¡¡Ä§ÀíÉ³£©","Minty Spire (QoL Compilation)","Quick Restart","Reimu£¨²©ÀöÁéÃÎ£©","Remilia£¨ÀÙÃ×ÀòÑÇ£©","RumiaBox-Â¶Ã×æ«µÄÉñÃØºÐ×Ó","StSLib","The Immortal","The Servant 0.9.4","Youmu£¨»êÆÇÑýÃÎ£©"],"gold_per_floor":[16,16,16,16,16,50,50,50,50,50,62,94,94,106,106,205,205,222,222,322,92,103,103,135,135,204,104,135,150,150,184,184,286,286,302,49,62,62,82,82,113,113,113,140,150,160,160,170,170,170,170,170,120,150,150],"floor_reached":56,"playtime":2015,"items_purged":["Strike_YM","Strike_YM","LowerRealmReflectionSlash"],"score":1925,"play_id":"5f012c49-dc2c-44a0-b084-82e720e67123","local_time":"20210102174651","is_ascension_mode":true,"campfire_choices":[{"data":"TwoHundredYojanaInOneSlash","floor":7.0,"key":"SMITH"},{"data":"AT_MachinaRedman","floor":10.0,"key":"SMITH"},{"data":"HeavenGodSword","floor":15.0,"key":"SMITH"},{"data":"AsuraSword","floor":23.0,"key":"SMITH"},{"data":"TenKingsRetributionOnThePreta","floor":25.0,"key":"SMITH"},{"data":"FastingOfTheYoungPreta","floor":30.0,"key":"SMITH"},{"data":"BloodOfAsura","floor":32.0,"key":"SMITH"},{"data":"FastingOfTheYoungPreta","floor":40.0,"key":"SMITH"},{"data":"VoidnessSword","floor":42,"key":"SMITH"},{"floor":47,"key":"RECALL"},{"data":"GreatEnlightenmentAppearingAndDisappearing","floor":49,"key":"SMITH"},{"data":"FiveSignsOfTheDyingDeva","floor":52,"key":"SMITH"}],"circlet_count":0,"master_deck":["AT_MachinaRedman+1","AsuraSword+1","FiveSignsOfTheDyingDeva+1","TwoHundredYojanaInOneSlash+1","BloodOfAsura+1","TenKingsRetributionOnThePreta+1","HeavenGodSword+1","VoidnessSword+1","FantasyOfEnteringEnlightenment+1","FastingOfTheYoungPreta+1","GreatEnlightenmentAppearingAndDisappearing+1","WickedSoul","SlashOfSaigyouSpringWind","FastingOfTheYoungPreta+1","Gensokyo:ReactiveArmor","SlashOfSaigyouSpringWind","HellRealmSword","TenKingsRetributionOnThePreta+1"],"relics":["HalfPhantom","AT_ATBox","Pen Nib","Lizard Tail","AT_BellDemon","Gensokyo:LunaticRedEyes","PreservedInsect","Bottled Tornado","Empty Cage","Lantern","Turnip","ShirouKen","TungstenRod","Anchor","White Beast Statue","Shuriken","Smiling Mask","PureWhite:ReiMu","Regal Pillow","Pocketwatch","Sundial","Pandora\u0027s Box","Boot","GodSword4","Blood Vial","Prayer Wheel","AT_RedTearstoneRing","Incense Burner","Mercury Hourglass","Strawberry","SumBook","MoreBug","CaptainsWheel","MagicDraw3","Art of War","AT_SilverBalance"],"acts_visited":["Exordium","Gensokyo:Gensokyo","Gensokyo:Gensokyoer","TheEnding"],"potions_floor_usage":[55,55,55],"damage_taken":[{"damage":0.0,"enemies":"Gensokyo:Python","floor":1.0,"turns":3.0},{"damage":2.0,"enemies":"Gensokyo:Aya","floor":6.0,"turns":2.0},{"damage":0.0,"enemies":"Gensokyo:3_Fairies","floor":11.0,"turns":3.0},{"damage":13.0,"enemies":"Gensokyo:Cirno","floor":12.0,"turns":5.0},{"damage":0.0,"enemies":"Gensokyo:Gryphon","floor":14.0,"turns":1.0},{"damage":25.0,"enemies":"Gensokyo:Reimu","floor":16.0,"turns":5.0},{"damage":15.0,"enemies":"Gensokyo:3_Dogs","floor":18.0,"turns":3.0},{"damage":34.0,"enemies":"Gensokyo:3_Dogs","floor":20.0,"turns":3.0},{"damage":1.0,"enemies":"Gensokyo:AngelMirror","floor":22.0,"turns":1.0},{"damage":0.0,"enemies":"Gensokyo:Reisen","floor":24.0,"turns":2.0},{"damage":0.0,"enemies":"Gensokyo:Koishi","floor":28.0,"turns":2.0},{"damage":0.0,"enemies":"Gensokyo:Slime_Group","floor":29.0,"turns":2.0},{"damage":0.0,"enemies":"Gensokyo:Tenshi","floor":31.0,"turns":1.0},{"damage":24.0,"enemies":"Gensokyo:Kaguya","floor":33.0,"turns":4.0},{"damage":0.0,"enemies":"Gensokyo:3_Boulders","floor":35.0,"turns":2.0},{"damage":0.0,"enemies":"Gensokyo:AncientGuardian","floor":37.0,"turns":2.0},{"damage":0.0,"enemies":"Gensokyo:Rafflesia","floor":39.0,"turns":2.0},{"damage":0,"enemies":"Gensokyo:Marisa","floor":41,"turns":1},{"damage":0,"enemies":"Gensokyo:Kasen","floor":44,"turns":2},{"damage":0,"enemies":"Gensokyo:AtlasGolem","floor":45,"turns":2},{"damage":0,"enemies":"Gensokyo:4_Bats","floor":46,"turns":1},{"damage":0,"enemies":"Gensokyo:Sharpion","floor":48,"turns":1},{"damage":0,"enemies":"Gensokyo:Shinki","floor":50,"turns":3},{"damage":24,"enemies":"Shield and Spear","floor":54,"turns":2},{"damage":2,"enemies":"The Heart","floor":55,"turns":3}],"seed_played":"-8958489998111681733","potions_obtained":[{"floor":1.0,"key":"Swift Potion"},{"floor":11.0,"key":"Strength Potion"},{"floor":14.0,"key":"SneckoOil"},{"floor":16.0,"key":"Weak Potion"},{"floor":22.0,"key":"DuplicationPotion"},{"floor":28.0,"key":"PowerPotion"},{"floor":29.0,"key":"PhantomPosion"}],"is_trial":false,"path_per_floor":["M","?","$","?","$","E","R","$","T","R","M","E","?","M","R","B",null,"M","?","?","$","M","R","E","R","T","$","E","M","R","E","R","B",null,"M","$","M","?","M","R","E","R","T","E","M","M","R","M","R","B",null,"R","$","E","B",null],"character_chosen":"YOUMU","items_purchased":["FastingOfTheYoungPreta","GodSword4"],"campfire_rested":0,"item_purchase_floors":[21,36],"current_hp_per_floor":[68,68,68,68,68,66,66,66,66,66,66,53,53,53,53,28,63,48,48,14,14,13,13,13,13,13,13,13,13,13,13,13,37,66,66,66,66,66,68,68,70,70,70,79,81,82,82,82,82,82,82,82,82,60,42],"gold":150,"neow_bonus":"THREE_RARE_CARDS","is_daily":false,"chose_seed":false,"campfire_upgraded":11,"win_rate":0.0,"timestamp":1609580811,"path_taken":["M","?","?","?","?","E","R","$","T","R","M","E","?","M","R","BOSS","M","?","?","?","M","R","E","R","T","$","E","?","R","E","R","BOSS","M","$","M","?","?","R","E","R","T","E","M","M","R","M","R","BOSS","R","$","E","BOSS"],"items_purchased_type":["Card","Relic"],"build_version":"2020-12-22","purchased_purges":3,"victory":true,"max_hp_per_floor":[75,75,75,75,75,75,75,75,75,75,75,75,75,75,75,75,75,75,75,75,75,75,75,75,75,75,75,75,75,75,75,75,75,75,75,75,75,75,75,75,75,75,75,82,82,82,82,82,82,82,82,82,82,82,82],"card_choices":[{"not_picked":["StrangeHalfBody","CelestialStarSword"],"picked":"AsuraSword","floor":0.0},{"not_picked":["LifeCuttingSword","CherryBlossomFlashing","SpiritCuttingSword"],"picked":"SKIP","floor":1.0},{"not_picked":["SlashOfMeditation","SpiritMediumsBind"],"picked":"FiveSignsOfTheDyingDeva","floor":2.0},{"not_picked":["ConstancyOfTheConventionalTruth","FlashingScatteredFlowers"],"picked":"TwoHundredYojanaInOneSlash","floor":6.0},{"not_picked":["LightFlashOfTheNetherworld","LowerRealmReflectionSlash"],"picked":"BloodOfAsura","floor":11.0},{"not_picked":["SanzenSekai","SlashOfMeditation"],"picked":"TenKingsRetributionOnThePreta","floor":12.0},{"not_picked":["SanzenSekai","DispleasureOfTheSevenHakus"],"picked":"HeavenGodSword","floor":14.0},{"not_picked":["DeadlyForm","HellRealmSword"],"picked":"VoidnessSword","floor":16.0},{"not_picked":["LotusPostureSlash","LifeCuttingSword"],"picked":"FantasyOfEnteringEnlightenment+1","floor":18.0},{"not_picked":["ThoughtCuttingSword+1","LotusPostureSlash","SanzenSekai"],"picked":"SKIP","floor":22.0},{"not_picked":["FiveSignsOfTheDyingDeva","DeadlyForm","HumanRealmSword"],"picked":"SKIP","floor":24.0},{"not_picked":["DoubleWheelOfPain","CherryBlossomFlashing","ThreeKonsSevenHakus"],"picked":"SKIP","floor":28.0},{"not_picked":["HiganSword+1","TransmigrationSlash","CrescentMoonSlash"],"picked":"SKIP","floor":29.0},{"not_picked":["KarmicPunishmentOfTheIdleAndUnfocused","LifeCuttingSword+1","LowerRealmReflectionSlash"],"picked":"SKIP","floor":31.0},{"not_picked":["HeavenGodSword","WickedSoul"],"picked":"GreatEnlightenmentAppearingAndDisappearing","floor":33.0},{"not_picked":["ConstancyOfTheConventionalTruth","CrescentMoonSlash","ThreeKonsSevenHakus"],"picked":"SKIP","floor":35.0},{"not_picked":["ThoughtCuttingSword+1","HeavenlyHaloSlash+1","LowerRealmReflectionSlash+1"],"picked":"SKIP","floor":37.0},{"not_picked":["CrescentMoonSlash","FlashingScatteredFlowers+1","SlashOfAscensionToBuddhahood+1"],"picked":"SKIP","floor":39.0},{"not_picked":["PreachingAvici","CrescentMoonSlash","SlashOfMeditation+1"],"picked":"SKIP","floor":41},{"not_picked":["SlashOfAscensionToBuddhahood+1","LotusPostureSlash+1","RapidSlash"],"picked":"SKIP","floor":44},{"not_picked":["CrescentMoonSlash+1","ConstancyOfTheConventionalTruth","SlashOfDepartureFromHesitation+1"],"picked":"SKIP","floor":45},{"not_picked":["LifeCuttingSword+1","ThreeKonsSevenHakus","FourBirthsSword"],"picked":"SKIP","floor":45},{"not_picked":["CherryBlossomFlashing","HesitationCuttingSword","SwordOfBindingDesires+1"],"picked":"SKIP","floor":46},{"not_picked":["LowerRealmReflectionSlash+1","SpiritMediumsBind","SlashClearingTheSixSenses"],"picked":"SKIP","floor":46},{"not_picked":["SpiritMediumsBind+1","PhosphoricSlash+1","HeartExcerptSlash"],"picked":"SKIP","floor":48},{"not_picked":["ThreeKonsSevenHakus+1","FantasyOfEnteringEnlightenment+1","HiganSword"],"picked":"SKIP","floor":48},{"not_picked":["ConstancyOfTheConventionalTruth+1","ThoughtCuttingSword+1"],"picked":"TenKingsRetributionOnThePreta+1","floor":54}],"player_experience":611232,"relics_obtained":[{"floor":6.0,"key":"Pen Nib"},{"floor":9.0,"key":"Lizard Tail"},{"floor":12.0,"key":"AT_BellDemon"},{"floor":14.0,"key":"PreservedInsect"},{"floor":16.0,"key":"Bottled Tornado"},{"floor":18.0,"key":"Lantern"},{"floor":20.0,"key":"Turnip"},{"floor":20.0,"key":"ShirouKen"},{"floor":20.0,"key":"TungstenRod"},{"floor":22.0,"key":"Anchor"},{"floor":24.0,"key":"White Beast Statue"},{"floor":24.0,"key":"Shuriken"},{"floor":28.0,"key":"Smiling Mask"},{"floor":28.0,"key":"PureWhite:ReiMu"},{"floor":29.0,"key":"Regal Pillow"},{"floor":31.0,"key":"Pocketwatch"},{"floor":31.0,"key":"Sundial"},{"floor":35.0,"key":"Boot"},{"floor":37.0,"key":"Blood Vial"},{"floor":39.0,"key":"Prayer Wheel"},{"floor":41,"key":"AT_RedTearstoneRing"},{"floor":41,"key":"Incense Burner"},{"floor":43,"key":"Mercury Hourglass"},{"floor":44,"key":"Strawberry"},{"floor":44,"key":"SumBook"},{"floor":45,"key":"MoreBug"},{"floor":46,"key":"CaptainsWheel"},{"floor":48,"key":"MagicDraw3"},{"floor":54,"key":"Art of War"},{"floor":54,"key":"AT_SilverBalance"}],"event_choices":[],"is_beta":false,"boss_relics":[{"not_picked":["Black Star","AT_TrinityForce"],"picked":"Empty Cage"},{"not_picked":["SlaversCollar","Tiny House"],"picked":"Pandora\u0027s Box"}],"items_purged_floors":[21,27,53],"is_endless":false,"potions_floor_spawned":[1,11,14,16,22,28,29,31,33,35,37,39,41,44,45,46,48,54],"ascension_level":6}}