{"host":"7sni158j623xchr2","time":1609609023,"event":{"mods":["BaseMod","Colored Map","Highlight Path","Minty Spire (QoL Compilation)","Permanent Neow","Potion Indicator Mod","Rare Cards Sparkle","Relic Sorter","Relic Stats","StSLib","everything is the same but u backflip on backflip"],"gold_per_floor":[115,115,34,50,1,35,52,52,52,66,93,93,109,32,32,135,135,115,129,139,64,78,110,110,110,110,110,144,173,173,183,183,280,280,300,350,572,572,113,148,148,179,203,235,287,322,336,355,355,355,355,355,31,66,66],"floor_reached":56,"playtime":2377,"items_purged":["Strike_B"],"score":1577,"play_id":"df775717-f5ae-4097-a389-6b81925ba83c","local_time":"20210102113703","is_ascension_mode":true,"campfire_choices":[{"data":"White Noise","floor":8,"key":"SMITH"},{"data":"Loop","floor":12,"key":"SMITH"},{"data":"Consume","floor":15,"key":"SMITH"},{"floor":24,"key":"REST"},{"floor":27,"key":"REST"},{"data":"Hyperbeam","floor":32,"key":"SMITH"},{"floor":49,"key":"RECALL"},{"data":"Turbo","floor":52,"key":"SMITH"}],"circlet_count":0,"master_deck":["Defend_B","Defend_B","Zap","Dualcast","Cold Snap+1","Doom and Gloom+1","Loop+1","White Noise+1","FTL","Echo Form","Coolheaded","Consume+1","Conserve Battery","Genetic Algorithm","Hyperbeam+1","Steam+1","Ball Lightning","Barrage+1","Turbo+1","Sweeping Beam","Electrodynamics","Hologram+1","Coolheaded+1","Lockon","Heatsinks+1","Glacier","Machine Learning+1"],"relics":["Astrolabe","Symbiotic Virus","Blood Vial","Oddly Smooth Stone","Inserter","Bag of Marbles","Letter Opener","Red Mask","Mummified Hand","Runic Pyramid","FossilizedHelix","Bag of Preparation","CaptainsWheel","Mercury Hourglass","Frozen Egg 2","Orichalcum","Mango","Nunchaku","OrangePellets","Akabeko"],"acts_visited":["Exordium","TheCity","TheBeyond","TheEnding"],"potions_floor_usage":[6,11,20,23,23,25,40,40,40,44,55,55],"damage_taken":[{"damage":7,"enemies":"Jaw Worm","floor":1,"turns":3},{"damage":0,"enemies":"Cultist","floor":4,"turns":4},{"damage":8,"enemies":"Lagavulin","floor":6,"turns":5},{"damage":0,"enemies":"Small Slimes","floor":7,"turns":2},{"damage":12,"enemies":"2 Fungi Beasts","floor":10,"turns":3},{"damage":8,"enemies":"Gremlin Nob","floor":11,"turns":3},{"damage":0,"enemies":"Lots of Slimes","floor":13,"turns":1},{"damage":25,"enemies":"Slime Boss","floor":16,"turns":5},{"damage":32,"enemies":"2 Thieves","floor":18,"turns":4},{"damage":12,"enemies":"Spheric Guardian","floor":19,"turns":4},{"damage":35,"enemies":"Centurion and Healer","floor":20,"turns":6},{"damage":12,"enemies":"Chosen and Byrds","floor":22,"turns":6},{"damage":39,"enemies":"Slavers","floor":23,"turns":6},{"damage":12,"enemies":"Cultist and Chosen","floor":25,"turns":4},{"damage":12,"enemies":"Masked Bandits","floor":28,"turns":3},{"damage":19,"enemies":"Gremlin Leader","floor":29,"turns":8},{"damage":0,"enemies":"3 Cultists","floor":31,"turns":2},{"damage":0,"enemies":"Collector","floor":33,"turns":8},{"damage":0,"enemies":"Orb Walker","floor":35,"turns":3},{"damage":0,"enemies":"Mind Bloom Boss Battle","floor":36,"turns":5},{"damage":13,"enemies":"Giant Head","floor":40,"turns":8},{"damage":0,"enemies":"Reptomancer","floor":42,"turns":5},{"damage":0,"enemies":"Giant Head","floor":44,"turns":8},{"damage":0,"enemies":"2 Orb Walkers","floor":45,"turns":3},{"damage":0,"enemies":"Nemesis","floor":46,"turns":5},{"damage":0,"enemies":"3 Shapes","floor":47,"turns":1},{"damage":0,"enemies":"Sphere and 2 Shapes","floor":48,"turns":2},{"damage":19,"enemies":"Time Eater","floor":50,"turns":8},{"damage":44,"enemies":"Shield and Spear","floor":54,"turns":9},{"damage":24,"enemies":"The Heart","floor":55,"turns":9}],"seed_played":"868690101309127301","potions_obtained":[{"floor":1,"key":"BlessingOfTheForge"},{"floor":6,"key":"SmokeBomb"},{"floor":11,"key":"Swift Potion"},{"floor":16,"key":"Swift Potion"},{"floor":20,"key":"Energy Potion"},{"floor":29,"key":"FocusPotion"},{"floor":31,"key":"LiquidMemories"},{"floor":35,"key":"Weak Potion"},{"floor":40,"key":"DuplicationPotion"},{"floor":44,"key":"FairyPotion"},{"floor":46,"key":"Ancient Potion"},{"floor":48,"key":"Energy Potion"}],"is_trial":false,"path_per_floor":["M","?","$","M","$","E","M","R","T","M","E","R","M","$","R","B",null,"M","M","M","$","M","E","R","M","T","R","?","E","?","M","R","B",null,"M","?","?","?","$","E","?","E","T","E","?","E","M","M","R","B",null,"R","$","E","B",null],"character_chosen":"DEFECT","items_purchased":["White Noise","Fire Potion","Genetic Algorithm","Bag of Preparation","CaptainsWheel","DuplicationPotion","Heatsinks+1","OrangePellets","Glacier"],"campfire_rested":2,"item_purchase_floors":[3,5,14,39,39,53,53,53,53],"current_hp_per_floor":[75,75,75,75,75,75,75,75,75,73,75,75,75,75,75,60,75,53,63,40,40,40,3,25,35,35,57,47,40,40,52,52,64,75,75,75,75,71,71,68,68,70,70,71,85,85,85,85,85,66,85,85,85,41,19],"gold":66,"neow_bonus":"BOSS_RELIC","is_daily":false,"chose_seed":false,"campfire_upgraded":5,"win_rate":0.0,"timestamp":1609609023,"path_taken":["M","?","$","M","?","E","M","R","T","M","E","R","M","?","R","BOSS","M","M","M","$","M","E","R","M","T","R","?","E","?","?","R","BOSS","M","?","?","?","$","E","?","E","T","E","?","E","M","?","R","BOSS","R","$","E","BOSS"],"items_purchased_type":["Card","Potion","Card","Relic","Relic","Potion","Card","Relic","Card"],"build_version":"2020-12-22","purchased_purges":1,"victory":true,"max_hp_per_floor":[75,75,75,75,75,75,75,75,75,75,75,75,75,75,75,75,75,75,75,75,75,75,75,75,75,75,75,75,75,75,75,75,75,75,75,75,75,71,71,71,71,71,71,71,85,85,85,85,85,85,85,85,85,85,85],"relic_stats":{"Blood Vial":25,"OrangePellets":[2],"Nunchaku":[3],"Inserter":[58],"counters":[30,142],"Mummified Hand":[75],"Astrolabe":["Self Repair","Cold Snap","Doom and Gloom"],"Bag of Preparation":[20],"Letter Opener":[219],"Orichalcum":[24],"obtain_stats":[{"Inserter":17,"Astrolabe":0,"Oddly Smooth Stone":11,"Mango":45,"Bag of Preparation":39,"Letter Opener":26,"Frozen Egg 2":42,"Orichalcum":44,"Akabeko":54,"Mercury Hourglass":40,"Blood Vial":9,"OrangePellets":53,"CaptainsWheel":39,"Nunchaku":46,"Mummified Hand":29,"Bag of Marbles":23,"Red Mask":28,"Cracked Core":0,"Symbiotic Virus":6,"FossilizedHelix":36,"Runic Pyramid":34},{"Inserter":8,"Astrolabe":0,"Oddly Smooth Stone":6,"Mango":24,"Bag of Preparation":20,"Letter Opener":14,"Frozen Egg 2":22,"Orichalcum":23,"Akabeko":29,"Mercury Hourglass":21,"Blood Vial":4,"OrangePellets":28,"CaptainsWheel":20,"Nunchaku":25,"Mummified Hand":16,"Bag of Marbles":13,"Red Mask":15,"Cracked Core":0,"Symbiotic Virus":3,"FossilizedHelix":20,"Runic Pyramid":18},{"Inserter":26,"Astrolabe":0,"Oddly Smooth Stone":20,"Mango":109,"Bag of Preparation":85,"Letter Opener":56,"Frozen Egg 2":98,"Orichalcum":106,"Akabeko":133,"Mercury Hourglass":93,"Blood Vial":14,"OrangePellets":125,"CaptainsWheel":85,"Nunchaku":114,"Mummified Hand":67,"Bag of Marbles":52,"Red Mask":59,"Cracked Core":0,"Symbiotic Virus":12,"FossilizedHelix":85,"Runic Pyramid":77}],"Mercury Hourglass":[167]},"card_choices":[{"not_picked":["Recycle","Redo"],"picked":"Loop","floor":1},{"not_picked":["Rebound","Self Repair"],"picked":"FTL","floor":4},{"not_picked":["Aggregate","Rebound"],"picked":"Echo Form","floor":6},{"not_picked":["Fusion","Reinforced Body"],"picked":"Coolheaded","floor":7},{"not_picked":["Barrage","Beam Cell","Stack"],"picked":"SKIP","floor":10},{"not_picked":["Barrage","Fusion"],"picked":"Consume","floor":11},{"not_picked":["Doom and Gloom","Gash"],"picked":"Conserve Battery","floor":13},{"not_picked":["Machine Learning","Echo Form"],"picked":"Hyperbeam","floor":16},{"not_picked":["Beam Cell","Hello World"],"picked":"Steam+1","floor":18},{"not_picked":["Hologram+1","Go for the Eyes"],"picked":"Ball Lightning","floor":19},{"not_picked":["Gash","Leap","Machine Learning"],"picked":"SKIP","floor":20},{"not_picked":["Leap","Go for the Eyes","Aggregate"],"picked":"SKIP","floor":22},{"not_picked":["Turbo","Go for the Eyes"],"picked":"Barrage+1","floor":23},{"not_picked":["Ball Lightning","Hello World"],"picked":"Turbo","floor":29},{"not_picked":["Aggregate","Turbo"],"picked":"Sweeping Beam","floor":31},{"not_picked":["Fission","Rainbow"],"picked":"Electrodynamics","floor":33},{"not_picked":["Undo","Conserve Battery+1","Gash+1"],"picked":"SKIP","floor":35},{"not_picked":["Sweeping Beam","Hologram","Cold Snap"],"picked":"SKIP","floor":40},{"not_picked":["Sweeping Beam+1","Barrage+1","Hologram+1"],"picked":"SKIP","floor":42},{"not_picked":["Sweeping Beam+1","Barrage+1"],"picked":"Hologram+1","floor":42},{"not_picked":["Recycle+1","Gash+1","Hyperbeam"],"picked":"SKIP","floor":44},{"not_picked":["Genetic Algorithm+1","Steam Power"],"picked":"Coolheaded+1","floor":45},{"not_picked":["Rainbow","Skim","Barrage+1"],"picked":"SKIP","floor":46},{"not_picked":["Hologram+1","Compile Driver+1"],"picked":"Lockon","floor":47},{"not_picked":["Undo","Ball Lightning","Sweeping Beam"],"picked":"SKIP","floor":48},{"not_picked":["Beam Cell+1","Blizzard+1"],"picked":"Machine Learning+1","floor":54}],"player_experience":1579692,"relics_obtained":[{"floor":6,"key":"Symbiotic Virus"},{"floor":9,"key":"Blood Vial"},{"floor":11,"key":"Oddly Smooth Stone"},{"floor":23,"key":"Bag of Marbles"},{"floor":26,"key":"Letter Opener"},{"floor":28,"key":"Red Mask"},{"floor":29,"key":"Mummified Hand"},{"floor":36,"key":"FossilizedHelix"},{"floor":40,"key":"Mercury Hourglass"},{"floor":42,"key":"Frozen Egg 2"},{"floor":44,"key":"Orichalcum"},{"floor":45,"key":"Mango"},{"floor":46,"key":"Nunchaku"},{"floor":54,"key":"Akabeko"}],"event_choices":[{"cards_removed":["Strike_B"],"damage_healed":0,"gold_gain":0,"player_choice":"Purged","damage_taken":0,"max_hp_gain":0,"max_hp_loss":0,"event_name":"Purifier","floor":2,"gold_loss":0},{"damage_healed":0,"gold_gain":0,"player_choice":"Fought Bandits","damage_taken":0,"max_hp_gain":0,"max_hp_loss":0,"event_name":"Masked Bandits","floor":28,"gold_loss":0},{"cards_removed":["Strike_B"],"damage_healed":0,"gold_gain":0,"player_choice":"Purged","damage_taken":0,"max_hp_gain":0,"max_hp_loss":0,"event_name":"Purifier","floor":30,"gold_loss":0},{"damage_healed":0,"gold_gain":0,"player_choice":"Fight","damage_taken":0,"max_hp_gain":0,"max_hp_loss":0,"event_name":"MindBloom","floor":36,"gold_loss":0},{"damage_healed":0,"gold_gain":222,"player_choice":"Wore Mask","damage_taken":0,"max_hp_gain":0,"max_hp_loss":0,"event_name":"Tomb of Lord Red Mask","floor":37,"gold_loss":0},{"damage_healed":0,"gold_gain":0,"player_choice":"Max HP","damage_taken":0,"max_hp_gain":0,"max_hp_loss":4,"event_name":"Winding Halls","floor":38,"gold_loss":0},{"cards_removed":["Self Repair"],"damage_healed":0,"gold_gain":0,"player_choice":"Removed Power","damage_taken":0,"max_hp_gain":0,"max_hp_loss":0,"event_name":"Falling","floor":41,"gold_loss":0},{"damage_healed":0,"gold_gain":0,"player_choice":"Fight","damage_taken":0,"max_hp_gain":0,"max_hp_loss":0,"event_name":"Mysterious Sphere","floor":45,"gold_loss":0}],"is_beta":false,"boss_relics":[{"not_picked":["Busted Crown","Runic Dome"],"picked":"Inserter"},{"not_picked":["Empty Cage","Fusion Hammer"],"picked":"Runic Pyramid"}],"items_purged_floors":[21],"is_endless":false,"potions_floor_spawned":[1,6,11,16,20,22,25,29,31,35,40,44,46,48],"ascension_level":2}}