{"host":"minbhrtlkaoly5f0","time":1609588786,"event":{"mods":["Act Like it!","BaseMod","Colored Map","Colored Powertips","Lobotomy","LobotomyExtend","Luminous","Minty Spire (QoL Compilation)","Quick Restart","StSLib"],"gold_per_floor":[115,115,132,148,159,159,159,183,232,106,120,138,181,34,34,34,34],"floor_reached":16,"playtime":501,"items_purged":["Strike_B"],"score":104,"play_id":"2fb5e45e-4ce5-419e-a020-707e7c307583","local_time":"20210102195946","is_ascension_mode":false,"campfire_choices":[{"data":"Recycle","floor":6,"key":"SMITH"},{"floor":15,"key":"REST"}],"circlet_count":0,"master_deck":["Strike_B","Strike_B","Defend_B","Defend_B","Defend_B","Defend_B","Zap","Dualcast","SingingMachine","Recycle+1","Alriune","Scrape","Scorched","Go for the Eyes","Steam Power","HeroicMonk","Go for the Eyes","Gash","MeatLantern","VoidDream","Force Field","HappyTeddy","Creative AI"],"relics":["Cracked Core","CogitoBucket","LetterFromLob","Golden Idol","Bronze Scales","HellTrain","Darkstone Periapt"],"acts_visited":["Exordium"],"potions_floor_usage":[12,13,16,16],"damage_taken":[{"damage":7,"enemies":"2 Louse","floor":1,"turns":2},{"damage":4,"enemies":"Cultist","floor":3,"turns":2},{"damage":4,"enemies":"Jaw Worm","floor":4,"turns":1},{"damage":0,"enemies":"3 Louse","floor":5,"turns":1},{"damage":7,"enemies":"Blue Slaver","floor":8,"turns":2},{"damage":5,"enemies":"Exordium Wildlife","floor":11,"turns":2},{"damage":6,"enemies":"3 Louse","floor":12,"turns":2},{"damage":31,"enemies":"3 Sentries","floor":13,"turns":4},{"damage":33,"enemies":"The Guardian","floor":16,"turns":2}],"seed_played":"-6144293851507949351","potions_obtained":[{"floor":3,"key":"AttackPotion"},{"floor":8,"key":"AttackPotion"},{"floor":11,"key":"PowerPotion"},{"floor":12,"key":"SneckoOil"},{"floor":13,"key":"DistilledChaos"}],"is_trial":false,"path_per_floor":["M","?","M","M","M","R","?","M","T","$","M","M","E","$","R","B"],"character_chosen":"DEFECT","items_purchased":["Gash","Creative AI"],"campfire_rested":1,"item_purchase_floors":[10,14],"current_hp_per_floor":[68,68,64,60,60,60,60,53,53,53,48,42,11,11,31,0,0],"gold":34,"neow_bonus":"","is_daily":false,"chose_seed":false,"campfire_upgraded":1,"win_rate":0.0,"timestamp":1609588786,"path_taken":["M","?","M","M","M","R","?","M","T","$","M","M","E","$","R","BOSS"],"items_purchased_type":["Card","Card"],"build_version":"2020-12-22","purchased_purges":1,"victory":false,"max_hp_per_floor":[75,75,75,75,75,75,69,69,69,69,69,69,69,69,69,69,69],"card_choices":[{"not_picked":["BeautyBeast","VoidDream"],"picked":"SingingMachine","floor":1},{"not_picked":["Compile Driver","Steam"],"picked":"Recycle","floor":1},{"not_picked":["LongBird","Yin"],"picked":"Alriune","floor":3},{"not_picked":["Hologram","Barrage"],"picked":"Scrape","floor":3},{"not_picked":["UniverseFragment","CherryBlossoms"],"picked":"Scorched","floor":4},{"not_picked":["Auto Shields","Beam Cell"],"picked":"Go for the Eyes","floor":4},{"not_picked":["WallGazer","RedShoes","OldLady"],"picked":"Singing Bowl","floor":5},{"not_picked":["Conserve Battery","Force Field"],"picked":"Steam Power","floor":5},{"not_picked":["OSAHOGD","Variant"],"picked":"HeroicMonk","floor":8},{"not_picked":["Leap","Buffer"],"picked":"Go for the Eyes","floor":8},{"not_picked":["Porccubus","Rudolta","Freischutz"],"picked":"Singing Bowl","floor":11},{"not_picked":["Variant","Murderer"],"picked":"MeatLantern","floor":11},{"not_picked":["Coolheaded","Leap","Defragment"],"picked":"SKIP","floor":11},{"not_picked":["Coolheaded","Leap","Defragment"],"picked":"SKIP","floor":11},{"not_picked":["Bloodbath","OSAHOGD","FairyFestival"],"picked":"Singing Bowl","floor":12},{"not_picked":["ShyLook","OldLady"],"picked":"VoidDream","floor":12},{"not_picked":["Redo","Rebound","Hologram"],"picked":"SKIP","floor":12},{"not_picked":["Storm","Chaos"],"picked":"Force Field","floor":13},{"not_picked":["HappyTeddy","Rudolta","MeltingLove"],"picked":"Singing Bowl","floor":13},{"not_picked":["CherryBlossoms","Mercenary"],"picked":"HappyTeddy","floor":13}],"player_experience":18068,"relics_obtained":[{"floor":1,"key":"LetterFromLob"},{"floor":9,"key":"Bronze Scales"},{"floor":13,"key":"Darkstone Periapt"}],"event_choices":[{"cards_removed":["Strike_B"],"damage_healed":0,"gold_gain":0,"player_choice":"Forget","damage_taken":0,"max_hp_gain":0,"max_hp_loss":0,"event_name":"Living Wall","floor":2,"gold_loss":0},{"damage_healed":0,"gold_gain":0,"player_choice":"Lose Max HP","damage_taken":0,"relics_obtained":["Golden Idol"],"max_hp_gain":0,"max_hp_loss":6,"event_name":"Golden Idol","floor":7,"gold_loss":0}],"is_beta":false,"boss_relics":[],"items_purged_floors":[10],"is_endless":false,"potions_floor_spawned":[3,8,11,12,13],"killed_by":"The Guardian","ascension_level":0}}