{"host":"uy3vg6glkp8m6iit","time":1609604693,"event":{"mods":["AchievementEnabler","BaseMod","Colored Map","DeckTracker","Highlight Path","Keyboard Shortcuts","Minty Spire (QoL Compilation)","Quick Restart","Random Character Button","Rare Cards Sparkle","Relic Stats","StSLib","SuperFastMode","everything is the same but u backflip on backflip"],"gold_per_floor":[216,67,84,84,103,103,103,120,171,202,214,229,229,263,263,359,659,674,69,80,80,97,124,124,155,179,207,306,326,147,166,166,269,269,288,298,308,358,374,408,408,442,442,461,481,514,514,213,213,213,213,213,9,39,39],"floor_reached":56,"playtime":1817,"items_purged":["Strike_G","Strike_G"],"score":1904,"play_id":"9c45960f-5668-443a-8224-380e59fd137d","local_time":"20210103012453","is_ascension_mode":true,"campfire_choices":[{"data":"Deadly Poison","floor":6.0,"key":"SMITH"},{"data":"Dagger Spray","floor":13.0,"key":"SMITH"},{"data":"Neutralize","floor":15.0,"key":"SMITH"},{"data":"Apotheosis","floor":24.0,"key":"SMITH"},{"data":"Well Laid Plans","floor":32.0,"key":"SMITH"},{"floor":41.0,"key":"RECALL"},{"data":"Wraith Form v2","floor":49,"key":"SMITH"},{"data":"PiercingWail","floor":52,"key":"SMITH"}],"circlet_count":0,"master_deck":["Strike_G","Defend_G","Defend_G","Defend_G","Defend_G","Defend_G","Survivor","Neutralize+1","Slice","Dash","Deadly Poison+1","Flying Knee","PiercingWail+1","Dagger Spray+1","Corpse Explosion","Burst","CurseOfTheBell","Apotheosis+1","Crippling Poison+1","Acrobatics","Well Laid Plans+1","Backflip","Catalyst","Wraith Form v2+1","Malaise","Calculated Gamble+1","Backflip+1","Catalyst+1"],"relics":["Ring of the Snake","Strawberry","Akabeko","Blood Vial","Calling Bell","Art of War","InkBottle","Old Coin","PreservedInsect","Happy Flower","Paper Crane","Boot","Orichalcum","Red Mask","SlaversCollar","Torii","Bag of Marbles","Ornamental Fan","Singing Bowl","Snake Skull","Dead Branch","OrangePellets","Lantern"],"acts_visited":["Exordium","TheCity","TheBeyond","TheEnding"],"potions_floor_usage":[45,55,55,55],"damage_taken":[{"damage":3.0,"enemies":"Jaw Worm","floor":1.0,"turns":7.0},{"damage":0.0,"enemies":"2 Louse","floor":3.0,"turns":2.0},{"damage":0.0,"enemies":"Cultist","floor":5.0,"turns":3.0},{"damage":4.0,"enemies":"Red Slaver","floor":8.0,"turns":3.0},{"damage":22.0,"enemies":"Lagavulin","floor":10.0,"turns":7.0},{"damage":0.0,"enemies":"Exordium Wildlife","floor":11.0,"turns":3.0},{"damage":0.0,"enemies":"2 Fungi Beasts","floor":12.0,"turns":2.0},{"damage":0.0,"enemies":"3 Sentries","floor":14.0,"turns":2.0},{"damage":20.0,"enemies":"The Guardian","floor":16.0,"turns":11.0},{"damage":0.0,"enemies":"Chosen","floor":18.0,"turns":5.0},{"damage":0.0,"enemies":"3 Byrds","floor":20.0,"turns":2.0},{"damage":0.0,"enemies":"3 Cultists","floor":22.0,"turns":2.0},{"damage":11.0,"enemies":"Book of Stabbing","floor":23.0,"turns":6.0},{"damage":0.0,"enemies":"Slavers","floor":25.0,"turns":4.0},{"damage":0.0,"enemies":"Masked Bandits","floor":27.0,"turns":1.0},{"damage":0.0,"enemies":"Snake Plant","floor":29.0,"turns":4.0},{"damage":0.0,"enemies":"Sentry and Sphere","floor":31.0,"turns":6.0},{"damage":7.0,"enemies":"Collector","floor":33.0,"turns":7.0},{"damage":0.0,"enemies":"Orb Walker","floor":35.0,"turns":4.0},{"damage":0.0,"enemies":"3 Shapes","floor":36.0,"turns":5.0},{"damage":0.0,"enemies":"Maw","floor":37.0,"turns":4.0},{"damage":0.0,"enemies":"Mind Bloom Boss Battle","floor":38.0,"turns":4.0},{"damage":9.0,"enemies":"Transient","floor":39.0,"turns":5.0},{"damage":1.0,"enemies":"Nemesis","floor":40.0,"turns":7.0},{"damage":0.0,"enemies":"Giant Head","floor":42.0,"turns":6.0},{"damage":0.0,"enemies":"Jaw Worm Horde","floor":44.0,"turns":2.0},{"damage":4,"enemies":"Spire Growth","floor":45,"turns":4},{"damage":0,"enemies":"Nemesis","floor":46,"turns":3},{"damage":17,"enemies":"Time Eater","floor":50,"turns":7},{"damage":8,"enemies":"Shield and Spear","floor":54,"turns":9},{"damage":16,"enemies":"The Heart","floor":55,"turns":6}],"seed_played":"-942563545206555222","potions_obtained":[{"floor":5.0,"key":"Explosive Potion"},{"floor":8.0,"key":"Swift Potion"},{"floor":11.0,"key":"SpeedPotion"},{"floor":16.0,"key":"LiquidBronze"},{"floor":23.0,"key":"Strength Potion"},{"floor":25.0,"key":"Poison Potion"},{"floor":31.0,"key":"ColorlessPotion"},{"floor":35.0,"key":"DuplicationPotion"},{"floor":37.0,"key":"DuplicationPotion"},{"floor":39.0,"key":"GhostInAJar"}],"is_trial":false,"path_per_floor":["M","$","M","?","M","R","?","M","T","E","M","M","R","E","R","B",null,"M","$","M","T","M","E","R","E","T","?","?","M","$","M","R","B",null,"M","M","M","?","M","E","R","E","T","M","M","E","?","$","R","B",null,"R","$","E","B",null],"character_chosen":"THE_SILENT","items_purchased":["Dash","PreservedInsect","Happy Flower","Apotheosis","Catalyst","Wraith Form v2","Dead Branch","OrangePellets","SkillPotion"],"campfire_rested":0,"item_purchase_floors":[2,19,19,19,30,30,48,53,53],"current_hp_per_floor":[60,60,60,60,60,60,60,56,63,41,41,41,41,41,41,23,64,66,66,68,68,70,61,61,63,63,65,65,67,67,69,69,64,74,76,77,77,77,68,69,69,71,71,75,75,79,79,79,79,64,78,78,78,72,58],"gold":39,"neow_bonus":"HUNDRED_GOLD","is_daily":false,"chose_seed":false,"campfire_upgraded":7,"win_rate":0.0,"timestamp":1609604693,"path_taken":["M","$","M","?","M","R","?","M","T","E","M","M","R","E","R","BOSS","M","$","M","?","?","E","R","E","T","?","?","M","$","M","R","BOSS","M","M","M","?","M","E","R","E","T","M","M","E","?","$","R","BOSS","R","$","E","BOSS"],"items_purchased_type":["Card","Relic","Relic","Card","Card","Card","Relic","Relic","Potion"],"build_version":"2020-12-22","purchased_purges":2,"victory":true,"max_hp_per_floor":[70,70,70,70,70,70,70,70,77,77,77,77,77,77,77,77,77,77,77,77,77,77,77,77,77,77,77,77,77,77,77,77,77,77,77,77,77,77,77,77,77,77,77,79,81,83,83,83,83,83,83,83,83,83,83],"relic_stats":{"Happy Flower":[32],"Torii":4,"Singing Bowl":6,"counters":[31,143],"Dead Branch":[19],"PreservedInsect":392,"Snake Skull":[27],"Orichalcum":[228],"Boot":[13],"Blood Vial":39,"OrangePellets":[7],"Ornamental Fan":[4],"Art of War":[31],"obtain_stats":[{"Lantern":54,"Happy Flower":19,"Torii":38,"Singing Bowl":43,"Dead Branch":48,"PreservedInsect":19,"Snake Skull":46,"Paper Crane":21,"Orichalcum":25,"Boot":23,"Akabeko":10,"Old Coin":17,"Blood Vial":14,"Calling Bell":17,"SlaversCollar":34,"OrangePellets":53,"Ornamental Fan":42,"Strawberry":9,"Art of War":17,"Red Mask":27,"Bag of Marbles":40,"InkBottle":17,"Ring of the Snake":0},{"Lantern":30,"Happy Flower":10,"Torii":22,"Singing Bowl":25,"Dead Branch":28,"PreservedInsect":10,"Snake Skull":28,"Paper Crane":11,"Orichalcum":14,"Boot":13,"Akabeko":5,"Old Coin":9,"Blood Vial":8,"Calling Bell":9,"SlaversCollar":18,"OrangePellets":29,"Ornamental Fan":25,"Strawberry":4,"Art of War":9,"Red Mask":15,"Bag of Marbles":24,"InkBottle":9,"Ring of the Snake":0},{"Lantern":137,"Happy Flower":45,"Torii":94,"Singing Bowl":112,"Dead Branch":121,"PreservedInsect":45,"Snake Skull":121,"Paper Crane":47,"Orichalcum":59,"Boot":55,"Akabeko":22,"Old Coin":40,"Blood Vial":29,"Calling Bell":40,"SlaversCollar":77,"OrangePellets":128,"Ornamental Fan":112,"Strawberry":15,"Art of War":40,"Red Mask":60,"Bag of Marbles":106,"InkBottle":40,"Ring of the Snake":0}],"InkBottle":[39],"Ring of the Snake":[62]},"card_choices":[{"not_picked":["Sucker Punch","PiercingWail"],"picked":"Slice","floor":1.0},{"not_picked":["Outmaneuver","PiercingWail"],"picked":"Deadly Poison","floor":3.0},{"not_picked":["Deflect","Underhanded Strike","Flying Knee"],"picked":"SKIP","floor":5.0},{"not_picked":["Sucker Punch","Poisoned Stab"],"picked":"PiercingWail","floor":8.0},{"not_picked":["Leg Sweep","Endless Agony"],"picked":"Dagger Spray","floor":10.0},{"not_picked":["Slice","Crippling Poison"],"picked":"Corpse Explosion","floor":11.0},{"not_picked":["Slice","Outmaneuver","Quick Slash"],"picked":"SKIP","floor":12.0},{"not_picked":["Noxious Fumes","Prepared","Concentrate"],"picked":"SKIP","floor":14.0},{"not_picked":["Glass Knife","Venomology"],"picked":"Burst","floor":16.0},{"not_picked":["Underhanded Strike","Poisoned Stab","Dodge and Roll"],"picked":"SKIP","floor":18.0},{"not_picked":["Outmaneuver","Infinite Blades"],"picked":"Crippling Poison+1","floor":20.0},{"not_picked":["Cloak And Dagger","Endless Agony","Tactician"],"picked":"SKIP","floor":22.0},{"not_picked":["Endless Agony+1","Outmaneuver"],"picked":"Acrobatics","floor":23.0},{"not_picked":["Infinite Blades","Storm of Steel"],"picked":"Well Laid Plans","floor":25.0},{"not_picked":["Bane","Underhanded Strike"],"picked":"Backflip","floor":29.0},{"not_picked":["Bane","Finisher","Slice"],"picked":"SKIP","floor":31.0},{"not_picked":["Venomology","Doppelganger"],"picked":"Malaise","floor":33.0},{"not_picked":["Eviscerate+1","PiercingWail","Escape Plan"],"picked":"SKIP","floor":35.0},{"not_picked":["Bane+1","Prepared"],"picked":"Calculated Gamble+1","floor":36.0},{"not_picked":["Concentrate","Quick Slash","Terror+1"],"picked":"SKIP","floor":37.0},{"not_picked":["Deflect","Infinite Blades+1"],"picked":"Backflip+1","floor":39.0},{"not_picked":["Dagger Spray+1","Poisoned Stab","Acrobatics"],"picked":"SKIP","floor":40.0},{"not_picked":["Dagger Spray","Backstab+1","Prepared+1"],"picked":"SKIP","floor":42.0},{"not_picked":["Quick Slash+1","Malaise","Escape Plan+1"],"picked":"Singing Bowl","floor":44.0},{"not_picked":["Blade Dance","Caltrops","Deflect+1"],"picked":"Singing Bowl","floor":45},{"not_picked":["Cloak And Dagger","Noxious Fumes+1","Accuracy+1"],"picked":"Singing Bowl","floor":46},{"not_picked":["Doppelganger","Crippling Poison"],"picked":"Catalyst+1","floor":54}],"player_experience":1454166,"relics_obtained":[{"floor":9.0,"key":"Strawberry"},{"floor":10.0,"key":"Akabeko"},{"floor":14.0,"key":"Blood Vial"},{"floor":17.0,"key":"Art of War"},{"floor":17.0,"key":"InkBottle"},{"floor":17.0,"key":"Old Coin"},{"floor":21.0,"key":"Paper Crane"},{"floor":23.0,"key":"Boot"},{"floor":25.0,"key":"Orichalcum"},{"floor":27.0,"key":"Red Mask"},{"floor":38.0,"key":"Torii"},{"floor":40.0,"key":"Bag of Marbles"},{"floor":42.0,"key":"Ornamental Fan"},{"floor":43.0,"key":"Singing Bowl"},{"floor":46,"key":"Snake Skull"},{"floor":54,"key":"Lantern"}],"event_choices":[{"damage_healed":0.0,"max_hp_gain":0.0,"max_hp_loss":0.0,"gold_gain":0.0,"cards_transformed":["Strike_G"],"event_name":"Living Wall","player_choice":"Change","floor":4.0,"gold_loss":0.0,"damage_taken":0.0,"cards_obtained":["Flying Knee"]},{"damage_healed":0.0,"max_hp_gain":0.0,"max_hp_loss":0.0,"gold_gain":0.0,"event_name":"FaceTrader","player_choice":"Leave","floor":7.0,"gold_loss":0.0,"damage_taken":0.0},{"damage_healed":0.0,"max_hp_gain":0.0,"max_hp_loss":0.0,"gold_gain":0.0,"event_name":"Masked Bandits","player_choice":"Fought Bandits","floor":27.0,"gold_loss":0.0,"damage_taken":0.0},{"damage_healed":0.0,"max_hp_gain":0.0,"max_hp_loss":0.0,"gold_gain":99.0,"event_name":"Nest","player_choice":"Stole From Cult","floor":28.0,"gold_loss":0.0,"damage_taken":0.0},{"damage_healed":0.0,"max_hp_gain":0.0,"max_hp_loss":0.0,"gold_gain":0.0,"event_name":"MindBloom","player_choice":"Fight","floor":38.0,"gold_loss":0.0,"damage_taken":0.0},{"cards_removed":["Strike_G"],"damage_healed":0,"gold_gain":0,"player_choice":"Removed Attack","damage_taken":0,"max_hp_gain":0,"max_hp_loss":0,"event_name":"Falling","floor":47,"gold_loss":0}],"is_beta":false,"boss_relics":[{"not_picked":["Velvet Choker","Snecko Eye"],"picked":"Calling Bell"},{"not_picked":["Empty Cage","SacredBark"],"picked":"SlaversCollar"}],"items_purged_floors":[2,19],"is_endless":false,"potions_floor_spawned":[5,8,11,16,23,25,31,33,35,37,39,40,42,54],"ascension_level":9}}