{"host":"iphsb0ccnjx0pfn6","time":1609595687,"event":{"mods":["2.2 Compatiblity","AchievementEnabler","BaseMod","Colored Map","DeckTracker","Keyboard Shortcuts","Minty Spire (QoL Compilation)","Permanent Neow","Quick Restart","Relic Stats","StSLib","SuperFastMode","Uncapped","everything is the same but u backflip on backflip"],"gold_per_floor":[117,137,37,49,49,49,83,97,144,144,180,180,223,45,45,45,45],"floor_reached":16,"playtime":276,"items_purged":["Strike_G","Strike_G"],"score":236,"play_id":"4c7ad28e-9d2e-437c-93c1-dc201b1a0bae","local_time":"20210102225447","is_ascension_mode":true,"campfire_choices":[{"data":"Choke","floor":6.0,"key":"SMITH"},{"data":"Reflex","floor":12,"key":"SMITH"},{"data":"Terror","floor":15,"key":"SMITH"}],"circlet_count":0,"master_deck":["AscendersBane","Strike_G","Strike_G","Defend_G","Defend_G","Defend_G","Defend_G","Defend_G","Survivor","Neutralize","Reflex+1","Choke+1","Flying Knee","Backflip","Backstab","Slice","Riddle With Holes","Escape Plan","Terror+1"],"relics":["Ring of the Snake","NeowsBlessing","Boot","Golden Idol","Blood Vial","MealTicket"],"acts_visited":["Exordium"],"potions_floor_usage":[13,16],"damage_taken":[{"damage":0.0,"enemies":"Cultist","floor":1.0,"turns":1.0},{"damage":0.0,"enemies":"Small Slimes","floor":2.0,"turns":1.0},{"damage":0.0,"enemies":"Jaw Worm","floor":4.0,"turns":1.0},{"damage":8.0,"enemies":"Gremlin Nob","floor":7.0,"turns":3.0},{"damage":0,"enemies":"Looter","floor":8,"turns":2},{"damage":19,"enemies":"3 Sentries","floor":11,"turns":11},{"damage":18,"enemies":"Lagavulin","floor":13,"turns":6},{"damage":28,"enemies":"Slime Boss","floor":16,"turns":5}],"seed_played":"-164030213838532354","potions_obtained":[{"floor":4.0,"key":"SkillPotion"},{"floor":7,"key":"Energy Potion"},{"floor":13,"key":"LiquidBronze"}],"is_trial":false,"path_per_floor":["M","M","$","M","?","R","E","M","T","?","E","R","E","$","R","B"],"character_chosen":"THE_SILENT","items_purchased":["Flying Knee","Terror"],"campfire_rested":0,"item_purchase_floors":[3,14],"current_hp_per_floor":[59,59,59,59,52,52,44,44,44,44,25,25,9,24,24,0,0],"gold":45,"neow_bonus":"THREE_ENEMY_KILL","is_daily":false,"chose_seed":false,"campfire_upgraded":3,"win_rate":0.0,"timestamp":1609595687,"path_taken":["M","M","?","?","?","R","E","M","T","?","E","R","E","$","R","BOSS"],"items_purchased_type":["Card","Card"],"build_version":"2020-12-22","purchased_purges":2,"victory":false,"max_hp_per_floor":[66,66,66,66,66,66,66,66,66,60,60,60,60,60,60,60,60],"relic_stats":{"Blood Vial":4,"counters":[8,30],"Golden Idol":16,"MealTicket":15,"Boot":[42],"obtain_stats":[{"Blood Vial":11,"NeowsBlessing":0,"Golden Idol":10,"MealTicket":13,"Boot":9,"Ring of the Snake":0},{"Blood Vial":6,"NeowsBlessing":0,"Golden Idol":5,"MealTicket":7,"Boot":5,"Ring of the Snake":0},{"Blood Vial":19,"NeowsBlessing":0,"Golden Idol":8,"MealTicket":25,"Boot":8,"Ring of the Snake":0}],"Ring of the Snake":[16]},"card_choices":[{"not_picked":["Deadly Poison","Blade Dance"],"picked":"Reflex","floor":1.0},{"not_picked":["Poisoned Stab","Underhanded Strike"],"picked":"Choke","floor":2.0},{"not_picked":["All Out Attack","Flechettes"],"picked":"Backflip","floor":4.0},{"not_picked":["Night Terror","Outmaneuver"],"picked":"Backstab","floor":7},{"not_picked":["Outmaneuver","Flying Knee"],"picked":"Slice","floor":8},{"not_picked":["Bane","Deadly Poison"],"picked":"Riddle With Holes","floor":11},{"not_picked":["Flechettes","Dodge and Roll"],"picked":"Escape Plan","floor":13}],"player_experience":1260899,"relics_obtained":[{"floor":9,"key":"Boot"},{"floor":11,"key":"Blood Vial"},{"floor":13,"key":"MealTicket"}],"event_choices":[{"cards_removed":["Strike_G"],"damage_healed":0.0,"max_hp_gain":0.0,"max_hp_loss":0.0,"gold_gain":0.0,"event_name":"Golden Wing","player_choice":"Card Removal","floor":5.0,"gold_loss":0.0,"damage_taken":7.0},{"damage_healed":0,"gold_gain":0,"player_choice":"Lose Max HP","damage_taken":0,"relics_obtained":["Golden Idol"],"max_hp_gain":0,"max_hp_loss":6,"event_name":"Golden Idol","floor":10,"gold_loss":0}],"is_beta":false,"boss_relics":[],"items_purged_floors":[3,14],"is_endless":false,"potions_floor_spawned":[4,7,13],"killed_by":"Slime Boss","ascension_level":20}}