{"host":"h4lp0eeso8a0ssq0","time":1609626129,"event":{"mods":["2.2 Compatiblity","AchievementEnabler","BaseMod","CapriCore","Colored Map","Lobotomy","Minty Spire (QoL Compilation)","StSLib","SuperFastMode"],"gold_per_floor":[113,133,133,148,148,148,160,100,100,100,115,132,10,21,21,21,21],"floor_reached":16,"playtime":402,"items_purged":["Defend_P","Strike_P"],"score":94,"play_id":"3e3dd61a-0fda-4c05-8e3f-9b0c543b636f","local_time":"20210103072209","is_ascension_mode":false,"campfire_choices":[{"data":"Eruption","floor":6,"key":"SMITH"},{"floor":15,"key":"REST"}],"circlet_count":0,"master_deck":["Strike_P","Strike_P","Defend_P","Defend_P","Eruption+1","Vigilance","InnerPeace"],"relics":["PureWater","The Courier","Molten Egg 2"],"acts_visited":["Exordium"],"potions_floor_usage":[16,16,16,16,16],"damage_taken":[{"damage":2,"enemies":"Small Slimes","floor":1,"turns":3},{"damage":2,"enemies":"Cultist","floor":2,"turns":3},{"damage":3,"enemies":"Jaw Worm","floor":4,"turns":3},{"damage":2,"enemies":"Looter","floor":7,"turns":2},{"damage":0,"enemies":"Blue Slaver","floor":11,"turns":3},{"damage":5,"enemies":"Gremlin Gang","floor":12,"turns":4},{"damage":0,"enemies":"2 Fungi Beasts","floor":14,"turns":4},{"damage":56,"enemies":"Hexaghost","floor":16,"turns":14}],"seed_played":"-2755586561463890315","potions_obtained":[{"floor":1,"key":"CultistPotion"},{"floor":12,"key":"GamblersBrew"},{"floor":14,"key":"EntropicBrew"}],"is_trial":false,"path_per_floor":["M","M","?","M","?","R","M","$","T","?","M","M","$","M","R","B"],"character_chosen":"WATCHER","items_purchased":["PowerPotion"],"campfire_rested":1,"item_purchase_floors":[13],"current_hp_per_floor":[49,47,47,44,41,41,39,39,39,39,39,34,34,34,55,0,0],"gold":21,"neow_bonus":"REMOVE_TWO","is_daily":false,"chose_seed":false,"campfire_upgraded":1,"win_rate":0.0,"timestamp":1609626129,"path_taken":["M","M","?","?","?","R","M","?","T","?","M","M","$","M","R","BOSS"],"items_purchased_type":["Potion"],"build_version":"2020-12-22","purchased_purges":2,"victory":false,"max_hp_per_floor":[72,72,72,72,72,72,72,72,72,72,72,72,72,72,72,72,72],"card_choices":[{"not_picked":["SignatureMove","JustLucky","CrushJoints"],"picked":"SKIP","floor":1},{"not_picked":["ClearTheMind","EmptyFist"],"picked":"InnerPeace","floor":2},{"not_picked":["TalkToTheHand","FlyingSleeves","WheelKick"],"picked":"SKIP","floor":4},{"not_picked":["SashWhip","Protect","CutThroughFate"],"picked":"SKIP","floor":7},{"not_picked":["FollowUp+1","PathToVictory","Tantrum+1"],"picked":"SKIP","floor":11},{"not_picked":["EmptyFist+1","WindmillStrike+1","EmptyBody"],"picked":"SKIP","floor":12},{"not_picked":["Crescendo","ThirdEye","CutThroughFate+1"],"picked":"SKIP","floor":14}],"player_experience":38446,"relics_obtained":[{"floor":9,"key":"Molten Egg 2"}],"event_choices":[{"damage_healed":0,"gold_gain":0,"player_choice":"0 cards matched","damage_taken":0,"max_hp_gain":0,"max_hp_loss":0,"event_name":"Match and Keep!","floor":3,"gold_loss":0,"cards_obtained":[]},{"damage_healed":0,"gold_gain":0,"player_choice":"Success","damage_taken":3,"relics_obtained":["The Courier"],"max_hp_gain":0,"max_hp_loss":0,"event_name":"Scrap Ooze","floor":5,"gold_loss":0},{"damage_healed":0,"gold_gain":0,"player_choice":"Ignored","damage_taken":0,"max_hp_gain":0,"max_hp_loss":0,"event_name":"Liars Game","floor":10,"gold_loss":0}],"is_beta":false,"boss_relics":[],"items_purged_floors":[8,13],"is_endless":false,"potions_floor_spawned":[1,12,14],"killed_by":"Hexaghost","ascension_level":0}}