{"host":"d2y4rmbezebiv8aj","time":1609630567,"event":{"mods":["AchievementEnabler","BaseMod","BetterRewards","Colored Map","Colored Powertips","Custom Start","Highlight Path","Minty Spire (QoL Compilation)","Rare Cards Sparkle","Shop Mod","StSLib","SuperFastMode","Synergy Search"],"gold_per_floor":[112,122,139,151,167,192,192,210,259,272,34,34,65,80,80,180,180,196,196,49,69,82,82,92,92,116,128,150,162,162],"floor_reached":29,"playtime":1019,"items_purged":["Pain"],"score":318,"play_id":"5f27abfd-1931-4ea1-9646-368dfd905525","local_time":"20210103003607","is_ascension_mode":true,"campfire_choices":[{"floor":7,"key":"REST"},{"data":"Envenom","floor":12,"key":"SMITH"},{"data":"Blade Dance","floor":15,"key":"SMITH"},{"data":"Infinite Blades","floor":23,"key":"SMITH"},{"floor":25,"key":"REST"},{"floor":27,"key":"REST"}],"circlet_count":0,"master_deck":["Strike_G","Strike_G","Strike_G","Strike_G","Strike_G","Defend_G","Defend_G","Defend_G","Defend_G","Defend_G","Survivor","Neutralize","Quick Slash","Slice","Blade Dance+1","Deadly Poison","Sucker Punch","Corpse Explosion","Poisoned Stab","PiercingWail","Blade Dance","Endless Agony","PiercingWail","Envenom+1","Caltrops","Flying Knee","Caltrops","Blade Dance","Dagger Spray","Burst","Outmaneuver","Infinite Blades+1","Cloak And Dagger+1","Deflect","Endless Agony+1"],"relics":["Ring of the Snake","NeowsBlessing","Boot","Bag of Marbles","Orrery","Matryoshka","Sozu","WarpedTongs","MawBank","Omamori"],"acts_visited":["Exordium","TheCity"],"potions_floor_usage":[13,16],"damage_taken":[{"damage":0,"enemies":"2 Louse","floor":1,"turns":1},{"damage":0,"enemies":"Cultist","floor":2,"turns":1},{"damage":0,"enemies":"Small Slimes","floor":3,"turns":1},{"damage":9,"enemies":"Looter","floor":4,"turns":3},{"damage":16,"enemies":"2 Fungi Beasts","floor":5,"turns":3},{"damage":27,"enemies":"Lagavulin","floor":6,"turns":9},{"damage":0,"enemies":"Large Slime","floor":8,"turns":6},{"damage":5,"enemies":"Red Slaver","floor":10,"turns":2},{"damage":0,"enemies":"Gremlin Nob","floor":13,"turns":3},{"damage":0,"enemies":"Gremlin Gang","floor":14,"turns":3},{"damage":7,"enemies":"Hexaghost","floor":16,"turns":6},{"damage":17,"enemies":"Spheric Guardian","floor":18,"turns":4},{"damage":17,"enemies":"Shell Parasite","floor":21,"turns":4},{"damage":0,"enemies":"Cultist and Chosen","floor":22,"turns":5},{"damage":35,"enemies":"Snake Plant","floor":24,"turns":3},{"damage":15,"enemies":"Centurion and Healer","floor":28,"turns":4},{"damage":33,"enemies":"Slavers","floor":29,"turns":3}],"seed_played":"9008538211034372998","potions_obtained":[{"floor":2,"key":"SkillPotion"},{"floor":4,"key":"PowerPotion"},{"floor":5,"key":"Block Potion"}],"is_trial":false,"path_per_floor":["M","M","M","M","M","E","R","M","T","M","$","R","E","M","R","B",null,"M","?","$","M","M","R","M","R","T","R","M","E"],"character_chosen":"THE_SILENT","items_purchased":["Orrery","Flying Knee","Caltrops","Infinite Blades"],"campfire_rested":3,"item_purchase_floors":[11,11,11,20],"current_hp_per_floor":[70,70,70,61,45,18,39,39,39,34,34,34,34,34,34,27,70,53,53,53,36,36,36,1,22,22,43,28,0,0],"gold":162,"neow_bonus":"THREE_ENEMY_KILL","is_daily":false,"chose_seed":false,"campfire_upgraded":3,"win_rate":0.0,"timestamp":1609630567,"path_taken":["M","M","M","M","M","E","R","M","T","M","$","R","E","M","R","BOSS","M","?","$","M","?","R","?","R","T","R","M","E"],"items_purchased_type":["Relic","Card","Card","Card"],"build_version":"2020-12-22","purchased_purges":1,"victory":false,"max_hp_per_floor":[70,70,70,70,70,70,70,70,70,70,70,70,70,70,70,70,70,70,70,70,70,70,70,70,70,70,70,70,70,70],"card_choices":[{"not_picked":["Escape Plan","Outmaneuver"],"picked":"Quick Slash","floor":1},{"not_picked":["Flying Knee","Deflect"],"picked":"Slice","floor":2},{"not_picked":["Calculated Gamble","Slice"],"picked":"Blade Dance","floor":3},{"not_picked":["Outmaneuver","Underhanded Strike"],"picked":"Deadly Poison","floor":4},{"not_picked":["Eviscerate","Quick Slash"],"picked":"Sucker Punch","floor":5},{"not_picked":["Backflip","Heel Hook"],"picked":"Corpse Explosion","floor":6},{"not_picked":["Terror","Outmaneuver"],"picked":"Poisoned Stab","floor":8},{"not_picked":["Predator","Choke"],"picked":"PiercingWail","floor":10},{"not_picked":["Dagger Throw","Backflip"],"picked":"Blade Dance","floor":11},{"not_picked":["Tactician","Dagger Throw"],"picked":"Endless Agony","floor":11},{"not_picked":["Concentrate","Setup"],"picked":"PiercingWail","floor":11},{"not_picked":["Slice","Dagger Spray"],"picked":"Envenom","floor":11},{"not_picked":["Dash","Blur"],"picked":"Caltrops","floor":11},{"not_picked":["Tactician","Heel Hook"],"picked":"Blade Dance","floor":13},{"not_picked":["PiercingWail","Outmaneuver"],"picked":"Dagger Spray","floor":14},{"not_picked":["Malaise","Corpse Explosion"],"picked":"Burst","floor":16},{"not_picked":["Dagger Throw","Slice"],"picked":"Outmaneuver","floor":18},{"not_picked":["Tactician","Backstab"],"picked":"Cloak And Dagger+1","floor":21},{"not_picked":["Expertise+1","Reflex","Dodge and Roll"],"picked":"SKIP","floor":22},{"not_picked":["Cloak And Dagger","Catalyst"],"picked":"Deflect","floor":24},{"not_picked":["Calculated Gamble","Finisher"],"picked":"Endless Agony+1","floor":28}],"player_experience":321156,"relics_obtained":[{"floor":6,"key":"Boot"},{"floor":9,"key":"Bag of Marbles"},{"floor":13,"key":"Matryoshka"},{"floor":26,"key":"MawBank"},{"floor":26,"key":"Omamori"}],"event_choices":[{"damage_healed":0,"gold_gain":0,"player_choice":"Rummage","damage_taken":0,"relics_obtained":["WarpedTongs"],"max_hp_gain":0,"max_hp_loss":0,"event_name":"Accursed Blacksmith","floor":19,"gold_loss":0,"cards_obtained":["Pain"]}],"is_beta":false,"boss_relics":[{"not_picked":["Astrolabe","Tiny House"],"picked":"Sozu"}],"items_purged_floors":[20],"is_endless":false,"potions_floor_spawned":[2,4,5,8,10,21,24,28],"killed_by":"Slavers","ascension_level":2}}