{"host":"Rich","time":1609558950,"event":{"mods":["AchievementEnabler","BaseMod","Highlight Path","Minty Spire (QoL Compilation)","Relic Stats"],"gold_per_floor":[112,112,112,123,139,172,187,187,187],"floor_reached":8,"playtime":389,"items_purged":[],"score":116,"play_id":"39573e2a-e956-4581-95c2-ae4b22844438","local_time":"20210101224230","is_ascension_mode":true,"campfire_choices":[],"circlet_count":0,"master_deck":["AscendersBane","Strike_P","Strike_P","Strike_P","Defend_P","Defend_P","Defend_P","Defend_P","Eruption+1","Vigilance","BowlingBash","MentalFortress","CutThroughFate","CutThroughFate","FearNoEvil"],"relics":["PureWater","Oddly Smooth Stone"],"acts_visited":["Exordium"],"potions_floor_usage":[4,7,8],"damage_taken":[{"damage":0,"enemies":"Small Slimes","floor":1,"turns":3},{"damage":0,"enemies":"Cultist","floor":4,"turns":2},{"damage":0,"enemies":"Jaw Worm","floor":5,"turns":3},{"damage":25,"enemies":"Lagavulin","floor":6,"turns":6},{"damage":0,"enemies":"Large Slime","floor":7,"turns":3},{"damage":24,"enemies":"3 Sentries","floor":8,"turns":6}],"seed_played":"4792180309719722202","potions_obtained":[{"floor":3,"key":"AttackPotion"},{"floor":3,"key":"Explosive Potion"},{"floor":5,"key":"Energy Potion"},{"floor":6,"key":"PowerPotion"}],"is_trial":false,"path_per_floor":["M","?","?","M","M","E","M","E"],"character_chosen":"WATCHER","items_purchased":[],"campfire_rested":0,"item_purchase_floors":[],"current_hp_per_floor":[61,54,54,54,54,29,29,5,5],"gold":187,"neow_bonus":"UPGRADE_CARD","is_daily":false,"chose_seed":false,"campfire_upgraded":0,"win_rate":0.0,"timestamp":1609558950,"path_taken":["M","?","?","?","M","E","M","E"],"items_purchased_type":[],"build_version":"2020-12-18","purchased_purges":0,"victory":false,"max_hp_per_floor":[68,68,68,68,68,68,68,68,68],"relic_stats":{"counters":[6,23],"obtain_stats":[{"Oddly Smooth Stone":6,"PureWater":0},{"Oddly Smooth Stone":4,"PureWater":0},{"Oddly Smooth Stone":14,"PureWater":0}]},"card_choices":[{"not_picked":["Crescendo","ReachHeaven"],"picked":"BowlingBash","floor":1},{"not_picked":["Prostrate","PathToVictory"],"picked":"MentalFortress","floor":4},{"not_picked":["Protect","WindmillStrike"],"picked":"CutThroughFate","floor":5},{"not_picked":["Nirvana","WheelKick"],"picked":"CutThroughFate","floor":6},{"not_picked":["ClearTheMind","CarveReality"],"picked":"FearNoEvil","floor":7}],"player_experience":1952067,"relics_obtained":[{"floor":6,"key":"Oddly Smooth Stone"}],"event_choices":[{"cards_removed":["Strike_P"],"damage_healed":0,"gold_gain":0,"player_choice":"Card Removal","damage_taken":7,"max_hp_gain":0,"max_hp_loss":0,"event_name":"Golden Wing","floor":2,"gold_loss":0},{"damage_healed":0,"gold_gain":0,"player_choice":"Got Potions","damage_taken":0,"max_hp_gain":0,"max_hp_loss":0,"event_name":"Lab","floor":3,"gold_loss":0}],"is_beta":true,"boss_relics":[],"items_purged_floors":[],"is_endless":false,"potions_floor_spawned":[5,6],"killed_by":"3 Sentries","ascension_level":20}}