{"host":"bg8va46pgqgvtzim","time":1609604234,"event":{"mods":["BaseMod","Minty Spire (QoL Compilation)","Quick Restart","StSLib","SuperFastMode"],"gold_per_floor":[109,109,128,144,154,154,181,191,191,221,241,254,254,286,286,381,381,392,166,166,166,184,217,217,251,251,251,261,261,287,151,151,254,254,264,99,109,109,158,189,189,223,223,256,268,268,303,253,253,253,253,253,50,83,83],"floor_reached":56,"playtime":1790,"items_purged":["Defend_P","Strike_P","Strike_P+1","Defend_P+1","FlyingSleeves"],"score":1784,"play_id":"c0f0e591-80e7-42fc-ac82-784f2e44bcbd","local_time":"20210103001714","is_ascension_mode":true,"campfire_choices":[{"data":"Eruption","floor":6.0,"key":"SMITH"},{"data":"Fasting2","floor":15.0,"key":"SMITH"},{"data":"Turbo","floor":24.0,"key":"SMITH"},{"floor":27.0,"key":"REST"},{"data":"Scrawl","floor":32.0,"key":"SMITH"},{"floor":41.0,"key":"REST"},{"data":"TalkToTheHand","floor":46.0,"key":"SMITH"},{"floor":49,"key":"RECALL"},{"data":"MentalFortress","floor":52,"key":"SMITH"}],"circlet_count":0,"master_deck":["Defend_P+1","Eruption+1","Vigilance","Crescendo","Scrawl+1","Panacea","DevaForm","Fasting2+1","Meditate+1","Indignation+1","LikeWater+1","DeusExMachina+1","Prostrate+1","Establishment+1","Fasting2","MentalFortress+1","Turbo+1","Burst","Body Slam+1","Adaptation","LessonLearned+1","Study","TalkToTheHand+1","Acrobatics+1","FlurryOfBlows","TalkToTheHand+1"],"relics":["Black Star","TeardropLocket","Toy Ornithopter","Mercury Hourglass","Juzu Bracelet","Pear","Vajra","Cursed Key","PrismaticShard","Art of War","Unceasing Top","Nunchaku","Mummified Hand","Oddly Smooth Stone","Philosopher\u0027s Stone","Prayer Wheel","Blood Vial","Toxic Egg 2","Shuriken","Lantern","Meat on the Bone","War Paint","Smiling Mask","Anchor","Bronze Scales","Bird Faced Urn"],"acts_visited":["Exordium","TheCity","TheBeyond","TheEnding"],"potions_floor_usage":[47,55,55],"damage_taken":[{"damage":0.0,"enemies":"Small Slimes","floor":1.0,"turns":3.0},{"damage":0.0,"enemies":"Cultist","floor":3.0,"turns":4.0},{"damage":0.0,"enemies":"Jaw Worm","floor":4.0,"turns":3.0},{"damage":4.0,"enemies":"3 Louse","floor":5.0,"turns":3.0},{"damage":32.0,"enemies":"3 Sentries","floor":7.0,"turns":7.0},{"damage":10.0,"enemies":"2 Fungi Beasts","floor":8.0,"turns":4.0},{"damage":10.0,"enemies":"Gremlin Nob","floor":10.0,"turns":3.0},{"damage":0.0,"enemies":"Blue Slaver","floor":11.0,"turns":3.0},{"damage":0.0,"enemies":"Looter","floor":12.0,"turns":2.0},{"damage":10.0,"enemies":"3 Sentries","floor":14.0,"turns":6.0},{"damage":14.0,"enemies":"The Guardian","floor":16.0,"turns":6.0},{"damage":0.0,"enemies":"Spheric Guardian","floor":18.0,"turns":3.0},{"damage":16.0,"enemies":"2 Thieves","floor":22.0,"turns":4.0},{"damage":16.0,"enemies":"Gremlin Leader","floor":23.0,"turns":7.0},{"damage":42.0,"enemies":"Slavers","floor":25.0,"turns":5.0},{"damage":0.0,"enemies":"Shelled Parasite and Fungi","floor":28.0,"turns":3.0},{"damage":16.0,"enemies":"Book of Stabbing","floor":30.0,"turns":5.0},{"damage":0.0,"enemies":"Collector","floor":33.0,"turns":4.0},{"damage":9.0,"enemies":"3 Darklings","floor":35.0,"turns":4.0},{"damage":18.0,"enemies":"3 Shapes","floor":37.0,"turns":4.0},{"damage":17.0,"enemies":"2 Orb Walkers","floor":39.0,"turns":4.0},{"damage":0.0,"enemies":"Giant Head","floor":40.0,"turns":5.0},{"damage":0.0,"enemies":"Nemesis","floor":42.0,"turns":5.0},{"damage":0.0,"enemies":"Giant Head","floor":44.0,"turns":3.0},{"damage":4.0,"enemies":"Spire Growth","floor":45.0,"turns":5.0},{"damage":3,"enemies":"Nemesis","floor":47,"turns":7},{"damage":0,"enemies":"Awakened One","floor":50,"turns":3},{"damage":0,"enemies":"Shield and Spear","floor":54,"turns":2},{"damage":0,"enemies":"The Heart","floor":55,"turns":4}],"seed_played":"-7692598560618373222","potions_obtained":[{"floor":1.0,"key":"GamblersBrew"},{"floor":5.0,"key":"Energy Potion"},{"floor":11.0,"key":"Explosive Potion"},{"floor":12.0,"key":"Weak Potion"},{"floor":14.0,"key":"FairyPotion"},{"floor":16.0,"key":"EssenceOfSteel"},{"floor":28.0,"key":"EssenceOfSteel"},{"floor":45.0,"key":"SpeedPotion"},{"floor":47,"key":"PowerPotion"}],"is_trial":false,"path_per_floor":["M","?","M","M","M","R","E","M","T","E","M","M","?","E","R","B",null,"M","$","?","?","M","E","R","E","T","R","M","?","E","$","R","B",null,"M","$","M","?","?","E","R","E","T","E","M","R","E","$","R","B",null,"R","$","E","B",null],"character_chosen":"WATCHER","items_purchased":["PrismaticShard","Adaptation","Study","Ancient Potion","StancePotion"],"campfire_rested":2,"item_purchase_floors":[19,31,36,53,53],"current_hp_per_floor":[72,72,72,72,68,68,36,26,26,16,16,16,16,21,21,7,82,82,82,82,82,71,60,60,18,18,42,42,42,26,26,26,26,82,73,73,55,55,43,43,67,69,69,71,69,69,73,73,73,75,82,82,82,82,82],"gold":83,"neow_bonus":"BOSS_RELIC","is_daily":false,"chose_seed":false,"campfire_upgraded":6,"win_rate":0.0,"timestamp":1609604234,"path_taken":["M","?","M","M","?","R","E","M","T","E","M","M","?","E","R","BOSS","M","$","?","?","M","E","R","E","T","R","M","?","E","$","R","BOSS","M","$","M","?","?","E","R","E","T","E","M","R","E","$","R","BOSS","R","$","E","BOSS"],"items_purchased_type":["Relic","Card","Card","Potion","Potion"],"build_version":"2020-12-22","purchased_purges":5,"victory":true,"max_hp_per_floor":[72,72,72,72,72,72,72,72,72,72,72,72,72,82,82,82,82,82,82,82,82,82,82,82,82,82,82,82,82,82,82,82,82,82,82,82,82,82,82,82,82,82,82,82,82,82,82,82,82,82,82,82,82,82,82],"card_choices":[{"not_picked":["Worship","Pray"],"picked":"Crescendo","floor":1.0},{"not_picked":["FollowUp","EmptyBody","JustLucky"],"picked":"SKIP","floor":3.0},{"not_picked":["SashWhip","Vengeance","PathToVictory"],"picked":"SKIP","floor":4.0},{"not_picked":["Swivel","Worship","Evaluate"],"picked":"SKIP","floor":5.0},{"not_picked":["SandsOfTime","CrushJoints"],"picked":"DevaForm","floor":7.0},{"not_picked":["FollowUp","JustLucky","EmptyBody"],"picked":"SKIP","floor":8.0},{"not_picked":["ClearTheMind","FollowUp"],"picked":"Fasting2","floor":10.0},{"not_picked":["CrushJoints","EmptyFist"],"picked":"Meditate","floor":11.0},{"not_picked":["SignatureMove","ReachHeaven"],"picked":"Indignation","floor":12.0},{"not_picked":["FlurryOfBlows","Consecrate"],"picked":"LikeWater","floor":14.0},{"not_picked":["SpiritShield","Alpha"],"picked":"DeusExMachina","floor":16.0},{"not_picked":["EmptyFist+1","Fasting2"],"picked":"Prostrate+1","floor":18.0},{"not_picked":["Poisoned Stab+1","JustLucky","Good Instincts"],"picked":"SKIP","floor":22.0},{"not_picked":["Rebound","Dagger Spray"],"picked":"Turbo","floor":23.0},{"not_picked":["Redo+1","Ghostly Armor"],"picked":"Burst","floor":25.0},{"not_picked":["Dramatic Entrance+1","Outmaneuver+1"],"picked":"Body Slam+1","floor":28.0},{"not_picked":["Malaise","Twin Strike+1","PiercingWail+1"],"picked":"SKIP","floor":30.0},{"not_picked":["A Thousand Cuts","Reaper"],"picked":"LessonLearned","floor":33.0},{"not_picked":["Flying Knee+1","Uppercut+1","Compile Driver+1"],"picked":"SKIP","floor":35.0},{"not_picked":["Dropkick+1","WreathOfFlame"],"picked":"TalkToTheHand","floor":37.0},{"not_picked":["Magnetism","Armaments+1","Sunder"],"picked":"SKIP","floor":40.0},{"not_picked":["Study+1","Ball Lightning+1"],"picked":"Acrobatics+1","floor":42.0},{"not_picked":["WaveOfTheHand+1","Scrape+1"],"picked":"FlurryOfBlows","floor":44.0},{"not_picked":["Headbutt","Predator"],"picked":"TalkToTheHand","floor":45.0},{"not_picked":["Heavy Blade+1","Uppercut+1","ForeignInfluence+1"],"picked":"SKIP","floor":45.0},{"not_picked":["Barrage","Redo+1","Beam Cell+1"],"picked":"SKIP","floor":47},{"not_picked":["Turbo+1","Grand Finale","WheelKick"],"picked":"SKIP","floor":54}],"player_experience":2225305,"relics_obtained":[{"floor":7.0,"key":"TeardropLocket"},{"floor":7.0,"key":"Toy Ornithopter"},{"floor":10.0,"key":"Mercury Hourglass"},{"floor":10.0,"key":"Juzu Bracelet"},{"floor":14.0,"key":"Pear"},{"floor":14.0,"key":"Vajra"},{"floor":23.0,"key":"Art of War"},{"floor":23.0,"key":"Unceasing Top"},{"floor":25.0,"key":"Nunchaku"},{"floor":25.0,"key":"Mummified Hand"},{"floor":30.0,"key":"Oddly Smooth Stone"},{"floor":39.0,"key":"Prayer Wheel"},{"floor":40.0,"key":"Blood Vial"},{"floor":40.0,"key":"Toxic Egg 2"},{"floor":42.0,"key":"Shuriken"},{"floor":42.0,"key":"Lantern"},{"floor":44.0,"key":"Meat on the Bone"},{"floor":44.0,"key":"War Paint"},{"floor":47,"key":"Smiling Mask"},{"floor":47,"key":"Anchor"},{"floor":54,"key":"Bronze Scales"},{"floor":54,"key":"Bird Faced Urn"}],"event_choices":[{"damage_healed":0.0,"max_hp_gain":0.0,"max_hp_loss":0.0,"gold_gain":0.0,"event_name":"Match and Keep!","player_choice":"3 cards matched","floor":2.0,"gold_loss":0.0,"damage_taken":0.0,"cards_obtained":["SandsOfTime","Scrawl","Panacea"]},{"damage_healed":0.0,"max_hp_gain":0.0,"max_hp_loss":0.0,"gold_gain":0.0,"cards_transformed":["Strike_P"],"event_name":"Transmorgrifier","player_choice":"Transformed","floor":13.0,"gold_loss":0.0,"damage_taken":0.0,"cards_obtained":["FlyingSleeves"]},{"damage_healed":0.0,"max_hp_gain":0.0,"max_hp_loss":0.0,"gold_gain":0.0,"cards_transformed":["Strike_P","Defend_P"],"event_name":"Drug Dealer","player_choice":"Became Test Subject","floor":20.0,"gold_loss":0.0,"damage_taken":0.0,"cards_obtained":["Establishment","Fasting2"]},{"damage_healed":0.0,"max_hp_gain":0.0,"max_hp_loss":0.0,"gold_gain":0.0,"event_name":"The Library","player_choice":"Read","floor":21.0,"gold_loss":0.0,"damage_taken":0.0,"cards_obtained":["MentalFortress"]},{"damage_healed":0.0,"max_hp_gain":0.0,"max_hp_loss":0.0,"gold_gain":0.0,"event_name":"Cursed Tome","player_choice":"Ignored","floor":29.0,"gold_loss":0.0,"damage_taken":0.0},{"cards_removed":["SandsOfTime"],"damage_healed":0.0,"max_hp_gain":0.0,"max_hp_loss":0.0,"gold_gain":0.0,"event_name":"Falling","player_choice":"Removed Attack","floor":38.0,"gold_loss":0.0,"damage_taken":0.0},{"damage_healed":0.0,"max_hp_gain":0.0,"max_hp_loss":0.0,"gold_gain":0.0,"event_name":"Mysterious Sphere","player_choice":"Fight","floor":39.0,"gold_loss":0.0,"damage_taken":0.0}],"is_beta":false,"boss_relics":[{"not_picked":["Runic Dome","Sozu"],"picked":"Cursed Key"},{"not_picked":["Busted Crown","Tiny House"],"picked":"Philosopher\u0027s Stone"}],"items_purged_floors":[19,31,36,48,53],"is_endless":false,"potions_floor_spawned":[1,5,11,12,14,16,28,45,47,54],"ascension_level":1}}