{"host":"ymw71f7rc9ndansy","time":1609584945,"event":{"mods":["ATMod(°¢èªMod)","Act Like it!","Aspiration","BaseMod","DeckTracker","Hubris","Library of Ruina","Library of Ruina Extra","Lobotomy","LobotomyExtend","Minty Spire (QoL Compilation)","MostiFishMod","Remove Card Discount Mod","Replay The Spire","StSLib","TestMod","¡¾ÒÅÎï¿¨ÅÆ¡¿REMEMod","Ä§½ä"],"gold_per_floor":[110,125,115,135,135,162,162,196,196,230,245,245,245,273,273,348,398,417,386,397,103,123,123,152,152,197,197,227,241,14,27,27,105,105,121,139,155,172,188,213,213,227,227,260,260,252,264,246,246,271,321,321,321,321,307,337,337],"floor_reached":58,"playtime":1963,"items_purged":["LightAttack","LightAttack","LightAttack","Dodge","FocusedStrikes","LightDefense","LightDefense","Injury","ChargeAndCover","LightDefense","LightDefense+1","WillOfThePrescript+1","StructuralAnalysis+1","ViolentFlame","Creak+1","SpearedSweep","MultiBlock+1","Cruelty","SharpenedBlade","InnerArdor+1","SmokingPipe+1","FleetEdge","UnavoidableGaze+1","Leap_lor+1","SharpenedBlade+1","MostiFishMod:OneDayCity+1","DarkCloud+1","Parry","Creak+1","LeRegole+1","StayCalm+1","CookingPrep+1","SilentMist","Thrust","testmod-Arrangement","REME_FirmDetermination","SinglePointStab"],"score":3703,"play_id":"af1d245c-0879-4dcf-a61c-fb9013e3316a","local_time":"20210102185545","is_ascension_mode":true,"campfire_choices":[{"data":"Reload","floor":7.0,"key":"SMITH"},{"data":"AT_RealColorLess","floor":12,"key":"SMITH"},{"data":"Transpierce","floor":15,"key":"SMITH"},{"floor":23,"key":"RECALL"},{"data":"testmod-PowerStrike+10","floor":27,"key":"SMITH"},{"data":"testmod-PowerStrike+11","floor":32,"key":"SMITH"},{"data":"testmod-PowerStrike+12","floor":41,"key":"SMITH"},{"data":"testmod-PowerStrike+21","floor":49,"key":"SMITH"},{"data":"testmod-PowerStrike+22","floor":54,"key":"SMITH"}],"circlet_count":0,"master_deck":["AscendersBane","CleanUp+1","AT_RealColorLess+1","testmod-PowerStrike+30","Transpierce+1","Reload+1","EnergyConversion+1","Rewind+1","Rewind+1","AbsorbImpact+1","Rewind+1","EnergyCycle+1","EnergyShield+1","Leap_lor+1","ChargeUp+1","Rewind+1","CleanUp+1","FrontalAssault+1","MostiFishMod:StoryBook+1","Faith+1","MostiFishMod:ButterFly+1","FrontalAssault+1"],"relics":["PageOfLibrarian","testmod-TestBox","DaveBox","REME_ComplimentaryCards","AT_ATBox","xbg","testmod-Fanaticism","SynthV:TestCard","hubris:Icosahedron","ReplayFunnel","hubris:DeckOfHolding","AT_SilvercatRing","PageOfSpiderBud","Toxic Egg 2","hubris:CrystalStatue","Tiny House","DiscerningMonocle","Prayer Wheel","PageOfForsakenMurderer","AT_RabadonDeathcap","Oddly Smooth Stone","testmod-IndustrialRevolution","AT_MibuBalloonWealth","SynthV:C4","HandDrill","ReplayTheSpireMod:Ninjato","Replay:Rubber Ducky","aspiration:Nostalgia","RingOfDestiny:Flintlock","Strawberry"],"acts_visited":["Exordium","TheCity","TheBeyond","TheEnding"],"potions_floor_usage":[42,57,57,57],"damage_taken":[{"damage":6.0,"enemies":"2 Louse","floor":1.0,"turns":2.0},{"damage":17.0,"enemies":"Jaw Worm","floor":2.0,"turns":2.0},{"damage":0.0,"enemies":"Cultist","floor":4.0,"turns":2.0},{"damage":13.0,"enemies":"3 Sentries","floor":6.0,"turns":3.0},{"damage":0.0,"enemies":"Lagavulin","floor":8.0,"turns":2.0},{"damage":13,"enemies":"3 Sentries","floor":10,"turns":5},{"damage":22,"enemies":"Exordium Wildlife","floor":11,"turns":2},{"damage":0,"enemies":"Replay:BlueRogue","floor":14,"turns":2},{"damage":0,"enemies":"The Guardian","floor":16,"turns":1},{"damage":14,"enemies":"2 Thieves","floor":18,"turns":3},{"damage":0,"enemies":"Spheric Guardian","floor":19,"turns":1},{"damage":0,"enemies":"Snecko","floor":20,"turns":2},{"damage":0,"enemies":"Centurion and Healer","floor":22,"turns":1},{"damage":0,"enemies":"Gremlin Leader","floor":24,"turns":2},{"damage":0,"enemies":"Slavers","floor":28,"turns":3},{"damage":0,"enemies":"3 Cultists","floor":29,"turns":2},{"damage":0,"enemies":"Snecko","floor":31,"turns":2},{"damage":0,"enemies":"KingOfGreed","floor":33,"turns":2},{"damage":26,"enemies":"3 Darklings","floor":35,"turns":2},{"damage":0,"enemies":"Orb Walker","floor":36,"turns":1},{"damage":4,"enemies":"Transient","floor":37,"turns":3},{"damage":0,"enemies":"Spire Growth","floor":38,"turns":2},{"damage":0,"enemies":"Maw","floor":39,"turns":1},{"damage":0,"enemies":"Giant Head","floor":40,"turns":1},{"damage":0,"enemies":"Transient","floor":42,"turns":1},{"damage":0,"enemies":"R_Hoarder","floor":44,"turns":3},{"damage":6,"enemies":"3 Darklings","floor":47,"turns":1},{"damage":62,"enemies":"Time Eater","floor":50,"turns":2},{"damage":0,"enemies":"Donu and Deca","floor":51,"turns":1},{"damage":0,"enemies":"Shield and Spear","floor":56,"turns":1},{"damage":44,"enemies":"The Heart","floor":57,"turns":2}],"seed_played":"309668389859706869","potions_obtained":[{"floor":1.0,"key":"LifebloodPotion"},{"floor":2.0,"key":"SkillPotion"},{"floor":14,"key":"SteroidPotion"},{"floor":44,"key":"EntropicBrew"}],"is_trial":false,"path_per_floor":["M","M","$","M","?","E","R","E","T","E","M","R","?","E","R","B",null,"M","M","M","$","M","R","E","?","T","R","E","M","$","M","R","B",null,"M","M","M","M","M","E","R","M","T","E","?","$","M","$","R","B","B",null,null,"R","$","E","B",null],"character_chosen":"Librarian","items_purchased":["EnergyCycle","SpearedSweep","Creak+1","StructuralAnalysis+1","ViolentFlame","ChargeUp","MultiBlock+1","MostiFishMod:StoryBook+1","Oddly Smooth Stone","testmod-IndustrialRevolution","Leap_lor","Cruelty","SmokingPipe+1","InnerArdor+1","SharpenedBlade","AT_MibuBalloonWealth","SynthV:C4","HandDrill","FleetEdge","Parry","Creak+1","UnavoidableGaze+1","DarkCloud+1","MostiFishMod:OneDayCity+1","MostiFishMod:ButterFly","ReplayTheSpireMod:Ninjato","Replay:Rubber Ducky","aspiration:Nostalgia","SinglePointStab","REME_FirmDetermination","testmod-Arrangement","Thrust","StayCalm+1","CookingPrep+1","SilentMist"],"campfire_rested":0,"item_purchase_floors":[21,21,21,21,21,30,30,46,46,46,46,46,46,46,46,48,48,48,48,48,48,48,48,48,48,55,55,55,55,55,55,55,55,55,55],"current_hp_per_floor":[50,40,40,40,40,42,42,42,42,31,35,35,35,35,35,84,89,89,89,89,89,89,89,89,99,99,99,99,99,99,99,99,99,99,74,74,76,76,76,76,76,76,76,76,76,76,73,73,73,98,99,99,99,99,99,106,97],"gold":337,"neow_bonus":"ONE_RANDOM_RARE_CARD","is_daily":false,"chose_seed":false,"campfire_upgraded":8,"win_rate":0.0,"timestamp":1609584945,"path_taken":["M","M","$","M","?","E","R","E","T","E","M","R","?","E","R","BOSS","M","M","M","$","M","R","E","?","T","R","E","M","$","M","R","BOSS","M","M","M","?","M","E","R","M","T","E","?","$","?","$","R","BOSS","BOSS","R","$","E","BOSS"],"items_purchased_type":["Card","Card","Card","Card","Card","Card","Card","Card","Relic","Relic","Card","Card","Card","Card","Card","Relic","Relic","Relic","Card","Card","Card","Card","Card","Card","Card","Relic","Relic","Relic","Card","Card","Card","Card","Card","Card","Card"],"build_version":"2020-12-22","purchased_purges":37,"victory":true,"max_hp_per_floor":[60,84,84,84,84,84,84,84,84,84,84,84,84,84,84,84,89,89,89,89,89,89,89,89,99,99,99,99,99,99,99,99,99,99,99,99,99,99,99,99,99,99,99,99,99,99,99,99,99,99,99,99,99,99,99,106,106],"card_choices":[{"not_picked":["EndlessBattle","ClassAndRespect","QuickAttack","HandleRequest","Leap_lor","SinglePointStab","SunsetBlade","SmokingPipe"],"picked":"Reload","floor":1.0},{"not_picked":["LossOfSenses","Diversion","HiddenBlade","Guardian_lor","MultiHit","Reload","Faith","ClassAndRespect","UpbeatPerformance","FierceCharge","Thrust"],"picked":"SKIP","floor":2.0},{"not_picked":["HandleRequest","Leap_lor","SearingSword","GuidanceOfTheGears","HiddenBlade","HandlingWork","QuickAttack","Multislash","UnavoidableGaze","SilentNight"],"picked":"EnergyConversion","floor":4.0},{"not_picked":["UpbeatPerformance","DarkCloud","PreemptiveStrike","Ripple","AsThePrescriptOrders","SparkingSpear","BayonetCombat","TrimTheIngredients","SharpSwipe","Cruelty","ChopItOff"],"picked":"SKIP","floor":6.0},{"not_picked":["SturdyDefense","Diversion","FierceOnslaught","HeavyPeaks","AutonomousRush","AsThePrescriptOrders","Crush","Decapitation","HiddenBlade","DestructiveImpact","GuidanceOfTheGears"],"picked":"SKIP","floor":8.0},{"not_picked":["WillOfThePrescript","SetFire","Pound","CleanUp","Diversion","IngredientHunt","SomberProcuration","CumulusWall","BindingChains","MultiBlock"],"picked":"Rewind","floor":10},{"not_picked":["MultiBlock","CrackOfDawn","Parry","SmokingPipe","Multislash","ForTheFamily","FleetEdge","TheRedNotes","StructuralAnalysis","FierceCharge","Rewind"],"picked":"SKIP","floor":11},{"not_picked":["QuickAttack","GuidanceOfTheGears+1","Eject","Decapitation","Thrust","SmokingPipe+1","FleetEdge","ShrineToMusic","ClassAndRespect","BizarreAttack"],"picked":"WillOfThePrescript+1","floor":14},{"not_picked":["GoinFirst","SilentNight","FlamingDragonFist","TieShanKao"],"picked":"LeRegole+1","floor":16},{"not_picked":["Gamble","DarkCloud","RushDown","UnavoidableGaze+1","WillOfThePrescript+1","Collision","TendonChords","SpearedSweep","Leap_lor","ClassAndRespect"],"picked":"Rewind+1","floor":17},{"not_picked":["DesperateStruggle","SharpSwipe","MultiBlock+1","Rewind+1","FleetFootsteps+1","Outburst","ForcefulGesture","ClassAndRespect","FleetEdge","ShockRound"],"picked":"AbsorbImpact+1","floor":18},{"not_picked":["Retaliate","BiteOff","HiddenBlade","Multislash","GuidanceOfTheGears+1","SmokingPipe+1","FleetEdge","Fence+1","Decapitation","Struggle+1"],"picked":"Rewind+1","floor":19},{"not_picked":["StructuralAnalysis+1","Diversion+1","ForcefulGesture","SinglePointStab","UpbeatPerformance","HandleRequest","CookingPrep+1","BackAttack+1","SharpSwipe","CutIn","TrimTheIngredients"],"picked":"SKIP","floor":20},{"not_picked":["UpbeatPerformance","Pound","CircusKnives","Outburst","LossOfSenses","EndlessBattle+1","Multislash","NightInTheBackstreets","StructuralAnalysis+1","TendonChords"],"picked":"EnergyShield+1","floor":22},{"not_picked":["Thrust","SharpSwipe","Rewind+1","FeelinGood+1","CrackOfDawn","FrontalAssault+1","HighKick","ToWhereThePrescriptPoints+1","GoinFirst","FlashOfSunup"],"picked":"UnforgettableMelody","floor":24},{"not_picked":["CumulusWall+1","EndlessBattle","Thrust","Faith+1","GuidanceOfTheGears+1","HighKick","DesperateStruggle","LossOfSenses","FlashOfSunup+1","BladeWhirl","SinglePointStab"],"picked":"SKIP","floor":28},{"not_picked":["SuppressingShot+1","MindPrepared","WillBeTasty+1","Quickness+1","Riposte","HiddenBlade","Mutilate","FervidEmotions+1","AutonomousRush","GuardingStance+1"],"picked":"Leap_lor","floor":29},{"not_picked":["SomberProcuration+1","FleetFootsteps+1","Crush+1","Thrust","Cruelty","Pound","BackstreetsDash","Quickness+1","HiddenBlade","AlloutWar+1"],"picked":"Rewind+1","floor":31},{"not_picked":["EnergyConversion","DarkCloud","SmokingPipe+1","WillProduceFineSilk+1","GuidanceOfTheGears+1","SinglePointStab","DeepDrag","HiddenBlade","InhaleSmoke+1","KeepItFresh+1","ShockRound"],"picked":"SKIP","floor":35},{"not_picked":["Marionette+1","DimensionalRift","FleetEdge","FleshFillet","GuardingStance+1","NightInTheBackstreets+1","UpbeatPerformance","TheArtOfRapidSteps+1","PuppetBlockade+1","AsThePrescriptOrders+1","Tttonst+1"],"picked":"SKIP","floor":40},{"not_picked":["HighKick","DesperateStruggle","AssaultOrder+1","Quickness+1","TheArtOfRapidSteps+1","FrontalAssault+1","Pound","TendonChords","Struggle+1","BizarreAttack"],"picked":"CleanUp","floor":42},{"not_picked":["MultiBlock+1","SharpenedBlade","Diversion","FleetFootsteps+1","SteelKnuckles+1","HandleRequest","DefenseOrder+1","DesperateStruggle","UnavoidableGaze+1","GuidanceOfTheGears+1"],"picked":"FrontalAssault+1","floor":42},{"not_picked":["Thrust","Outburst","Diversion+1","DefenseOrder+1","NightInTheBackstreets","Collision","SharpenedBlade","SunsetBlade","UpbeatPerformance+1","GuidanceOfTheGears+1","EnergyCycle+1"],"picked":"SKIP","floor":44},{"not_picked":["IronWall+1","SmokingPipe+1","BackAttack+1","SkyClearingCut","Slice_lor+1","SuppressingShot+1","Eradication","Outburst","HighKick+1","Overcharge+1"],"picked":"SharpenedBlade+1","floor":47},{"not_picked":["Leap_lor+1","Unlock1","ClassAndRespect","FrontalAssault+1","EndlessBattle","ExtremeEdge","FervidEmotions+1","BackAttack+1","FlamingDragonFist","LoosenUp"],"picked":"Faith+1","floor":47},{"not_picked":["ShockingBlow","ButterflySlash","TasteMyFlamingBat","CombatPreparation+1","BurningFlash","Outburst+1","MultiHit","FleetFootsteps+1","Pound","WillProduceFineSilk+1"],"picked":"FrontalAssault+1","floor":56}],"player_experience":1067356,"relics_obtained":[{"floor":1.0,"key":"SynthV:TestCard"},{"floor":6.0,"key":"ReplayFunnel"},{"floor":8.0,"key":"hubris:DeckOfHolding"},{"floor":9.0,"key":"AT_SilvercatRing"},{"floor":10,"key":"PageOfSpiderBud"},{"floor":14,"key":"hubris:CrystalStatue"},{"floor":40,"key":"Prayer Wheel"},{"floor":43,"key":"PageOfForsakenMurderer"},{"floor":44,"key":"AT_RabadonDeathcap"},{"floor":56,"key":"Strawberry"}],"event_choices":[{"cards_removed":["UnforgettableMelody"],"damage_healed":0,"gold_gain":0,"player_choice":"Offered Rare","damage_taken":0,"max_hp_gain":10,"max_hp_loss":0,"event_name":"Bonfire Elementals","floor":25,"gold_loss":0},{"damage_healed":0,"gold_gain":0,"player_choice":"Got Potions","damage_taken":0,"max_hp_gain":0,"max_hp_loss":0,"event_name":"Lab","floor":45,"gold_loss":0}],"is_beta":false,"boss_relics":[{"not_picked":["Ectoplasm","REME_DuelDisc"],"picked":"Tiny House"},{"not_picked":["GreenFoldingFan","GuanYuAspect"],"picked":"DiscerningMonocle"}],"items_purged_floors":[3,3,3,3,3,21,21,21,21,21,21,21,21,21,21,21,30,46,46,46,46,48,48,48,48,48,48,48,48,48,55,55,55,55,55,55,55],"is_endless":false,"potions_floor_spawned":[1,2,14,16,28,31,33,39,44,47],"ascension_level":20}}