{"host":"n2cffu8lp3cvc20r","time":1609629964,"event":{"mods":["Aspiration","BaseMod","Colored Map","Colored Powertips","DeckTracker","Highlight Path","Hubris","Infinite Spire","Minty Spire (QoL Compilation)","Quick Restart","Random Character Button","Relic Sorter","Replay The Spire","StSLib","SuperFastMode","Synergy Search","The Cursed","The Disciple","The Jungle","The Runesmith"],"gold_per_floor":[114,114,114,114,134,144,157,186,186,186,186,186,186,204,204,154,154,256,356,368,368,388,388,388],"floor_reached":23,"playtime":2180,"items_purged":[],"score":189,"play_id":"9de46cf3-9ca9-4053-b4ac-483c57385e5b","local_time":"20210102232604","is_ascension_mode":false,"campfire_choices":[{"data":"Runesmith:RunicBlueprint","floor":10,"key":"SMITH"},{"floor":15,"key":"RECALL"},{"floor":17,"key":"REST"}],"circlet_count":0,"master_deck":["Runesmith:Strike_RS","Runesmith:Strike_RS","Runesmith:Strike_RS","Runesmith:Strike_RS","Runesmith:Defend_RS","Runesmith:Defend_RS","Runesmith:Defend_RS","Runesmith:Fortify","Runesmith:RunicBlueprint+1","Runesmith:EnergizedChisel","Runesmith:ArcReactor","Runesmith:UnstableHammer","Runesmith:LithiumIon","ReplayTheSpireMod:Armaments MK-II-B+1","Runesmith:Firewall","Runesmith:UnlimitedPower","Runesmith:Refine","Runesmith:HeatExchange"],"relics":["aspiration:StickyExplosives_weak","infinitespire:Beetle Shell","m_RuneBlood","Replay:Wanted Poster"],"acts_visited":["Exordium","TheCity"],"potions_floor_usage":[14,18,23],"damage_taken":[{"damage":2,"enemies":"Jaw Worm","floor":1,"turns":4},{"damage":0,"enemies":"2 Louse","floor":5,"turns":3},{"damage":1,"enemies":"Small Slimes","floor":6,"turns":4},{"damage":13,"enemies":"2 Fungi Beasts","floor":7,"turns":6},{"damage":9,"enemies":"Lagavulin","floor":8,"turns":9},{"damage":23,"enemies":"Exordium Thugs","floor":14,"turns":5},{"damage":24,"enemies":"The Guardian","floor":18,"turns":13},{"damage":25,"enemies":"2 Thieves","floor":20,"turns":5},{"damage":17,"enemies":"Chosen","floor":22,"turns":6},{"damage":29,"enemies":"Snake Plant","floor":23,"turns":4}],"seed_played":"-6814713934712607106","potions_obtained":[{"floor":6,"key":"SteroidPotion"},{"floor":14,"key":"SkillPotion"},{"floor":18,"key":"Cursed Concoction"},{"floor":22,"key":"Elixir"}],"is_trial":false,"path_per_floor":["M","?","PTL","PTL","M","M","M","E","?","R","T","T","?","M","R","?","R","B",null,"M","?","M","M"],"character_chosen":"RUNESMITH_CLASS","items_purchased":[],"campfire_rested":1,"item_purchase_floors":[],"current_hp_per_floor":[75,75,75,75,75,74,61,52,52,52,52,52,52,32,32,32,55,34,77,55,41,27,0,0],"gold":388,"neow_bonus":"TEN_PERCENT_HP_BONUS","is_daily":false,"chose_seed":false,"campfire_upgraded":1,"win_rate":0.0,"timestamp":1609629964,"path_taken":["M","?","PTL","PTL","M","M","M","E","?","R","T","?","?","M","R","?","R","BOSS","M","?","M","M"],"items_purchased_type":[],"build_version":"2020-12-22","purchased_purges":0,"victory":false,"max_hp_per_floor":[77,77,77,77,77,77,77,77,77,77,77,77,77,77,77,77,77,77,77,77,82,82,82,82],"card_choices":[{"not_picked":["Runesmith:BackupBattery","Runesmith:RuneHurl"],"picked":"Runesmith:RunicBlueprint","floor":1},{"not_picked":["Runesmith:CraftObretio","Runesmith:Prism"],"picked":"Runesmith:EnergizedChisel","floor":5},{"not_picked":["Runesmith:Malloc","Runesmith:Accelerate"],"picked":"Runesmith:ArcReactor","floor":6},{"not_picked":["Runesmith:HeatExchange","Runesmith:PerfectChisel"],"picked":"Runesmith:UnstableHammer","floor":7},{"not_picked":["Runesmith:HammerThrow","Runesmith:UnstableHammer"],"picked":"Runesmith:LithiumIon","floor":8},{"not_picked":["Runesmith:MakeshiftArmor","Runesmith:Terraform"],"picked":"Runesmith:Firewall","floor":14},{"not_picked":["Runesmith:CraftPrismatica","Runesmith:MetallurgicalResearch"],"picked":"Runesmith:UnlimitedPower","floor":18},{"not_picked":["Runesmith:CraftObretio+1","Runesmith:Firewall"],"picked":"Runesmith:Refine","floor":20},{"not_picked":["Runesmith:NegativeSpace","Runesmith:EnergizedChisel"],"picked":"Runesmith:HeatExchange","floor":22}],"player_experience":287644,"relics_obtained":[{"floor":8,"key":"aspiration:StickyExplosives_weak"},{"floor":12,"key":"infinitespire:Beetle Shell"}],"event_choices":[{"damage_healed":0,"gold_gain":0,"player_choice":"Ignored","damage_taken":0,"max_hp_gain":0,"max_hp_loss":0,"event_name":"Golden Idol","floor":9,"gold_loss":0},{"cards_removed":["Runesmith:Defend_RS"],"damage_healed":0,"gold_gain":0,"player_choice":"Card Removal","damage_taken":0,"max_hp_gain":0,"max_hp_loss":0,"event_name":"The Cleric","floor":16,"gold_loss":50},{"damage_healed":0,"gold_gain":0,"player_choice":"Shed Blood","damage_taken":19,"max_hp_gain":5,"max_hp_loss":0,"event_name":"Forgotten Altar","floor":21,"gold_loss":0}],"is_beta":false,"boss_relics":[{"not_picked":["Ectoplasm","hubris:VirtuousBlindfold"],"picked":"Replay:Wanted Poster"}],"items_purged_floors":[],"is_endless":false,"potions_floor_spawned":[6,14,18,22],"killed_by":"Snake Plant","ascension_level":0}}