{"host":"y3ukzuzbm6pszj00","time":1609553263,"event":{"mods":["A Magickal Journey","Astrologer","Bard","BaseMod","Downfall","Hubris","Minty Spire (QoL Compilation)","Quick Restart","Replay The Spire","Robot Space Explorer","StSLib","The Bug Knight","The Construct","The Cursed","The Disciple","The Factory","The Hayseed","The Hierophant","The Jungle","The Marked","The Necromancer","The Poker Player","The Problem Sleuth","The Runesmith"],"gold_per_floor":[111,128,141,158,158,158,158,184,207,225,225,225,300,312,312,312,312],"floor_reached":16,"playtime":642,"items_purged":["Hallucinations"],"score":102,"play_id":"7eabc76c-b0f9-4b9e-9615-d374dcddd48e","local_time":"20210101200743","is_ascension_mode":false,"campfire_choices":[{"data":"construct:Autoturret","floor":6,"key":"SMITH"}],"circlet_count":0,"master_deck":["construct:Strike_Gold","construct:Strike_Gold","construct:Strike_Gold","construct:Strike_Gold","construct:Strike_Gold","construct:Defend_Gold","construct:Defend_Gold","construct:Defend_Gold","construct:Defend_Gold","construct:Defend_Gold","construct:AttackMode","construct:DefenseMode","construct:SweepLaser","construct:Zapper","construct:SuppressiveFire","construct:Autoturret+1","construct:ModeShift+1","construct:ChargeShot"],"relics":["construct:Cogwheel","NeowsBlessing","construct:BoolHorns","Replay:Rubber Ducky","hubris:Icosahedron","ReplayTheSpireMod:CursedCoin"],"acts_visited":["Exordium"],"potions_floor_usage":[],"damage_taken":[{"damage":0,"enemies":"Jaw Worm","floor":1,"turns":1},{"damage":0,"enemies":"Small Slimes","floor":2,"turns":1},{"damage":0,"enemies":"Cultist","floor":3,"turns":1},{"damage":13,"enemies":"Red Slaver","floor":4,"turns":6},{"damage":44,"enemies":"Lagavulin","floor":8,"turns":6},{"damage":2,"enemies":"Blue Slaver","floor":10,"turns":5},{"damage":0,"enemies":"Exordium Wildlife","floor":14,"turns":1},{"damage":40,"enemies":"Fading Forest","floor":16,"turns":7}],"seed_played":"417379488676121810","potions_obtained":[{"floor":8,"key":"GamblersBrew"},{"floor":10,"key":"champ:CounterPotion"},{"floor":14,"key":"Weak Potion"}],"is_trial":false,"path_per_floor":["M","M","M","M","?","R","$","E","T","M","?","?","$","M","R","B"],"character_chosen":"THE_CONSTRUCT_MOD","items_purchased":["ReplayTheSpireMod:CursedCoin"],"campfire_rested":0,"item_purchase_floors":[13],"current_hp_per_floor":[85,85,85,72,72,72,72,28,28,26,26,26,26,26,26,0,0],"gold":312,"neow_bonus":"THREE_ENEMY_KILL","is_daily":false,"chose_seed":false,"campfire_upgraded":1,"win_rate":0.0,"timestamp":1609553263,"path_taken":["M","M","M","M","?","R","$","E","T","M","?","?","$","M","R","BOSS"],"items_purchased_type":["Relic"],"build_version":"2020-12-22","purchased_purges":1,"victory":false,"max_hp_per_floor":[85,85,85,85,85,85,85,85,85,85,85,85,85,85,85,85,85],"card_choices":[{"not_picked":["construct:HeavyBolt","construct:SaveState"],"picked":"construct:SweepLaser","floor":1},{"not_picked":["construct:MetalShell","construct:FierceBash"],"picked":"construct:Zapper","floor":2},{"not_picked":["construct:PowerUp","construct:FlakBarrage"],"picked":"construct:SuppressiveFire","floor":3},{"not_picked":["construct:UnbalancingBlast","construct:Backfire"],"picked":"construct:Autoturret","floor":4},{"not_picked":["construct:FierceBash","construct:FocusedBeam"],"picked":"construct:ModeShift","floor":8},{"not_picked":["construct:OneWayMirror","construct:Forcefield"],"picked":"construct:ChargeShot","floor":10},{"not_picked":["construct:Anticipate","construct:Backfire","construct:SweepLaser"],"picked":"SKIP","floor":14}],"player_experience":309138,"relics_obtained":[{"floor":8,"key":"construct:BoolHorns"},{"floor":9,"key":"Replay:Rubber Ducky"}],"event_choices":[{"damage_healed":0,"gold_gain":0,"player_choice":"Ignored","damage_taken":0,"max_hp_gain":0,"max_hp_loss":0,"event_name":"Golden Wing","floor":5,"gold_loss":0},{"damage_healed":0,"gold_gain":0,"player_choice":"Ignored","damage_taken":0,"max_hp_gain":0,"max_hp_loss":0,"event_name":"Golden Idol","floor":12,"gold_loss":0},{"damage_healed":0,"gold_gain":0,"player_choice":"Grow","damage_taken":0,"max_hp_gain":0,"max_hp_loss":0,"event_name":"Living Wall","floor":15,"gold_loss":0,"cards_upgraded":["construct:ModeShift"]}],"is_beta":false,"boss_relics":[],"items_purged_floors":[13],"is_endless":false,"potions_floor_spawned":[8,10,14],"killed_by":"Fading Forest","ascension_level":0}}