{"host":"zzf13dk0jcen0ncv","time":1609569279,"event":{"mods":["AchievementEnabler","BaseMod","BetterRewards","Colored Map","Keyboard Shortcuts","Minty Spire (QoL Compilation)","Quick Restart","Shop Mod","StSLib","SuperFastMode","The Dragon Tamer","Waifu the Spire"],"gold_per_floor":[113,113,126,140,140,140,168,186,186,186,186,200,264,16,16,115,115,128,155,174,174,12,12,31,50,50,50,83,96,107,140,140,239,239,256,272,494,494,201,201,227,238,264,264,298,186,186,211,211,211,211,211,9,34,34],"floor_reached":56,"playtime":1567,"items_purged":[],"score":2241,"play_id":"b2b238dc-be9c-4056-a59c-fbe2115f90fb","local_time":"20210102153439","is_ascension_mode":true,"metric_token":799,"campfire_choices":[{"data":"Apotheosis","floor":6,"key":"SMITH"},{"data":"1","floor":11,"key":"LIFT"},{"data":"2","floor":15,"key":"LIFT"},{"data":"3","floor":23,"key":"LIFT"},{"floor":27,"key":"RECALL"},{"floor":32,"key":"REST"},{"floor":40,"key":"REST"},{"floor":47,"key":"REST"},{"floor":49,"key":"REST"},{"floor":52,"key":"REST"}],"dtmod_dragon_data":[1,50,2,2,4,7],"circlet_count":0,"master_deck":["DTMod:DoubleHit","DTMod:TargetDefense","DTMod:TargetDefense+1","DTMod:TargetDefense","DTMod:TargetDefense","DTMod:SwitchingTactic","DTMod:BurningEnergy","DTMod:RecklessFlurry","Trip","Apotheosis+1","DTMod:DragonDance+1","DTMod:CalculatedDefense","DTMod:GhostSkin","DTMod:ExcessFootwork","DTMod:StarRain","DTMod:BlueScale","DTMod:Conduct","DTMod:DragonDance","DTMod:ShadowImage","DTMod:DragonDance","DTMod:ForkedFire+1","Necronomicurse","DTMod:Coolant","DTMod:MagiciansMark","DTMod:BlueScale","DTMod:BlueScale+1","DTMod:TriAttack","DTMod:Safeguard","DTMod:ExcessFootwork+1","DTMod:TriAttack+1","DTMod:PurifyingFlame+1","DTMod:CrossStep","Blind","DTMod:CalculatedDefense","DTMod:BurningEnergy","DTMod:DarkBreath","DTMod:WarmUp+1","DTMod:BurningEnergy+1","DTMod:LastStand+1","DTMod:CrossStep","DTMod:GearUp","Master of Strategy","DTMod:RunningTactic","DTMod:InvisibleFlame","DTMod:BizarreTactic","DTMod:Observe"],"relics":["DTMod:PactStone","DTMod:TacticalNote","TungstenRod","DTMod:SwitchButton","Torii","Chemical X","Bird Faced Urn","Girya","DTMod:AncientBone","InkBottle","Mummified Hand","Fusion Hammer","Red Mask","Necronomicon","Membership Card","Calipers","Lizard Tail","DTMod:SolidMemories","Astrolabe","Question Card","Anchor","Letter Opener","Sundial","Sling","Dream Catcher","Mango"],"acts_visited":["Exordium","TheCity","TheBeyond","TheEnding"],"potions_floor_usage":[55],"damage_taken":[{"damage":0,"enemies":"Jaw Worm","floor":1,"turns":4},{"damage":0,"enemies":"Small Slimes","floor":3,"turns":3},{"damage":0,"enemies":"2 Louse","floor":4,"turns":2},{"damage":33,"enemies":"Lagavulin","floor":7,"turns":5},{"damage":0,"enemies":"Blue Slaver","floor":8,"turns":2},{"damage":0,"enemies":"Exordium Wildlife","floor":12,"turns":1},{"damage":0,"enemies":"Lagavulin Event","floor":13,"turns":3},{"damage":12,"enemies":"The Guardian","floor":16,"turns":7},{"damage":0,"enemies":"Shell Parasite","floor":18,"turns":4},{"damage":0,"enemies":"Masked Bandits","floor":19,"turns":1},{"damage":0,"enemies":"Spheric Guardian","floor":20,"turns":3},{"damage":0,"enemies":"3 Cultists","floor":24,"turns":3},{"damage":0,"enemies":"Chosen and Byrds","floor":25,"turns":2},{"damage":0,"enemies":"Gremlin Leader","floor":28,"turns":2},{"damage":0,"enemies":"Shelled Parasite and Fungi","floor":29,"turns":2},{"damage":0,"enemies":"Centurion and Healer","floor":30,"turns":4},{"damage":0,"enemies":"Slavers","floor":31,"turns":3},{"damage":0,"enemies":"Collector","floor":33,"turns":3},{"damage":0,"enemies":"3 Darklings","floor":35,"turns":1},{"damage":0,"enemies":"Orb Walker","floor":36,"turns":2},{"damage":0,"enemies":"Reptomancer","floor":41,"turns":2},{"damage":0,"enemies":"4 Shapes","floor":42,"turns":2},{"damage":0,"enemies":"Nemesis","floor":45,"turns":5},{"damage":0,"enemies":"Giant Head","floor":48,"turns":3},{"damage":0,"enemies":"Awakened One","floor":50,"turns":6},{"damage":0,"enemies":"Shield and Spear","floor":54,"turns":2},{"damage":98,"enemies":"The Heart","floor":55,"turns":10}],"seed_played":"8788132278587371147","potions_obtained":[{"floor":8,"key":"ColorlessPotion"},{"floor":12,"key":"GamblersBrew"},{"floor":13,"key":"Regen Potion"},{"floor":24,"key":"PowerPotion"},{"floor":25,"key":"LiquidMemories"},{"floor":28,"key":"AttackPotion"},{"floor":36,"key":"Regen Potion"},{"floor":48,"key":"FairyPotion"},{"floor":54,"key":"FairyPotion"}],"is_trial":false,"path_per_floor":["M","?","M","M","?","R","E","M","T","?","R","M","?","$","R","B",null,"M","?","M","?","$","R","M","M","T","R","E","M","M","E","R","B",null,"M","M","?","?","$","R","E","M","T","?","E","$","R","E","R","B",null,"R","$","E","B",null],"character_chosen":"THE_DT","items_purchased":["DTMod:BurningEnergy","DTMod:TacticalNote","TungstenRod","DTMod:SwitchButton","DTMod:RecklessFlurry","Torii","Trip","Chemical X","Apotheosis","Bird Faced Urn","DTMod:DragonDance","Mummified Hand","Membership Card","DTMod:Coolant","Question Card","DTMod:CalculatedDefense","DTMod:BurningEnergy","DTMod:DarkBreath","Anchor","DTMod:CrossStep","Sling","Master of Strategy","DTMod:RunningTactic","DTMod:InvisibleFlame","DTMod:BizarreTactic"],"campfire_rested":5,"item_purchase_floors":[0,0,0,0,0,0,0,0,0,0,0,14,22,22,39,39,39,39,39,46,46,53,53,53,53],"current_hp_per_floor":[45,37,37,39,44,44,17,19,19,19,19,21,23,23,23,19,42,50,50,50,38,38,38,44,48,48,48,50,50,50,50,50,50,50,50,50,50,41,41,50,50,50,50,50,50,50,50,50,50,50,50,50,50,64,19],"gold":34,"neow_bonus":"","is_daily":false,"chose_seed":false,"campfire_upgraded":1,"win_rate":0.0,"timestamp":1609569279,"path_taken":["M","?","M","M","?","R","E","M","T","?","R","?","?","$","R","BOSS","M","?","M","?","$","R","M","M","T","R","E","M","M","E","R","BOSS","M","M","?","?","$","R","E","M","T","?","E","$","R","E","R","BOSS","R","$","E","BOSS"],"items_purchased_type":["Card","Relic","Relic","Relic","Card","Relic","Card","Relic","Card","Relic","Card","Relic","Relic","Card","Relic","Card","Card","Card","Relic","Card","Relic","Card","Card","Card","Card"],"build_version":"2020-12-22","purchased_purges":0,"victory":true,"max_hp_per_floor":[45,45,45,45,50,50,50,50,50,50,50,50,50,50,50,50,50,50,50,50,50,50,50,50,50,50,50,50,50,50,50,50,50,50,50,50,50,50,50,50,50,50,50,50,50,50,50,50,50,50,50,50,50,64,64],"card_choices":[{"not_picked":["DTMod:BizarreTactic","DTMod:BreakAttack"],"picked":"DTMod:CalculatedDefense","floor":1},{"not_picked":["DTMod:HeatWave","DTMod:BlazingStrike"],"picked":"DTMod:GhostSkin","floor":3},{"not_picked":["DTMod:Threaten","DTMod:Punisher"],"picked":"DTMod:ExcessFootwork","floor":4},{"not_picked":["DTMod:BreakAttack","DTMod:FlameSlash"],"picked":"DTMod:StarRain","floor":7},{"not_picked":["DTMod:Astonish","DTMod:Cover","DTMod:ComboAttack"],"picked":"SKIP","floor":8},{"not_picked":["DTMod:Punisher","DTMod:Feint"],"picked":"DTMod:Conduct","floor":12},{"not_picked":["DTMod:GhostSkin","DTMod:CleansingStrike"],"picked":"DTMod:DragonDance","floor":13},{"not_picked":["DTMod:Multitask","DTMod:Outburst"],"picked":"DTMod:ShadowImage","floor":16},{"not_picked":["DTMod:LowKick","DTMod:BreakAttack"],"picked":"DTMod:DragonDance","floor":18},{"not_picked":["DTMod:Cover","DTMod:Feint"],"picked":"DTMod:ForkedFire+1","floor":19},{"not_picked":["DTMod:HeatWave","DTMod:Punisher","DTMod:Astonish"],"picked":"SKIP","floor":20},{"not_picked":["DTMod:Punisher+1","DTMod:CleansingStrike","DTMod:Weaken"],"picked":"SKIP","floor":24},{"not_picked":["DTMod:Overwhelm","DTMod:LowKick"],"picked":"DTMod:MagiciansMark","floor":25},{"not_picked":["DTMod:BizarreTactic","DTMod:ComboAttack"],"picked":"DTMod:BlueScale","floor":28},{"not_picked":["DTMod:LowKick","DTMod:TagTeam+1"],"picked":"DTMod:BlueScale+1","floor":29},{"not_picked":["DTMod:MasterPlan","DTMod:Hide","DTMod:BreakAttack"],"picked":"SKIP","floor":30},{"not_picked":["DTMod:MagiciansMark+1","DTMod:BreakAttack"],"picked":"DTMod:TriAttack","floor":31},{"not_picked":["DTMod:FierySynthesis","DTMod:GearUp"],"picked":"DTMod:Safeguard","floor":33},{"not_picked":["DTMod:Training","DTMod:Cover+1"],"picked":"DTMod:CrossStep","floor":35},{"not_picked":["DTMod:Coolant","DTMod:RecklessFlurry","DTMod:Overwhelm+1"],"picked":"SKIP","floor":36},{"not_picked":["Forethought","Secret Weapon"],"picked":"Blind","floor":38},{"not_picked":["Dramatic Entrance","Deep Breath"],"picked":"Blind","floor":38},{"not_picked":["DTMod:Feint+1","DTMod:BlueScale","DTMod:QuickFly"],"picked":"DTMod:WarmUp+1","floor":41},{"not_picked":["DTMod:DeepFocus","DTMod:RecklessFlurry","DTMod:MagiciansMark"],"picked":"DTMod:BurningEnergy+1","floor":42},{"not_picked":["DTMod:BalancedStrike+1","DTMod:ComboAttack","DTMod:MagiciansMark+1"],"picked":"DTMod:LastStand+1","floor":45},{"not_picked":["DTMod:BlueScale","DTMod:StarRain+1","DTMod:SneakAttack"],"picked":"DTMod:GearUp","floor":48},{"not_picked":["DTMod:FlameSlash","DTMod:CrossStep","DTMod:Dissolve"],"picked":"DTMod:Observe","floor":54}],"player_experience":931143,"relics_obtained":[{"floor":7,"key":"Girya"},{"floor":9,"key":"DTMod:AncientBone"},{"floor":13,"key":"InkBottle"},{"floor":19,"key":"Red Mask"},{"floor":21,"key":"Necronomicon"},{"floor":26,"key":"Calipers"},{"floor":28,"key":"Lizard Tail"},{"floor":31,"key":"DTMod:SolidMemories"},{"floor":41,"key":"Letter Opener"},{"floor":45,"key":"Sundial"},{"floor":48,"key":"Dream Catcher"},{"floor":54,"key":"Mango"}],"event_choices":[{"damage_healed":0,"gold_gain":0,"player_choice":"Entered Light","damage_taken":9,"max_hp_gain":0,"max_hp_loss":0,"event_name":"Shining Light","floor":2,"gold_loss":0,"cards_upgraded":["DTMod:TargetDefense","DTMod:DragonDance"]},{"damage_healed":0,"gold_gain":0,"player_choice":"Donut","damage_taken":0,"max_hp_gain":5,"max_hp_loss":0,"event_name":"Big Fish","floor":5,"gold_loss":0},{"damage_healed":0,"gold_gain":0,"cards_transformed":["DTMod:Strike"],"player_choice":"Change","damage_taken":0,"max_hp_gain":0,"max_hp_loss":0,"event_name":"Living Wall","floor":10,"gold_loss":0,"cards_obtained":["DTMod:BlueScale"]},{"damage_healed":0,"gold_gain":30,"player_choice":"Searched \u00273\u0027 times","damage_taken":0,"max_hp_gain":0,"max_hp_loss":0,"event_name":"Dead Adventurer","floor":13,"gold_loss":0},{"damage_healed":0,"gold_gain":0,"player_choice":"Fought Bandits","damage_taken":0,"max_hp_gain":0,"max_hp_loss":0,"event_name":"Masked Bandits","floor":19,"gold_loss":0},{"damage_healed":0,"gold_gain":0,"player_choice":"Obtained Book","damage_taken":16,"max_hp_gain":0,"max_hp_loss":0,"event_name":"Cursed Tome","floor":21,"gold_loss":0},{"damage_healed":0,"gold_gain":222,"player_choice":"Wore Mask","damage_taken":0,"max_hp_gain":0,"max_hp_loss":0,"event_name":"Tomb of Lord Red Mask","floor":37,"gold_loss":0},{"damage_healed":0,"gold_gain":0,"player_choice":"Memory 3","damage_taken":10,"max_hp_gain":0,"max_hp_loss":0,"event_name":"SensoryStone","floor":38,"gold_loss":0},{"cards_removed":["Blind"],"damage_healed":0,"gold_gain":0,"player_choice":"Removed Skill","damage_taken":0,"max_hp_gain":0,"max_hp_loss":0,"event_name":"Falling","floor":44,"gold_loss":0}],"is_beta":false,"boss_relics":[{"not_picked":["DTMod:TheChair","Cursed Key"],"picked":"Fusion Hammer"},{"not_picked":["Tiny House","Sozu"],"picked":"Astrolabe"}],"items_purged_floors":[],"is_endless":false,"potions_floor_spawned":[8,12,13,24,25,28,29,36,48,54],"ascension_level":5}}