{"host":"gzsdmyo07u314vug","time":1609584147,"event":{"mods":["2.2 Compatiblity","BaseMod","Downfall","GifTheSpireLib","Minty Spire (QoL Compilation)","Quick Restart","Rare Cards Sparkle","Relic Stats","Replay The Spire","Shop Mod","StSLib","The Bug Knight","The Construct","The Elementalist","The Servant 0.9.4","Unceasing Turn Reminder","everything is the same but u backflip on backflip","slay the spire mod where everything is the same but ironclad has a cowboy hat","vexMod"],"gold_per_floor":[115,115,130,143,156,156,176,351,426,443,27,37,37,37,37,133,133,146,165,165,165],"floor_reached":20,"playtime":854,"items_purged":["Strike_B"],"score":260,"play_id":"e0d844fe-022d-4f34-a533-b0b9893ef367","local_time":"20210102074227","is_ascension_mode":true,"campfire_choices":[{"data":"Zap","floor":6.0,"key":"SMITH"},{"floor":15.0,"key":"REST"}],"circlet_count":0,"master_deck":["AscendersBane","Strike_B","Strike_B","Defend_B","Defend_B","Defend_B","Defend_B","Zap+1","Dualcast","Core Surge","Sweeping Beam","Beam Cell","Gash","Leap","Gash","Gash+1","Reprogram","Hologram"],"relics":["Cracked Core","Golden Egg","vexMod:CardConverter","vexMod:MysteryBossChallenge","Painkiller Herb"],"acts_visited":["TheCity"],"potions_floor_usage":[],"damage_taken":[{"damage":3.0,"enemies":"2 Louse","floor":1.0,"turns":3.0},{"damage":9.0,"enemies":"Jaw Worm","floor":3.0,"turns":3.0},{"damage":3.0,"enemies":"Small Slimes","floor":4.0,"turns":2.0},{"damage":12.0,"enemies":"Looter","floor":5.0,"turns":3.0},{"damage":6.0,"enemies":"Exordium Thugs","floor":7.0,"turns":3.0},{"damage":14.0,"enemies":"Red Slaver","floor":10.0,"turns":2.0},{"damage":6.0,"enemies":"2 Fungi Beasts","floor":12.0,"turns":3.0},{"damage":18.0,"enemies":"Hexaghost","floor":16.0,"turns":9.0},{"damage":2,"enemies":"Chosen","floor":18,"turns":4},{"damage":28,"enemies":"2 Thieves","floor":19,"turns":5},{"damage":44,"enemies":"Sentry and Sphere","floor":20,"turns":7}],"seed_played":"2976563257896405671","potions_obtained":[{"floor":7.0,"key":"Fruit Juice"},{"floor":10.0,"key":"Venom Potion"}],"is_trial":false,"path_per_floor":["M","?","M","M","M","R","M","?","T","M","$","M","?","?","R","B",null,"?","?","?"],"character_chosen":"DEFECT","items_purchased":["vexMod:CardConverter","Gash"],"campfire_rested":1,"item_purchase_floors":[11,11],"current_hp_per_floor":[65,65,56,53,41,41,35,35,40,26,28,22,22,22,44,26,63,63,37,0,0],"gold":165,"neow_bonus":"THREE_RARE_CARDS","is_daily":false,"chose_seed":false,"campfire_upgraded":1,"win_rate":0.0,"timestamp":1609584147,"path_taken":["M","?","M","M","M","R","M","?","T","M","$","?","?","?","R","BOSS","?","?","?"],"items_purchased_type":["Relic","Card"],"build_version":"2020-12-22","purchased_purges":1,"victory":false,"max_hp_per_floor":[68,68,68,68,68,68,68,68,73,73,75,75,75,75,75,75,75,77,79,79,79],"relic_stats":{"counters":[11,44],"obtain_stats":[{"Golden Egg":9,"vexMod:CardConverter":11,"vexMod:MysteryBossChallenge":17,"Painkiller Herb":17,"Cracked Core":0},{"Golden Egg":5,"vexMod:CardConverter":6,"vexMod:MysteryBossChallenge":8,"Painkiller Herb":8,"Cracked Core":0},{"Golden Egg":14,"vexMod:CardConverter":16,"vexMod:MysteryBossChallenge":28,"Painkiller Herb":28,"Cracked Core":0}]},"card_choices":[{"not_picked":["Multi-Cast","Rainbow"],"picked":"Core Surge","floor":0.0},{"not_picked":["Panic Button","Stack"],"picked":"Sweeping Beam","floor":1.0},{"not_picked":["Ball Lightning","Scrape"],"picked":"Beam Cell","floor":3.0},{"not_picked":["Compile Driver","Panic Button"],"picked":"Gash","floor":4.0},{"not_picked":["Compile Driver","Streamline"],"picked":"Leap","floor":5.0},{"not_picked":["Redo","White Noise"],"picked":"Gash","floor":7.0},{"not_picked":["Panic Button","Biased Cognition","Streamline"],"picked":"SKIP","floor":10.0},{"not_picked":["ReplayTheSpireMod:Calculation Training","Consume","BasicCrystalCard"],"picked":"SKIP","floor":12.0},{"not_picked":["Sweeping Beam+1","Darkness+1"],"picked":"Reprogram","floor":18},{"not_picked":["Turbo","Streamline"],"picked":"Hologram","floor":19}],"player_experience":633205,"relics_obtained":[{"floor":9.0,"key":"Golden Egg"}],"event_choices":[{"damage_healed":0.0,"max_hp_gain":0.0,"max_hp_loss":0.0,"gold_gain":175.0,"event_name":"Liars Game","player_choice":"AGREE","floor":8.0,"gold_loss":0.0,"damage_taken":0.0,"cards_obtained":["Doubt"]},{"cards_removed":["Doubt"],"damage_healed":0.0,"max_hp_gain":0.0,"max_hp_loss":0.0,"gold_gain":0.0,"event_name":"Living Wall","player_choice":"Forget","floor":13.0,"gold_loss":0.0,"damage_taken":0.0}],"is_beta":false,"boss_relics":[{"not_picked":["Ring of Chaos","FrozenCore"],"picked":"vexMod:MysteryBossChallenge"}],"items_purged_floors":[11],"is_endless":false,"potions_floor_spawned":[7,10],"killed_by":"Sentry and Sphere","ascension_level":11}}