{"host":"t9wo05e1llrbe5dt","time":1609625539,"event":{"mods":["2.2 Compatiblity","AchievementEnabler","BaseMod","Bestiary","Better Altar","Better Match","Better Sensory Stone","Better Skull","Better Third Choice","Better-Laid Plans","Block Reminder","Card Forge","Colored Map","Colored Powertips","Custom Start","DeckTracker","Downfall","Filter the Spire","GungeonMod","Hermit","Highlight Path","Minty Spire (QoL Compilation)","Practice Mode","Quick Restart","Random Character Button","Rare Cards Sparkle","Shade Mod","Spicy Shops","StSLib","The Bug Knight","The Cursed","The Disciple","The Hierophant","The IronCluck","The Mystic","The Necromancer","The Runesmith","The Wild Card","Transform Curses"],"gold_per_floor":[99,110,110,128,145,45,114,114,142,154,167,185,185,185,197,292,292,217,236,236,34,46,66,66,66,85,95,112,112,37,47,66,162,162,162,173,191,202,202,213,213,49,49,66,77,95,20,50,50,50],"floor_reached":51,"playtime":3264,"items_purged":[],"score":754,"play_id":"0aa02315-52a5-465b-811e-c46a121845f8","local_time":"20210102161219","is_ascension_mode":false,"campfire_choices":[{"floor":1,"key":"RECALL"},{"data":"Guardian:DecasProtection","floor":13,"key":"SMITH"},{"data":"Guardian:ChargeCore","floor":18,"key":"SMITH"},{"data":"Guardian:TwinSlam","floor":25,"key":"SMITH"},{"data":"Guardian:PiercingHide","floor":30,"key":"SMITH"},{"data":"Guardian:Repulse","floor":35,"key":"SMITH"},{"floor":43,"key":"REST"},{"floor":49,"key":"REST"}],"circlet_count":0,"master_deck":["Guardian:Strike_Guardian+1","Guardian:Strike_Guardian+1","Guardian:Strike_Guardian","Guardian:Strike_Guardian","Guardian:Defend_Guardian","Guardian:Defend_Guardian","Guardian:Defend_Guardian","Guardian:Defend_Guardian","Guardian:CurlUp+1","Guardian:TwinSlam+1","Guardian:DecasProtection+1","Guardian:ChargeUp","Guardian:Incinerate","Guardian:Planning","Guardian:Repulse+1","Guardian:FloatingOrbs+1","Guardian:ChargeCore+1","Guardian:FloatingOrbs+1","Guardian:PiercingHide+1","Regret","Guardian:TemporalStrike","Guardian:ConstructionForm+1","expansioncontent:Sear","Dramatic Entrance","Guardian:RollAttack","Guardian:EvasiveProtocol+1","Guardian:Preprogram+1","Guardian:SpikerProtocol+1","Guardian:EvasiveProtocol+1","Guardian:RevengeProtocol+1","Guardian:CrystalBeam+1","Guardian:Suspension+1","Guardian:ExploitGems","Guardian:Suspension+1","Guardian:DecasProtection+1","Regret","Guardian:ShieldCharger+1","Guardian:SentryBeam","Guardian:TimeBomb","Guardian:Emergency+1"],"relics":["Guardian:ModeShifter","Hammer of Thor","Seething Fire","Anvil of the Gods","Frozen Egg 2","downfall:ShatteredFragment","Odd Mushroom","SacredBark","downfall:HeartBlessingRed","downfall:HeartBlessingBlue","Cursed Key","Kunai","DemoMod:GlassGuonStoneRelic","Gambling Chip"],"acts_visited":["Exordium","TheCity","TheBeyond"],"potions_floor_usage":[15,16,22,26,33,36,40,48,50],"damage_taken":[{"damage":5,"enemies":"Small Slimes","floor":2,"turns":3},{"damage":1,"enemies":"Cultist","floor":4,"turns":4},{"damage":0,"enemies":"Jaw Worm","floor":5,"turns":4},{"damage":0,"enemies":"downfall:FleeingMerchant","floor":6,"turns":4},{"damage":12,"enemies":"The Mushroom Lair","floor":9,"turns":4},{"damage":6,"enemies":"2 Fungi Beasts","floor":10,"turns":4},{"damage":4,"enemies":"Exordium Thugs","floor":11,"turns":4},{"damage":0,"enemies":"Exordium Wildlife","floor":12,"turns":4},{"damage":1,"enemies":"Blue Slaver","floor":15,"turns":3},{"damage":13,"enemies":"downfall:Defect","floor":16,"turns":6},{"damage":12,"enemies":"Spheric Guardian","floor":19,"turns":4},{"damage":3,"enemies":"downfall:FleeingMerchant","floor":21,"turns":4},{"damage":13,"enemies":"Snake Plant","floor":22,"turns":4},{"damage":9,"enemies":"Centurion and Healer","floor":23,"turns":6},{"damage":20,"enemies":"3 Cultists","floor":26,"turns":4},{"damage":8,"enemies":"Snake Plant","floor":27,"turns":2},{"damage":9,"enemies":"Snecko","floor":28,"turns":4},{"damage":13,"enemies":"Centurion and Healer","floor":31,"turns":6},{"damage":8,"enemies":"3 Cultists","floor":32,"turns":4},{"damage":3,"enemies":"downfall:Silent","floor":33,"turns":7},{"damage":20,"enemies":"3 Shapes","floor":36,"turns":5},{"damage":15,"enemies":"Orb Walker","floor":37,"turns":3},{"damage":2,"enemies":"Transient","floor":38,"turns":5},{"damage":26,"enemies":"Jaw Worm Horde","floor":40,"turns":3},{"damage":2,"enemies":"downfall:FleeingMerchant","floor":42,"turns":4},{"damage":18,"enemies":"3 Darklings","floor":44,"turns":5},{"damage":4,"enemies":"4 Shapes","floor":45,"turns":4},{"damage":26,"enemies":"Spire Growth","floor":46,"turns":5},{"damage":4,"enemies":"HollowMod:StalkingDevout","floor":48,"turns":8},{"damage":5,"enemies":"downfall:Watcher","floor":50,"turns":7}],"seed_played":"-7113213654616573271","potions_obtained":[{"floor":3,"key":"CultistPotion"},{"floor":3,"key":"EntropicBrew"},{"floor":3,"key":"FearPotion"},{"floor":12,"key":"Guardian:DefensiveModePotion"},{"floor":15,"key":"AttackPotion"},{"floor":16,"key":"Regen Potion"},{"floor":23,"key":"Guardian:DefensiveModePotion"},{"floor":26,"key":"BlessingOfTheForge"},{"floor":27,"key":"DemoMod:LeadSkinPotion"},{"floor":45,"key":"DemoMod:LeadSkinPotion"}],"is_trial":false,"path_per_floor":["R","M","?","M","M","$","T","?","?","M","M","M","R","?","M","B",null,"R","M","?","$","M","M","T","R","M","M","M","?","R","M","M","B",null,"R","M","M","M","?","M","T","$","R","M","M","M","?","E","R","B",null],"character_chosen":"GUARDIAN","items_purchased":["Guardian:Planning","Guardian:Repulse","Guardian:RollAttack","Guardian:EvasiveProtocol+1","champ:CounterPotion","Guardian:SentryBeam","Guardian:TimeBomb"],"campfire_rested":2,"item_purchase_floors":[6,6,21,21,21,42,42],"current_hp_per_floor":[88,83,83,82,82,82,82,58,46,40,36,36,36,36,35,22,88,88,76,76,73,87,78,78,78,58,50,41,70,80,67,59,56,98,98,78,63,61,61,35,35,33,62,44,40,14,14,10,39,34],"gold":50,"neow_bonus":"TEN_PERCENT_HP_BONUS","is_daily":false,"chose_seed":false,"campfire_upgraded":5,"win_rate":0.0,"timestamp":1609625539,"path_taken":["R","M","?","M","?","$","T","?","?","M","?","M","R","?","M","BOSS","R","M","?","$","M","M","T","R","M","M","M","?","R","M","M","BOSS","R","M","M","M","?","?","T","$","R","M","M","M","?","E","R","BOSS"],"items_purchased_type":["Card","Card","Card","Card","Potion","Card","Card"],"build_version":"2020-12-22","purchased_purges":0,"victory":true,"max_hp_per_floor":[88,88,88,88,88,88,88,88,88,88,88,88,88,88,88,88,88,88,88,88,88,88,88,88,88,88,88,88,88,98,98,98,98,98,98,98,98,98,98,98,98,98,98,98,98,98,98,98,98,98],"card_choices":[{"not_picked":["Guardian:PrimingBeam","Guardian:ArmoredProtocol"],"picked":"Guardian:Gem_Red","floor":2},{"not_picked":["Guardian:MultiBeam","Guardian:Recover"],"picked":"Guardian:DecasProtection","floor":4},{"not_picked":["Guardian:PiercingHide","Guardian:ShieldSpikes"],"picked":"Guardian:ChargeUp","floor":5},{"not_picked":["Guardian:Gem_Green","Guardian:StasisStrike"],"picked":"Guardian:Incinerate","floor":6},{"not_picked":["Guardian:TemporalShield","Guardian:Gem_Red"],"picked":"Guardian:FloatingOrbs+1","floor":9},{"not_picked":["Guardian:Clone","Guardian:RefractedBeam"],"picked":"Guardian:ChargeCore","floor":10},{"not_picked":["Guardian:Gem_Blue","Guardian:Incinerate"],"picked":"Guardian:FloatingOrbs+1","floor":11},{"not_picked":["Guardian:Suspension","Guardian:Gem_Red"],"picked":"Guardian:PiercingHide","floor":12},{"not_picked":["Guardian:SpikerProtocol+1","Guardian:RefractedBeam"],"picked":"Guardian:TemporalStrike","floor":15},{"not_picked":["Guardian:StasisStrike","Guardian:StasisField"],"picked":"Guardian:ConstructionForm+1","floor":16},{"not_picked":["Guardian:MultiBeam","Guardian:Gem_Red"],"picked":"Guardian:Gem_Lightblue","floor":19},{"not_picked":["Finesse","expansioncontent:CaCaw+1"],"picked":"expansioncontent:Sear","floor":20},{"not_picked":["expansioncontent:PolyBeam","Finesse"],"picked":"Dramatic Entrance","floor":20},{"not_picked":["Guardian:ShieldSpikes","Guardian:TimeCapacitor+1"],"picked":"Guardian:Gem_Purple","floor":21},{"not_picked":["Guardian:DecasProtection","Guardian:Emergency+1"],"picked":"Guardian:Preprogram+1","floor":22},{"not_picked":["Guardian:TemporalShield","Guardian:TemporalStrike"],"picked":"Guardian:SpikerProtocol+1","floor":23},{"not_picked":["Guardian:ShieldSpikes","Guardian:PiercingHide"],"picked":"Guardian:EvasiveProtocol+1","floor":26},{"not_picked":["Guardian:TemporalStrike","Guardian:TimeCapacitor+1"],"picked":"Guardian:Gem_Red","floor":27},{"not_picked":["Guardian:VentSteam","Guardian:PrimingBeam"],"picked":"Guardian:RevengeProtocol+1","floor":28},{"not_picked":["Guardian:Planning","Guardian:WalkerClaw"],"picked":"Guardian:CrystalBeam+1","floor":31},{"not_picked":["Guardian:Incinerate","Guardian:Gem_Green"],"picked":"Guardian:Suspension+1","floor":32},{"not_picked":["Guardian:BaubleBeam","Guardian:FastForward"],"picked":"Guardian:ExploitGems","floor":33},{"not_picked":["Guardian:BronzeArmor","Guardian:Preprogram"],"picked":"Guardian:Gem_Red","floor":36},{"not_picked":["Guardian:ChargeUp+1","Guardian:PiercingHide"],"picked":"Guardian:Suspension+1","floor":37},{"not_picked":["Guardian:SpikerProtocol+1","Guardian:Reroute"],"picked":"Guardian:Gem_Green","floor":38},{"not_picked":["Guardian:Incinerate+1","Guardian:PrimingBeam"],"picked":"Guardian:DecasProtection+1","floor":40},{"not_picked":["Guardian:WalkerClaw","Guardian:Gem_Fragmented"],"picked":"Guardian:ShieldCharger+1","floor":42},{"not_picked":["Guardian:PrimingBeam","Guardian:ChargeCore"],"picked":"Guardian:Emergency+1","floor":44},{"not_picked":["Guardian:RollAttack","Guardian:WalkerClaw+1"],"picked":"Guardian:Gem_Lightblue","floor":45},{"not_picked":["Guardian:PrimingBeam+1","Guardian:RollAttack","Guardian:Suspension+1"],"picked":"SKIP","floor":46},{"not_picked":["Guardian:ChargeUp+1","Guardian:BronzeOrb+1"],"picked":"Guardian:Gem_Fragmented","floor":47},{"not_picked":["Guardian:PrismaticBeam","Guardian:Gem_Purple"],"picked":"Guardian:Gem_White","floor":48}],"player_experience":142706,"relics_obtained":[{"floor":7,"key":"Frozen Egg 2"},{"floor":9,"key":"Odd Mushroom"},{"floor":41,"key":"Kunai"},{"floor":48,"key":"Gambling Chip"}],"event_choices":[{"damage_healed":0,"gold_gain":0,"player_choice":"Got Potions","damage_taken":0,"max_hp_gain":0,"max_hp_loss":0,"event_name":"Lab","floor":3,"gold_loss":0},{"damage_healed":0,"gold_gain":0,"player_choice":"Fought Mushrooms","damage_taken":0,"max_hp_gain":0,"max_hp_loss":0,"event_name":"Mushrooms","floor":9,"gold_loss":0},{"damage_healed":0,"gold_gain":2,"player_choice":"1","damage_taken":0,"max_hp_gain":0,"max_hp_loss":0,"event_name":"betterStone:BetterStone","floor":20,"gold_loss":0},{"damage_healed":29,"gold_gain":0,"player_choice":"Heal","damage_taken":0,"max_hp_gain":0,"max_hp_loss":0,"event_name":"The Library","floor":29,"gold_loss":0},{"damage_healed":0,"gold_gain":0,"player_choice":"2","damage_taken":0,"max_hp_gain":0,"max_hp_loss":0,"event_name":"betterMatch:BetterMatch","floor":47,"gold_loss":0,"cards_obtained":["betterMatch:UncommonCard"]}],"is_beta":false,"boss_relics":[{"not_picked":["Calling Bell","Philosopher\u0027s Stone"],"picked":"SacredBark"},{"not_picked":["SlaversCollar","Snecko Eye"],"picked":"Cursed Key"}],"items_purged_floors":[],"is_endless":false,"potions_floor_spawned":[9,10,12,15,16,23,26,27,28,31,36,37,38,45],"ascension_level":0}}