{"host":"UwU","time":1609629559,"event":{"mods":["AchievementEnabler","Act Like it!","BaseMod","Better Altar","Better Match","Better Note","Better Sensory Stone","Better Skull","Better Third Choice","BetterRewards","CCEM","Clawfect","Colored Map","Conspire","Downfall","GifTheSpireLib","Googly Eyes","Hermit","Highlight Path","Hubris","Hunter ??","Infinite Spire","Minty Spire (QoL Compilation)","Permanent Neow","Replay The Spire","StSLib","Unceasing Turn Reminder","everything is the same but u backflip on backflip","slay the spire mod where everything is the same but ironclad has a cowboy hat"],"gold_per_floor":[114,131,141,141,154,154,154,154,178,221,242,269,269,296,296,410,410,440,440,474,490,508,508,531,547,547],"floor_reached":25,"playtime":1974,"items_purged":[],"score":209,"play_id":"7739e84e-9338-44f8-a576-1260a6db750f","local_time":"20210102181919","is_ascension_mode":false,"campfire_choices":[{"data":"Disarm","floor":6,"key":"SMITH"},{"data":"Spot Weakness","floor":8,"key":"SMITH"},{"data":"Headbutt","floor":13,"key":"SMITH"},{"floor":15,"key":"REST"},{"data":"Life Link","floor":23,"key":"SMITH"}],"circlet_count":0,"master_deck":["Strike_R","Strike_R","Strike_R","Defend_R","Defend_R","Defend_R","Defend_R","Bash","Replay:Undeath\u0027s Touch","Disarm+1","Metallicize","Warcry","Spot Weakness+1","Armaments","Offering","Headbutt+1","Life Link+1","Feed","Inflame","Sword Boomerang","Flex","Rage","infinitespire:OneForAll","Cleave"],"relics":["Burning Blood","Replay:Bandana","ReplayFunnel","Sozu"],"acts_visited":["Exordium","TheCity"],"potions_floor_usage":[10,16],"damage_taken":[{"damage":8,"enemies":"2 Louse","floor":1,"turns":3},{"damage":2,"enemies":"Cultist","floor":2,"turns":4},{"damage":3,"enemies":"Jaw Worm","floor":3,"turns":4},{"damage":11,"enemies":"2 Fungi Beasts","floor":5,"turns":5},{"damage":29,"enemies":"3 Sentries","floor":10,"turns":11},{"damage":6,"enemies":"Blue Slaver","floor":11,"turns":5},{"damage":9,"enemies":"Exordium Thugs","floor":12,"turns":5},{"damage":7,"enemies":"conspire:2 RoseBushes","floor":14,"turns":6},{"damage":76,"enemies":"Fading Forest","floor":16,"turns":11},{"damage":12,"enemies":"Chosen","floor":18,"turns":10},{"damage":37,"enemies":"2 Thieves","floor":20,"turns":5},{"damage":4,"enemies":"Snake Plant","floor":21,"turns":8},{"damage":10,"enemies":"conspire:HollyBat","floor":22,"turns":7},{"damage":12,"enemies":"Shelled Parasite and Fungi","floor":24,"turns":7},{"damage":39,"enemies":"Slavers","floor":25,"turns":3}],"seed_played":"312161298071336606","potions_obtained":[{"floor":1,"key":"SpeedPotion"},{"floor":2,"key":"Explosive Potion"},{"floor":12,"key":"Elixir"}],"is_trial":false,"path_per_floor":["M","M","M","?","M","R","?","R","T","E","M","M","R","M","R","B",null,"M","?","M","M","M","R","M","E"],"character_chosen":"IRONCLAD","items_purchased":[],"campfire_rested":1,"item_purchase_floors":[],"current_hp_per_floor":[78,80,80,80,75,75,75,75,75,52,52,49,49,48,72,12,80,74,74,43,45,41,41,35,0,0],"gold":547,"neow_bonus":"THREE_CARDS","is_daily":false,"chose_seed":false,"campfire_upgraded":4,"win_rate":0.0,"timestamp":1609629559,"path_taken":["M","M","M","?","?","R","?","R","T","E","M","M","R","M","R","BOSS","M","?","M","M","M","R","M","E"],"items_purchased_type":[],"build_version":"2020-11-17","purchased_purges":0,"victory":false,"max_hp_per_floor":[80,80,80,80,80,80,80,80,80,80,80,80,80,80,80,80,80,80,80,80,80,80,80,80,80,80],"card_choices":[{"not_picked":["Clothesline","Pummel"],"picked":"Replay:Undeath\u0027s Touch","floor":0},{"not_picked":["Headbutt","hubris:ReadiedAction"],"picked":"Disarm","floor":1},{"not_picked":["infinitespire:OneForAll","Pummel"],"picked":"Metallicize","floor":2},{"not_picked":["Run Through","ReplayTheSpireMod:Strike From Hell"],"picked":"Warcry","floor":3},{"not_picked":["True Grit","Heavy Blade"],"picked":"Spot Weakness","floor":5},{"not_picked":["Shrug It Off","Entrench"],"picked":"Armaments","floor":10},{"not_picked":["Pommel Strike","Thunderclap"],"picked":"Offering","floor":11},{"not_picked":["Shockwave","Shrug It Off"],"picked":"Headbutt","floor":12},{"not_picked":["Clash","Iron Wave"],"picked":"Life Link","floor":14},{"not_picked":["Berserk","Demon Form"],"picked":"Feed","floor":16},{"not_picked":["Armaments+1","Rupture+1"],"picked":"Inflame","floor":18},{"not_picked":["Run Through+1","Clash"],"picked":"Flex","floor":20},{"not_picked":["Sever Soul","ReplayTheSpireMod:Stacked"],"picked":"Rage","floor":21},{"not_picked":["Carnage","Second Wind+1"],"picked":"infinitespire:OneForAll","floor":22},{"not_picked":["Thunderclap","ReplayTheSpireMod:Muscle Training"],"picked":"Cleave","floor":24}],"player_experience":32089,"relics_obtained":[{"floor":9,"key":"Replay:Bandana"},{"floor":10,"key":"ReplayFunnel"}],"event_choices":[{"cards_removed":["Strike_R"],"damage_healed":0,"gold_gain":0,"player_choice":"Card Removal","damage_taken":0,"max_hp_gain":0,"max_hp_loss":0,"event_name":"Wheel of Change","floor":4,"gold_loss":0},{"damage_healed":0,"gold_gain":0,"cards_transformed":["Strike_R"],"player_choice":"Transformed","damage_taken":0,"max_hp_gain":0,"max_hp_loss":0,"event_name":"Transmorgrifier","floor":19,"gold_loss":0,"cards_obtained":["Sword Boomerang"]}],"is_beta":true,"boss_relics":[{"not_picked":["hubris:Stopwatch","conspire:SeveredTorchhead"],"picked":"Sozu"}],"items_purged_floors":[],"is_endless":false,"potions_floor_spawned":[1,2,12,20,24],"killed_by":"Slavers","ascension_level":0}}