{"host":"56ghxnzsglgdq727","time":1609578057,"event":{"mods":["AchievementEnabler","BaseMod","Downfall","Minty Spire (QoL Compilation)","StSLib"],"gold_per_floor":[99,109,124,184,201,201,201,221,84,94,94,194,194,11,26,129,129,129,143,154,154,154,154,154,173,238,238,264,280,155,155,174,269,269,194,210,210,210,210,210,210,210,210,228,228,244,271,287,299,299],"floor_reached":51,"playtime":2336,"items_purged":["Slimebound:Strike_Slimebound","Slimebound:Tackle","Slimebound:Defend_Slimebound"],"score":762,"play_id":"54a371b8-06a0-41a6-94a2-e9df3229cfb6","local_time":"20210102040057","is_ascension_mode":false,"campfire_choices":[{"data":"Slimebound:CorrosiveSpit","floor":1,"key":"SMITH"},{"data":"Slimebound:GrowthPunch","floor":11,"key":"SMITH"},{"floor":13,"key":"REST"},{"data":"Slimebound:DouseInSlime","floor":18,"key":"SMITH"},{"data":"Slimebound:Nibble","floor":23,"key":"SMITH"},{"data":"Slimebound:MinionMaster","floor":27,"key":"SMITH"},{"data":"Slimebound:Overexert","floor":35,"key":"SMITH"},{"data":"expansioncontent:DefensiveStance","floor":40,"key":"SMITH"},{"data":"Slimebound:SplitMire","floor":42,"key":"SMITH"}],"circlet_count":0,"master_deck":["Slimebound:Strike_Slimebound","Slimebound:Defend_Slimebound","Slimebound:Split","Slimebound:CorrosiveSpit+1","Slimebound:LeechingTouch","Slimebound:SplitMire+1","Slimebound:HauntingLick","Slimebound:SpikyOuterGoop","Slimebound:AcidTongue","Slimebound:SplitBruiser","Slimebound:OneTwoCombo","Slimebound:RainOfGoop","Slimebound:GrowthPunch+1","Slimebound:ViciousTackle","Slimebound:LeechLife","Slimebound:AcidTongue","Slimebound:DouseInSlime+1","Slimebound:LevelUp","Slimebound:Nibble+1","Slimebound:SplitMire+1","Slimebound:MinionMaster+1","Slimebound:RainOfGoop","Slimebound:SplitMire","Slimebound:Overexert+1","Slimebound:OneTwoCombo","expansioncontent:DefensiveStance+1","expansioncontent:Collect","expansioncontent:AwakenDeath","Slimebound:Equalize+1","Slimebound:SplitMire+1","Slimebound:LeadByExample+1"],"relics":["Slimebound:AbsorbEndCombatUpgraded","Bag of Marbles","Incense Burner","Bottled Lightning","Lizard Tail","Empty Cage","downfall:HeartBlessingGreen","Toxic Egg 2","Mummified Hand","Nunchaku"],"acts_visited":["Exordium","TheCity","TheBeyond"],"potions_floor_usage":[5,9,14,15,16,20,20,25,26,26,47,48],"damage_taken":[{"damage":12,"enemies":"Small Slimes","floor":2,"turns":3},{"damage":11,"enemies":"Jaw Worm","floor":3,"turns":3},{"damage":39,"enemies":"Lagavulin Event","floor":4,"turns":6},{"damage":8,"enemies":"Cultist","floor":5,"turns":3},{"damage":18,"enemies":"Exordium Wildlife","floor":8,"turns":2},{"damage":17,"enemies":"downfall:FleeingMerchant","floor":9,"turns":4},{"damage":20,"enemies":"Large Slime","floor":10,"turns":2},{"damage":30,"enemies":"downfall:FleeingMerchant","floor":14,"turns":4},{"damage":15,"enemies":"Blue Slaver","floor":15,"turns":3},{"damage":49,"enemies":"downfall:Silent","floor":16,"turns":5},{"damage":26,"enemies":"Shell Parasite","floor":19,"turns":4},{"damage":41,"enemies":"Snecko","floor":20,"turns":5},{"damage":34,"enemies":"Sentry and Sphere","floor":25,"turns":5},{"damage":18,"enemies":"downfall:FleeingMerchant","floor":26,"turns":4},{"damage":48,"enemies":"Gremlin Leader","floor":28,"turns":4},{"damage":40,"enemies":"Centurion and Healer","floor":29,"turns":4},{"damage":26,"enemies":"Snake Plant","floor":32,"turns":3},{"damage":65,"enemies":"downfall:Ironclad","floor":33,"turns":6},{"damage":49,"enemies":"3 Shapes","floor":36,"turns":3},{"damage":23,"enemies":"Orb Walker","floor":44,"turns":4},{"damage":25,"enemies":"4 Shapes","floor":46,"turns":3},{"damage":26,"enemies":"Reptomancer","floor":47,"turns":5},{"damage":20,"enemies":"Transient","floor":48,"turns":5},{"damage":55,"enemies":"3 Darklings","floor":49,"turns":3},{"damage":35,"enemies":"downfall:Watcher","floor":50,"turns":4}],"seed_played":"-4597390432575702804","potions_obtained":[{"floor":4,"key":"EntropicBrew"},{"floor":10,"key":"Slimebound:SlimedPotion"},{"floor":15,"key":"SkillPotion"},{"floor":16,"key":"PowerPotion"},{"floor":20,"key":"CultistPotion"},{"floor":21,"key":"CultistPotion"},{"floor":32,"key":"GamblersBrew"},{"floor":36,"key":"Swift Potion"},{"floor":46,"key":"FearPotion"},{"floor":49,"key":"SneckoOil"}],"is_trial":false,"path_per_floor":["R","M","M","?","M","?","T","M","$","M","R","?","R","$","M","B",null,"R","M","M","?","?","R","T","M","$","R","E","M","$","?","M","B",null,"R","M","?","?","?","R","T","R","?","M","?","M","E","M","M","B",null],"character_chosen":"SLIMEBOUND","items_purchased":["Slimebound:ViciousTackle","Slimebound:AcidTongue","Fruit Juice","Slimebound:MinionMaster","Slimebound:SplitMire"],"campfire_rested":1,"item_purchase_floors":[9,14,14,26,26],"current_hp_per_floor":[66,60,57,36,40,40,40,34,39,29,29,29,48,57,59,34,71,71,71,54,54,54,54,54,60,71,71,63,63,63,63,57,44,71,71,60,60,60,50,50,50,50,50,47,47,66,71,71,52,71],"gold":299,"neow_bonus":"TEN_PERCENT_HP_BONUS","is_daily":false,"chose_seed":false,"campfire_upgraded":8,"win_rate":0.0,"timestamp":1609578057,"path_taken":["R","M","M","?","M","?","T","M","$","?","R","?","R","?","M","BOSS","R","M","M","?","?","R","T","?","$","R","E","M","$","?","M","BOSS","R","M","?","?","?","R","T","R","?","?","?","M","E","M","M","BOSS"],"items_purchased_type":["Card","Card","Potion","Card","Card"],"build_version":"2020-12-22","purchased_purges":3,"victory":true,"max_hp_per_floor":[66,66,66,66,66,66,66,66,66,66,66,66,66,66,71,71,71,71,71,71,71,71,71,71,71,71,71,71,71,71,71,71,71,71,71,71,71,71,71,71,71,71,71,71,71,71,71,71,71,71],"card_choices":[{"not_picked":["Slimebound:PressTheAttack","Slimebound:FlameTackle"],"picked":"Slimebound:LeechingTouch","floor":2},{"not_picked":["Slimebound:RollThrough","Slimebound:SplitAcid"],"picked":"Slimebound:SplitMire","floor":3},{"not_picked":["Slimebound:SlimeSpikes","Slimebound:SplitLeeching"],"picked":"Slimebound:HauntingLick","floor":4},{"not_picked":["Slimebound:SplitAcid","Slimebound:LevelUp"],"picked":"Slimebound:SpikyOuterGoop","floor":5},{"not_picked":["Slimebound:ItLooksTasty","Slimebound:PressTheAttack"],"picked":"Slimebound:RainOfGoop","floor":8},{"not_picked":["Slimebound:SlimeBarrage","Slimebound:SplitBruiser"],"picked":"Slimebound:GrowthPunch","floor":9},{"not_picked":["Slimebound:ComboTackle","Slimebound:SplitMire"],"picked":"Slimebound:LeechLife","floor":10},{"not_picked":["Slimebound:LeechingTouch","Slimebound:ComboTackle","Slimebound:SplitLeeching"],"picked":"SKIP","floor":14},{"not_picked":["Slimebound:SlimeTap","Slimebound:TongueLash","Slimebound:SlimeSpikes"],"picked":"SKIP","floor":15},{"not_picked":["Slimebound:Teamwork","Slimebound:SlimeSlap"],"picked":"Slimebound:DouseInSlime","floor":16},{"not_picked":["Slimebound:SlimeSpikes","Slimebound:SlimeTap+1","Slimebound:RollThrough"],"picked":"SKIP","floor":19},{"not_picked":["Slimebound:LivingWall","Slimebound:SlimeSpikes"],"picked":"Slimebound:LevelUp","floor":20},{"not_picked":["Slimebound:LeechingTouch","Slimebound:GoopTackle+1"],"picked":"Slimebound:SplitMire+1","floor":25},{"not_picked":["Slimebound:ViciousTackle","Slimebound:Prepare","Slimebound:LeechingTouch"],"picked":"SKIP","floor":26},{"not_picked":["Slimebound:FinishingTackle+1","Slimebound:SlimeBarrage"],"picked":"Slimebound:RainOfGoop","floor":28},{"not_picked":["Slimebound:RejuvenatingLick","Slimebound:FinishingTackle"],"picked":"Slimebound:SplitMire","floor":29},{"not_picked":["Slimebound:FinishingTackle","Slimebound:DisruptingSlam"],"picked":"Slimebound:Overexert","floor":32},{"not_picked":["Slimebound:Overexert","Slimebound:PrepareCrush"],"picked":"Slimebound:OneTwoCombo","floor":33},{"not_picked":["Slimebound:ProtectTheBoss+1","Slimebound:SplitBruiser","Slimebound:SlimeSpikes+1"],"picked":"SKIP","floor":36},{"not_picked":["expansioncontent:Hexaburn","expansioncontent:Chronoboost"],"picked":"expansioncontent:DefensiveStance","floor":39},{"not_picked":["expansioncontent:AwakenDeath","expansioncontent:DecasProtection"],"picked":"expansioncontent:Collect","floor":39},{"not_picked":["expansioncontent:Sear","expansioncontent:TimeRipple"],"picked":"expansioncontent:AwakenDeath","floor":39},{"not_picked":["Slimebound:ViciousTackle+1","Slimebound:GrowthPunch+1"],"picked":"Slimebound:Equalize+1","floor":44},{"not_picked":["Slimebound:RollThrough","Slimebound:SplitAcid+1"],"picked":"Slimebound:SplitMire+1","floor":46},{"not_picked":["Slimebound:FirmFortitude","Slimebound:SplitLeeching+1","Slimebound:Schlurp+1"],"picked":"SKIP","floor":47},{"not_picked":["Slimebound:DisruptingSlam","Slimebound:SplitAcid+1","Slimebound:PressTheAttack"],"picked":"SKIP","floor":48},{"not_picked":["Slimebound:SpikyOuterGoop","Slimebound:SplitAcid+1"],"picked":"Slimebound:LeadByExample+1","floor":49}],"player_experience":86097,"relics_obtained":[{"floor":7,"key":"Incense Burner"},{"floor":24,"key":"Bottled Lightning"},{"floor":28,"key":"Lizard Tail"},{"floor":41,"key":"Toxic Egg 2"},{"floor":45,"key":"Mummified Hand"},{"floor":47,"key":"Nunchaku"}],"event_choices":[{"damage_healed":0,"gold_gain":0,"player_choice":"Read","damage_taken":0,"max_hp_gain":0,"max_hp_loss":0,"event_name":"The Library","floor":22,"gold_loss":0,"cards_obtained":["Slimebound:Nibble"]},{"damage_healed":0,"gold_gain":0,"player_choice":"Ignored","damage_taken":0,"max_hp_gain":0,"max_hp_loss":0,"event_name":"Ghosts","floor":31,"gold_loss":0},{"cards_removed":["Slimebound:SplitMire"],"damage_healed":0,"gold_gain":0,"player_choice":"Removed Skill","damage_taken":0,"max_hp_gain":0,"max_hp_loss":0,"event_name":"Falling","floor":37,"gold_loss":0},{"cards_removed":["Slimebound:Defend_Slimebound"],"damage_healed":0,"gold_gain":0,"player_choice":"Purged","damage_taken":0,"max_hp_gain":0,"max_hp_loss":0,"event_name":"Purifier","floor":43,"gold_loss":0}],"is_beta":false,"boss_relics":[{"not_picked":["Astrolabe","SacredBark"],"picked":"Slimebound:AbsorbEndCombatUpgraded"},{"not_picked":["Velvet Choker","Pandora\u0027s Box"],"picked":"Empty Cage"}],"items_purged_floors":[9,26,30],"is_endless":false,"potions_floor_spawned":[4,10,15,16,19,20,32,36,46,49],"ascension_level":0}}