{"host":"mytek2nu1hrzdnew","time":1609620520,"event":{"mods":["Aspiration","BaseMod","Conspire","Evolution","GifTheSpireLib","Gold Saver","Hubris","Minty Spire (QoL Compilation)","Replay The Spire","StSLib","Stuff the Spire","Uncapped"],"gold_per_floor":[326,326,338,349,363,363,390,410,410,410,410],"floor_reached":10,"playtime":386,"items_purged":[],"score":81,"play_id":"6e81e236-9d96-4290-9b87-183dd84cf1ce","local_time":"20210102154840","is_ascension_mode":true,"campfire_choices":[{"floor":6,"key":"REST"}],"circlet_count":0,"master_deck":["Compile Driver","Compile Driver","Strike_B","Strike_B","Defend_B","Defend_B","Defend_B","Defend_B","Zap","Dualcast","Seeing Red","StuffTheSpire:Coldhearted","Coolheaded","Sunder","FIFO Queue","hubris:NaturalOne"],"relics":["Cracked Core","EVO:Axolotl","aspiration:Nostalgia","Iron Core","hubris:Icosahedron","Onion Ring","DataDisk"],"acts_visited":["Exordium"],"potions_floor_usage":[10],"damage_taken":[{"damage":12,"enemies":"Jaw Worm","floor":1,"turns":2},{"damage":3,"enemies":"2 Louse","floor":3,"turns":2},{"damage":16,"enemies":"Small Slimes","floor":4,"turns":3},{"damage":8,"enemies":"3 Louse","floor":5,"turns":3},{"damage":16,"enemies":"3 Sentries","floor":7,"turns":7},{"damage":14,"enemies":"Red Slaver","floor":8,"turns":3},{"damage":30,"enemies":"Gremlin Nob","floor":10,"turns":4}],"seed_played":"8817132687438902368","potions_obtained":[{"floor":3,"key":"AttackPotion"},{"floor":4,"key":"LiquidBronze"}],"is_trial":false,"path_per_floor":["M","?","M","M","M","R","E","M","T","E"],"character_chosen":"DEFECT","items_purchased":[],"campfire_rested":1,"item_purchase_floors":[],"current_hp_per_floor":[63,63,60,44,36,58,42,28,28,0,0],"gold":410,"neow_bonus":"NOSTALGIA","is_daily":false,"chose_seed":false,"campfire_upgraded":0,"win_rate":0.0,"timestamp":1609620520,"path_taken":["M","?","M","M","M","R","E","M","T","E"],"items_purchased_type":[],"build_version":"2020-12-22","purchased_purges":0,"victory":false,"max_hp_per_floor":[75,75,75,75,75,75,75,75,75,75,75],"card_choices":[{"not_picked":["Consume","Turbo"],"picked":"Seeing Red","floor":1},{"not_picked":["Headbutt","Iron Wave","Cold Snap"],"picked":"SKIP","floor":3},{"not_picked":["Scorching Beam","WeaponsOverheat"],"picked":"StuffTheSpire:Coldhearted","floor":4},{"not_picked":["Skim","StuffTheSpire:Plugnplay"],"picked":"Coolheaded","floor":5},{"not_picked":["ReplaySort","Rebound"],"picked":"Sunder","floor":7},{"not_picked":["StuffTheSpire:Plugnplay","Rebound"],"picked":"FIFO Queue","floor":8}],"player_experience":1000302,"relics_obtained":[{"floor":7,"key":"Onion Ring"},{"floor":9,"key":"DataDisk"}],"event_choices":[],"is_beta":false,"boss_relics":[],"items_purged_floors":[],"is_endless":false,"potions_floor_spawned":[3,4],"killed_by":"Gremlin Nob","ascension_level":3}}