{"host":"raai0vtvcfkt8csp","time":1609613363,"event":{"mods":["2.2 Compatiblity","BaseMod","Beaked The Cultist","Block Reminder","DeckTracker","Defective Defect","GifTheSpireLib","Minty Spire (QoL Compilation)","Quick Restart","Random Character Button","Rare Cards Sparkle","StSLib","Unceasing Turn Reminder"],"gold_per_floor":[111,111,124,124,142,173,143,172,172,197,212,226,226,251,251,379,379,393,373,393,418,438,438,438],"floor_reached":23,"playtime":1364,"items_purged":[],"score":224,"play_id":"233ba3f0-af35-4a4e-841e-fdc3531612a1","local_time":"20210102194923","is_ascension_mode":true,"campfire_choices":[{"data":"beaked:Ceremony","floor":15,"key":"SMITH"}],"circlet_count":0,"master_deck":["beaked:Strike_Y","beaked:Strike_Y","beaked:Strike_Y","beaked:Defend_Y","beaked:Defend_Y","beaked:Defend_Y","beaked:Defend_Y","beaked:Ceremony","beaked:Ceremony+1","beaked:Ceremony","beaked:DarkPact","beaked:Devastation","beaked:WarriorEssence","beaked:BloodForTheGods","beaked:VigorBurst","beaked:Brace","beaked:Foresight","beaked:StunningBlow","beaked:DesperateSwing","beaked:BloodRitual","beaked:FullHouse","beaked:DesperateSwing+1","beaked:Struggle+1","beaked:DarkPact+1","beaked:WarriorSpirit","beaked:StickSmack","beaked:Resilience","beaked:CursingBlood"],"relics":["beaked:MendingPlumage","Gambling Chip","Pocketwatch","Strawberry","Golden Idol","Dream Catcher","Astrolabe"],"acts_visited":["Exordium","TheCity"],"potions_floor_usage":[6,8,18,23,23],"damage_taken":[{"damage":16,"enemies":"Jaw Worm","floor":1,"turns":5},{"damage":9,"enemies":"2 Louse","floor":3,"turns":4},{"damage":10,"enemies":"Small Slimes","floor":5,"turns":6},{"damage":36,"enemies":"Gremlin Nob","floor":6,"turns":5},{"damage":10,"enemies":"Looter","floor":7,"turns":4},{"damage":75,"enemies":"3 Sentries","floor":8,"turns":11},{"damage":66,"enemies":"Lagavulin","floor":10,"turns":10},{"damage":23,"enemies":"Blue Slaver","floor":11,"turns":7},{"damage":37,"enemies":"Red Slaver","floor":12,"turns":7},{"damage":75,"enemies":"The Guardian","floor":16,"turns":10},{"damage":18,"enemies":"Shell Parasite","floor":18,"turns":4},{"damage":12,"enemies":"Chosen","floor":20,"turns":5},{"damage":71,"enemies":"3 Cultists","floor":21,"turns":7},{"damage":31,"enemies":"Snake Plant","floor":22,"turns":5},{"damage":43,"enemies":"Slavers","floor":23,"turns":2}],"seed_played":"3068765002467796252","potions_obtained":[{"floor":1,"key":"Energy Potion"},{"floor":5,"key":"DuplicationPotion"},{"floor":8,"key":"Weak Potion"},{"floor":16,"key":"Block Potion"},{"floor":18,"key":"Regen Potion"},{"floor":19,"key":"Ancient Potion"}],"is_trial":false,"path_per_floor":["M","?","M","?","M","E","M","E","T","E","M","M","?","T","R","B",null,"M","?","M","M","M","E"],"character_chosen":"BEAKED_THE_CULTIST","items_purchased":[],"campfire_rested":0,"item_purchase_floors":[],"current_hp_per_floor":[43,43,44,44,50,34,39,17,17,59,62,62,47,47,47,27,62,53,53,60,41,26,0,0],"gold":438,"neow_bonus":"ONE_RANDOM_RARE_CARD","is_daily":false,"chose_seed":false,"campfire_upgraded":1,"win_rate":0.0,"timestamp":1609613363,"path_taken":["M","?","M","?","M","E","M","E","T","E","M","M","?","?","R","BOSS","M","?","?","M","M","E"],"items_purchased_type":[],"build_version":"2020-12-22","purchased_purges":0,"victory":false,"max_hp_per_floor":[50,50,50,50,50,55,55,55,55,62,62,62,62,62,62,62,62,62,62,62,62,62,62,62],"card_choices":[{"not_picked":["beaked:Mantra","beaked:SacrificialAttack"],"picked":"beaked:Devastation","floor":1},{"not_picked":["beaked:HuntressSpirit","beaked:Resilience"],"picked":"beaked:WarriorEssence","floor":3},{"not_picked":["beaked:Evade","beaked:CursingBlood"],"picked":"beaked:BloodForTheGods","floor":5},{"not_picked":["beaked:DesperateSwing","beaked:BounceBack"],"picked":"beaked:VigorBurst","floor":6},{"not_picked":["beaked:Replenish","beaked:Resilience"],"picked":"beaked:Brace","floor":7},{"not_picked":["beaked:BraceForImpact","beaked:FeelMyPain"],"picked":"beaked:Foresight","floor":8},{"not_picked":["beaked:TuckingFeathers","beaked:CheekyTricks"],"picked":"beaked:StunningBlow","floor":10},{"not_picked":["beaked:Redirect","beaked:Windmill"],"picked":"beaked:DesperateSwing","floor":11},{"not_picked":["beaked:Flinch","beaked:Windmill"],"picked":"beaked:BloodRitual","floor":12},{"not_picked":["beaked:FakeOut","beaked:ShadowFade"],"picked":"beaked:FullHouse","floor":16},{"not_picked":["beaked:WarriorEssence+1","beaked:Windmill"],"picked":"beaked:WarriorSpirit","floor":18},{"not_picked":["beaked:Tweet","beaked:Redirect"],"picked":"beaked:StickSmack","floor":20},{"not_picked":["beaked:Brainwash","beaked:Brace"],"picked":"beaked:Resilience","floor":21},{"not_picked":["beaked:Daydream","beaked:Flinch+1"],"picked":"beaked:CursingBlood","floor":22}],"player_experience":643756,"relics_obtained":[{"floor":6,"key":"Gambling Chip"},{"floor":8,"key":"Pocketwatch"},{"floor":10,"key":"Strawberry"},{"floor":14,"key":"Dream Catcher"}],"event_choices":[{"damage_healed":0,"gold_gain":0,"player_choice":"Leave","damage_taken":0,"max_hp_gain":0,"max_hp_loss":0,"event_name":"The Cleric","floor":2,"gold_loss":0},{"damage_healed":0,"gold_gain":0,"player_choice":"Ignored","damage_taken":0,"max_hp_gain":0,"max_hp_loss":0,"event_name":"Liars Game","floor":4,"gold_loss":0},{"damage_healed":0,"gold_gain":0,"player_choice":"Take Damage","damage_taken":15,"relics_obtained":["Golden Idol"],"max_hp_gain":0,"max_hp_loss":0,"event_name":"Golden Idol","floor":13,"gold_loss":0},{"damage_healed":0,"gold_gain":0,"player_choice":"Bought 1 Potion","damage_taken":0,"max_hp_gain":0,"max_hp_loss":0,"event_name":"The Woman in Blue","floor":19,"gold_loss":0}],"is_beta":false,"boss_relics":[{"not_picked":["Calling Bell","Fusion Hammer"],"picked":"Astrolabe"}],"items_purged_floors":[],"is_endless":false,"potions_floor_spawned":[1,5,8,16,18,21],"killed_by":"Slavers","ascension_level":1}}