{"host":"hvutsrv30nr3m3gn","time":1609558463,"event":{"mods":["BaseMod","Colored Powertips","Downfall","Hermit","Marisa????????","Minty Spire (QoL Compilation)","StSLib","The Animator","The Bug Knight","The Cursed"],"gold_per_floor":[99,99,99,99,111,128,210,225,47,65,65,65,65,76,91,91,91,91],"floor_reached":16,"playtime":743,"items_purged":[],"score":92,"play_id":"ba74d65a-564e-4dfa-962e-a5db04f95d90","local_time":"20210101203423","is_ascension_mode":false,"campfire_choices":[{"floor":1,"key":"RECALL"},{"floor":13,"key":"REST"}],"circlet_count":0,"master_deck":["Slimebound:Strike_Slimebound","Slimebound:Strike_Slimebound","Slimebound:Strike_Slimebound","Slimebound:Tackle","Slimebound:Defend_Slimebound","Slimebound:Defend_Slimebound","Slimebound:Defend_Slimebound","Slimebound:Defend_Slimebound","Slimebound:Split","Slimebound:CorrosiveSpit","Slimebound:ViciousTackle","Slimebound:RollThrough","Slimebound:SplitLeeching","Slimebound:GoopSpray","Slimebound:GrowthPunch","Slimebound:RainOfGoop","Slimebound:SlimeSpikes","Bandage Up","Slimebound:SlimeBarrage","Slimebound:LeechLife","Slimebound:Schlurp","Slimebound:ComboTackle"],"relics":["Slimebound:AbsorbEndCombat","downfall:HeartsMalice","Turnip"],"acts_visited":["Exordium"],"potions_floor_usage":[10,16,16],"damage_taken":[{"damage":0,"enemies":"Cultist","floor":2,"turns":1},{"damage":0,"enemies":"2 Louse","floor":3,"turns":1},{"damage":0,"enemies":"Jaw Worm","floor":4,"turns":1},{"damage":16,"enemies":"Large Slime","floor":5,"turns":5},{"damage":19,"enemies":"2 Fungi Beasts","floor":6,"turns":3},{"damage":16,"enemies":"Blue Slaver","floor":8,"turns":4},{"damage":14,"enemies":"downfall:FleeingMerchant","floor":9,"turns":4},{"damage":11,"enemies":"Lots of Slimes","floor":10,"turns":3},{"damage":22,"enemies":"2 Fungi Beasts","floor":14,"turns":3},{"damage":13,"enemies":"3 Louse","floor":15,"turns":3},{"damage":83,"enemies":"downfall:Defect","floor":16,"turns":6}],"seed_played":"8134254684932857310","potions_obtained":[{"floor":5,"key":"AttackPotion"},{"floor":6,"key":"AttackPotion"},{"floor":8,"key":"Block Potion"},{"floor":14,"key":"CultistPotion"}],"is_trial":false,"path_per_floor":["R","M","M","M","M","M","T","M","$","M","?","?","R","M","M","B"],"character_chosen":"SLIMEBOUND","items_purchased":["Bandage Up","Slimebound:SlimeBarrage"],"campfire_rested":1,"item_purchase_floors":[9,9],"current_hp_per_floor":[60,60,60,60,54,47,47,41,41,44,60,53,60,47,52,0,0,0],"gold":91,"neow_bonus":"THREE_ENEMY_KILL","is_daily":false,"chose_seed":false,"campfire_upgraded":0,"win_rate":0.0,"timestamp":1609558463,"path_taken":["R","M","M","M","M","M","T","M","$","M","?","?","R","M","M","BOSS"],"items_purchased_type":["Card","Card"],"build_version":"2020-12-22","purchased_purges":0,"victory":false,"max_hp_per_floor":[60,60,60,60,60,60,60,60,60,60,60,60,60,60,60,60,60,60],"card_choices":[{"not_picked":["Slimebound:LeechingTouch","Slimebound:ComboTackle"],"picked":"Slimebound:ViciousTackle","floor":2},{"not_picked":["Slimebound:AcidTongue","Slimebound:ViciousTackle"],"picked":"Slimebound:RollThrough","floor":3},{"not_picked":["Slimebound:FlameTackle","Slimebound:SlimeTap"],"picked":"Slimebound:SplitLeeching","floor":4},{"not_picked":["Slimebound:SplitAcid","Slimebound:Nibble"],"picked":"Slimebound:GoopSpray","floor":5},{"not_picked":["Slimebound:SplitMire","Slimebound:LivingWall"],"picked":"Slimebound:GrowthPunch","floor":6},{"not_picked":["Slimebound:FirmFortitude","Slimebound:SlimeTap"],"picked":"Slimebound:RainOfGoop","floor":8},{"not_picked":["Slimebound:AcidTongue","Slimebound:ForwardTackle"],"picked":"Slimebound:SlimeSpikes","floor":9},{"not_picked":["Slimebound:Equalize","Slimebound:SlimeBarrage"],"picked":"Slimebound:LeechLife","floor":10},{"not_picked":["Slimebound:GoopSpray","Slimebound:GrowthPunch"],"picked":"Slimebound:Schlurp","floor":14},{"not_picked":["Slimebound:ViciousTackle","Slimebound:SplitLeeching"],"picked":"Slimebound:ComboTackle","floor":15}],"player_experience":62360,"relics_obtained":[],"event_choices":[{"damage_healed":20,"gold_gain":0,"player_choice":"Banana","damage_taken":0,"max_hp_gain":0,"max_hp_loss":0,"event_name":"Big Fish","floor":11,"gold_loss":0},{"damage_healed":0,"gold_gain":0,"player_choice":"Success","damage_taken":7,"relics_obtained":["Turnip"],"max_hp_gain":0,"max_hp_loss":0,"event_name":"Scrap Ooze","floor":12,"gold_loss":0}],"is_beta":false,"boss_relics":[],"items_purged_floors":[],"is_endless":false,"potions_floor_spawned":[5,6,8,14],"killed_by":"downfall:Defect","ascension_level":0}}