{"host":"7bzprrpqr2usgpra","time":1609590197,"event":{"mods":["ATMod(阿瑾Mod)","BaseMod","BetterRewards","Dota2Spire","HololiveMod","Infinite Spire","Lobotomy","Minty Spire (QoL Compilation)","MostiFishMod","Quick Restart","Spicy Shops","StSLib","TestMod","TheWitcher","[IsaacMod]以撒尖塔","【遗物卡牌】REMEMod"],"gold_per_floor":[-1290,-1279,-879,-859,-859,-859,-847,-816,-816,-816,-804,-783,-750,-731,-731,-648,-648,-629,-629,-606,-583,-566,-566,-509,-478,-407,-407,-376,-350,-350,-350,-350,-267,-267,-244,-179,-179,-161,-117,-71,-71,-32,-32,-32,-1,30,63,63,63,76,76,76,76,121,193],"floor_reached":56,"playtime":1619,"items_purged":["Strike_R"],"score":3268,"play_id":"43599cd3-cae0-4066-9f55-03bab9d40385","local_time":"20210102202317","is_ascension_mode":true,"campfire_choices":[{"data":"Demon Form","floor":6,"key":"SMITH"},{"data":"AT_MachinaRedman","floor":10,"key":"SMITH"},{"data":"MostiFishMod:ChineseTea","floor":15,"key":"SMITH"},{"data":"Battle Trance","floor":23,"key":"SMITH"},{"data":"testmod-FightingIntention","floor":30,"key":"SMITH"},{"data":"MostiFishMod:HellRitual","floor":32,"key":"SMITH"},{"floor":41,"key":"RECALL"},{"data":"MostiFishMod:TemporaryOutbreak","floor":49,"key":"SMITH"},{"data":"BloodyBrimstone","floor":52,"key":"SMITH"}],"circlet_count":0,"master_deck":["AscendersBane","Strike_R","Strike_R","Defend_R+1","Defend_R+1","Bash","BloodyBrimstone+1","AT_MachinaRedman+1","testmod-FightingIntention+1","Demon Form+1","MostiFishMod:ChineseTea+1","Metallicize","AT_ManFootWork","Heavy Blade","Demon Form+1","Heavy Blade","AT_CaressingTears","Battle Trance+1","MostiFishMod:TemporaryOutbreak+1","Corruption","Uppercut+1","Intimidate+1","Whirlwind+1","Dark Embrace+1","Blood for Blood","AT_BodySlamDance","Bash","AT_IchimonjiDouble","Sever Soul","MostiFishMod:HellRitual+1","MostiFishMod:PerfectStrikeMKII","AT_IchimonjiDouble+1","Armaments+1","REME_Fury+1","Ghostly Armor","Spot Weakness+1","REME_TheLastStrike+1","MostiFishMod:UltimateDefense+1","MostiFishMod:#F4004","Demon Form+1"],"relics":["Burning Blood","HushsDoor","AT_ATBox","DaveBox","testmod-DeterminationOfClimber","GuppysTail","SynthV:MejaisSoulstealer","TheBean","AT_GuinsooRageblade","War Paint","infinitespire:Lychee Nut","BirthdayGift-Tetrahedron","testmod-IntensifyImprint","Dota2Spire:ArcaneBoots","infinitespire:Magic Flask","SynthV:TestCard","SynthV:C4","infinitespire:EmpoweringShard","UnicornStump","Coffee Dripper","DoctorsRemote","SalivaCoin","MealTicket","Dota2Spire:UrnOfShadows","Astrolabe","Paper Frog","CeramicFish","DaveBox","BrkXgEgg","Dota2Spire:LotusOrb","testmod-ArcanaOfDestiny","Dota2Spire:MonkeyKingBar","AT_SpeedBoots","testmod-Hope","Toy Ornithopter"],"acts_visited":["Exordium","TheCity","TheBeyond","TheEnding"],"potions_floor_usage":[1],"damage_taken":[{"damage":2,"enemies":"2 Louse","floor":1,"turns":2},{"damage":0,"enemies":"Jaw Worm","floor":2,"turns":1},{"damage":0,"enemies":"Small Slimes","floor":4,"turns":1},{"damage":2,"enemies":"Blue Slaver","floor":7,"turns":2},{"damage":19,"enemies":"Gremlin Nob","floor":8,"turns":3},{"damage":2,"enemies":"2 Fungi Beasts","floor":11,"turns":2},{"damage":0,"enemies":"Exordium Wildlife","floor":12,"turns":1},{"damage":0,"enemies":"3 Sentries","floor":13,"turns":1},{"damage":0,"enemies":"Large Slime","floor":14,"turns":1},{"damage":2,"enemies":"Slime Boss","floor":16,"turns":2},{"damage":0,"enemies":"Chosen","floor":18,"turns":1},{"damage":0,"enemies":"2 Thieves","floor":20,"turns":1},{"damage":0,"enemies":"Cultist and Chosen","floor":21,"turns":1},{"damage":0,"enemies":"Centurion and Healer","floor":22,"turns":1},{"damage":0,"enemies":"Hiden Room Battle","floor":24,"turns":1},{"damage":0,"enemies":"Gremlin Leader","floor":25,"turns":1},{"damage":0,"enemies":"Book of Stabbing","floor":28,"turns":1},{"damage":0,"enemies":"Snake Plant","floor":29,"turns":1},{"damage":0,"enemies":"Champ","floor":33,"turns":1},{"damage":0,"enemies":"Orb Walker","floor":35,"turns":1},{"damage":0,"enemies":"Hiden Room Battle","floor":36,"turns":1},{"damage":0,"enemies":"3 Darklings","floor":38,"turns":1},{"damage":7,"enemies":"4 Shapes","floor":39,"turns":1},{"damage":0,"enemies":"Nightmare","floor":40,"turns":1},{"damage":0,"enemies":"Nemesis","floor":42,"turns":1},{"damage":0,"enemies":"Reptomancer","floor":45,"turns":1},{"damage":0,"enemies":"Sphere and 2 Shapes","floor":46,"turns":1},{"damage":0,"enemies":"Transient","floor":47,"turns":1},{"damage":2,"enemies":"Donu and Deca","floor":50,"turns":1},{"damage":0,"enemies":"Shield and Spear","floor":54,"turns":1},{"damage":4,"enemies":"Delirium","floor":55,"turns":3}],"seed_played":"-5167608600379486478","potions_obtained":[{"floor":1,"key":"Fruit Juice"},{"floor":2,"key":"Strength Potion"},{"floor":7,"key":"PowerPotion"}],"is_trial":false,"path_per_floor":["M","M","?","M","?","R","M","E","T","R","M","M","E","M","R","B",null,"M","?","M","M","M","R","?","E","T","?","E","M","R","?","R","B",null,"M","?","?","M","M","NM","R","E","T","$","E","M","M","T","R","B",null,"R","$","E","B",null],"character_chosen":"IRONCLAD","items_purchased":["TheBean","AT_GuinsooRageblade","War Paint","testmod-FightingIntention","Demon Form","MostiFishMod:ChineseTea","BirthdayGift-Tetrahedron","testmod-IntensifyImprint","Dota2Spire:ArcaneBoots","Metallicize"],"campfire_rested":0,"item_purchase_floors":[0,0,0,0,0,0,0,0,0,0],"current_hp_per_floor":[32,38,38,44,44,44,51,51,51,51,59,61,61,61,61,61,61,61,61,61,61,61,61,61,61,61,61,61,61,61,61,61,61,61,61,61,61,61,61,61,61,61,61,61,61,61,61,61,61,61,61,61,61,61,58],"gold":193,"neow_bonus":"","is_daily":false,"chose_seed":false,"campfire_upgraded":8,"win_rate":0.0,"timestamp":1609590197,"path_taken":["M","M","?","M","?","R","M","E","T","R","M","M","E","M","R","BOSS","M","?","M","M","M","R","?","E","T","?","E","?","R","?","R","BOSS","M","?","?","M","?","NM","R","E","T","?","E","M","M","?","R","BOSS","R","$","E","BOSS"],"items_purchased_type":["Relic","Relic","Relic","Card","Card","Card","Relic","Relic","Relic","Card"],"build_version":"2020-12-22","purchased_purges":1,"victory":true,"max_hp_per_floor":[61,61,61,61,61,61,61,61,61,61,61,61,61,61,61,61,61,61,61,61,61,61,61,61,61,61,61,61,61,61,61,61,61,61,61,61,61,61,61,61,61,61,61,61,61,61,61,61,61,61,61,61,61,61,58],"card_choices":[{"not_picked":[],"picked":"BloodyBrimstone","floor":0},{"not_picked":["Entrench","Iron Wave"],"picked":"AT_ManFootWork","floor":1},{"not_picked":["Perfected Strike","Disarm","Shrug It Off","Bludgeon"],"picked":"Heavy Blade","floor":2},{"not_picked":["Feel No Pain","True Grit","Havoc","Warcry"],"picked":"Bomb","floor":4},{"not_picked":["Blood for Blood","Havoc","Sword Boomerang","Seeing Red"],"picked":"Heavy Blade","floor":7},{"not_picked":["Pommel Strike","Thunderclap","True Grit","Bomb"],"picked":"AT_CaressingTears","floor":8},{"not_picked":["Carnage","Wild Strike","Armaments","Rampage"],"picked":"Battle Trance","floor":11},{"not_picked":["Havoc","Cleave","Searing Blow","Ghostly Armor","Bomb"],"picked":"SKIP","floor":12},{"not_picked":["Feel No Pain","Second Wind","Disarm","Pommel Strike"],"picked":"MostiFishMod:TemporaryOutbreak","floor":13},{"not_picked":["Pommel Strike","Clash","REME_SingleHolding","Warcry","Thunderclap"],"picked":"SKIP","floor":14},{"not_picked":["Immolate","MostiFishMod:TemporaryOutbreak","Berserk","MostiFishMod:HellRitual"],"picked":"Corruption","floor":16},{"not_picked":["Second Wind","AT_BodySlamDance","Iron Wave","Flex"],"picked":"Uppercut+1","floor":18},{"not_picked":["Sword Boomerang","Havoc","Perfected Strike","Ghostly Armor"],"picked":"Intimidate+1","floor":20},{"not_picked":["Twin Strike","Sever Soul","AT_BodySlamDance","Dropkick+1"],"picked":"Whirlwind+1","floor":21},{"not_picked":["Heavy Blade","Infernal Blade","Wild Strike","infinitespire:OneForAll"],"picked":"Dark Embrace+1","floor":22},{"not_picked":["Cleave","Exhume","Sword Boomerang","Pummel"],"picked":"Blood for Blood","floor":24},{"not_picked":["Rage","Wild Strike","Combust","Clash"],"picked":"AT_BodySlamDance","floor":25},{"not_picked":["REME_FearOfPain","Thunderclap","Anger","Flex"],"picked":"AT_IchimonjiDouble","floor":28},{"not_picked":["Warcry","Rampage","Headbutt","AT_ManFootWork"],"picked":"Sever Soul","floor":29},{"not_picked":["MostiFishMod:404NotFound","MostiFishMod:ChineseTea","MostiFishMod:HellRitual","Feed"],"picked":"MostiFishMod:PerfectStrikeMKII","floor":33},{"not_picked":["AT_CaressingTears","AT_DiedThrough+1","Clash","Intimidate+1"],"picked":"Ghostly Armor","floor":35},{"not_picked":["AT_BodySlamDance+1","Metallicize","Iron Wave","Body Slam"],"picked":"Spot Weakness+1","floor":36},{"not_picked":["Whirlwind","Cleave+1","Clothesline","Power Through","Havoc"],"picked":"SKIP","floor":38},{"not_picked":["Armaments+1","Pommel Strike","Twin Strike+1","Perfected Strike+1"],"picked":"REME_TheLastStrike+1","floor":39},{"not_picked":["Searing Blow","AT_BodySlamDance","Twin Strike","Iron Wave"],"picked":"MostiFishMod:UltimateDefense+1","floor":40},{"not_picked":["AT_BodySlamDance","AT_IchimonjiDouble+1","Disarm","Warcry","Sword Boomerang"],"picked":"SKIP","floor":42},{"not_picked":["AT_ManFootWork","Cleave","Second Wind","Burning Pact","infinitespire:OneForAll"],"picked":"SKIP","floor":45},{"not_picked":["Dropkick","Armaments","Anger","Flame Barrier"],"picked":"MostiFishMod:#F4004","floor":46},{"not_picked":["Heavy Blade","Immolate+1","Hemokinesis+1","Sentinel+1","AT_IchimonjiDouble"],"picked":"SKIP","floor":47},{"not_picked":["Double Tap+1","Cleave","AT_IchimonjiDouble","Power Through"],"picked":"Demon Form+1","floor":54}],"player_experience":229600,"relics_obtained":[{"floor":1,"key":"SynthV:TestCard"},{"floor":8,"key":"SynthV:C4"},{"floor":9,"key":"infinitespire:EmpoweringShard"},{"floor":13,"key":"UnicornStump"},{"floor":24,"key":"DoctorsRemote"},{"floor":24,"key":"SalivaCoin"},{"floor":25,"key":"MealTicket"},{"floor":28,"key":"Dota2Spire:UrnOfShadows"},{"floor":36,"key":"Paper Frog"},{"floor":36,"key":"CeramicFish"},{"floor":40,"key":"Dota2Spire:LotusOrb"},{"floor":42,"key":"testmod-ArcanaOfDestiny"},{"floor":43,"key":"Dota2Spire:MonkeyKingBar"},{"floor":45,"key":"AT_SpeedBoots"},{"floor":48,"key":"testmod-Hope"},{"floor":54,"key":"Toy Ornithopter"}],"event_choices":[{"damage_healed":0,"gold_gain":400,"player_choice":"Sell","damage_taken":0,"max_hp_gain":0,"max_hp_loss":0,"event_name":"恩洛斯的盘子","floor":3,"relics_lost":["testmod-TestBox"],"gold_loss":0},{"damage_healed":0,"gold_gain":0,"player_choice":"Ignored","damage_taken":0,"max_hp_gain":0,"max_hp_loss":0,"event_name":"Vampires","floor":19,"gold_loss":0},{"damage_healed":0,"gold_gain":0,"player_choice":"Fight","damage_taken":0,"max_hp_gain":0,"max_hp_loss":0,"event_name":"HidenRoomEvent","floor":24,"gold_loss":0},{"damage_healed":0,"gold_gain":0,"player_choice":"1 cards matched","damage_taken":0,"max_hp_gain":0,"max_hp_loss":0,"event_name":"Match and Keep!","floor":27,"gold_loss":0,"cards_obtained":["Bash"]},{"damage_healed":0,"gold_gain":0,"player_choice":"Read","damage_taken":0,"max_hp_gain":0,"max_hp_loss":0,"event_name":"The Library","floor":31,"gold_loss":0,"cards_obtained":["MostiFishMod:HellRitual"]},{"damage_healed":0,"gold_gain":0,"player_choice":"Fight","damage_taken":0,"max_hp_gain":0,"max_hp_loss":0,"event_name":"HidenRoomEvent","floor":36,"gold_loss":0},{"damage_healed":0,"gold_gain":0,"player_choice":"Swap Relic","damage_taken":0,"relics_obtained":["DaveBox"],"max_hp_gain":0,"max_hp_loss":0,"event_name":"给自己的盒子","floor":37,"relics_lost":["REME_ComplimentaryCards"],"gold_loss":0}],"is_beta":false,"boss_relics":[{"not_picked":["testmod-KeyOfTheVoid","Pandora\u0027s Box"],"picked":"Coffee Dripper"},{"not_picked":[]},{"not_picked":["Velvet Choker","testmod-Recursion"],"picked":"Astrolabe"},{"not_picked":[]}],"items_purged_floors":[0],"is_endless":false,"potions_floor_spawned":[1,2,7,13,14,18,21,22,25,28,35,36,38,45,54],"ascension_level":15}}