{"host":"gpkbl0cayp7vm3va","time":1609561110,"event":{"mods":["BaseMod","Bestiary","Colored Map","Curses Come First","Downfall","Highlight Path","Minty Spire (QoL Compilation)","Replay The Spire","Robot Space Explorer","StSLib","The Animator"],"gold_per_floor":[113,126,44,44,44,103,115,150,195,195,214,214,214,146,146,243,243,243,243],"floor_reached":18,"playtime":2371,"items_purged":[],"score":168,"play_id":"b1871aa9-37a2-4412-a96b-b4df072dd2ba","local_time":"20210101211830","is_ascension_mode":false,"campfire_choices":[{"data":"Apotheosis","floor":12.0,"key":"SMITH"},{"floor":15.0,"key":"RECALL"}],"circlet_count":2,"master_deck":["animator:Strike_FullmetalAlchemist","animator:Defend_FullmetalAlchemist","animator:Defend","animator:Defend","animator:Defend","animator:ElricEdward","animator:ElricAlphonse","Apotheosis+1","Blind","animator:RoyMustang","animator:MaesHughes","animator:Pride","animator:Greed","animator:Envy","animator:ElricEdward","animator:Scar","animator:Saitama","animator:AcuraTooru+1","animator:GoblinSlayer+1","animator:Ainz+1"],"relics":["animator:LivingPicture","Circlet","animator:TheMissingPiece","Art of War","Omamori","Centennial Puzzle","Astrolabe"],"acts_visited":[],"potions_floor_usage":[],"damage_taken":[{"damage":2.0,"enemies":"Cultist","floor":1.0,"turns":4.0},{"damage":0.0,"enemies":"2 Louse","floor":2.0,"turns":4.0},{"damage":9.0,"enemies":"3 Sentries","floor":6.0,"turns":7.0},{"damage":2.0,"enemies":"Small Slimes","floor":7.0,"turns":4.0},{"damage":3.0,"enemies":"Lagavulin","floor":8.0,"turns":7.0},{"damage":5.0,"enemies":"2 Fungi Beasts","floor":11.0,"turns":2.0},{"damage":22.0,"enemies":"Slime Boss","floor":16.0,"turns":10.0},{"damage":0,"enemies":"2 Thieves","floor":18,"turns":1}],"seed_played":"8902213588684699406","potions_obtained":[{"floor":2.0,"key":"EssenceOfSteel"},{"floor":7.0,"key":"Explosive Potion"},{"floor":8.0,"key":"Block Potion"},{"floor":16.0,"key":"Fire Potion"}],"is_trial":false,"path_per_floor":["M","M","$","?","?","E","M","E","T","$","M","R","?","$","R","B",null,"M"],"character_chosen":"THE_ANIMATOR","items_purchased":["animator:Pride","animator:Scar"],"campfire_rested":0,"item_purchase_floors":[3,14],"current_hp_per_floor":[62,62,62,67,67,58,56,53,53,53,48,48,48,48,48,26,69,69,69],"gold":243,"neow_bonus":"RANDOM_COLORLESS_2","is_daily":false,"chose_seed":false,"campfire_upgraded":1,"win_rate":0.0,"timestamp":1609561110,"path_taken":["M","?","?","?","?","E","M","E","T","$","M","R","?","$","R","BOSS","M"],"items_purchased_type":["Card","Card"],"build_version":"2020-12-22","purchased_purges":0,"victory":false,"max_hp_per_floor":[64,64,64,69,69,69,69,69,69,69,69,69,69,69,69,69,69,69,69],"card_choices":[{"not_picked":["animator:Layla","animator:GuildGirl"],"picked":"animator:RoyMustang","floor":1.0},{"not_picked":["animator:PandorasActor","animator:Togame"],"picked":"animator:MaesHughes","floor":2.0},{"not_picked":["animator:MaesHughes","animator:Benimaru"],"picked":"animator:Greed","floor":6.0},{"not_picked":["animator:Sloth","animator:MaesHughes"],"picked":"animator:Envy","floor":7.0},{"not_picked":["animator:Guy","animator:Azekura"],"picked":"animator:Shichika","floor":8.0},{"not_picked":["animator:Gillette","animator:Demiurge"],"picked":"animator:ElricEdward","floor":11.0},{"not_picked":["animator:Eve","animator:GoblinSlayer"],"picked":"animator:Saitama","floor":16.0}],"player_experience":727756,"relics_obtained":[{"floor":6.0,"key":"Art of War"},{"floor":8.0,"key":"Omamori"},{"floor":9.0,"key":"Centennial Puzzle"}],"event_choices":[{"damage_healed":0.0,"max_hp_gain":5.0,"max_hp_loss":0.0,"gold_gain":0.0,"event_name":"Big Fish","player_choice":"Donut","floor":4.0,"gold_loss":0.0,"damage_taken":0.0},{"cards_removed":["animator:Strike"],"damage_healed":0.0,"max_hp_gain":0.0,"max_hp_loss":0.0,"gold_gain":0.0,"event_name":"Living Wall","player_choice":"Forget","floor":5.0,"gold_loss":0.0,"damage_taken":0.0},{"damage_healed":0.0,"max_hp_gain":0.0,"max_hp_loss":0.0,"gold_gain":0.0,"event_name":"Shining Light","player_choice":"Ignored","floor":13.0,"gold_loss":0.0,"damage_taken":0.0}],"is_beta":false,"boss_relics":[{"not_picked":["animator:CursedBlade","Runic Dome"],"picked":"Astrolabe"}],"items_purged_floors":[],"is_endless":false,"potions_floor_spawned":[2,7,8,16],"killed_by":"2 Thieves","ascension_level":0}}