{"host":"64h6jdpsiwrne03s","time":1609581260,"event":{"mods":["Act Like it!","BaseMod","Bestiary","Colored Powertips","Gensokyo","Marisa£®ÏF”Í°°ƒß¿Ì…≥£©","Minty Spire (QoL Compilation)","Reimu£®≤©¿ˆ¡È√Œ£©","Remilia£®¿Ÿ√◊¿Ú—«£©","RumiaBox-¬∂√◊Ê´µƒ…Ò√ÿ∫–◊”","StSLib","The Servant 0.9.4","Youmu£®ªÍ∆«—˝√Œ£©"],"gold_per_floor":[110,110,110,110,120,145,145,171,194,222,62,74,93,93,93,194,194,205,194,217,217,97,125,125,142,167,11,11,28,56,56,56,156,156,167,181,81,81,81,106,118,148,148,148,148,148],"floor_reached":45,"playtime":2910,"items_purged":["Strike_Lin:ReiMu","DependentForm:ReiMu"],"score":798,"play_id":"1206153f-7145-47a9-9fec-f7d8170b6767","local_time":"20210102175420","is_ascension_mode":true,"campfire_choices":[{"data":"ShadowOfCrow2:ReiMu","floor":7.0,"key":"SMITH"},{"data":"TightArray:ReiMu","floor":15.0,"key":"SMITH"},{"data":"Free:ReiMu","floor":24.0,"key":"SMITH"},{"floor":32.0,"key":"REST"}],"circlet_count":0,"master_deck":["AscendersBane","NB:ReiMu","ShadowOfCrow2:ReiMu+1","ShadowOfCrow2:ReiMu","Free:ReiMu+1","FoulBorder2:ReiMu","YinYang:ReiMu","RainPray2:ReiMu","RunawayExorcism:ReiMu+1","DependentForm:ReiMu","KamiRite:ReiMu","CeremonyResonance:ReiMu+1","DependentForm:ReiMu","Amulet:ReiMu","SealNeedle:ReiMu","EmergencyTakeOff:ReiMu+1"],"relics":["ShineYinYang:ReiMu","NeowsBlessing","Gensokyo:Justice","PreservedInsect","ScarletDevilRocket","Juzu Bracelet","Tiny Chest","GodSword1","Nilry\u0027s Codex","Pear","Gensokyo:MaskOfHope","Blue Candle","Omamori","Pen Nib","KaguraBell:ReiMu","Pandora\u0027s Box","Gensokyo:DualWield","Potion Belt","War Paint","Mummified Hand"],"acts_visited":["Gensokyo:Gensokyo","Gensokyo:Gensokyoer","Gensokyo:Gensokyoest"],"potions_floor_usage":[33,33,45],"damage_taken":[{"damage":0.0,"enemies":"Gensokyo:Python","floor":1.0,"turns":1.0},{"damage":0.0,"enemies":"Gensokyo:3_Fairies","floor":5.0,"turns":1.0},{"damage":0.0,"enemies":"Gensokyo:Mamizou","floor":6.0,"turns":2.0},{"damage":1.0,"enemies":"Gensokyo:Aya","floor":8.0,"turns":5.0},{"damage":0.0,"enemies":"Gensokyo:Cirno","floor":10.0,"turns":5.0},{"damage":0.0,"enemies":"Gensokyo:2_Kodama","floor":12.0,"turns":3.0},{"damage":0.0,"enemies":"Gensokyo:VengefulSpirit","floor":13.0,"turns":4.0},{"damage":18.0,"enemies":"Gensokyo:Kokoro","floor":16.0,"turns":9.0},{"damage":20.0,"enemies":"Gensokyo:AngelMirror","floor":18.0,"turns":5.0},{"damage":28.0,"enemies":"Gensokyo:Koishi","floor":23.0,"turns":7.0},{"damage":0.0,"enemies":"Gensokyo:Chomper","floor":25.0,"turns":3.0},{"damage":4.0,"enemies":"Gensokyo:Slime_Group","floor":29.0,"turns":6.0},{"damage":7.0,"enemies":"Gensokyo:Reisen","floor":30.0,"turns":4.0},{"damage":11,"enemies":"Gensokyo:Kaguya","floor":33,"turns":11},{"damage":7,"enemies":"Gensokyo:AncientGuardian","floor":35,"turns":6},{"damage":9,"enemies":"Gensokyo:3_Boulders","floor":36,"turns":4},{"damage":5,"enemies":"Gensokyo:Kasen","floor":40,"turns":4},{"damage":15,"enemies":"Gensokyo:Rafflesia","floor":41,"turns":6},{"damage":13,"enemies":"Gensokyo:Marisa","floor":42,"turns":6},{"damage":18,"enemies":"Gensokyo:Kasen","floor":45,"turns":3}],"seed_played":"-4255789467122080649","potions_obtained":[{"floor":6.0,"key":"Fire Potion"},{"floor":8.0,"key":"FearPotion"},{"floor":12.0,"key":"Dexterity Potion"},{"floor":13.0,"key":"Weak Potion"},{"floor":29.0,"key":"SkillPotion"},{"floor":40,"key":"Ancient Potion"}],"is_trial":false,"path_per_floor":["M","?","?","?","M","E","R","E","T","E","?","M","M","?","R","B",null,"M","?","T","?","?","E","R","M","T","$","?","M","E","T","R","B",null,"M","M","$","?","?","E","M","E","T","?","E"],"character_chosen":"REIMU","items_purchased":["FoulBorder2:ReiMu"],"campfire_rested":1,"item_purchase_floors":[27],"current_hp_per_floor":[59,59,59,59,59,59,59,58,58,58,58,58,58,53,53,35,65,45,65,65,65,65,37,37,37,37,37,37,33,26,26,48,37,66,59,50,50,50,50,45,30,17,17,17,0,0],"gold":148,"neow_bonus":"THREE_ENEMY_KILL","is_daily":false,"chose_seed":false,"campfire_upgraded":3,"win_rate":0.0,"timestamp":1609581260,"path_taken":["M","?","?","?","M","E","R","E","T","E","?","M","M","?","R","BOSS","M","?","?","?","?","E","R","M","T","$","?","M","E","?","R","BOSS","M","M","$","?","?","E","M","E","T","?","E"],"items_purchased_type":["Card"],"build_version":"2020-12-22","purchased_purges":2,"victory":false,"max_hp_per_floor":[65,65,65,65,65,65,65,65,65,65,65,65,65,75,75,75,75,75,75,75,75,75,75,75,75,75,75,75,75,75,75,75,75,75,75,75,75,75,75,75,75,75,75,75,75,75],"card_choices":[{"not_picked":["SpringWay:ReiMu","FineLineFantasy:ReiMu"],"picked":"ShadowOfCrow2:ReiMu","floor":1.0},{"not_picked":["LearningPray:ReiMu","SubcavityInstant:ReiMu"],"picked":"ShadowOfCrow2:ReiMu","floor":5.0},{"not_picked":["SpringWay:ReiMu","EmergencyTakeOff:ReiMu"],"picked":"TightArray:ReiMu","floor":6.0},{"not_picked":["RunawayExorcism:ReiMu","AlertArray:ReiMu","SubcavityInstant:ReiMu"],"picked":"SKIP","floor":8.0},{"not_picked":["Intuition:ReiMu","NineCharacters:ReiMu"],"picked":"RainPray2:ReiMu","floor":10.0},{"not_picked":["SpringWay:ReiMu","SafetyPray:ReiMu","SubcavityInstant:ReiMu"],"picked":"SKIP","floor":12.0},{"not_picked":["Enchanting:ReiMu","AlertArray:ReiMu","Meditation:ReiMu"],"picked":"SKIP","floor":13.0},{"not_picked":["OctopathSalyBorderN:ReiMu","Determination:ReiMu"],"picked":"Free:ReiMu","floor":16.0},{"not_picked":["OrbThrow:ReiMu","Amulet:ReiMu","Enchanting:ReiMu+1"],"picked":"SKIP","floor":18.0},{"not_picked":["SafetyPray:ReiMu","KamiSacrifice:ReiMu","Gathering:ReiMu"],"picked":"SKIP","floor":23.0},{"not_picked":["AirStrike:ReiMu","Conquer:ReiMu","SpreadBorder2:ReiMu"],"picked":"SKIP","floor":25.0},{"not_picked":["OrbThrow:ReiMu","LovePray:ReiMu","TightArray:ReiMu"],"picked":"SKIP","floor":29.0},{"not_picked":["OrbThrow:ReiMu","Amulet:ReiMu","WonderfulDomain:ReiMu+1"],"picked":"SKIP","floor":30.0},{"not_picked":["Free:ReiMu","CeremonyResonance:ReiMu"],"picked":"DependentForm:ReiMu","floor":33},{"not_picked":["Gathering:ReiMu+1","Conquer:ReiMu"],"picked":"Amulet:ReiMu","floor":35},{"not_picked":["BarrageOfMoneybags:ReiMu","SpringWay:ReiMu","MikOfLucky:ReiMu"],"picked":"SKIP","floor":36},{"not_picked":["AlertArray:ReiMu","ForcedLanding:ReiMu+1","RunawayExorcism:ReiMu"],"picked":"SKIP","floor":40},{"not_picked":["SpringWay:ReiMu","TightArray:ReiMu+1"],"picked":"SealNeedle:ReiMu","floor":41},{"not_picked":["Intuition:ReiMu+1","CollectionFlower2:ReiMu"],"picked":"EmergencyTakeOff:ReiMu+1","floor":42}],"player_experience":347758,"relics_obtained":[{"floor":6.0,"key":"ScarletDevilRocket"},{"floor":8.0,"key":"Juzu Bracelet"},{"floor":9.0,"key":"Tiny Chest"},{"floor":10.0,"key":"GodSword1"},{"floor":23.0,"key":"Blue Candle"},{"floor":26.0,"key":"Omamori"},{"floor":30.0,"key":"Pen Nib"},{"floor":31.0,"key":"KaguraBell:ReiMu"},{"floor":40,"key":"Potion Belt"},{"floor":42,"key":"War Paint"},{"floor":43,"key":"Mummified Hand"}],"event_choices":[],"is_beta":false,"boss_relics":[{"not_picked":["SlaversCollar","RedLine:ReiMu"],"picked":"ShineYinYang:ReiMu"},{"not_picked":["Tiny House","Astrolabe"],"picked":"Pandora\u0027s Box"}],"items_purged_floors":[27,37],"is_endless":false,"potions_floor_spawned":[6,8,12,13,29,40],"killed_by":"Gensokyo:Kasen","ascension_level":10}}