{"host":"52zmxm0oht7x0uft","time":1609588311,"event":{"mods":["AchievementEnabler","BaseMod","Colored Map","Minty Spire (QoL Compilation)","Quick Restart"],"gold_per_floor":[112,112,112,37,54,82,94,107,107,128,146,46,73,86,86,191,191,207,307,146,164,182,182,182],"floor_reached":23,"playtime":955,"items_purged":["Strike_R","Bash","Strike_R"],"score":285,"play_id":"31959f5b-bb83-4ac7-a9a8-4bf2eb88f3b0","local_time":"20210102125151","is_ascension_mode":true,"campfire_choices":[{"data":"Heavy Blade","floor":15,"key":"SMITH"}],"circlet_count":0,"master_deck":["Strike_R","Strike_R+1","Defend_R","Defend_R","Defend_R+1","Defend_R","Spot Weakness","Anger","Heavy Blade+1","Flame Barrier","Double Tap","Flex+1","Battle Trance"],"relics":["Burning Blood","NeowsBlessing","Magic Flower","Charon\u0027s Ashes","Odd Mushroom","Paper Frog","Black Star"],"acts_visited":["Exordium","TheCity"],"potions_floor_usage":[13,16,23],"damage_taken":[{"damage":0,"enemies":"Cultist","floor":1,"turns":1},{"damage":0,"enemies":"Small Slimes","floor":5,"turns":1},{"damage":0,"enemies":"Lagavulin","floor":6,"turns":1},{"damage":6,"enemies":"2 Louse","floor":7,"turns":2},{"damage":7,"enemies":"Lots of Slimes","floor":8,"turns":5},{"damage":13,"enemies":"The Mushroom Lair","floor":10,"turns":4},{"damage":1,"enemies":"2 Fungi Beasts","floor":11,"turns":4},{"damage":45,"enemies":"Gremlin Nob","floor":13,"turns":6},{"damage":17,"enemies":"Exordium Thugs","floor":14,"turns":5},{"damage":28,"enemies":"Hexaghost","floor":16,"turns":10},{"damage":20,"enemies":"3 Byrds","floor":18,"turns":4},{"damage":21,"enemies":"Spheric Guardian","floor":21,"turns":5},{"damage":29,"enemies":"Centurion and Healer","floor":22,"turns":7},{"damage":70,"enemies":"Book of Stabbing","floor":23,"turns":4}],"seed_played":"-4263319900277422315","potions_obtained":[{"floor":1,"key":"Block Potion"},{"floor":5,"key":"FairyPotion"},{"floor":6,"key":"Dexterity Potion"},{"floor":13,"key":"Weak Potion"},{"floor":18,"key":"SneckoOil"}],"is_trial":false,"path_per_floor":["M","?","?","$","M","E","M","M","T","?","M","$","E","M","R","B",null,"M","?","$","M","M","E"],"character_chosen":"IRONCLAD","items_purchased":["Battle Trance"],"campfire_rested":0,"item_purchase_floors":[20],"current_hp_per_floor":[80,80,64,64,70,76,79,80,80,76,80,80,44,36,36,17,64,53,53,53,41,21,0,0],"gold":182,"neow_bonus":"THREE_ENEMY_KILL","is_daily":false,"chose_seed":false,"campfire_upgraded":1,"win_rate":0.0,"timestamp":1609588311,"path_taken":["M","?","?","$","M","E","M","M","T","?","M","$","E","M","R","BOSS","M","?","$","M","M","E"],"items_purchased_type":["Card"],"build_version":"2020-12-22","purchased_purges":3,"victory":false,"max_hp_per_floor":[80,80,80,80,80,80,80,80,80,80,80,80,80,80,80,80,80,80,80,80,80,80,80,80],"card_choices":[{"not_picked":["Shrug It Off","Infernal Blade"],"picked":"Spot Weakness","floor":1},{"not_picked":["Hemokinesis","Dropkick"],"picked":"Heavy Blade","floor":5},{"not_picked":["Anger","Bludgeon","Armaments"],"picked":"SKIP","floor":6},{"not_picked":["True Grit","Headbutt"],"picked":"Flame Barrier","floor":7},{"not_picked":["Seeing Red","Shrug It Off","Twin Strike"],"picked":"SKIP","floor":8},{"not_picked":["Fire Breathing","Iron Wave","Dual Wield"],"picked":"SKIP","floor":11},{"not_picked":["Clothesline","Impervious","Entrench"],"picked":"SKIP","floor":13},{"not_picked":["Body Slam","Inflame","Anger"],"picked":"SKIP","floor":14},{"not_picked":["Bludgeon","Corruption"],"picked":"Double Tap","floor":16},{"not_picked":["Shrug It Off","Twin Strike"],"picked":"Flex+1","floor":18},{"not_picked":["Feel No Pain","Shrug It Off","Heavy Blade"],"picked":"SKIP","floor":21},{"not_picked":["Anger","Twin Strike","Perfected Strike"],"picked":"SKIP","floor":22}],"player_experience":356297,"relics_obtained":[{"floor":6,"key":"Magic Flower"},{"floor":9,"key":"Charon\u0027s Ashes"},{"floor":10,"key":"Odd Mushroom"},{"floor":13,"key":"Paper Frog"}],"event_choices":[{"damage_healed":0,"gold_gain":0,"cards_transformed":["Strike_R"],"player_choice":"Change","damage_taken":0,"max_hp_gain":0,"max_hp_loss":0,"event_name":"Living Wall","floor":2,"gold_loss":0,"cards_obtained":["Anger"]},{"damage_healed":0,"gold_gain":0,"player_choice":"Entered Light","damage_taken":16,"max_hp_gain":0,"max_hp_loss":0,"event_name":"Shining Light","floor":3,"gold_loss":0,"cards_upgraded":["Strike_R","Defend_R"]},{"damage_healed":0,"gold_gain":0,"player_choice":"Fought Mushrooms","damage_taken":0,"max_hp_gain":0,"max_hp_loss":0,"event_name":"Mushrooms","floor":10,"gold_loss":0},{"damage_healed":0,"gold_gain":100,"player_choice":"Pray","damage_taken":0,"max_hp_gain":0,"max_hp_loss":0,"event_name":"Golden Shrine","floor":19,"gold_loss":0}],"is_beta":false,"boss_relics":[{"not_picked":["Coffee Dripper","Fusion Hammer"],"picked":"Black Star"}],"items_purged_floors":[4,12,20],"is_endless":false,"potions_floor_spawned":[1,5,6,11,13,18],"killed_by":"Book of Stabbing","ascension_level":5}}