{"host":"eemx8njkng76fu5x","time":1609618713,"event":{"mods":["2.2 Compatiblity","BaseMod","Downfall","Minty Spire (QoL Compilation)","Permanent Neow","StSLib","Unceasing Turn Reminder","Unknown Chances"],"gold_per_floor":[99,114,170,170,188,188,211,224,257,271,181,181,106,91,102,179,179,179,197,217,229,254,179,203,215,241,253,297,325,369,397,426,438,438,438],"floor_reached":33,"playtime":1494,"items_purged":["Slimebound:Strike_Slimebound"],"score":510,"play_id":"3a4a7f60-2fbf-404f-a042-9e386e4d16a9","local_time":"20210103041833","is_ascension_mode":true,"campfire_choices":[{"data":"Slimebound:CheckThePlaybook","floor":1.0,"key":"SMITH"},{"data":"Slimebound:CorrosiveSpit","floor":6.0,"key":"SMITH"},{"data":"Slimebound:Chomp","floor":13.0,"key":"SMITH"},{"floor":18.0,"key":"RECALL"},{"data":"Slimebound:Split","floor":23.0,"key":"SMITH"}],"circlet_count":0,"master_deck":["AscendersBane","Slimebound:Strike_Slimebound","Slimebound:Tackle","Slimebound:Defend_Slimebound","Slimebound:Defend_Slimebound","Slimebound:Defend_Slimebound","Slimebound:Defend_Slimebound","Slimebound:Split+1","Slimebound:CorrosiveSpit+1","Slimebound:CheckThePlaybook+1","Slimebound:SlimeSpikes","Slimebound:FinishingTackle","Slimebound:RollThrough+1","Slimebound:SamplingLick","Slimebound:Chomp+1","Slimebound:SlimeTap","Slimebound:SlimeSpikes","Slimebound:MegaLick"],"relics":["Slimebound:AbsorbEndCombat","PreservedInsect","Slimebound:AggressiveSlimeRelic","downfall:HeartBlessingBlue","Busted Crown","Dream Catcher","downfall:HeartBlessingRed","Pen Nib","MawBank","Slimebound:SlimedTailRelic","Question Card"],"acts_visited":["Exordium","TheCity"],"potions_floor_usage":[30,30,32],"damage_taken":[{"damage":13.0,"enemies":"Small Slimes","floor":2.0,"turns":5.0},{"damage":29.0,"enemies":"Gremlin Nob","floor":3.0,"turns":4.0},{"damage":4.0,"enemies":"Cultist","floor":5.0,"turns":5.0},{"damage":10.0,"enemies":"2 Louse","floor":8.0,"turns":2.0},{"damage":10.0,"enemies":"Lagavulin","floor":9.0,"turns":4.0},{"damage":4.0,"enemies":"Red Slaver","floor":10.0,"turns":2.0},{"damage":8.0,"enemies":"downfall:FleeingMerchant","floor":11.0,"turns":4.0},{"damage":21.0,"enemies":"downfall:FleeingMerchant","floor":14.0,"turns":4.0},{"damage":8.0,"enemies":"2 Fungi Beasts","floor":15.0,"turns":3.0},{"damage":38.0,"enemies":"downfall:Silent","floor":16.0,"turns":8.0},{"damage":10.0,"enemies":"Shell Parasite","floor":19.0,"turns":3.0},{"damage":15.0,"enemies":"3 Byrds","floor":20.0,"turns":3.0},{"damage":19.0,"enemies":"Cultist and Chosen","floor":21.0,"turns":6.0},{"damage":25,"enemies":"Snake Plant","floor":25,"turns":4},{"damage":14,"enemies":"Slavers","floor":26,"turns":2},{"damage":22,"enemies":"Book of Stabbing","floor":28,"turns":3},{"damage":22,"enemies":"Centurion and Healer","floor":29,"turns":4},{"damage":19,"enemies":"Slavers","floor":30,"turns":4},{"damage":15,"enemies":"3 Cultists","floor":31,"turns":4},{"damage":10,"enemies":"Snecko","floor":32,"turns":3},{"damage":77,"enemies":"downfall:Ironclad","floor":33,"turns":5}],"seed_played":"2025296835017993718","potions_obtained":[{"floor":5.0,"key":"Fire Potion"},{"floor":8.0,"key":"Explosive Potion"},{"floor":15.0,"key":"ColorlessPotion"},{"floor":16.0,"key":"Swift Potion"},{"floor":19.0,"key":"AttackPotion"},{"floor":20.0,"key":"PowerPotion"},{"floor":21.0,"key":"Fire Potion"},{"floor":31,"key":"Explosive Potion"}],"is_trial":false,"path_per_floor":["R","M","?","?","M","R","T","M","E","M","$","?","R","$","M","B",null,"R","M","M","M","T","R","T","M","E","?","E","M","E","M","M","B"],"character_chosen":"SLIMEBOUND","items_purchased":[],"campfire_rested":0,"item_purchase_floors":[],"current_hp_per_floor":[54,49,26,26,28,28,28,26,24,26,30,30,40,33,37,15,56,56,60,59,58,58,58,58,49,51,51,47,47,46,49,47,0,0,0],"gold":438,"neow_bonus":"ONE_RANDOM_RARE_CARD","is_daily":false,"chose_seed":false,"campfire_upgraded":4,"win_rate":0.0,"timestamp":1609618713,"path_taken":["R","M","?","?","?","R","T","M","E","M","$","?","R","$","M","BOSS","R","M","M","M","?","R","T","M","E","?","E","M","E","M","M","BOSS"],"items_purchased_type":[],"build_version":"2020-12-22","purchased_purges":1,"victory":false,"max_hp_per_floor":[60,60,60,60,60,60,60,60,60,60,60,60,70,70,70,70,70,70,70,70,70,70,70,70,70,70,70,70,70,70,70,70,70,70,70],"card_choices":[{"not_picked":["Slimebound:Prepare","Slimebound:SplitBruiser"],"picked":"Slimebound:SlimeSpikes","floor":2.0},{"not_picked":["Slimebound:RainOfGoop","Slimebound:DivideAndConquer","Slimebound:FirmFortitude"],"picked":"SKIP","floor":5.0},{"not_picked":["Slimebound:LeechingTouch","Slimebound:DivideAndConquer"],"picked":"Slimebound:FinishingTackle","floor":8.0},{"not_picked":["Slimebound:MinionMaster","Slimebound:Grow"],"picked":"Slimebound:RollThrough","floor":9.0},{"not_picked":["Slimebound:ComboTackle","Slimebound:GoopTackle"],"picked":"Slimebound:SamplingLick","floor":10.0},{"not_picked":["Slimebound:FirmFortitude","Slimebound:Gluttony"],"picked":"Slimebound:Chomp","floor":11.0},{"not_picked":["Slimebound:GrowthPunch","Slimebound:Replication","Slimebound:Dissolve"],"picked":"SKIP","floor":14.0},{"not_picked":["Slimebound:LevelUp","Slimebound:PressTheAttack"],"picked":"Slimebound:SlimeTap","floor":15.0},{"not_picked":["Slimebound:PressTheAttack+1"],"picked":"SKIP","floor":19.0},{"not_picked":["Slimebound:Prepare"],"picked":"SKIP","floor":20.0},{"not_picked":["Slimebound:SpikyOuterGoop"],"picked":"SKIP","floor":21.0},{"not_picked":["Slimebound:SplitSpecialist"],"picked":"SKIP","floor":25},{"not_picked":["Slimebound:Dissolve"],"picked":"SKIP","floor":26},{"not_picked":["Slimebound:PressTheAttack"],"picked":"SKIP","floor":28},{"not_picked":["Slimebound:LeadByExample"],"picked":"SKIP","floor":29},{"not_picked":["Slimebound:ItLooksTasty"],"picked":"SKIP","floor":30},{"not_picked":["Slimebound:SplitMire"],"picked":"Slimebound:SlimeSpikes","floor":31},{"not_picked":["Slimebound:GrowthPunch"],"picked":"Slimebound:MegaLick","floor":32}],"player_experience":437320,"relics_obtained":[{"floor":3.0,"key":"PreservedInsect"},{"floor":9.0,"key":"Slimebound:AggressiveSlimeRelic"},{"floor":22.0,"key":"Dream Catcher"},{"floor":24.0,"key":"Pen Nib"},{"floor":26,"key":"MawBank"},{"floor":28,"key":"Slimebound:SlimedTailRelic"},{"floor":30,"key":"Question Card"}],"event_choices":[{"cards_removed":["Slimebound:Strike_Slimebound"],"damage_healed":0.0,"max_hp_gain":0.0,"max_hp_loss":0.0,"gold_gain":0.0,"event_name":"Purifier","player_choice":"Purged","floor":4.0,"gold_loss":0.0,"damage_taken":0.0},{"damage_healed":0.0,"max_hp_gain":0.0,"max_hp_loss":0.0,"gold_gain":0.0,"event_name":"Upgrade Shrine","player_choice":"Upgraded","floor":12.0,"gold_loss":0.0,"damage_taken":0.0,"cards_upgraded":["Slimebound:RollThrough"]}],"is_beta":false,"boss_relics":[{"not_picked":["SacredBark","Fusion Hammer"],"picked":"Busted Crown"}],"items_purged_floors":[11],"is_endless":false,"potions_floor_spawned":[5,8,15,16,19,20,21,25,31],"killed_by":"downfall:Ironclad","ascension_level":13}}