{"host":"yecadp3kwkksam5a","time":1609613828,"event":{"mods":["Arknights The Spire","BaseMod","Minty Spire (QoL Compilation)","StSLib","The Hierophant"],"gold_per_floor":[4611,4611,4611,4611,198,198,198,227,227,246,270,140,150,160,160,274,324,349,349,94,122,37,37,77,94,147,181,181,217,217,244,244,352,352,366,366,417,417,445,486,514,514,514,514,547,900,932,959,959,959,959,959,732,770,770],"floor_reached":56,"playtime":2193,"items_purged":["Recycle+1","Turbo","Storm+1","Chaos"],"score":2765,"play_id":"9e2179a0-7729-4c71-bcd0-7d4a3e31bf1d","local_time":"20210103035708","is_ascension_mode":true,"campfire_choices":[{"floor":7,"key":"RECALL"},{"data":"Thinking Ahead","floor":15,"key":"SMITH"},{"data":"Turbo+1","floor":23,"key":"PURGE"},{"data":"Double Energy","floor":28,"key":"PURGE"},{"data":"Turbo+1","floor":30,"key":"PURGE"},{"data":"Aggregate+1","floor":32,"key":"PURGE"},{"data":"Meteor Strike+1","floor":42,"key":"PURGE"},{"data":"Meteor Strike+1","floor":44,"key":"PURGE"},{"data":"Reinforced Body","floor":49,"key":"PURGE"},{"data":"Glacier+1","floor":52,"key":"PURGE"}],"circlet_count":2,"master_deck":["Echo Form+1","White Noise+1","Compile Driver+1","Go for the Eyes+1","Creative AI","Storm+1","Core Surge+1","Chaos+1","Ghostly+1","Ghostly+1","Ghostly+1","Ghostly+1","Ghostly+1","Compile Driver+1","Defragment+1","Multi-Cast+1","Coolheaded+1","Storm","Echo Form+1","Heatsinks+1","Biased Cognition+1","Loop+1","Coolheaded+1","Coolheaded+1","Fission+1","Capacitor+1","Coolheaded+1","Compile Driver+1","Coolheaded+1","Core Surge+1","Compile Driver+1","Thinking Ahead+1","Multi-Cast+1","Seek+1","Thunder Strike+1","Defragment+1","White Noise+1","Defragment+1","Seek+1","White Noise+1","Loop+1","White Noise+1","Biased Cognition+1","Heatsinks+1","Skim+1","Electrodynamics+1","Defragment+1","Heatsinks+1","Defragment+1","Coolheaded+1","Amplify+1","Heatsinks+1","Compile Driver+1","Skim+1","Reboot+1","Storm+1","Seek+1","Coolheaded+1","Capacitor+1","Thunder Strike+1","Biased Cognition+1","Biased Cognition+1","Defragment+1","Coolheaded+1","Multi-Cast+1","Compile Driver+1","Seek+1","Echo Form+1"],"relics":["MawBank","Centennial Puzzle","Membership Card","Molten Egg 2","Inserter","Du-Vu Doll","Ornamental Fan","Prayer Wheel","Art of War","Sozu","Chemical X","Toy Ornithopter","Frozen Egg 2","Eternal Feather","Lantern","Torii","Peace Pipe","Boot","Matryoshka","Pen Nib","Blood Vial","Empty Cage","MawBank","Nilry\u0027s Codex","Tiny Chest","Bag of Marbles","Eternal Feather","Singing Bowl","Inserter","Orichalcum","Ancient Tea Set","OrangePellets","Chemical X","War Paint","Gambling Chip","Akabeko","Strawberry","Toy Ornithopter","Bottled Tornado","Whetstone","TungstenRod","Empty Cage","Dream Catcher","MealTicket","Mercury Hourglass","Runic Pyramid","Bronze Scales","Strawberry","Matryoshka","Blue Candle","MawBank","The Courier","Bottled Tornado","Chemical X","Art of War","Anchor","Orichalcum","Pen Nib","Coffee Dripper","Orrery","HornCleat","Toxic Egg 2","Vajra","Kunai","Smiling Mask","Oddly Smooth Stone","Bag of Marbles","Happy Flower","Mummified Hand","Unceasing Top","Whetstone","Boot","Happy Flower","Vajra","Shuriken","Toxic Egg 2","Singing Bowl","Juzu Bracelet","Frozen Egg 2","HornCleat","Cables","Anchor","MealTicket","Bag of Marbles","Strawberry","Bag of Preparation","StrikeDummy","Bird Faced Urn","Orichalcum","Art of War","Molten Egg 2","Ancient Tea Set","Du-Vu Doll","PreservedInsect","Toolbox","Toy Ornithopter","Nunchaku","DataDisk","Prayer Wheel","Ginger","Dream Catcher","Pen Nib","Whetstone","Eternal Feather","Centennial Puzzle","Pantograph","Mercury Hourglass","Calipers","Turnip","Sundial","Potion Belt","Peace Pipe","CeramicFish","Oddly Smooth Stone","Unceasing Top","Blood Vial","Regal Pillow","Bottled Tornado","Pear","Mango","Lantern","White Beast Statue","Tiny Chest","Omamori","InkBottle","Bronze Scales","War Paint","Tiny House","MawBank","Blue Candle","Question Card","Red Mask","Symbiotic Virus","Gremlin Horn","Kunai","Matryoshka","Ornamental Fan","Pocketwatch","Black Star","CaptainsWheel","Lizard Tail","FossilizedHelix","Torii","TungstenRod","Emotion Chip","Thread and Needle","Old Coin","Incense Burner","Ice Cream","DollysMirror","Circlet"],"acts_visited":["Exordium","TheCity","TheBeyond","TheEnding"],"potions_floor_usage":[],"damage_taken":[{"damage":0,"enemies":"2 Louse","floor":1,"turns":1},{"damage":0,"enemies":"Lagavulin","floor":8,"turns":1},{"damage":0,"enemies":"Small Slimes","floor":10,"turns":1},{"damage":0,"enemies":"Jaw Worm","floor":11,"turns":1},{"damage":0,"enemies":"Blue Slaver","floor":13,"turns":1},{"damage":0,"enemies":"3 Louse","floor":14,"turns":1},{"damage":0,"enemies":"Slime Boss","floor":16,"turns":1},{"damage":0,"enemies":"3 Byrds","floor":18,"turns":1},{"damage":0,"enemies":"Masked Bandits","floor":21,"turns":1},{"damage":0,"enemies":"Slavers","floor":24,"turns":1},{"damage":0,"enemies":"Spheric Guardian","floor":25,"turns":1},{"damage":0,"enemies":"Gremlin Leader","floor":27,"turns":1},{"damage":0,"enemies":"Book of Stabbing","floor":29,"turns":1},{"damage":0,"enemies":"Slavers","floor":31,"turns":1},{"damage":0,"enemies":"Automaton","floor":33,"turns":1},{"damage":0,"enemies":"3 Shapes","floor":35,"turns":1},{"damage":0,"enemies":"Orb Walker","floor":39,"turns":1},{"damage":0,"enemies":"Nemesis","floor":40,"turns":1},{"damage":0,"enemies":"Spire Growth","floor":41,"turns":1},{"damage":0,"enemies":"Giant Head","floor":45,"turns":1},{"damage":0,"enemies":"2 Orb Walkers","floor":46,"turns":1},{"damage":0,"enemies":"Reptomancer","floor":47,"turns":1},{"damage":0,"enemies":"Transient","floor":48,"turns":2},{"damage":0,"enemies":"Donu and Deca","floor":50,"turns":1},{"damage":0,"enemies":"Shield and Spear","floor":54,"turns":1},{"damage":0,"enemies":"The Heart","floor":55,"turns":3}],"seed_played":"-8580555315506489571","potions_obtained":[],"is_trial":false,"path_per_floor":["M","?","?","?","$","E","R","E","T","M","M","$","M","M","R","B",null,"M","T","$","?","?","R","E","M","T","E","R","E","R","E","R","B",null,"M","?","T","?","M","E","M","R","T","R","E","?","E","M","R","B",null,"R","$","E","B",null],"character_chosen":"DEFECT","items_purchased":["Happy Flower","Vajra","Shuriken","Toxic Egg 2","Singing Bowl","Juzu Bracelet","Frozen Egg 2","HornCleat","Cables","Anchor","MealTicket","Bag of Marbles","Strawberry","Bag of Preparation","StrikeDummy","Bird Faced Urn","Orichalcum","Art of War","Molten Egg 2","Ancient Tea Set","Du-Vu Doll","PreservedInsect","Toolbox","Toy Ornithopter","Nunchaku","DataDisk","Prayer Wheel","Ginger","Dream Catcher","Pen Nib","Whetstone","Eternal Feather","Centennial Puzzle","Pantograph","Mercury Hourglass","Calipers","Turnip","Sundial","Potion Belt","Peace Pipe","CeramicFish","Oddly Smooth Stone","Unceasing Top","Blood Vial","Regal Pillow","Bottled Tornado","Pear","Mango","Lantern","White Beast Statue","Tiny Chest","Omamori","InkBottle","War Paint","Storm+1","Blue Candle","Question Card","Capacitor+1","Ice Cream","DollysMirror"],"campfire_rested":0,"item_purchase_floors":[5,5,5,5,5,5,5,5,5,5,5,5,5,5,5,5,5,5,5,5,5,5,5,5,5,5,5,5,5,5,5,5,5,5,5,5,5,5,5,5,5,5,5,5,5,5,5,5,5,5,5,5,5,12,12,20,20,20,53,53],"current_hp_per_floor":[176,174,168,168,207,207,207,209,209,211,213,213,217,221,221,221,228,230,230,230,232,232,232,232,236,236,238,238,238,238,240,240,240,240,244,232,232,229,240,240,242,242,242,242,244,246,248,250,250,250,250,250,250,250,250],"gold":770,"neow_bonus":"REMOVE_CARD","is_daily":false,"chose_seed":false,"campfire_upgraded":1,"win_rate":0.0,"timestamp":1609613828,"path_taken":["M","?","?","?","$","E","R","E","T","M","M","$","M","M","R","BOSS","M","?","$","?","?","R","E","M","T","E","R","E","R","E","R","BOSS","M","?","?","?","M","E","M","R","T","R","E","?","E","M","R","BOSS","R","$","E","BOSS"],"items_purchased_type":["Relic","Relic","Relic","Relic","Relic","Relic","Relic","Relic","Relic","Relic","Relic","Relic","Relic","Relic","Relic","Relic","Relic","Relic","Relic","Relic","Relic","Relic","Relic","Relic","Relic","Relic","Relic","Relic","Relic","Relic","Relic","Relic","Relic","Relic","Relic","Relic","Relic","Relic","Relic","Relic","Relic","Relic","Relic","Relic","Relic","Relic","Relic","Relic","Relic","Relic","Relic","Relic","Relic","Relic","Card","Relic","Relic","Card","Relic","Relic"],"build_version":"2020-12-22","purchased_purges":4,"victory":true,"max_hp_per_floor":[176,176,176,176,207,207,207,209,209,211,213,213,217,221,221,221,228,230,230,230,232,232,232,232,236,236,238,238,238,238,240,240,240,240,244,232,232,238,240,240,242,242,242,242,244,246,248,250,250,250,250,250,250,250,250],"card_choices":[{"not_picked":["Darkness+1"],"picked":"Singing Bowl","floor":0},{"not_picked":["Sweeping Beam+1"],"picked":"Singing Bowl","floor":0},{"not_picked":["Rebound+1"],"picked":"Singing Bowl","floor":0},{"not_picked":["Force Field+1"],"picked":"Singing Bowl","floor":0},{"not_picked":["Defragment+1"],"picked":"Singing Bowl","floor":0},{"not_picked":["Turbo+1"],"picked":"Singing Bowl","floor":0},{"not_picked":["Hello World+1"],"picked":"Singing Bowl","floor":0},{"not_picked":["Capacitor+1"],"picked":"Singing Bowl","floor":0},{"not_picked":["Sweeping Beam+1","Chill+1","Heatsinks+1"],"picked":"Singing Bowl","floor":0},{"not_picked":["Hello World+1","Go for the Eyes+1","Capacitor+1"],"picked":"Singing Bowl","floor":0},{"not_picked":["Reprogram+1","Compile Driver+1"],"picked":"Coolheaded+1","floor":0},{"not_picked":["Blizzard+1","Doom and Gloom+1","Rebound+1"],"picked":"Singing Bowl","floor":0},{"not_picked":["Rebound+1","Sweeping Beam+1"],"picked":"Amplify+1","floor":0},{"not_picked":["Turbo+1","Beam Cell+1"],"picked":"Heatsinks+1","floor":1},{"not_picked":["Barrage+1","Beam Cell+1"],"picked":"Compile Driver+1","floor":1},{"not_picked":["Gash+1","Sweeping Beam+1","Compile Driver+1"],"picked":"Singing Bowl","floor":8},{"not_picked":["Amplify+1","Double Energy+1","Go for the Eyes+1"],"picked":"Singing Bowl","floor":10},{"not_picked":["Double Energy+1","Glacier+1"],"picked":"Skim+1","floor":10},{"not_picked":["Stack+1","Leap+1","Rebound+1"],"picked":"Singing Bowl","floor":11},{"not_picked":["Heatsinks+1","Darkness+1"],"picked":"Reboot+1","floor":11},{"not_picked":["Hologram+1","Barrage+1","Gash+1"],"picked":"Singing Bowl","floor":13},{"not_picked":["Reinforced Body+1","Streamline+1","Gash+1"],"picked":"Singing Bowl","floor":13},{"not_picked":["Gash+1","Barrage+1","Steam+1"],"picked":"Singing Bowl","floor":14},{"not_picked":["Cold Snap+1","Rebound+1","FTL+1"],"picked":"Singing Bowl","floor":14},{"not_picked":["All For One+1","Biased Cognition+1"],"picked":"Seek+1","floor":16},{"not_picked":["Cold Snap+1","Force Field+1","Heatsinks+1"],"picked":"Singing Bowl","floor":17},{"not_picked":["Doom and Gloom+1","Conserve Battery+1","FTL+1"],"picked":"Singing Bowl","floor":18},{"not_picked":["Recycle+1","Rebound+1"],"picked":"Coolheaded+1","floor":18},{"not_picked":["Capacitor+1","BootSequence+1","Conserve Battery+1","Sweeping Beam+1"],"picked":"Singing Bowl","floor":21},{"not_picked":["Compile Driver+1","Capacitor+1","Blizzard+1"],"picked":"Thunder Strike+1","floor":24},{"not_picked":["Cold Snap+1","Recycle+1","Ball Lightning+1","Turbo+1"],"picked":"Singing Bowl","floor":25},{"not_picked":["Rebound+1","Loop+1","Streamline+1","Steam+1"],"picked":"Singing Bowl","floor":25},{"not_picked":["Redo+1","Leap+1","Blizzard+1","Cold Snap+1"],"picked":"Singing Bowl","floor":27},{"not_picked":["Cold Snap+1","Static Discharge+1","Turbo+1"],"picked":"Biased Cognition+1","floor":29},{"not_picked":["Static Discharge+1","Recycle+1","Chill+1","Steam+1"],"picked":"Singing Bowl","floor":31},{"not_picked":["Buffer+1","Reboot+1","All For One+1"],"picked":"Biased Cognition+1","floor":33},{"not_picked":["Leap+1","Static Discharge+1","Reinforced Body+1","Fusion+1"],"picked":"Singing Bowl","floor":35},{"not_picked":["Rip and Tear+1","Steam+1","Coolheaded+1","Gash+1"],"picked":"Singing Bowl","floor":35},{"not_picked":["The Bomb+1","Master of Strategy+1","Mind Blast+1","Forethought+1"],"picked":"Singing Bowl","floor":38},{"not_picked":["Bandage Up+1","Violence+1","Trip+1","Panacea+1"],"picked":"Singing Bowl","floor":38},{"not_picked":["Apotheosis+1","Dramatic Entrance+1","Swift Strike+1","Impatience+1"],"picked":"Singing Bowl","floor":38},{"not_picked":["Ball Lightning+1","Sweeping Beam+1","Turbo+1"],"picked":"Defragment+1","floor":39},{"not_picked":["Barrage+1","Beam Cell+1","Go for the Eyes+1","Chaos+1"],"picked":"Singing Bowl","floor":39},{"not_picked":["Redo+1","Streamline+1","Barrage+1"],"picked":"Coolheaded+1","floor":40},{"not_picked":["Go for the Eyes+1","Sweeping Beam+1","Sunder+1"],"picked":"Multi-Cast+1","floor":41},{"not_picked":["Scrape+1","Tempest+1","Redo+1","Gash+1"],"picked":"Singing Bowl","floor":41},{"not_picked":["Sweeping Beam+1","Gash+1","Streamline+1","Hyperbeam+1"],"picked":"Singing Bowl","floor":45},{"not_picked":["Turbo+1","Consume+1","Ball Lightning+1","Redo+1"],"picked":"Singing Bowl","floor":46},{"not_picked":["Hologram+1","Loop+1","Static Discharge+1","Steam Power+1"],"picked":"Singing Bowl","floor":47},{"not_picked":["Reprogram+1","Undo+1","Turbo+1"],"picked":"Compile Driver+1","floor":48},{"not_picked":["Rip and Tear+1","Darkness+1","Sunder+1","Melter+1"],"picked":"Singing Bowl","floor":48},{"not_picked":["Gash+1","Steam Power+1","Sunder+1"],"picked":"Echo Form+1","floor":54}],"player_experience":342084,"relics_obtained":[{"floor":8,"key":"Bronze Scales"},{"floor":19,"key":"MawBank"},{"floor":21,"key":"Red Mask"},{"floor":24,"key":"Gremlin Horn"},{"floor":26,"key":"Kunai"},{"floor":27,"key":"Matryoshka"},{"floor":29,"key":"Ornamental Fan"},{"floor":31,"key":"Pocketwatch"},{"floor":37,"key":"CaptainsWheel"},{"floor":40,"key":"Lizard Tail"},{"floor":40,"key":"FossilizedHelix"},{"floor":43,"key":"Torii"},{"floor":43,"key":"TungstenRod"},{"floor":45,"key":"Emotion Chip"},{"floor":45,"key":"Thread and Needle"},{"floor":46,"key":"Old Coin"},{"floor":47,"key":"Incense Burner"},{"floor":54,"key":"Circlet"},{"floor":54,"key":"Circlet"}],"event_choices":[{"damage_healed":0,"gold_gain":0,"player_choice":"Success","damage_taken":3,"relics_obtained":["Boot"],"max_hp_gain":0,"max_hp_loss":0,"event_name":"Scrap Ooze","floor":2,"gold_loss":0},{"cards_removed":["Fusion"],"damage_healed":0,"gold_gain":0,"player_choice":"Card Removal","damage_taken":7,"max_hp_gain":0,"max_hp_loss":0,"event_name":"Golden Wing","floor":3,"gold_loss":0},{"damage_healed":0,"gold_gain":0,"player_choice":"Ignored","damage_taken":0,"max_hp_gain":0,"max_hp_loss":0,"event_name":"Liars Game","floor":4,"gold_loss":0},{"damage_healed":0,"gold_gain":0,"player_choice":"Fought Bandits","damage_taken":0,"max_hp_gain":0,"max_hp_loss":0,"event_name":"Masked Bandits","floor":21,"gold_loss":0},{"damage_healed":0,"gold_gain":0,"player_choice":"Obtained Relic","damage_taken":0,"relics_obtained":["Symbiotic Virus"],"max_hp_gain":0,"max_hp_loss":0,"event_name":"Addict","floor":22,"gold_loss":85},{"damage_healed":0,"gold_gain":0,"player_choice":"Max HP","damage_taken":0,"max_hp_gain":0,"max_hp_loss":12,"event_name":"Winding Halls","floor":36,"gold_loss":0},{"damage_healed":0,"gold_gain":0,"player_choice":"Memory 3","damage_taken":10,"max_hp_gain":0,"max_hp_loss":0,"event_name":"SensoryStone","floor":38,"gold_loss":0},{"damage_healed":0,"gold_gain":0,"player_choice":"Fight","damage_taken":0,"max_hp_gain":0,"max_hp_loss":0,"event_name":"Mysterious Sphere","floor":46,"gold_loss":0}],"is_beta":false,"boss_relics":[{"not_picked":["Velvet Choker","Snecko Eye"],"picked":"Tiny House"},{"not_picked":["Fusion Hammer","Inserter"],"picked":"Black Star"}],"items_purged_floors":[5,12,20,53],"is_endless":false,"potions_floor_spawned":[1,8,10,11,13,14,16,18,21,24,25,27,29,31,33,35,39,40,41,45,46,47,48,54],"ascension_level":8}}