{"host":"e1d4pmcf31bpmsqo","time":1609555483,"event":{"mods":["BaseMod","Better Note","Better Third Choice","Colored Powertips","Disable Question Mark Monsters","Minty Spire (QoL Compilation)","Relic Stats","StSLib"],"gold_per_floor":[118,88,105,123,140,165,175,24,24,59,109,127,140,160,160,239,239,258,258,271,23,23,23,38,38,38],"floor_reached":25,"playtime":835,"items_purged":["Strike_P"],"score":584,"play_id":"d107ddd2-7151-4380-a5d1-317585748892","local_time":"20210102134443","is_ascension_mode":true,"campfire_choices":[{"data":"Fasting2","floor":15.0,"key":"SMITH"},{"data":"CrushJoints","floor":23,"key":"SMITH"}],"circlet_count":0,"master_deck":["AscendersBane","Strike_P","Defend_P","Defend_P","Defend_P","Eruption","Vigilance","Evaluate","Consecrate","Consecrate","FollowUp","ClearTheMind","CutThroughFate","CarveReality","FlyingSleeves","Fasting2+1","FlurryOfBlows","LessonLearned","CurseOfTheBell","CrushJoints+1","Study","EmptyFist","Halt","Adaptation","SashWhip","Vault"],"relics":["PureWater","MealTicket","Dream Catcher","Anchor","Strawberry","Calling Bell","Vajra","The Courier","Peace Pipe","Medical Kit"],"acts_visited":["Exordium","TheCity"],"potions_floor_usage":[],"damage_taken":[{"damage":9.0,"enemies":"Jaw Worm","floor":1.0,"turns":5.0},{"damage":2.0,"enemies":"Cultist","floor":3.0,"turns":3.0},{"damage":0.0,"enemies":"Small Slimes","floor":4.0,"turns":2.0},{"damage":1.0,"enemies":"Looter","floor":5.0,"turns":3.0},{"damage":11.0,"enemies":"3 Sentries","floor":6.0,"turns":5.0},{"damage":4.0,"enemies":"Red Slaver","floor":7.0,"turns":4.0},{"damage":0.0,"enemies":"Gremlin Nob","floor":10.0,"turns":2.0},{"damage":0.0,"enemies":"Lots of Slimes","floor":12.0,"turns":2.0},{"damage":1.0,"enemies":"2 Fungi Beasts","floor":13.0,"turns":3.0},{"damage":3.0,"enemies":"Blue Slaver","floor":14.0,"turns":4.0},{"damage":0.0,"enemies":"Slime Boss","floor":16.0,"turns":4.0},{"damage":0.0,"enemies":"Chosen","floor":18.0,"turns":3.0},{"damage":2,"enemies":"3 Byrds","floor":20,"turns":3},{"damage":27,"enemies":"Snake Plant","floor":24,"turns":3},{"damage":58,"enemies":"Slavers","floor":25,"turns":4}],"seed_played":"-504012500864460556","potions_obtained":[{"floor":2.0,"key":"Fire Potion"},{"floor":2.0,"key":"Strength Potion"},{"floor":3.0,"key":"FearPotion"},{"floor":6.0,"key":"GamblersBrew"},{"floor":16.0,"key":"Swift Potion"}],"is_trial":false,"path_per_floor":["M","?","M","M","M","E","M","$","T","E","T","M","M","M","R","B",null,"M","?","M","$","?","R","M","E"],"character_chosen":"WATCHER","items_purchased":["CarveReality","Medical Kit","Halt","Adaptation"],"campfire_rested":0,"item_purchase_floors":[8,21,21,21],"current_hp_per_floor":[58,58,56,56,55,44,40,55,55,55,62,62,61,58,58,58,75,75,75,73,81,81,81,54,0,0],"gold":38,"neow_bonus":"TEN_PERCENT_HP_BONUS","is_daily":false,"chose_seed":false,"campfire_upgraded":2,"win_rate":0.0,"timestamp":1609555483,"path_taken":["M","?","M","?","M","E","M","$","T","E","?","M","?","M","R","BOSS","M","?","M","$","?","R","M","E"],"items_purchased_type":["Card","Relic","Card","Card"],"build_version":"2020-12-22","purchased_purges":1,"victory":false,"max_hp_per_floor":[74,74,74,74,74,74,74,74,74,74,81,81,81,81,81,81,81,81,81,81,81,81,81,81,81,81],"relic_stats":{"Peace Pipe":0,"Dream Catcher":0,"counters":[15,50],"MealTicket":23,"Medical Kit":[0],"obtain_stats":[{"Calling Bell":17,"Peace Pipe":17,"Dream Catcher":9,"Anchor":10,"Strawberry":11,"Vajra":17,"MealTicket":6,"The Courier":17,"PureWater":0,"Medical Kit":21},{"Calling Bell":11,"Peace Pipe":11,"Dream Catcher":6,"Anchor":7,"Strawberry":7,"Vajra":11,"MealTicket":5,"The Courier":11,"PureWater":0,"Medical Kit":13},{"Calling Bell":37,"Peace Pipe":37,"Dream Catcher":22,"Anchor":24,"Strawberry":24,"Vajra":37,"MealTicket":18,"The Courier":37,"PureWater":0,"Medical Kit":43}]},"card_choices":[{"not_picked":["PathToVictory","ThirdEye"],"picked":"Evaluate","floor":1.0},{"not_picked":["Evaluate","FlyingSleeves"],"picked":"Consecrate","floor":3.0},{"not_picked":["DeceiveReality","CrushJoints"],"picked":"Consecrate","floor":4.0},{"not_picked":["Crescendo","Consecrate"],"picked":"FollowUp","floor":5.0},{"not_picked":["Crescendo","ReachHeaven"],"picked":"ClearTheMind","floor":6.0},{"not_picked":["Crescendo","ThirdEye"],"picked":"CutThroughFate","floor":7.0},{"not_picked":["ThirdEye","Alpha"],"picked":"FlyingSleeves","floor":10.0},{"not_picked":["WaveOfTheHand","JustLucky","Crescendo"],"picked":"SKIP","floor":12.0},{"not_picked":["EmptyMind","FlyingSleeves"],"picked":"Fasting2","floor":13.0},{"not_picked":["Crescendo","FollowUp"],"picked":"FlurryOfBlows","floor":14.0},{"not_picked":["Blasphemy","Brilliance"],"picked":"LessonLearned","floor":16.0},{"not_picked":["Protect","FollowUp"],"picked":"CrushJoints","floor":18},{"not_picked":["PathToVictory","Fasting2","CutThroughFate"],"picked":"SKIP","floor":20},{"not_picked":["Halt","SashWhip"],"picked":"Vault","floor":24}],"player_experience":1000052,"relics_obtained":[{"floor":6.0,"key":"MealTicket"},{"floor":9.0,"key":"Dream Catcher"},{"floor":10.0,"key":"Anchor"},{"floor":11.0,"key":"Strawberry"},{"floor":17.0,"key":"Vajra"},{"floor":17.0,"key":"The Courier"},{"floor":17.0,"key":"Peace Pipe"}],"event_choices":[{"damage_healed":0.0,"max_hp_gain":0.0,"max_hp_loss":0.0,"gold_gain":0.0,"event_name":"The Woman in Blue","player_choice":"Bought 2 Potions","floor":2.0,"gold_loss":0.0,"damage_taken":0.0},{"damage_healed":0,"gold_gain":0,"cards_transformed":["Strike_P","Defend_P"],"player_choice":"Became Test Subject","damage_taken":0,"max_hp_gain":0,"max_hp_loss":0,"event_name":"Drug Dealer","floor":19,"gold_loss":0,"cards_obtained":["Study","EmptyFist"]},{"damage_healed":0,"gold_gain":0,"cards_transformed":["Strike_P"],"player_choice":"Transformed","damage_taken":0,"max_hp_gain":0,"max_hp_loss":0,"event_name":"Transmorgrifier","floor":22,"gold_loss":0,"cards_obtained":["SashWhip"]}],"is_beta":false,"boss_relics":[{"not_picked":["Coffee Dripper","SacredBark"],"picked":"Calling Bell"}],"items_purged_floors":[8],"is_endless":false,"potions_floor_spawned":[3,6,7,16],"killed_by":"Slavers","ascension_level":20}}