{"host":"axuns55dzq466eei","time":1609599417,"event":{"mods":["BaseMod","Colored Map","Keyboard Shortcuts","Minty Spire (QoL Compilation)","StSLib","SuperFastMode"],"gold_per_floor":[114,128,53,72,85,115,115,34,34,47,47,47,77,96,96,173,223,235,285,185,155,174,174,185,60,83,83,100,118,133,133,133,133,133],"floor_reached":33,"playtime":918,"items_purged":["Strike_G","Strike_G","Strike_G"],"score":522,"play_id":"14653780-7bbe-4d1f-9484-cabfc3c336ff","local_time":"20210102235657","is_ascension_mode":true,"campfire_choices":[{"data":"Bouncing Flask","floor":7.0,"key":"SMITH"},{"floor":11.0,"key":"REST"},{"data":"Malaise","floor":15,"key":"SMITH"},{"data":"Noxious Fumes","floor":23,"key":"SMITH"},{"floor":27,"key":"REST"},{"floor":32,"key":"REST"}],"circlet_count":0,"master_deck":["AscendersBane","Strike_G","Strike_G","Defend_G","Defend_G","Defend_G","Defend_G","Defend_G","Survivor","Neutralize","Prepared","Bouncing Flask+1","Quick Slash+1","Malaise+1","Leg Sweep","Noxious Fumes+1","Backflip","Deflect","Acrobatics","Adrenaline","PiercingWail","Concentrate","Calculated Gamble+1","Acrobatics+1","Adrenaline"],"relics":["Ring of the Snake","NeowsBlessing","Snake Skull","Lantern","Bottled Lightning","Tiny House","Strawberry"],"acts_visited":["Exordium","TheCity"],"potions_floor_usage":[14,16,33,33],"damage_taken":[{"damage":0.0,"enemies":"Cultist","floor":1.0,"turns":1.0},{"damage":0.0,"enemies":"2 Louse","floor":2.0,"turns":1.0},{"damage":0.0,"enemies":"Jaw Worm","floor":4.0,"turns":1.0},{"damage":6.0,"enemies":"2 Fungi Beasts","floor":5.0,"turns":4.0},{"damage":15.0,"enemies":"Lagavulin","floor":6.0,"turns":8.0},{"damage":11.0,"enemies":"Large Slime","floor":10.0,"turns":6.0},{"damage":45.0,"enemies":"Gremlin Nob","floor":13.0,"turns":5.0},{"damage":0,"enemies":"Lots of Slimes","floor":14,"turns":3},{"damage":2,"enemies":"Hexaghost","floor":16,"turns":10},{"damage":6,"enemies":"Shell Parasite","floor":18,"turns":5},{"damage":21,"enemies":"2 Thieves","floor":21,"turns":4},{"damage":1,"enemies":"Snake Plant","floor":22,"turns":4},{"damage":15,"enemies":"Centurion and Healer","floor":24,"turns":8},{"damage":21,"enemies":"Shelled Parasite and Fungi","floor":28,"turns":6},{"damage":0,"enemies":"Snake Plant","floor":29,"turns":8},{"damage":13,"enemies":"Centurion and Healer","floor":30,"turns":6},{"damage":49,"enemies":"Champ","floor":33,"turns":11}],"seed_played":"2683813931225818313","potions_obtained":[{"floor":2.0,"key":"Ancient Potion"},{"floor":6.0,"key":"ColorlessPotion"},{"floor":14,"key":"AttackPotion"},{"floor":17,"key":"Strength Potion"},{"floor":18,"key":"Swift Potion"},{"floor":22,"key":"Poison Potion"}],"is_trial":false,"path_per_floor":["M","M","$","M","M","E","R","$","T","M","R","?","E","M","R","B",null,"M","?","$","M","M","R","M","$","T","R","M","M","M","?","R","B"],"character_chosen":"THE_SILENT","items_purchased":["Noxious Fumes"],"campfire_rested":3,"item_purchase_floors":[8],"current_hp_per_floor":[59,59,59,59,53,38,38,38,38,27,46,51,6,6,6,4,59,53,53,53,32,31,31,16,16,23,47,26,26,13,13,37,0,0],"gold":133,"neow_bonus":"THREE_ENEMY_KILL","is_daily":false,"chose_seed":false,"campfire_upgraded":3,"win_rate":0.0,"timestamp":1609599417,"path_taken":["M","?","?","M","M","E","R","?","T","M","R","?","E","?","R","BOSS","M","?","$","M","M","R","M","$","T","R","M","M","M","?","R","BOSS"],"items_purchased_type":["Card"],"build_version":"2020-12-22","purchased_purges":3,"victory":false,"max_hp_per_floor":[66,66,66,66,66,66,66,66,66,66,66,71,71,71,71,71,76,76,76,76,76,76,76,76,76,83,83,83,83,83,83,83,83,83],"card_choices":[{"not_picked":["Underhanded Strike","Skewer"],"picked":"Prepared","floor":1.0},{"not_picked":["Dodge and Roll","Prepared"],"picked":"Bouncing Flask","floor":2.0},{"not_picked":["Caltrops","Eviscerate"],"picked":"Quick Slash","floor":4.0},{"not_picked":["Calculated Gamble","Blade Dance"],"picked":"Malaise","floor":5.0},{"not_picked":["Flechettes","Backflip"],"picked":"Leg Sweep","floor":6.0},{"not_picked":["PiercingWail","Acrobatics"],"picked":"Backflip","floor":10.0},{"not_picked":["Night Terror","Deflect","Outmaneuver"],"picked":"SKIP","floor":13.0},{"not_picked":["Night Terror","Outmaneuver"],"picked":"Deflect","floor":13.0},{"not_picked":["Bane","Backflip"],"picked":"Acrobatics","floor":14},{"not_picked":["Envenom","Doppelganger"],"picked":"Adrenaline","floor":16},{"not_picked":["Blade Dance","Dagger Throw"],"picked":"PiercingWail","floor":17},{"not_picked":["Masterful Stab","Finisher"],"picked":"Concentrate","floor":18},{"not_picked":["Calculated Gamble","Infinite Blades","Eviscerate"],"picked":"SKIP","floor":21},{"not_picked":["Deadly Poison","Flying Knee","Sucker Punch"],"picked":"SKIP","floor":22},{"not_picked":["Outmaneuver","Cloak And Dagger"],"picked":"Calculated Gamble+1","floor":24},{"not_picked":["Storm of Steel","Skewer","Flying Knee+1"],"picked":"SKIP","floor":28},{"not_picked":["Leg Sweep+1","Accuracy","Choke"],"picked":"SKIP","floor":29},{"not_picked":["Calculated Gamble","Deadly Poison+1"],"picked":"Acrobatics+1","floor":30}],"player_experience":1055451,"relics_obtained":[{"floor":6.0,"key":"Snake Skull"},{"floor":9.0,"key":"Lantern"},{"floor":13.0,"key":"Bottled Lightning"},{"floor":26,"key":"Strawberry"}],"event_choices":[{"damage_healed":0.0,"max_hp_gain":5.0,"max_hp_loss":0.0,"gold_gain":0.0,"event_name":"Big Fish","player_choice":"Donut","floor":12.0,"gold_loss":0.0,"damage_taken":0.0},{"damage_healed":0,"gold_gain":50,"player_choice":"Stole From Cult","damage_taken":0,"max_hp_gain":0,"max_hp_loss":0,"event_name":"Nest","floor":19,"gold_loss":0},{"damage_healed":0,"gold_gain":0,"player_choice":"Copied","damage_taken":0,"max_hp_gain":0,"max_hp_loss":0,"event_name":"Duplicator","floor":31,"gold_loss":0,"cards_obtained":["Adrenaline"]}],"is_beta":false,"boss_relics":[{"not_picked":["Black Star","Snecko Eye"],"picked":"Tiny House"}],"items_purged_floors":[3,20,25],"is_endless":false,"potions_floor_spawned":[2,6,10,14,18,22,28],"killed_by":"Champ","ascension_level":20}}