{"host":"hkfd27larxvbrzdx","time":1609555459,"event":{"mods":["AchievementEnabler","BaseMod","Colored Map","Colored Powertips","DeckTracker","Minty Spire (QoL Compilation)"],"gold_per_floor":[210,229,249,266,266,296,309,384,384,384,384],"floor_reached":10,"playtime":755,"items_purged":[],"score":84,"play_id":"c345d91e-67d1-4708-b1ce-81d1a3ed442b","local_time":"20210102104419","is_ascension_mode":true,"campfire_choices":[],"circlet_count":0,"master_deck":["Strike_R","Strike_R","Strike_R","Strike_R","Strike_R","Defend_R","Defend_R","Defend_R","Defend_R","Bash","Uppercut","Thunderclap","Shrug It Off","Anger","Metallicize","Twin Strike"],"relics":["Burning Blood","Omamori","Bottled Tornado"],"acts_visited":["Exordium"],"potions_floor_usage":[],"damage_taken":[{"damage":6,"enemies":"Jaw Worm","floor":1,"turns":5},{"damage":6,"enemies":"Cultist","floor":2,"turns":4},{"damage":0,"enemies":"2 Louse","floor":3,"turns":2},{"damage":34,"enemies":"Exordium Thugs","floor":4,"turns":6},{"damage":33,"enemies":"3 Sentries","floor":6,"turns":10},{"damage":9,"enemies":"Blue Slaver","floor":7,"turns":4},{"damage":12,"enemies":"Lagavulin","floor":10,"turns":3}],"seed_played":"-1411938557826873086","potions_obtained":[{"floor":1,"key":"Fire Potion"},{"floor":2,"key":"AttackPotion"}],"is_trial":false,"path_per_floor":["M","M","M","M","?","E","M","?","T","E"],"character_chosen":"IRONCLAD","items_purchased":[],"campfire_rested":0,"item_purchase_floors":[],"current_hp_per_floor":[80,80,80,52,52,25,22,11,11,0,0],"gold":384,"neow_bonus":"HUNDRED_GOLD","is_daily":false,"chose_seed":false,"campfire_upgraded":0,"win_rate":0.0,"timestamp":1609555459,"path_taken":["M","M","M","M","?","E","?","?","T","E"],"items_purchased_type":[],"build_version":"2020-12-22","purchased_purges":0,"victory":false,"max_hp_per_floor":[80,80,80,80,80,80,80,80,80,80,80],"card_choices":[{"not_picked":["Entrench","Sword Boomerang"],"picked":"Uppercut","floor":1},{"not_picked":["Clothesline","Iron Wave"],"picked":"Thunderclap","floor":2},{"not_picked":["Headbutt","Dropkick"],"picked":"Shrug It Off","floor":3},{"not_picked":["Sword Boomerang","Thunderclap"],"picked":"Anger","floor":4},{"not_picked":["Demon Form","Burning Pact"],"picked":"Metallicize","floor":6},{"not_picked":["Armaments","Wild Strike"],"picked":"Twin Strike","floor":7}],"player_experience":195415,"relics_obtained":[{"floor":6,"key":"Omamori"},{"floor":9,"key":"Bottled Tornado"}],"event_choices":[{"damage_healed":0,"gold_gain":0,"player_choice":"Bought 0 Potions","damage_taken":0,"max_hp_gain":0,"max_hp_loss":0,"event_name":"The Woman in Blue","floor":5,"gold_loss":0},{"damage_healed":0,"gold_gain":75,"player_choice":"Gather Gold","damage_taken":11,"max_hp_gain":0,"max_hp_loss":0,"event_name":"World of Goop","floor":8,"gold_loss":0}],"is_beta":false,"boss_relics":[],"items_purged_floors":[],"is_endless":false,"potions_floor_spawned":[1,2],"killed_by":"Lagavulin","ascension_level":4}}