{"host":"jlioisuqr94vbevf","time":1609601030,"event":{"mods":["BaseMod","Colored Powertips","Minty Spire (QoL Compilation)","StSLib"],"gold_per_floor":[113,124,124,138,138,173,173,232,255,267,284,284,312,342,354,462,474,503,182,182,196,208,237,237,269,269,269,280,280,293,311,311,411,411,429,238,249,129,140,171,171,191,191,191,191,223,223,239,239,239],"floor_reached":51,"playtime":3792,"items_purged":[],"score":860,"play_id":"fd124736-9309-4f32-bd02-72a494530793","local_time":"20210102162350","is_ascension_mode":true,"campfire_choices":[{"data":"ClearTheMind","floor":7,"key":"SMITH"},{"data":"SpiritShield","floor":12,"key":"SMITH"},{"floor":15,"key":"REST"},{"data":"SpiritShield","floor":24,"key":"SMITH"},{"data":"CrushJoints","floor":27,"key":"SMITH"},{"data":"Crescendo","floor":32,"key":"SMITH"},{"floor":41,"key":"REST"},{"floor":44,"key":"REST"},{"data":"MentalFortress","floor":49,"key":"SMITH"}],"circlet_count":0,"master_deck":["Strike_P","Strike_P","Strike_P+1","Strike_P","Defend_P+1","Defend_P","Defend_P","Defend_P+1","Eruption+1","Vigilance","CutThroughFate","ClearTheMind+1","CrushJoints+1","Consecrate","FlyingSleeves+1","SpiritShield+1","EmptyBody","CutThroughFate","FlurryOfBlows+1","FollowUp","SpiritShield+1","Protect+1","Consecrate","Evaluate+1","CutThroughFate+1","Crescendo+1","SignatureMove+1","Perseverance+1","SpiritShield","LikeWater","SandsOfTime","ReachHeaven+1","MentalFortress+1","Halt","Swivel+1","Consecrate+1","EmptyFist+1","Jack Of All Trades","BattleHymn"],"relics":["PureWater","Regal Pillow","Oddly Smooth Stone","Incense Burner","Boot","MawBank","Sozu","Anchor","Ancient Tea Set","StoneCalendar","Peace Pipe","Cursed Key","Omamori","Vajra","Blood Vial","Pantograph"],"acts_visited":["Exordium","TheCity","TheBeyond"],"potions_floor_usage":[6,8,25,39,40],"damage_taken":[{"damage":0,"enemies":"2 Louse","floor":1,"turns":2},{"damage":2,"enemies":"Small Slimes","floor":2,"turns":4},{"damage":6,"enemies":"Cultist","floor":4,"turns":3},{"damage":0,"enemies":"Gremlin Nob","floor":6,"turns":2},{"damage":0,"enemies":"3 Sentries","floor":8,"turns":5},{"damage":2,"enemies":"Red Slaver","floor":10,"turns":3},{"damage":3,"enemies":"Exordium Wildlife","floor":11,"turns":2},{"damage":0,"enemies":"3 Sentries","floor":13,"turns":8},{"damage":9,"enemies":"Large Slime","floor":14,"turns":3},{"damage":10,"enemies":"Slime Boss","floor":16,"turns":7},{"damage":1,"enemies":"3 Byrds","floor":18,"turns":5},{"damage":0,"enemies":"Chosen","floor":21,"turns":3},{"damage":6,"enemies":"Shelled Parasite and Fungi","floor":22,"turns":6},{"damage":11,"enemies":"Gremlin Leader","floor":23,"turns":9},{"damage":17,"enemies":"Slavers","floor":25,"turns":7},{"damage":16,"enemies":"Chosen and Byrds","floor":28,"turns":6},{"damage":0,"enemies":"Snecko","floor":30,"turns":2},{"damage":6,"enemies":"Snake Plant","floor":31,"turns":4},{"damage":23,"enemies":"Automaton","floor":33,"turns":11},{"damage":0,"enemies":"Orb Walker","floor":35,"turns":3},{"damage":32,"enemies":"3 Darklings","floor":37,"turns":5},{"damage":21,"enemies":"Transient","floor":39,"turns":5},{"damage":6,"enemies":"Nemesis","floor":40,"turns":5},{"damage":11,"enemies":"Sphere and 2 Shapes","floor":42,"turns":4},{"damage":13,"enemies":"Reptomancer","floor":46,"turns":7},{"damage":11,"enemies":"3 Darklings","floor":48,"turns":3},{"damage":66,"enemies":"Awakened One","floor":50,"turns":12}],"seed_played":"3312089141851946000","potions_obtained":[{"floor":2,"key":"SneckoOil"},{"floor":6,"key":"Block Potion"},{"floor":8,"key":"Regen Potion"},{"floor":11,"key":"Regen Potion"},{"floor":14,"key":"Dexterity Potion"}],"is_trial":false,"path_per_floor":["M","M","?","M","?","E","R","?","T","M","M","R","E","M","R","B",null,"M","$","?","M","M","E","R","E","T","R","M","?","M","M","R","B",null,"M","$","M","$","M","E","R","M","T","R","?","E","?","M","R","B",null],"character_chosen":"WATCHER","items_purchased":["Anchor","FollowUp","SpiritShield","Omamori","SandsOfTime","MentalFortress","Halt"],"campfire_rested":3,"item_purchase_floors":[19,19,19,36,36,38,38],"current_hp_per_floor":[72,70,70,64,50,50,50,50,50,48,45,45,45,36,72,62,72,71,71,71,71,65,54,54,51,51,51,35,72,72,66,66,43,72,72,72,40,40,28,22,58,47,47,72,72,59,59,50,50,6],"gold":239,"neow_bonus":"RANDOM_COMMON_RELIC","is_daily":false,"chose_seed":false,"campfire_upgraded":6,"win_rate":0.0,"timestamp":1609601030,"path_taken":["M","M","?","M","?","E","R","?","T","M","M","R","E","M","R","BOSS","M","$","?","M","M","E","R","E","T","R","M","?","M","M","R","BOSS","M","?","M","$","?","E","R","M","T","R","?","E","?","M","R","BOSS"],"items_purchased_type":["Relic","Card","Card","Relic","Card","Card","Card"],"build_version":"2020-12-22","purchased_purges":0,"victory":true,"max_hp_per_floor":[72,72,72,72,72,72,72,72,72,72,72,72,72,72,72,72,72,72,72,72,72,72,72,72,72,72,72,72,72,72,72,72,72,72,72,72,72,72,72,72,72,72,72,72,72,72,72,72,72,72],"card_choices":[{"not_picked":["Halt","Sanctity"],"picked":"CutThroughFate","floor":1},{"not_picked":["JustLucky","FlyingSleeves"],"picked":"ClearTheMind","floor":2},{"not_picked":["WheelKick","ClearTheMind"],"picked":"CrushJoints","floor":4},{"not_picked":["SashWhip","Vengeance"],"picked":"Consecrate","floor":6},{"not_picked":["ClearTheMind","CrushJoints"],"picked":"FlyingSleeves","floor":8},{"not_picked":["ReachHeaven","Study"],"picked":"SpiritShield","floor":10},{"not_picked":["FlyingSleeves","Protect"],"picked":"EmptyBody","floor":11},{"not_picked":["BowlingBash","InnerPeace"],"picked":"Pray","floor":13},{"not_picked":["WaveOfTheHand","CrushJoints"],"picked":"CutThroughFate","floor":14},{"not_picked":["Alpha","DeusExMachina"],"picked":"LessonLearned","floor":16},{"not_picked":["FlyingSleeves","PathToVictory"],"picked":"FlurryOfBlows","floor":18},{"not_picked":["FollowUp","Weave+1"],"picked":"Protect+1","floor":21},{"not_picked":["ClearTheMind","EmptyBody"],"picked":"Consecrate","floor":22},{"not_picked":["WreathOfFlame+1","FlyingSleeves"],"picked":"Evaluate+1","floor":23},{"not_picked":["Weave","Collect"],"picked":"CutThroughFate+1","floor":25},{"not_picked":["SashWhip","FollowUp"],"picked":"Crescendo","floor":28},{"not_picked":["ThirdEye","Wish"],"picked":"SignatureMove+1","floor":30},{"not_picked":["Conclude+1","PathToVictory"],"picked":"Perseverance+1","floor":31},{"not_picked":["MasterReality","Vault"],"picked":"SpiritShield","floor":33},{"not_picked":["WaveOfTheHand+1","Prostrate"],"picked":"LikeWater","floor":35},{"not_picked":["ThirdEye+1","BowlingBash"],"picked":"ReachHeaven+1","floor":37},{"not_picked":["Omniscience","JustLucky+1"],"picked":"Swivel+1","floor":39},{"not_picked":["Weave+1","PathToVictory+1"],"picked":"Consecrate+1","floor":40},{"not_picked":["PathToVictory","FollowUp"],"picked":"EmptyFist+1","floor":42},{"not_picked":["Thinking Ahead","PanicButton"],"picked":"Jack Of All Trades","floor":45},{"not_picked":["Study+1","CutThroughFate"],"picked":"BattleHymn","floor":46},{"not_picked":["EmptyFist","FollowUp","Adaptation"],"picked":"SKIP","floor":48}],"player_experience":364387,"relics_obtained":[{"floor":6,"key":"Oddly Smooth Stone"},{"floor":8,"key":"Incense Burner"},{"floor":9,"key":"Boot"},{"floor":13,"key":"MawBank"},{"floor":23,"key":"Ancient Tea Set"},{"floor":25,"key":"StoneCalendar"},{"floor":26,"key":"Peace Pipe"},{"floor":40,"key":"Vajra"},{"floor":43,"key":"Blood Vial"},{"floor":46,"key":"Pantograph"}],"event_choices":[{"damage_healed":0,"gold_gain":0,"player_choice":"Leave","damage_taken":0,"max_hp_gain":0,"max_hp_loss":0,"event_name":"The Cleric","floor":3,"gold_loss":0},{"damage_healed":0,"gold_gain":0,"player_choice":"Entered Light","damage_taken":14,"max_hp_gain":0,"max_hp_loss":0,"event_name":"Shining Light","floor":5,"gold_loss":0,"cards_upgraded":["Eruption","Defend_P"]},{"damage_healed":0,"gold_gain":30,"player_choice":"Searched \u00273\u0027 times","damage_taken":0,"max_hp_gain":0,"max_hp_loss":0,"event_name":"Dead Adventurer","floor":8,"gold_loss":0},{"damage_healed":0,"gold_gain":0,"player_choice":"Ignored","damage_taken":0,"max_hp_gain":0,"max_hp_loss":0,"event_name":"Vampires","floor":20,"gold_loss":0},{"cards_removed":["Pray"],"damage_healed":37,"gold_gain":0,"player_choice":"Offered Uncommon","damage_taken":0,"max_hp_gain":0,"max_hp_loss":0,"event_name":"Bonfire Elementals","floor":29,"gold_loss":0},{"damage_healed":0,"gold_gain":0,"player_choice":"Memory 1","damage_taken":0,"max_hp_gain":0,"max_hp_loss":0,"event_name":"SensoryStone","floor":45,"gold_loss":0},{"cards_removed":["LessonLearned"],"damage_healed":0,"gold_gain":0,"player_choice":"Removed Attack","damage_taken":0,"max_hp_gain":0,"max_hp_loss":0,"event_name":"Falling","floor":47,"gold_loss":0}],"is_beta":false,"boss_relics":[{"not_picked":["Velvet Choker","Fusion Hammer"],"picked":"Sozu"},{"not_picked":["Black Star","SlaversCollar"],"picked":"Cursed Key"}],"items_purged_floors":[],"is_endless":false,"potions_floor_spawned":[2,6,8,11,14,22,25,31,35,40],"ascension_level":2}}