{"host":"yekvm0llnambltim","time":1609564806,"event":{"mods":["Act Like it!","BaseMod","CapriCore","Challenge The Spire","Minty Spire (QoL Compilation)","MostiFishMod","Quick Restart","Relic Stats","Replay The Spire","Spicy Shops","StSLib","Waifu the Spire","¡¾ÒÅÎï¿¨ÅÆ¡¿REMEMod"],"gold_per_floor":[118,118,138,60,72,104,104,129,129,156,156,191,201,216,216,293,293,313,238,238,65,76,106,6,17,17,17,32,48,73,93,93,170,170,181,206,206,222,222,257,257,132,132,147,147,160,354,113,113,113,113,113,113,47,75,75],"floor_reached":57,"playtime":3144,"items_purged":["Strike_R","Strike_R","Strike_R","Languid"],"score":2275,"play_id":"b9f6eb54-9fdd-4b5b-a068-89766a45b91d","local_time":"20210102132006","is_ascension_mode":true,"campfire_choices":[{"data":"Armaments","floor":7.0,"key":"SMITH"},{"data":"True Grit","floor":15.0,"key":"SMITH"},{"data":"Sword Boomerang","floor":32.0,"key":"SMITH"},{"data":"MostiFishMod:SephirahHod","floor":45.0,"key":"SMITH"},{"floor":49.0,"key":"RECALL"},{"floor":53,"key":"REST"}],"circlet_count":0,"master_deck":["AscendersBane","Defend_R","Defend_R","Defend_R","Defend_R","Bash","REME_MawOfCthun","Armaments+1","Pommel Strike","True Grit+1","Power Through","Shockwave","Demonic Infusion","REME_MawOfCthun","Sword Boomerang+1","REME_ACTH","MostiFishMod:SephirahHod+1","REME_SingleHolding","Parasite","Sword Boomerang+1","Wild Strike+1"],"relics":["Burning Blood","DaveBox","REME_ComplimentaryCards","ShadowXiaoBlade","NeowsBlessing","SynthV:TestCard","TheAbacus","Pen Nib","Replay:Accelerometer","Bag of Marbles","Happy Flower","Toy Ornithopter","xbg","ChiLing","Chi","Ling","Eternal Feather","TungstenRod","Ancient Tea Set","MostiFishMod:Hod","Replay:PocketPolymizer","ReplayTheSpireMod:Spearhead","Ring of Fury","Molten Egg 2","TimeFreeze","Ying","DollysMirror","ReplayTheSpireMod:CursedCoin","Strawberry"],"acts_visited":["Exordium","TheCity","TheBeyond","TheEnding"],"potions_floor_usage":[50,56],"damage_taken":[{"damage":0.0,"enemies":"Jaw Worm","floor":1.0,"turns":1.0},{"damage":0.0,"enemies":"Cultist","floor":3.0,"turns":1.0},{"damage":0.0,"enemies":"2 Louse","floor":5.0,"turns":1.0},{"damage":6.0,"enemies":"Replay:BlueRogue","floor":6.0,"turns":4.0},{"damage":14.0,"enemies":"Gremlin Nob","floor":8.0,"turns":4.0},{"damage":0.0,"enemies":"Replay:BlueRogue","floor":10.0,"turns":3.0},{"damage":20.0,"enemies":"3 Sentries","floor":12.0,"turns":5.0},{"damage":0.0,"enemies":"Exordium Thugs","floor":13.0,"turns":5.0},{"damage":5.0,"enemies":"Gremlin Gang","floor":14.0,"turns":4.0},{"damage":5.0,"enemies":"The Guardian","floor":16.0,"turns":9.0},{"damage":0.0,"enemies":"Chosen","floor":18.0,"turns":6.0},{"damage":19.0,"enemies":"2 Thieves","floor":22.0,"turns":4.0},{"damage":33.0,"enemies":"Replay:Snechameleon","floor":23.0,"turns":4.0},{"damage":33.0,"enemies":"Shelled Parasite and Fungi","floor":25.0,"turns":5.0},{"damage":4.0,"enemies":"Sentry and Sphere","floor":28.0,"turns":4.0},{"damage":0.0,"enemies":"Snake Plant","floor":29.0,"turns":4.0},{"damage":27.0,"enemies":"Gremlin Leader","floor":30.0,"turns":5.0},{"damage":3.0,"enemies":"Centurion and Healer","floor":31.0,"turns":3.0},{"damage":8.0,"enemies":"Champ","floor":33.0,"turns":8.0},{"damage":0.0,"enemies":"Orb Walker","floor":35.0,"turns":1.0},{"damage":0.0,"enemies":"Mind Bloom Boss Battle","floor":36.0,"turns":4.0},{"damage":6.0,"enemies":"3 Darklings","floor":38.0,"turns":3.0},{"damage":23.0,"enemies":"Nemesis","floor":40.0,"turns":3.0},{"damage":17.0,"enemies":"Maw","floor":44.0,"turns":4.0},{"damage":0.0,"enemies":"4 Shapes","floor":46.0,"turns":2.0},{"damage":31,"enemies":"Replay:Hell Engine","floor":50,"turns":8},{"damage":20,"enemies":"Awakened One","floor":51,"turns":9},{"damage":25,"enemies":"Shield and Spear","floor":55,"turns":3},{"damage":60,"enemies":"The Heart","floor":56,"turns":6}],"seed_played":"-7272451883372709846","potions_obtained":[{"floor":1.0,"key":"EntropicBrew"},{"floor":6.0,"key":"Adrenaline Potion"},{"floor":10.0,"key":"SmokeBomb"},{"floor":22.0,"key":"Adrenaline Potion"},{"floor":30.0,"key":"Adrenaline Potion"},{"floor":38.0,"key":"Elixir"},{"floor":55,"key":"Energy Potion"}],"is_trial":false,"path_per_floor":["M","?","M","$","M","E","R","E","T","E","?","E","M","M","R","B",null,"M","$","?","$","M","E","$","M","T","?","M","M","E","M","R","B",null,"M","?","T","M","?","E","?","$","T","M","R","M","?","$","R","B","B",null,"R","$","E","B",null],"character_chosen":"IRONCLAD","items_purchased":["TheAbacus","ChiLing","TimeFreeze","Ying","DollysMirror","ReplayTheSpireMod:CursedCoin"],"campfire_rested":1,"item_purchase_floors":[4,21,48,48,54,54],"current_hp_per_floor":[74,74,75,75,75,75,75,67,67,73,66,52,58,59,59,70,74,75,75,75,75,62,35,35,8,8,23,25,31,15,23,32,75,75,75,75,75,75,75,58,58,58,58,47,56,62,62,62,71,51,37,66,75,75,63,14],"gold":75,"neow_bonus":"THREE_ENEMY_KILL","is_daily":false,"chose_seed":false,"campfire_upgraded":4,"win_rate":0.0,"timestamp":1609564806,"path_taken":["M","?","M","$","?","E","R","E","T","E","?","E","M","M","R","BOSS","M","$","?","?","?","E","?","?","T","?","M","M","E","M","R","BOSS","M","?","?","?","?","E","?","$","T","M","R","M","?","$","R","BOSS","BOSS","R","$","E","BOSS"],"items_purchased_type":["Relic","Relic","Relic","Relic","Relic","Relic"],"build_version":"2020-12-22","purchased_purges":4,"victory":true,"max_hp_per_floor":[75,75,75,75,75,75,75,75,75,75,75,75,75,75,75,75,75,75,75,75,75,75,75,75,75,75,75,75,75,75,75,75,75,75,75,75,75,75,75,75,75,75,75,75,75,75,75,75,75,75,75,75,75,75,82,82],"relic_stats":{"TheAbacus":[210],"Happy Flower":[36],"counters":[29,123],"Eternal Feather":36,"Pen Nib":[15],"obtain_stats":[{"Replay:Accelerometer":8,"Replay:PocketPolymizer":36,"Ying":48,"DaveBox":0,"Chi":21,"Ancient Tea Set":30,"Burning Blood":0,"TheAbacus":4,"DollysMirror":54,"Strawberry":55,"MostiFishMod:Hod":34,"NeowsBlessing":0,"Happy Flower":10,"ReplayTheSpireMod:CursedCoin":54,"ShadowXiaoBlade":0,"Eternal Feather":23,"Pen Nib":6,"TimeFreeze":48,"Ling":21,"ReplayTheSpireMod:Spearhead":40,"SynthV:TestCard":1,"Ring of Fury":41,"Molten Egg 2":43,"Bag of Marbles":9,"xbg":17,"Toy Ornithopter":12,"TungstenRod":26,"REME_ComplimentaryCards":0,"ChiLing":21},{"Replay:Accelerometer":5,"Replay:PocketPolymizer":21,"Ying":25,"DaveBox":0,"Chi":11,"Ancient Tea Set":17,"Burning Blood":0,"TheAbacus":2,"DollysMirror":27,"Strawberry":28,"MostiFishMod:Hod":19,"NeowsBlessing":0,"Happy Flower":6,"ReplayTheSpireMod:CursedCoin":27,"ShadowXiaoBlade":0,"Eternal Feather":13,"Pen Nib":4,"TimeFreeze":25,"Ling":11,"ReplayTheSpireMod:Spearhead":23,"SynthV:TestCard":1,"Ring of Fury":23,"Molten Egg 2":23,"Bag of Marbles":5,"xbg":10,"Toy Ornithopter":7,"TungstenRod":14,"REME_ComplimentaryCards":0,"ChiLing":11},{"Replay:Accelerometer":11,"Replay:PocketPolymizer":85,"Ying":97,"DaveBox":0,"Chi":43,"Ancient Tea Set":69,"Burning Blood":0,"TheAbacus":2,"DollysMirror":114,"Strawberry":117,"MostiFishMod:Hod":80,"NeowsBlessing":0,"Happy Flower":14,"ReplayTheSpireMod:CursedCoin":114,"ShadowXiaoBlade":0,"Eternal Feather":51,"Pen Nib":7,"TimeFreeze":97,"Ling":43,"ReplayTheSpireMod:Spearhead":91,"SynthV:TestCard":1,"Ring of Fury":91,"Molten Egg 2":91,"Bag of Marbles":11,"xbg":37,"Toy Ornithopter":19,"TungstenRod":56,"REME_ComplimentaryCards":0,"ChiLing":43}],"Burning Blood":140,"Toy Ornithopter":30,"TungstenRod":86},"card_choices":[{"not_picked":["Disarm","Feel No Pain"],"picked":"Armaments","floor":1.0},{"not_picked":["Havoc","ReplayTheSpireMod:Muscle Training","Headbutt","True Grit"],"picked":"Pommel Strike","floor":3.0},{"not_picked":["Warcry","Pummel","Flex","Anger","Run Through"],"picked":"SKIP","floor":5.0},{"not_picked":["REME_SingleHolding","ReplayTheSpireMod:Strike From Hell","Whirlwind","Warcry"],"picked":"True Grit","floor":6.0},{"not_picked":["Cleave","Dual Wield","Entrench","Impervious"],"picked":"Power Through","floor":8.0},{"not_picked":["Power Through","Hemogenesis","Heavy Blade","Headbutt","Clothesline"],"picked":"SKIP","floor":10.0},{"not_picked":["Power Through","Pommel Strike","Flex","Cleave"],"picked":"Shockwave","floor":12.0},{"not_picked":["Heavy Blade","Anger","True Grit","Defy Death","Thunderclap"],"picked":"SKIP","floor":13.0},{"not_picked":["Disarm","True Grit","Replay:Undeath\u0027s Touch","Flex"],"picked":"Demonic Infusion","floor":14.0},{"not_picked":["Thunderclap","Body Slam","Dual Wield","Flex","Replay:Undeath\u0027s Touch"],"picked":"SKIP","floor":18.0},{"not_picked":["Armaments","Wild Strike","Replay:Undeath\u0027s Touch","Havoc","Spot Weakness"],"picked":"SKIP","floor":22.0},{"not_picked":["Perfected Strike","REME_TheLastStrike","Infernal Blade","Evolve","ReplayTheSpireMod:Stacked"],"picked":"SKIP","floor":23.0},{"not_picked":["True Grit","ReplayTheSpireMod:Strike From Hell","Twin Strike","Dropkick","Sword Boomerang"],"picked":"SKIP","floor":25.0},{"not_picked":["ReplayTheSpireMod:Strike From Hell","Body Slam","Feed","Armaments"],"picked":"Sword Boomerang","floor":28.0},{"not_picked":["Body Slam","Shrug It Off","Anger","ReplayTheSpireMod:Strike From Hell","Uppercut"],"picked":"SKIP","floor":29.0},{"not_picked":["Clash","Replay:Undeath\u0027s Touch","Thunderclap","MostiFishMod:TemporaryOutbreak","Shockwave"],"picked":"SKIP","floor":30.0},{"not_picked":["Wild Strike","Hemokinesis","Anger","Pommel Strike+1","True Grit"],"picked":"SKIP","floor":31.0},{"not_picked":["Replay:Many Hands","Brutality","Berserk","Demonic Infusion"],"picked":"REME_ACTH","floor":33.0},{"not_picked":["ReplayTheSpireMod:Strike From Hell","Iron Wave+1","Defy Death+1","Heavy Blade","Twin Strike+1"],"picked":"SKIP","floor":35.0},{"not_picked":["Thunderclap+1","Metallicize","Replay:Undeath\u0027s Touch","Rupture+1","Spot Weakness"],"picked":"SKIP","floor":38.0},{"not_picked":["Warcry","Armaments","Heavy Blade","Wild Strike+1","ReplayReversal"],"picked":"SKIP","floor":40.0},{"not_picked":["Combust+1","REME_FearOfPain","Wild Strike+1","Armaments","Perfected Strike+1"],"picked":"SKIP","floor":44.0},{"not_picked":["Replay:Undeath\u0027s Touch+1","Armaments","REME_FearOfPain+1","Iron Wave+1","MostiFishMod:#F4004"],"picked":"SKIP","floor":46.0},{"not_picked":["Searing Blow+1","Feel No Pain","Rage+1","Warcry"],"picked":"Wild Strike+1","floor":55}],"player_experience":297794,"relics_obtained":[{"floor":1.0,"key":"SynthV:TestCard"},{"floor":6.0,"key":"Pen Nib"},{"floor":8.0,"key":"Replay:Accelerometer"},{"floor":9.0,"key":"Bag of Marbles"},{"floor":10.0,"key":"Happy Flower"},{"floor":12.0,"key":"Toy Ornithopter"},{"floor":23.0,"key":"Eternal Feather"},{"floor":26.0,"key":"TungstenRod"},{"floor":30.0,"key":"Ancient Tea Set"},{"floor":36.0,"key":"Replay:PocketPolymizer"},{"floor":40.0,"key":"ReplayTheSpireMod:Spearhead"},{"floor":41.0,"key":"Ring of Fury"},{"floor":43.0,"key":"Molten Egg 2"},{"floor":55,"key":"Strawberry"}],"event_choices":[{"damage_healed":0.0,"max_hp_gain":0.0,"max_hp_loss":0.0,"gold_gain":0.0,"event_name":"Match and Keep!","player_choice":"0 cards matched","floor":2.0,"gold_loss":0.0,"damage_taken":0.0,"cards_obtained":[]},{"cards_removed":["Strike_R"],"damage_healed":0.0,"max_hp_gain":0.0,"max_hp_loss":0.0,"gold_gain":0.0,"event_name":"Golden Wing","player_choice":"Card Removal","floor":11.0,"gold_loss":0.0,"damage_taken":7.0},{"damage_healed":0.0,"max_hp_gain":0.0,"max_hp_loss":0.0,"gold_gain":0.0,"event_name":"Duplicator","player_choice":"Copied","floor":20.0,"gold_loss":0.0,"damage_taken":0.0,"cards_obtained":["REME_MawOfCthun"]},{"damage_healed":15.0,"max_hp_gain":0.0,"max_hp_loss":0.0,"gold_gain":0.0,"event_name":"The Library","player_choice":"Heal","floor":27.0,"gold_loss":0.0,"damage_taken":0.0},{"damage_healed":0.0,"max_hp_gain":0.0,"max_hp_loss":0.0,"gold_gain":0.0,"event_name":"MindBloom","player_choice":"Fight","floor":36.0,"gold_loss":0.0,"damage_taken":0.0},{"damage_healed":0.0,"max_hp_gain":0.0,"max_hp_loss":0.0,"gold_gain":0.0,"event_name":"SensoryStone","player_choice":"Memory 1","floor":39.0,"gold_loss":0.0,"damage_taken":0.0}],"is_beta":false,"boss_relics":[{"not_picked":["Empty Cage","Abe\u0027s Treasure"],"picked":"xbg"},{"not_picked":["REME_DemonsWealth","FeatherPendant"],"picked":"MostiFishMod:Hod"}],"items_purged_floors":[19,24,42,54],"is_endless":false,"potions_floor_spawned":[1,6,10,13,22,28,30,38,55],"ascension_level":20}}