{"host":"cp21jiryvf4578c3","time":1609603809,"event":{"mods":["BaseMod","Downfall","Minty Spire (QoL Compilation)","Replay The Spire","StSLib"],"gold_per_floor":[113,113,113,124,124,154,6,6,6,6,6,6,6,6,34,55,55,77,77,181,181,196,121,121,84,102,129,129,139,139,39,39,39,39],"floor_reached":32,"playtime":1922,"items_purged":["Guardian:Gem_Red","Guardian:Gem_Synthetic"],"score":289,"play_id":"bbca0df8-6e21-4080-b76a-87fa95ff24cb","local_time":"20210103001009","daily_mods":["Shiny","Heirloom","Time Dilation","Flight","downfall:Jewelcrafting","downfall:Lament"],"is_ascension_mode":false,"campfire_choices":[{"floor":17,"key":"REST"},{"data":"hexamod:VolcanoVisage","floor":19,"key":"SMITH"}],"circlet_count":0,"master_deck":["hexamod:EmpoweringStance","hexamod:UnleashSpirits","hexamod:HexaLevel","hexamod:WildfireWeapon","hexamod:VolcanoVisage+1","hexamod:TimeOfNeed+1","hexamod:SearingWound","hexamod:GhostflameInferno","hexamod:ParanormalForm","hexamod:TurnItUp","hexamod:CrushingStance","hexamod:TimeWarp","Guardian:ExploitGems+1","Guardian:ExploitGems+1","hexamod:FastForward","hexamod:InspiringFlames","Guardian:Gem_Orange","hexamod:VolcanoVisage","hexamod:SpectersWail","hexamod:TimeWarp","hexamod:Hexaguard","hexamod:BurningTouch","hexamod:BurningTouch"],"relics":["hexamod:SpiritBrand","Guardian:PickAxe","Bird Faced Urn","Lantern","Bag of Preparation","Blood Vial","Guardian:PocketSentry","hexamod:TheBrokenSeal","Runic Dome","Replay:Mystery Machine","Nloth\u0027s Gift"],"acts_visited":["Exordium","TheCity"],"potions_floor_usage":[20,20,20],"damage_taken":[{"damage":0,"enemies":"2 Louse","floor":1,"turns":2},{"damage":18,"enemies":"Jaw Worm","floor":4,"turns":4},{"damage":9,"enemies":"3 Sentries","floor":6,"turns":2},{"damage":52,"enemies":"Gremlin Nob","floor":15,"turns":5},{"damage":12,"enemies":"Cultist","floor":16,"turns":5},{"damage":15,"enemies":"Blue Slaver","floor":18,"turns":4},{"damage":24,"enemies":"Fading Forest","floor":20,"turns":11},{"damage":0,"enemies":"3 Byrds","floor":22,"turns":2},{"damage":6,"enemies":"Chosen","floor":26,"turns":4},{"damage":12,"enemies":"Gremlin Leader","floor":27,"turns":5},{"damage":0,"enemies":"Snecko","floor":29,"turns":2}],"seed_played":"-7067351619071302069","potions_obtained":[{"floor":1,"key":"Fire Potion"},{"floor":4,"key":"champ:CounterPotion"},{"floor":6,"key":"Guardian:BlockOnCardUsePotion"},{"floor":16,"key":"Reflective Coating"},{"floor":27,"key":"Block Potion"},{"floor":29,"key":"DistilledChaos"}],"is_trial":true,"path_per_floor":["M","?","?","M","?","E","$","R","T","PTL","PTL","PTL","PTL","R","E","M","R","M","R","B",null,"M","$","?","$","M","E","?","M","T","$","R"],"character_chosen":"THE_SPIRIT","items_purchased":["Bag of Preparation","hexamod:BurningTouch"],"campfire_rested":1,"item_purchase_floors":[7,25],"current_hp_per_floor":[70,75,68,67,67,60,60,60,60,60,60,60,60,60,22,37,59,71,71,83,85,85,85,85,85,85,77,77,85,85,85,85,85,85],"gold":39,"neow_bonus":"","is_daily":false,"chose_seed":false,"campfire_upgraded":1,"win_rate":0.0,"timestamp":1609603809,"path_taken":["M","?","?","M","?","E","$","R","T","PTL","PTL","PTL","PTL","R","E","?","R","M","R","BOSS","M","$","?","?","?","E","?","?","T","$","R"],"items_purchased_type":["Relic","Card"],"build_version":"2020-12-22","purchased_purges":2,"victory":false,"max_hp_per_floor":[70,75,75,75,75,75,75,75,75,75,75,75,75,75,75,75,75,75,75,85,85,85,85,85,85,85,85,85,85,85,85,85,85,85],"card_choices":[{"not_picked":["hexamod:PhantomFireball","hexamod:Firestarter"],"picked":"hexamod:FastForward","floor":1},{"not_picked":["hexamod:SixthSeal","hexamod:ThirdSeal"],"picked":"hexamod:FourthSeal","floor":4},{"not_picked":["hexamod:BacktrackSmack","hexamod:HauntingEcho","hexamod:ShieldOfDarkness"],"picked":"SKIP","floor":4},{"not_picked":["hexamod:PhantomCloak","hexamod:SwordOfDarkness"],"picked":"hexamod:InspiringFlames","floor":6},{"not_picked":["hexamod:FourthSeal","hexamod:ThirdSeal"],"picked":"hexamod:SecondSeal","floor":15},{"not_picked":["hexamod:DynamicBlow","hexamod:BacktrackSmack"],"picked":"hexamod:VolcanoVisage","floor":15},{"not_picked":["hexamod:FourthSeal","hexamod:SixthSeal"],"picked":"hexamod:ThirdSeal","floor":16},{"not_picked":["hexamod:SecondSeal","hexamod:HauntingEcho","hexamod:RainOfEmbers"],"picked":"SKIP","floor":16},{"not_picked":["hexamod:Haunt","hexamod:Incineration"],"picked":"hexamod:SpectersWail","floor":18},{"not_picked":["hexamod:CrushingStance","hexamod:TurnItUp"],"picked":"hexamod:TimeWarp","floor":20},{"not_picked":["hexamod:SpectralAdrenaline","hexamod:GhostShield"],"picked":"hexamod:Hexaguard","floor":22},{"not_picked":["hexamod:Hexaguard","hexamod:SwordOfDarkness","hexamod:NightmareStrike"],"picked":"SKIP","floor":26},{"not_picked":["hexamod:UnleashSpirits","hexamod:ThermalTransfer+1","hexamod:Hexaguard"],"picked":"SKIP","floor":27},{"not_picked":["hexamod:GhostOfSpirePresent","hexamod:ThermalTransfer+1","hexamod:HeatMetal+1"],"picked":"SKIP","floor":29}],"player_experience":121942,"relics_obtained":[{"floor":6,"key":"Lantern"},{"floor":9,"key":"Blood Vial"},{"floor":15,"key":"Guardian:PocketSentry"},{"floor":27,"key":"Replay:Mystery Machine"}],"event_choices":[{"damage_healed":0,"gold_gain":0,"player_choice":"Donut","damage_taken":0,"max_hp_gain":5,"max_hp_loss":0,"event_name":"Big Fish","floor":2,"gold_loss":0},{"damage_healed":0,"gold_gain":0,"player_choice":"Ignored","damage_taken":0,"max_hp_gain":0,"max_hp_loss":0,"event_name":"Transmorgrifier","floor":5,"gold_loss":0},{"damage_healed":0,"gold_gain":0,"player_choice":"Bought 0 Potions","damage_taken":0,"max_hp_gain":0,"max_hp_loss":0,"event_name":"The Woman in Blue","floor":24,"gold_loss":0},{"damage_healed":0,"gold_gain":0,"player_choice":"Traded Relic","damage_taken":0,"relics_obtained":["Nloth\u0027s Gift"],"max_hp_gain":0,"max_hp_loss":0,"event_name":"N\u0027loth","floor":28,"relics_lost":["NeowsBlessing"],"gold_loss":0}],"is_beta":false,"boss_relics":[{"not_picked":["Cursed Key","Ectoplasm"],"picked":"Runic Dome"}],"items_purged_floors":[23,31],"is_endless":true,"potions_floor_spawned":[1,4,6,18,22,27,29],"ascension_level":0}}