{"host":"emut9mh212kd9b86","time":1609601957,"event":{"mods":["ATMod(°¢èªMod)","Act Like it!","BaseMod","Better Vampires","Downfall","Koishi","KomeijiMod","Minty Spire (QoL Compilation)","MostiFishMod","Shop Mod","Spicy Shops","StSLib","TestMod","Waifu the Spire","noobMod","¡¾ÒÅÎï¿¨ÅÆ¡¿REMEMod"],"gold_per_floor":[99,118,137,137,137,62,113,132,165,165,200,212,227,253,264,367,-1033,-1033,-1021,0,10,210,245,268,268,280,306,706,706,734,748,762,862,862,862,876,876,887,686,699,724,757,757,775,807,827,827,860,872,872],"floor_reached":51,"playtime":1962,"items_purged":["Strike_Komeiji"],"score":1792,"play_id":"efa5a6a3-b67e-4163-92ab-2dba190de6bd","local_time":"20210102233917","is_ascension_mode":true,"campfire_choices":[{"floor":1,"key":"RECALL"},{"data":"MostiFishMod:GrandStart","floor":6,"key":"SMITH"},{"data":"Defend_Komeiji","floor":10,"key":"SMITH"},{"data":"Defend_Komeiji","floor":18,"key":"SMITH"},{"data":"Defend_Komeiji","floor":29,"key":"SMITH"},{"data":"Defend_Komeiji","floor":35,"key":"SMITH"},{"data":"MostiFishMod:ButterFly","floor":47,"key":"SMITH"}],"circlet_count":0,"master_deck":["Strike_Komeiji+1","Defend_Komeiji+1","Defend_Komeiji+1","Defend_Komeiji+1","Defend_Komeiji+1","Dash_Komeiji+1","MostiFishMod:GrandStart+1","NingyouKisou+1","MostiFishMod:ButterFly+1"],"relics":["KomeijisEye","SpellCardsRule","MusicBox","ice","DaveBox","AT_ATBox","REME_ComplimentaryCards","testmod-CardMagician","Technique","Orichalcum","downfall:HeartBlessingRed","Anchor","Tiny Chest","Boot","testmod-DragonStarHat","SynthV:MejaisSoulstealer","AT_SunfireAegis","Enchiridion","SynthV:C4","Bag of Marbles","REME_LowDesire","Centennial Puzzle","MerchantsRug","OrangePellets","Happy Flower","Pen Nib","Akabeko","ImprovedEquipment","Shuriken","Oddly Smooth Stone"],"acts_visited":["Exordium","TheCity","TheBeyond"],"potions_floor_usage":[16,20,20,33,33,33,50,50,50,50],"damage_taken":[{"damage":7,"enemies":"Jaw Worm","floor":2,"turns":4},{"damage":4,"enemies":"2 Louse","floor":3,"turns":3},{"damage":0,"enemies":"Small Slimes","floor":8,"turns":1},{"damage":0,"enemies":"Lagavulin","floor":9,"turns":2},{"damage":0,"enemies":"3 Sentries","floor":11,"turns":1},{"damage":0,"enemies":"Red Slaver","floor":12,"turns":1},{"damage":0,"enemies":"Large Slime","floor":13,"turns":1},{"damage":0,"enemies":"Gremlin Nob","floor":14,"turns":3},{"damage":0,"enemies":"2 Fungi Beasts","floor":15,"turns":1},{"damage":22,"enemies":"downfall:Silent","floor":16,"turns":6},{"damage":0,"enemies":"3 Byrds","floor":19,"turns":2},{"damage":2,"enemies":"downfall:FleeingMerchant","floor":20,"turns":4},{"damage":0,"enemies":"Chosen","floor":21,"turns":4},{"damage":0,"enemies":"Chosen","floor":22,"turns":2},{"damage":0,"enemies":"Book of Stabbing","floor":23,"turns":3},{"damage":0,"enemies":"Sentry and Sphere","floor":26,"turns":1},{"damage":0,"enemies":"Gremlin Leader","floor":27,"turns":3},{"damage":0,"enemies":"Book of Stabbing","floor":30,"turns":3},{"damage":0,"enemies":"Shelled Parasite and Fungi","floor":31,"turns":1},{"damage":0,"enemies":"Snake Plant","floor":32,"turns":1},{"damage":0,"enemies":"downfall:Ironclad","floor":33,"turns":4},{"damage":0,"enemies":"3 Shapes","floor":36,"turns":1},{"damage":0,"enemies":"3 Darklings","floor":38,"turns":1},{"damage":0,"enemies":"downfall:FleeingMerchant","floor":39,"turns":1},{"damage":0,"enemies":"Jaw Worm Horde","floor":40,"turns":1},{"damage":0,"enemies":"Giant Head","floor":42,"turns":5},{"damage":0,"enemies":"Sphere and 2 Shapes","floor":44,"turns":1},{"damage":0,"enemies":"Reptomancer","floor":45,"turns":2},{"damage":0,"enemies":"3 Darklings","floor":46,"turns":1},{"damage":0,"enemies":"Giant Head","floor":48,"turns":6},{"damage":0,"enemies":"Transient","floor":49,"turns":5},{"damage":0,"enemies":"downfall:Defect","floor":50,"turns":4}],"seed_played":"-1387045537070309054","potions_obtained":[{"floor":3,"key":"testmod-TestPotion"},{"floor":8,"key":"Explosive Potion"},{"floor":12,"key":"Swift Potion"},{"floor":23,"key":"EssenceOfSteel"},{"floor":26,"key":"champ:CounterPotion"},{"floor":30,"key":"AttackPotion"},{"floor":31,"key":"PowerPotion"},{"floor":40,"key":"CalmPotion"},{"floor":42,"key":"SkillPotion"},{"floor":45,"key":"LiquidMemories"},{"floor":46,"key":"AttackPotion"}],"is_trial":false,"path_per_floor":["R","M","M","?","?","R","T","M","E","R","E","M","M","E","M","B",null,"R","M","$","M","?","E","T","?","M","E","?","R","E","M","M","B",null,"R","M","T","M","$","M","T","E","?","M","E","M","R","E","M","B",null],"character_chosen":"KomeijiSatori","items_purchased":["MerchantsRug","OrangePellets","Happy Flower","Pen Nib"],"campfire_rested":0,"item_purchase_floors":[39,39,39,39],"current_hp_per_floor":[45,38,34,49,49,49,49,49,49,49,49,49,49,49,49,27,44,44,44,42,42,42,42,42,26,26,26,26,26,26,26,26,26,44,44,44,44,44,44,44,44,44,44,44,48,48,48,50,50,50],"gold":872,"neow_bonus":"RANDOM_COMMON_RELIC","is_daily":false,"chose_seed":false,"campfire_upgraded":6,"win_rate":0.0,"timestamp":1609601957,"path_taken":["R","M","M","?","?","R","T","M","E","R","E","M","M","E","M","BOSS","R","M","$","M","?","E","T","?","M","E","?","R","E","M","M","BOSS","R","M","?","?","$","M","T","E","?","M","E","M","R","E","M","BOSS"],"items_purchased_type":["Relic","Relic","Relic","Relic"],"build_version":"2020-12-22","purchased_purges":1,"victory":true,"max_hp_per_floor":[50,50,50,50,50,50,50,50,50,50,50,50,50,50,50,50,50,50,50,50,50,50,50,50,50,50,50,50,50,50,50,50,50,50,50,50,50,50,50,50,50,50,50,50,50,50,50,50,50,50],"card_choices":[{"not_picked":["NingyouSP+1","KeiseiJin+1","NingyouKasou+1"],"picked":"SKIP","floor":2},{"not_picked":["LittleLegion","KimairaNoYoku","HagoromoMizu"],"picked":"SKIP","floor":3},{"not_picked":["FreezeTouchMe","NingyouShinki+1","LittleLegion"],"picked":"SKIP","floor":8},{"not_picked":["NingyouMusou+1","HisouNoKen","NingyouSP+1"],"picked":"SKIP","floor":9},{"not_picked":["Mishyaguji+1","TerribleSouvenir","Melting"],"picked":"SKIP","floor":11},{"not_picked":["KinbakuJin+1","HagoromoMizu","SeishiRoten+1"],"picked":"SKIP","floor":12},{"not_picked":["KoKei+1","Sabishigari+1","NingyouSP+1"],"picked":"SKIP","floor":13},{"not_picked":["KeiseiJin+1","LittleLegion","AbyssNova"],"picked":"SKIP","floor":14},{"not_picked":["Mishyaguji+1","SenseofElegance","EnMu+1"],"picked":"SKIP","floor":15},{"not_picked":["MajikuruSanhai+1","InscribeRedSoul","NingyouFukuhei+1"],"picked":"SKIP","floor":19},{"not_picked":["NingyouShinki+1","SelfTokamak+1","JyouchiJin+1"],"picked":"SKIP","floor":20},{"not_picked":["NingyouShinki+1","NingyouSP+1","SeekerDolls"],"picked":"SKIP","floor":21},{"not_picked":["NingyouFukuhei+1","MakuraSeki","NingyouSP+1"],"picked":"SKIP","floor":23},{"not_picked":["ShyakuBuku","SeekerWire+1"],"picked":"NingyouKisou+1","floor":26},{"not_picked":["KeiseiJin+1","VampireKiss+1","FreezeTouchMe+1"],"picked":"SKIP","floor":27},{"not_picked":["NingyouSP+1","Agarareta+1","Mishyaguji+1"],"picked":"SKIP","floor":30},{"not_picked":["SemiAutomaton","MajikuruSanhai+1","KokorosuKi+1"],"picked":"SKIP","floor":31},{"not_picked":["HenyouMirume+1","HagoromoMizu+1","NingyouSP+1"],"picked":"SKIP","floor":32},{"not_picked":["KinbakuJin+1","HagoromoMizu","KeiseiJin+1","testmod-Reflect"],"picked":"SKIP","floor":36},{"not_picked":["NingyouOkisou+1","NingyouShinki+1","SuitokuNoKyoryu","testmod-BloodShelter"],"picked":"SKIP","floor":38},{"not_picked":["JyouchiJin+1","EnMu+1","HisouNoKen","REME_FirmDetermination"],"picked":"SKIP","floor":39},{"not_picked":["TerribleSouvenir","DemonLordCradle","KinbakuJin+1","expansioncontent:Corrupt"],"picked":"SKIP","floor":40},{"not_picked":["FreezeTouchMe+1","NingyouShinki+1","GroundStardust+1","testmod-LifeRuler+1"],"picked":"SKIP","floor":42},{"not_picked":["KoKei+1","Sabishigari+1","HelanNingyou"],"picked":"MostiFishMod:ButterFly","floor":44},{"not_picked":["DemonsDinnerFork","NingyouFukuhei+1","JyouchiJin+1","testmod-TemporaryDeletion+1"],"picked":"SKIP","floor":45},{"not_picked":["SeekerDolls+1","DemonLordCradle","NingyouSP+1","Transmutation"],"picked":"SKIP","floor":46},{"not_picked":["MiraiBunraku","HisouNoKen","OoedoNingyou+1","testmod-EnhanceArmerment"],"picked":"SKIP","floor":48},{"not_picked":["ArtfulChanter","SeekerDolls+1","Sabishigari+1","expansioncontent:PolyBeam"],"picked":"SKIP","floor":49}],"player_experience":428555,"relics_obtained":[{"floor":7,"key":"Anchor"},{"floor":9,"key":"Tiny Chest"},{"floor":11,"key":"Boot"},{"floor":14,"key":"testmod-DragonStarHat"},{"floor":23,"key":"AT_SunfireAegis"},{"floor":24,"key":"Potion Belt"},{"floor":25,"key":"Enchiridion"},{"floor":27,"key":"SynthV:C4"},{"floor":30,"key":"Bag of Marbles"},{"floor":34,"key":"Centennial Puzzle"},{"floor":34,"key":"SpellExtend"},{"floor":37,"key":"testmod-BalancedPeriapt"},{"floor":41,"key":"Akabeko"},{"floor":42,"key":"ImprovedEquipment"},{"floor":45,"key":"Shuriken"},{"floor":48,"key":"Oddly Smooth Stone"}],"event_choices":[{"cards_removed":["Strike_Komeiji"],"damage_healed":0,"gold_gain":0,"player_choice":"Card Removal","damage_taken":0,"max_hp_gain":0,"max_hp_loss":0,"event_name":"The Cleric","floor":5,"gold_loss":0},{"damage_healed":0,"gold_gain":400,"player_choice":"Sell","damage_taken":0,"max_hp_gain":0,"max_hp_loss":0,"event_name":"¶÷ÂåË¹µÄÅÌ×Ó","floor":28,"relics_lost":["testmod-TestBox"],"gold_loss":0},{"cards_removed":["Strike_Komeiji"],"damage_healed":0,"gold_gain":0,"player_choice":"Removed Attack","damage_taken":0,"max_hp_gain":0,"max_hp_loss":0,"event_name":"Falling","floor":43,"gold_loss":0}],"is_beta":false,"boss_relics":[{"not_picked":["Calling Bell","Transparent"],"picked":"SynthV:MejaisSoulstealer"},{"not_picked":["Sozu","Coffee Dripper"],"picked":"REME_LowDesire"}],"items_purged_floors":[39],"is_endless":false,"potions_floor_spawned":[3,8,12,13,14,15,22,23,26,30,31,40,42,45,46,48,49],"ascension_level":8}}