{"host":"l1ihaotq1cxp1b6b","time":1609605541,"event":{"mods":["AchievementEnabler","BaseMod","Colored Map","Custom Start","DeckTracker","Minty Spire (QoL Compilation)","StSLib","SuperFastMode","everything is the same but u backflip on backflip"],"gold_per_floor":[119,74,74,86,86,86,111,111,111,146,163,182,216,68,68,172,172,184,154,20,31,50,85,85,85,85],"floor_reached":25,"playtime":776,"items_purged":["Strike_P","Strike_P"],"score":434,"play_id":"fa12b6f2-7dd6-4168-9305-499ff10fd0fe","local_time":"20210103013901","is_ascension_mode":true,"campfire_choices":[{"data":"Alpha","floor":6.0,"key":"SMITH"},{"data":"DeceiveReality","floor":8.0,"key":"SMITH"},{"data":"Eruption","floor":15.0,"key":"SMITH"},{"floor":24,"key":"REST"}],"circlet_count":0,"master_deck":["AscendersBane","Strike_P","Strike_P","Defend_P","Defend_P","Defend_P","Defend_P","Eruption+1","Vigilance","Alpha+1","ThirdEye","Evaluate","DeceiveReality+1","JustLucky","InnerPeace","EmptyBody","LikeWater","Wish","Adaptation","Vault","Prostrate+1","WheelKick","Nirvana+1"],"relics":["PureWater","Orichalcum","Eternal Feather","TungstenRod","Mercury Hourglass","Toy Ornithopter","Philosopher\u0027s Stone","CaptainsWheel"],"acts_visited":["Exordium","TheCity"],"potions_floor_usage":[23,23,25],"damage_taken":[{"damage":15.0,"enemies":"Small Slimes","floor":1.0,"turns":5.0},{"damage":4.0,"enemies":"Cultist","floor":4.0,"turns":4.0},{"damage":3.0,"enemies":"Lagavulin","floor":7.0,"turns":6.0},{"damage":0.0,"enemies":"3 Sentries","floor":10.0,"turns":4.0},{"damage":2.0,"enemies":"Jaw Worm","floor":11.0,"turns":4.0},{"damage":7.0,"enemies":"Exordium Wildlife","floor":12.0,"turns":5.0},{"damage":23.0,"enemies":"Gremlin Nob","floor":13.0,"turns":4.0},{"damage":7.0,"enemies":"Hexaghost","floor":16.0,"turns":6.0},{"damage":1.0,"enemies":"3 Byrds","floor":18.0,"turns":4.0},{"damage":0.0,"enemies":"Chosen","floor":21.0,"turns":4.0},{"damage":15.0,"enemies":"Centurion and Healer","floor":22.0,"turns":6.0},{"damage":53,"enemies":"Gremlin Leader","floor":23,"turns":6},{"damage":55,"enemies":"Slavers","floor":25,"turns":4}],"seed_played":"95240761873229187","potions_obtained":[{"floor":5.0,"key":"Energy Potion"},{"floor":5.0,"key":"GamblersBrew"},{"floor":5.0,"key":"AttackPotion"},{"floor":7.0,"key":"Strength Potion"},{"floor":12.0,"key":"DuplicationPotion"},{"floor":13.0,"key":"StancePotion"},{"floor":16.0,"key":"Swift Potion"},{"floor":19.0,"key":"Block Potion"},{"floor":23,"key":"AttackPotion"}],"is_trial":false,"path_per_floor":["M","$","?","M","?","R","E","R","T","E","M","M","E","$","R","B",null,"M","?","$","M","M","E","R","E"],"character_chosen":"WATCHER","items_purchased":["Evaluate","Adaptation","WheelKick"],"campfire_rested":1,"item_purchase_floors":[2,14,20],"current_hp_per_floor":[50,50,38,34,34,34,31,40,40,40,38,31,8,8,20,18,59,63,63,63,63,53,10,43,0,0],"gold":85,"neow_bonus":"ONE_RANDOM_RARE_CARD","is_daily":false,"chose_seed":false,"campfire_upgraded":3,"win_rate":0.0,"timestamp":1609605541,"path_taken":["M","$","?","M","?","R","E","R","T","E","M","?","E","$","R","BOSS","M","?","$","M","?","E","R","E"],"items_purchased_type":["Card","Card","Card"],"build_version":"2020-12-22","purchased_purges":2,"victory":false,"max_hp_per_floor":[72,72,72,72,72,72,72,72,72,72,72,72,72,72,72,72,72,72,72,72,72,72,72,72,72,72],"card_choices":[{"not_picked":["BowlingBash","EmptyBody"],"picked":"ThirdEye","floor":1.0},{"not_picked":["Indignation","Fasting2"],"picked":"DeceiveReality","floor":4.0},{"not_picked":["BowlingBash","WaveOfTheHand"],"picked":"JustLucky","floor":7.0},{"not_picked":["Wish","Prostrate"],"picked":"InnerPeace","floor":10.0},{"not_picked":["Conclude","CrushJoints"],"picked":"EmptyBody","floor":11.0},{"not_picked":["Wallop","FlyingSleeves"],"picked":"LikeWater","floor":12.0},{"not_picked":["WindmillStrike","FollowUp"],"picked":"Wish","floor":13.0},{"not_picked":["Brilliance","SpiritShield"],"picked":"Vault","floor":16.0},{"not_picked":["EmptyBody","CrushJoints+1"],"picked":"Prostrate+1","floor":18.0},{"not_picked":["ClearTheMind","Consecrate","Protect"],"picked":"SKIP","floor":21.0},{"not_picked":["TalkToTheHand","Wireheading"],"picked":"Nirvana+1","floor":22.0},{"not_picked":["Evaluate","JustLucky","FlurryOfBlows"],"picked":"SKIP","floor":23}],"player_experience":533130,"relics_obtained":[{"floor":7.0,"key":"Eternal Feather"},{"floor":9.0,"key":"TungstenRod"},{"floor":10.0,"key":"Mercury Hourglass"},{"floor":13.0,"key":"Toy Ornithopter"},{"floor":23,"key":"CaptainsWheel"}],"event_choices":[{"damage_healed":0.0,"max_hp_gain":0.0,"max_hp_loss":0.0,"gold_gain":0.0,"event_name":"Scrap Ooze","player_choice":"Success","floor":3.0,"gold_loss":0.0,"damage_taken":12.0,"relics_obtained":["Orichalcum"]},{"damage_healed":0.0,"max_hp_gain":0.0,"max_hp_loss":0.0,"gold_gain":0.0,"event_name":"Lab","player_choice":"Got Potions","floor":5.0,"gold_loss":0.0,"damage_taken":0.0},{"damage_healed":0.0,"max_hp_gain":0.0,"max_hp_loss":0.0,"gold_gain":0.0,"event_name":"The Woman in Blue","player_choice":"Bought 2 Potions","floor":19.0,"gold_loss":0.0,"damage_taken":0.0}],"is_beta":false,"boss_relics":[{"not_picked":["Coffee Dripper","Calling Bell"],"picked":"Philosopher\u0027s Stone"}],"items_purged_floors":[14,20],"is_endless":false,"potions_floor_spawned":[7,12,13,16,21,23],"killed_by":"Slavers","ascension_level":10}}