{"host":"naykp6d9ulahlwib","time":1609558745,"event":{"mods":["BaseMod","Highlight Path","Minty Spire (QoL Compilation)","Shop Mod","StSLib"],"gold_per_floor":[116,130,130,142,42,42,74,74,74,74,89,89,99,99,99,195,195,211,211,230,130,148,148,63,82,82,82,82,82,102,120,120,120,120],"floor_reached":33,"playtime":3660,"items_purged":["Strike_P","Strike_P"],"score":494,"play_id":"be606c47-3db2-46a1-91bd-b7f484832002","local_time":"20210101213905","is_ascension_mode":true,"campfire_choices":[{"data":"Eruption","floor":6.0,"key":"SMITH"},{"data":"Wireheading","floor":10.0,"key":"SMITH"},{"floor":15.0,"key":"REST"},{"floor":23.0,"key":"REST"},{"floor":27.0,"key":"REST"},{"floor":29.0,"key":"REST"},{"floor":32.0,"key":"REST"}],"circlet_count":0,"master_deck":["AscendersBane","Strike_P","Defend_P+1","Defend_P+1","Defend_P","Defend_P","Eruption+1","Vigilance","Thinking Ahead+1","BowlingBash","ReachHeaven+1","EmptyBody","Wireheading+1","DeusExMachina+1","LessonLearned+1","Halt+1","Wallop+1"],"relics":["HolyWater","Bottled Lightning","Letter Opener","Kunai","Golden Idol","The Courier","Bottled Tornado"],"acts_visited":["Exordium","TheCity"],"potions_floor_usage":[33],"damage_taken":[{"damage":2.0,"enemies":"2 Louse","floor":1.0,"turns":4.0},{"damage":0.0,"enemies":"Small Slimes","floor":2.0,"turns":4.0},{"damage":4.0,"enemies":"Cultist","floor":4.0,"turns":4.0},{"damage":2.0,"enemies":"3 Sentries","floor":7.0,"turns":4.0},{"damage":6.0,"enemies":"Exordium Thugs","floor":11.0,"turns":3.0},{"damage":0.0,"enemies":"Lots of Slimes","floor":13.0,"turns":2.0},{"damage":33.0,"enemies":"Slime Boss","floor":16.0,"turns":6.0},{"damage":8.0,"enemies":"Chosen","floor":18.0,"turns":5.0},{"damage":19.0,"enemies":"Spheric Guardian","floor":20.0,"turns":5.0},{"damage":21.0,"enemies":"Shelled Parasite and Fungi","floor":22.0,"turns":6.0},{"damage":11.0,"enemies":"Chosen and Byrds","floor":25.0,"turns":6.0},{"damage":8.0,"enemies":"Cultist and Chosen","floor":30.0,"turns":6.0},{"damage":0.0,"enemies":"Sentry and Sphere","floor":31.0,"turns":4.0},{"damage":82,"enemies":"Champ","floor":33,"turns":7}],"seed_played":"-2570860529450769131","potions_obtained":[{"floor":1.0,"key":"EntropicBrew"},{"floor":4.0,"key":"Fruit Juice"},{"floor":11.0,"key":"Explosive Potion"},{"floor":13.0,"key":"Explosive Potion"},{"floor":18.0,"key":"Energy Potion"},{"floor":22.0,"key":"SkillPotion"},{"floor":25.0,"key":"GamblersBrew"},{"floor":31.0,"key":"ColorlessPotion"}],"is_trial":false,"path_per_floor":["M","M","?","M","$","R","E","?","T","R","M","T","M","?","R","B",null,"M","?","M","$","M","R","?","M","T","R","$","R","M","M","R","B"],"character_chosen":"WATCHER","items_purchased":["EmptyBody"],"campfire_rested":5,"item_purchase_floors":[5],"current_hp_per_floor":[41,41,41,37,42,42,40,40,40,40,34,34,34,34,53,20,55,47,47,28,28,7,26,26,15,15,34,34,53,45,45,64,0,0],"gold":120,"neow_bonus":"RANDOM_COLORLESS_2","is_daily":false,"chose_seed":false,"campfire_upgraded":2,"win_rate":0.0,"timestamp":1609558745,"path_taken":["M","M","?","M","$","R","E","?","T","R","?","?","?","?","R","BOSS","M","?","M","$","M","R","?","M","T","R","$","R","M","M","R","BOSS"],"items_purchased_type":["Card"],"build_version":"2020-12-22","purchased_purges":2,"victory":false,"max_hp_per_floor":[68,68,68,68,73,73,73,73,73,73,73,73,73,66,66,66,66,66,66,66,66,66,66,66,66,66,66,66,66,66,66,66,66,66],"card_choices":[{"not_picked":["HandOfGreed","The Bomb"],"picked":"Thinking Ahead","floor":0.0},{"not_picked":["Evaluate","FlurryOfBlows","Crescendo"],"picked":"SKIP","floor":1.0},{"not_picked":["FollowUp","Adaptation"],"picked":"BowlingBash","floor":2.0},{"not_picked":["FollowUp","EmptyFist"],"picked":"ReachHeaven","floor":4.0},{"not_picked":["FlyingSleeves","JustLucky"],"picked":"Wireheading","floor":7.0},{"not_picked":["Weave","FlurryOfBlows","FlyingSleeves"],"picked":"SKIP","floor":11.0},{"not_picked":["Vengeance","Worship"],"picked":"DeusExMachina","floor":13.0},{"not_picked":["Judgement","Scrawl"],"picked":"LessonLearned","floor":16.0},{"not_picked":["WindmillStrike","FlyingSleeves"],"picked":"Halt+1","floor":18.0},{"not_picked":["SashWhip","LikeWater","Pray"],"picked":"SKIP","floor":20.0},{"not_picked":["Crescendo","MentalFortress"],"picked":"Wallop","floor":22.0},{"not_picked":["TalkToTheHand","CutThroughFate","SashWhip"],"picked":"SKIP","floor":25.0},{"not_picked":["ClearTheMind","Crescendo","TalkToTheHand"],"picked":"SKIP","floor":30.0},{"not_picked":["CutThroughFate","ConjureBlade","SashWhip"],"picked":"SKIP","floor":31.0}],"player_experience":961350,"relics_obtained":[{"floor":7.0,"key":"Bottled Lightning"},{"floor":9.0,"key":"Letter Opener"},{"floor":12.0,"key":"Kunai"},{"floor":26.0,"key":"Bottled Tornado"}],"event_choices":[{"cards_removed":["Strike_P"],"damage_healed":0.0,"max_hp_gain":0.0,"max_hp_loss":0.0,"gold_gain":0.0,"event_name":"Living Wall","player_choice":"Forget","floor":3.0,"gold_loss":0.0,"damage_taken":0.0},{"damage_healed":0.0,"max_hp_gain":0.0,"max_hp_loss":0.0,"gold_gain":0.0,"event_name":"Upgrade Shrine","player_choice":"Upgraded","floor":8.0,"gold_loss":0.0,"damage_taken":0.0,"cards_upgraded":["Thinking Ahead"]},{"damage_healed":0.0,"max_hp_gain":0.0,"max_hp_loss":7.0,"gold_gain":0.0,"event_name":"Golden Idol","player_choice":"Lose Max HP","floor":14.0,"gold_loss":0.0,"damage_taken":0.0,"relics_obtained":["Golden Idol"]},{"damage_healed":0.0,"max_hp_gain":0.0,"max_hp_loss":0.0,"gold_gain":0.0,"event_name":"The Mausoleum","player_choice":"Ignored","floor":19.0,"gold_loss":0.0,"damage_taken":0.0},{"damage_healed":0.0,"max_hp_gain":0.0,"max_hp_loss":0.0,"gold_gain":0.0,"event_name":"Addict","player_choice":"Obtained Relic","floor":24.0,"gold_loss":85.0,"damage_taken":0.0,"relics_obtained":["The Courier"]}],"is_beta":false,"boss_relics":[{"not_picked":["SacredBark","Pandora\u0027s Box"],"picked":"HolyWater"}],"items_purged_floors":[5,21],"is_endless":false,"potions_floor_spawned":[1,4,11,13,18,22,25,31],"killed_by":"Champ","ascension_level":20}}