{"host":"jgqxb38yl0c1w101","time":1609547708,"event":{"mods":["BaseMod","Colored Map","Downfall","Minty Spire (QoL Compilation)","StSLib"],"gold_per_floor":[99,99,62,62,162,162,162,188,220,370,382,398,198,231,250,350,350,350,363,363,363,363,363,363,81,81,81,95,124,137,148,158,158,158],"floor_reached":33,"playtime":3283,"items_purged":[],"score":296,"play_id":"d1372a97-3200-4eca-8cc1-0e150c617e9b","local_time":"20210101193508","is_ascension_mode":false,"campfire_choices":[{"floor":1.0,"key":"RECALL"},{"data":"sneckomod:SnekBite","floor":13.0,"key":"SMITH"},{"data":"sneckomod:UnknownStrike","floor":18.0,"key":"SMITH"},{"data":"RitualDagger","floor":23,"key":"SMITH"},{"data":"sneckomod:UnlimitedRolls","floor":26,"key":"SMITH"}],"circlet_count":0,"master_deck":["sneckomod:TailWhip","sneckomod:SnekBite+1","sneckomod:Unknown","sneckomod:Unknown","sneckomod:UnknownStrength","sneckomod:PureSnecko","sneckomod:Unknown0Cost","sneckomod:UnknownUncommonAttack","sneckomod:SerpentIdol","sneckomod:UnknownBlock","sneckomod:Unknown0Cost","sneckomod:UnknownStrike+1","sneckomod:UnendingSupply","sneckomod:SerpentMind","sneckomod:UnknownClassTHE_BRONZE_AUTOMATON","sneckomod:SlitherStrike","sneckomod:TrashToTreasure","sneckomod:SnekBeam","sneckomod:SoulExchange","sneckomod:DiceBlock","RitualDagger+1","sneckomod:UnlimitedRolls+1","Panache","sneckomod:UnknownUncommonAttack+1","sneckomod:UnknownRareSkill","sneckomod:UnknownClassTHE_CHAMP_GRAY","sneckomod:DefensiveFlair+1"],"relics":["sneckomod:SneckoSoul","downfall:HeartsMalice","Question Card","Orichalcum","downfall:HeartBlessingRed","downfall:HeartBlessingGreen","Regal Pillow","Pandora\u0027s Box","InkBottle","Pantograph","OrangePellets","Bag of Marbles"],"acts_visited":["Exordium","TheCity"],"potions_floor_usage":[28,32],"damage_taken":[{"damage":0.0,"enemies":"Cultist","floor":2.0,"turns":1.0},{"damage":0.0,"enemies":"downfall:FleeingMerchant","floor":3.0,"turns":1.0},{"damage":0.0,"enemies":"2 Louse","floor":6.0,"turns":1.0},{"damage":47.0,"enemies":"3 Sentries","floor":9.0,"turns":6.0},{"damage":0.0,"enemies":"Small Slimes","floor":11.0,"turns":2.0},{"damage":9.0,"enemies":"3 Louse","floor":12.0,"turns":5.0},{"damage":27.0,"enemies":"Lagavulin","floor":14.0,"turns":5.0},{"damage":21.0,"enemies":"Exordium Thugs","floor":15.0,"turns":6.0},{"damage":27.0,"enemies":"downfall:Watcher","floor":16.0,"turns":13.0},{"damage":0.0,"enemies":"Spheric Guardian","floor":19.0,"turns":3.0},{"damage":4,"enemies":"downfall:FleeingMerchant","floor":25,"turns":2},{"damage":5,"enemies":"Centurion and Healer","floor":28,"turns":4},{"damage":40,"enemies":"Slavers","floor":29,"turns":7},{"damage":30,"enemies":"Snake Plant","floor":30,"turns":5},{"damage":6,"enemies":"Cultist and Chosen","floor":31,"turns":5},{"damage":5,"enemies":"Snecko","floor":32,"turns":4},{"damage":34,"enemies":"downfall:Ironclad","floor":33,"turns":6}],"seed_played":"-2922575365396780766","potions_obtained":[{"floor":9.0,"key":"Slimebound:ThreeZeroPotion"},{"floor":11.0,"key":"SpeedPotion"},{"floor":16.0,"key":"sneckomod:DiceRollPotion"},{"floor":19.0,"key":"LiquidBronze"},{"floor":28,"key":"EssenceOfSteel"},{"floor":32,"key":"AttackPotion"}],"is_trial":false,"path_per_floor":["R","M","$","?","?","M","T","T","E","?","M","M","R","E","M","B",null,"R","M","?","?","T","R","T","$","R","$","M","E","M","M","M","B"],"character_chosen":"THE_SNECKO","items_purchased":["sneckomod:Unknown0Cost","Pantograph","OrangePellets","Panache"],"campfire_rested":0,"item_purchase_floors":[3,25,25,25],"current_hp_per_floor":[90,91,92,92,92,93,93,93,56,56,57,49,49,38,29,2,97,97,97,97,91,91,91,91,91,91,91,87,48,19,13,8,0,0],"gold":158,"neow_bonus":"THREE_ENEMY_KILL","is_daily":false,"chose_seed":false,"campfire_upgraded":4,"win_rate":0.0,"timestamp":1609547708,"path_taken":["R","M","?","?","?","M","T","?","E","?","M","M","R","E","M","BOSS","R","M","?","?","?","R","T","$","R","?","M","E","M","M","M","BOSS"],"items_purchased_type":["Card","Relic","Relic","Card"],"build_version":"2020-12-22","purchased_purges":0,"victory":false,"max_hp_per_floor":[90,91,92,92,92,93,93,93,93,93,94,95,95,96,96,96,97,97,97,97,97,97,97,97,97,97,97,98,99,100,100,100,100,100],"card_choices":[{"not_picked":["sneckomod:QuickBite","sneckomod:SnekBeam"],"picked":"sneckomod:UnknownStrength","floor":2.0},{"not_picked":["sneckomod:UnknownUncommonSkill","sneckomod:UnknownWeak"],"picked":"sneckomod:PureSnecko","floor":3.0},{"not_picked":["sneckomod:Unknown1Cost","sneckomod:QuickMove"],"picked":"sneckomod:UnknownUncommonAttack","floor":6.0},{"not_picked":["sneckomod:Cheat","sneckomod:UnknownDexterity","sneckomod:SoulRoll"],"picked":"sneckomod:SerpentIdol","floor":9.0},{"not_picked":["sneckomod:DiceCrush","sneckomod:TrashToTreasure","sneckomod:Unknown1Cost"],"picked":"sneckomod:UnknownBlock","floor":11.0},{"not_picked":["sneckomod:CheapStock","sneckomod:SoulDraw","sneckomod:UnknownCommonSkill"],"picked":"sneckomod:Unknown0Cost","floor":12.0},{"not_picked":["sneckomod:SoulRoll","sneckomod:UnknownCommonSkill","sneckomod:Nope"],"picked":"sneckomod:UnknownStrike","floor":14.0},{"not_picked":["sneckomod:Rotation","sneckomod:UnknownExhaust","sneckomod:UnknownCommonAttack"],"picked":"sneckomod:UnendingSupply","floor":15.0},{"not_picked":["sneckomod:Restock","sneckomod:Mudshield","sneckomod:UnknownRarePower"],"picked":"sneckomod:SerpentMind","floor":16.0},{"not_picked":["sneckomod:UnknownBlock","sneckomod:UnknownClassBLUE+1","sneckomod:UnknownUncommonPower"],"picked":"sneckomod:DiceBlock","floor":19.0},{"not_picked":["sneckomod:UnknownClassPURPLE+1","sneckomod:UnknownUncommonAttack+1","sneckomod:SoulRoll+1"],"picked":"sneckomod:UnlimitedRolls","floor":25},{"not_picked":["sneckomod:TrashToTreasure","sneckomod:UnknownEthereal","sneckomod:UnknownClassSLIMEBOUND"],"picked":"sneckomod:UnknownUncommonAttack+1","floor":28},{"not_picked":["sneckomod:UnknownDexterity","sneckomod:UnknownEthereal","sneckomod:UnknownClassTHE_CHAMP_GRAY+1"],"picked":"sneckomod:UnknownRareSkill","floor":29},{"not_picked":["sneckomod:UnknownClassPURPLE","sneckomod:UnknownCommonAttack","sneckomod:UnknownBlock"],"picked":"sneckomod:UnknownClassTHE_CHAMP_GRAY","floor":30},{"not_picked":["sneckomod:SerpentMind","sneckomod:UnknownWeak","sneckomod:Unknown1Cost","sneckomod:UnknownStrike+1"],"picked":"SKIP","floor":31},{"not_picked":["sneckomod:UnknownUncommonAttack","sneckomod:Rotation","sneckomod:QuickMove"],"picked":"sneckomod:DefensiveFlair+1","floor":32}],"player_experience":129783,"relics_obtained":[{"floor":7.0,"key":"Question Card"},{"floor":8.0,"key":"Orichalcum"},{"floor":9.0,"key":"Sundial"},{"floor":14.0,"key":"Regal Pillow"},{"floor":22,"key":"InkBottle"},{"floor":29,"key":"Bag of Marbles"}],"event_choices":[],"is_beta":false,"boss_relics":[{"not_picked":["sneckomod:SuperSneckoSoul","Busted Crown"],"picked":"Pandora\u0027s Box"}],"items_purged_floors":[],"is_endless":false,"potions_floor_spawned":[9,11,16,19,28,32],"killed_by":"downfall:Ironclad","ascension_level":0}}