{"host":"bux1pdxjwq4dkad9","time":1609556543,"event":{"mods":["BaseMod","Colored Map","Evolution","Minty Spire (QoL Compilation)","Quick Restart","StSLib","SuperFastMode","°æ“≈ŒÔMod°øÀ¿¡È∑® ¶NEW"],"gold_per_floor":[113,113,129,129,49,67,87,114,114,145,145,160,160,178,178,257,257,271,290,182,182,16,45,45,80,80,80,80,90,90,107,107,181,181,198,198,211,223,223,223,254,266,359,29,55,72,72,72],"floor_reached":47,"playtime":1132,"items_purged":[],"score":1091,"play_id":"6c516581-ed7f-481b-b559-67901986f752","local_time":"20210102110223","is_ascension_mode":true,"campfire_choices":[{"data":"Summon_Undead","floor":15.0,"key":"SMITH"},{"data":"Deep Breath","floor":24.0,"key":"SMITH"},{"data":"Summon_Undead","floor":27.0,"key":"SMITH"},{"data":"Tantrum","floor":30.0,"key":"SMITH"},{"data":"Summon_Undead","floor":32.0,"key":"SMITH"},{"floor":40,"key":"RECALL"},{"data":"Summon_Undead","floor":42,"key":"SMITH"}],"circlet_count":0,"master_deck":["AscendersBane","FlurryOfBlows","BattleHymn","Summon_Undead","Summon_Undead","Summon_Undead","Summon_Undead+1","Summon_Undead+1","Summon_Undead+1","Summon_Undead+1","Summon_Undead+1","Tantrum+1","DevaForm","Collect+1","Deep Breath+1","DeusExMachina","Adaptation","Omniscience","CurseOfTheBell","Vault","WheelKick","Crescendo","Vault","Sanctity"],"relics":["PureWater","EVO:Axolotl","NeowsBlessing","Meat on the Bone","SumBook2","Letter Opener","Shuriken","Coffee Dripper","ClockworkSouvenir","Lantern","Mercury Hourglass","Thread and Needle","Calling Bell","Omamori","Pantograph","Du-Vu Doll","MawBank","OrangePellets","Incense Burner"],"acts_visited":["Exordium","TheCity","TheBeyond"],"potions_floor_usage":[],"damage_taken":[{"damage":0.0,"enemies":"Jaw Worm","floor":1.0,"turns":1.0},{"damage":0.0,"enemies":"Small Slimes","floor":3.0,"turns":1.0},{"damage":0.0,"enemies":"2 Louse","floor":6.0,"turns":1.0},{"damage":3.0,"enemies":"Blue Slaver","floor":7.0,"turns":4.0},{"damage":21.0,"enemies":"3 Sentries","floor":8.0,"turns":4.0},{"damage":13.0,"enemies":"Gremlin Nob","floor":10.0,"turns":4.0},{"damage":13.0,"enemies":"Exordium Thugs","floor":12.0,"turns":3.0},{"damage":13.0,"enemies":"Lots of Slimes","floor":14.0,"turns":2.0},{"damage":44.0,"enemies":"Hexaghost","floor":16.0,"turns":6.0},{"damage":39.0,"enemies":"2 Thieves","floor":18.0,"turns":3.0},{"damage":23.0,"enemies":"Spheric Guardian","floor":19.0,"turns":4.0},{"damage":37.0,"enemies":"Gremlin Leader","floor":23.0,"turns":5.0},{"damage":52.0,"enemies":"Book of Stabbing","floor":25.0,"turns":5.0},{"damage":6.0,"enemies":"3 Cultists","floor":29.0,"turns":3.0},{"damage":8.0,"enemies":"Snecko","floor":31.0,"turns":4.0},{"damage":64.0,"enemies":"Champ","floor":33.0,"turns":8.0},{"damage":31.0,"enemies":"Orb Walker","floor":35.0,"turns":4.0},{"damage":9,"enemies":"3 Shapes","floor":37,"turns":3},{"damage":0,"enemies":"Transient","floor":38,"turns":7},{"damage":35,"enemies":"Giant Head","floor":41,"turns":6},{"damage":48,"enemies":"Nemesis","floor":45,"turns":5},{"damage":38,"enemies":"Writhing Mass","floor":46,"turns":6},{"damage":76,"enemies":"Reptomancer","floor":47,"turns":5}],"seed_played":"-5857652113896321912","potions_obtained":[{"floor":1.0,"key":"Weak Potion"},{"floor":3.0,"key":"DuplicationPotion"},{"floor":6.0,"key":"DistilledChaos"},{"floor":12.0,"key":"DistilledChaos"},{"floor":19.0,"key":"Strength Potion"},{"floor":29.0,"key":"EssenceOfSteel"},{"floor":31.0,"key":"Energy Potion"},{"floor":41,"key":"BlessingOfTheForge"}],"is_trial":false,"path_per_floor":["M","?","M","?","$","M","M","E","T","E","?","M","T","M","R","B",null,"M","M","$","?","$","E","R","E","T","R","$","M","R","M","R","B",null,"M","?","M","M","?","R","E","R","T","$","E","M","E"],"character_chosen":"WATCHER","items_purchased":["BattleHymn","Deep Breath","ClockworkSouvenir","Vault","OrangePellets"],"campfire_rested":0,"item_purchase_floors":[5,20,22,44,44],"current_hp_per_floor":[61,54,54,54,54,54,51,30,30,29,29,28,28,27,27,45,62,44,43,43,78,78,56,56,51,51,51,51,50,50,47,47,54,72,51,51,57,72,72,72,49,49,49,49,25,40,0,0],"gold":72,"neow_bonus":"THREE_ENEMY_KILL","is_daily":false,"chose_seed":false,"campfire_upgraded":6,"win_rate":0.0,"timestamp":1609556543,"path_taken":["M","?","M","?","$","M","M","E","T","E","?","M","?","M","R","BOSS","M","M","$","?","$","E","R","E","T","R","?","?","R","M","R","BOSS","M","?","?","?","?","R","E","R","T","$","E","M","E"],"items_purchased_type":["Card","Card","Relic","Card","Relic"],"build_version":"2020-12-22","purchased_purges":0,"victory":false,"max_hp_per_floor":[68,68,68,68,68,68,68,68,68,68,68,68,68,68,68,68,68,68,68,68,78,78,78,78,78,78,78,78,78,78,78,78,78,78,78,78,78,78,78,78,78,78,78,78,78,78,78,78],"card_choices":[{"not_picked":["Crescendo","Collect","Prostrate"],"picked":"SKIP","floor":1.0},{"not_picked":["Weave","WreathOfFlame"],"picked":"FlurryOfBlows","floor":3.0},{"not_picked":["PathToVictory","Halt","Consecrate"],"picked":"SKIP","floor":6.0},{"not_picked":["ClearTheMind","Prostrate"],"picked":"DeusExMachina","floor":7.0},{"not_picked":["Protect","WheelKick","SashWhip"],"picked":"SKIP","floor":8.0},{"not_picked":["Indignation","EmptyBody","BowlingBash"],"picked":"SKIP","floor":10.0},{"not_picked":["FlyingSleeves","Wallop"],"picked":"Tantrum","floor":12.0},{"not_picked":["EmptyBody","WaveOfTheHand","FollowUp"],"picked":"SKIP","floor":14.0},{"not_picked":["Ragnarok","Blasphemy"],"picked":"DevaForm","floor":16.0},{"not_picked":["PathToVictory","Worship","Evaluate"],"picked":"SKIP","floor":18.0},{"not_picked":["CrushJoints","Meditate"],"picked":"Collect+1","floor":19.0},{"not_picked":["Halt","CutThroughFate"],"picked":"DeusExMachina","floor":23.0},{"not_picked":["PathToVictory","Tantrum","CrushJoints"],"picked":"SKIP","floor":25.0},{"not_picked":["CutThroughFate+1","Nirvana","ThirdEye"],"picked":"SKIP","floor":29.0},{"not_picked":["Protect","Vengeance"],"picked":"Adaptation","floor":31.0},{"not_picked":["Establishment","Devotion"],"picked":"Omniscience","floor":33.0},{"not_picked":["Tantrum","Worship","Protect"],"picked":"SKIP","floor":35.0},{"not_picked":["Pray","EmptyBody+1","Consecrate"],"picked":"SKIP","floor":37},{"not_picked":["ReachHeaven+1","BattleHymn"],"picked":"WheelKick","floor":38},{"not_picked":["FlyingSleeves","FollowUp"],"picked":"Crescendo","floor":41},{"not_picked":["Consecrate","FlurryOfBlows+1"],"picked":"Sanctity","floor":45},{"not_picked":["SashWhip","Crescendo+1","Weave"],"picked":"SKIP","floor":46}],"player_experience":3176092,"relics_obtained":[{"floor":8.0,"key":"Meat on the Bone"},{"floor":9.0,"key":"SumBook2"},{"floor":10.0,"key":"Letter Opener"},{"floor":13.0,"key":"Shuriken"},{"floor":23.0,"key":"Lantern"},{"floor":25.0,"key":"Mercury Hourglass"},{"floor":26.0,"key":"Thread and Needle"},{"floor":34.0,"key":"Omamori"},{"floor":34.0,"key":"Pantograph"},{"floor":34.0,"key":"Du-Vu Doll"},{"floor":41,"key":"MawBank"},{"floor":45,"key":"Incense Burner"}],"event_choices":[{"cards_removed":["Strike_P"],"damage_healed":0.0,"max_hp_gain":0.0,"max_hp_loss":0.0,"gold_gain":0.0,"event_name":"Golden Wing","player_choice":"Card Removal","floor":2.0,"gold_loss":0.0,"damage_taken":7.0},{"damage_healed":0.0,"max_hp_gain":0.0,"max_hp_loss":0.0,"gold_gain":0.0,"event_name":"Liars Game","player_choice":"Ignored","floor":4.0,"gold_loss":0.0,"damage_taken":0.0},{"damage_healed":0.0,"max_hp_gain":0.0,"max_hp_loss":0.0,"gold_gain":0.0,"event_name":"Living Wall","player_choice":"Grow","floor":11.0,"gold_loss":0.0,"damage_taken":0.0,"cards_upgraded":["Summon_Undead"]},{"cards_removed":["DeusExMachina"],"damage_healed":25.0,"max_hp_gain":10.0,"max_hp_loss":0.0,"gold_gain":0.0,"event_name":"Bonfire Elementals","player_choice":"Offered Rare","floor":21.0,"gold_loss":0.0,"damage_taken":0.0},{"damage_healed":0,"gold_gain":0,"player_choice":"1 cards matched","damage_taken":0,"max_hp_gain":0,"max_hp_loss":0,"event_name":"Match and Keep!","floor":36,"gold_loss":0,"cards_obtained":["Vault"]},{"cards_removed":["BowlingBash"],"damage_healed":0,"gold_gain":0,"player_choice":"Removed Attack","damage_taken":0,"max_hp_gain":0,"max_hp_loss":0,"event_name":"Falling","floor":39,"gold_loss":0}],"is_beta":false,"boss_relics":[{"not_picked":["Black Star","Philosopher\u0027s Stone"],"picked":"Coffee Dripper"},{"not_picked":["Pandora\u0027s Box","Snecko Eye"],"picked":"Calling Bell"}],"items_purged_floors":[],"is_endless":false,"potions_floor_spawned":[1,3,6,12,19,29,31,33,41,46],"killed_by":"Reptomancer","ascension_level":20}}