{"host":"naykp6d9ulahlwib","time":1609627322,"event":{"mods":["BaseMod","Highlight Path","Minty Spire (QoL Compilation)","Shop Mod","StSLib"],"gold_per_floor":[363,382,395,412,431,431,464,464,464,494,507,348,361,396,396,472,472,487,515,715,727,746,746,762,762,833,833,847,878,878,69,69,69,69],"floor_reached":33,"playtime":2431,"items_purged":["Strike_P","Strike_P"],"score":653,"play_id":"7db83300-23bf-433e-93de-e40297c8b94d","local_time":"20210102164202","is_ascension_mode":true,"campfire_choices":[{"data":"Eruption","floor":6.0,"key":"SMITH"},{"floor":8.0,"key":"REST"},{"data":"Ragnarok","floor":15.0,"key":"SMITH"},{"floor":23.0,"key":"REST"},{"data":"Halt","floor":25.0,"key":"SMITH"},{"floor":30.0,"key":"REST"},{"floor":32.0,"key":"REST"}],"circlet_count":0,"master_deck":["AscendersBane","Strike_P","Strike_P","Defend_P","Defend_P","Defend_P","Defend_P","Eruption+1","Vigilance","Consecrate","Perseverance","Wallop","Conclude","Perseverance","Ragnarok+1","DeusExMachina","Swivel","Devotion+1","Wallop","WreathOfFlame+1","Halt+1","DevaForm+1","Blasphemy","Swivel","EmptyBody","Worship"],"relics":["PureWater","Question Card","Frozen Egg 2","Mercury Hourglass","Centennial Puzzle","SlaversCollar","Red Mask","Sundial","Omamori","Yang","Gremlin Horn"],"acts_visited":["Exordium","TheCity"],"potions_floor_usage":[],"damage_taken":[{"damage":1.0,"enemies":"Cultist","floor":1.0,"turns":3.0},{"damage":1.0,"enemies":"2 Louse","floor":2.0,"turns":3.0},{"damage":0.0,"enemies":"Small Slimes","floor":3.0,"turns":3.0},{"damage":3.0,"enemies":"Exordium Wildlife","floor":4.0,"turns":5.0},{"damage":4.0,"enemies":"Exordium Thugs","floor":5.0,"turns":3.0},{"damage":4.0,"enemies":"Gremlin Nob","floor":7.0,"turns":3.0},{"damage":16.0,"enemies":"3 Sentries","floor":10.0,"turns":9.0},{"damage":0.0,"enemies":"2 Fungi Beasts","floor":11.0,"turns":2.0},{"damage":0.0,"enemies":"Large Slime","floor":13.0,"turns":3.0},{"damage":0.0,"enemies":"Lagavulin","floor":14.0,"turns":3.0},{"damage":15.0,"enemies":"Slime Boss","floor":16.0,"turns":5.0},{"damage":9.0,"enemies":"Spheric Guardian","floor":18.0,"turns":3.0},{"damage":0.0,"enemies":"Masked Bandits","floor":19.0,"turns":2.0},{"damage":4.0,"enemies":"3 Byrds","floor":21.0,"turns":4.0},{"damage":5.0,"enemies":"Centurion and Healer","floor":22.0,"turns":3.0},{"damage":0.0,"enemies":"Snake Plant","floor":24.0,"turns":2.0},{"damage":2.0,"enemies":"Chosen and Byrds","floor":28.0,"turns":3.0},{"damage":20.0,"enemies":"Slavers","floor":29.0,"turns":4.0},{"damage":62,"enemies":"Collector","floor":33,"turns":6}],"seed_played":"1296234153983228168","potions_obtained":[{"floor":1.0,"key":"Fire Potion"},{"floor":5.0,"key":"Block Potion"},{"floor":10.0,"key":"SkillPotion"},{"floor":11.0,"key":"SteroidPotion"},{"floor":14.0,"key":"PowerPotion"},{"floor":19.0,"key":"BlessingOfTheForge"},{"floor":22.0,"key":"Swift Potion"},{"floor":28.0,"key":"Ancient Potion"}],"is_trial":false,"path_per_floor":["M","M","M","M","M","R","E","R","T","E","M","$","M","E","R","B",null,"M","?","?","M","M","R","M","R","T","?","M","E","R","$","R","B"],"character_chosen":"WATCHER","items_purchased":["DeusExMachina","Yang","Gremlin Horn","EmptyBody","Worship"],"campfire_rested":4,"item_purchase_floors":[12,31,31,31,31],"current_hp_per_floor":[60,59,59,56,52,52,48,62,62,46,46,46,46,46,46,31,54,45,45,45,41,36,54,54,54,54,54,52,32,50,50,62,0,0],"gold":69,"neow_bonus":"TWO_FIFTY_GOLD","is_daily":false,"chose_seed":false,"campfire_upgraded":3,"win_rate":0.0,"timestamp":1609627322,"path_taken":["M","?","M","M","M","R","E","R","T","E","?","$","?","E","R","BOSS","M","?","?","M","?","R","M","R","T","?","M","E","R","$","R","BOSS"],"items_purchased_type":["Card","Relic","Relic","Card","Card"],"build_version":"2020-12-22","purchased_purges":2,"victory":false,"max_hp_per_floor":[62,62,62,62,62,62,62,62,62,62,62,62,62,62,62,62,62,62,62,62,62,62,62,62,62,62,62,62,62,62,62,62,62,62],"card_choices":[{"not_picked":["LikeWater","EmptyFist"],"picked":"Consecrate","floor":1.0},{"not_picked":["InnerPeace","Collect"],"picked":"Perseverance","floor":2.0},{"not_picked":["Prostrate","Indignation","BattleHymn"],"picked":"SKIP","floor":3.0},{"not_picked":["ReachHeaven","SashWhip"],"picked":"Wallop","floor":4.0},{"not_picked":["FlurryOfBlows","Protect"],"picked":"Conclude","floor":5.0},{"not_picked":["Protect","SandsOfTime"],"picked":"Perseverance","floor":7.0},{"not_picked":["JustLucky","Nirvana+1","TalkToTheHand"],"picked":"Ragnarok","floor":10.0},{"not_picked":["SashWhip","Fasting2+1","FlurryOfBlows","FollowUp"],"picked":"SKIP","floor":11.0},{"not_picked":["SashWhip","JustLucky","PathToVictory"],"picked":"Swivel","floor":13.0},{"not_picked":["FlurryOfBlows","Omniscience","PathToVictory","Crescendo"],"picked":"SKIP","floor":14.0},{"not_picked":["SpiritShield","Judgement","DeusExMachina"],"picked":"Devotion+1","floor":16.0},{"not_picked":["JustLucky","InnerPeace","Nirvana+1"],"picked":"Wallop","floor":18.0},{"not_picked":["Worship","EmptyMind","Perseverance"],"picked":"WreathOfFlame+1","floor":19.0},{"not_picked":["Protect","BowlingBash","Evaluate","SashWhip"],"picked":"SKIP","floor":21.0},{"not_picked":["BowlingBash","Protect","FlurryOfBlows"],"picked":"Halt","floor":22.0},{"not_picked":["MentalFortress+1","EmptyFist","Perseverance","BowlingBash"],"picked":"SKIP","floor":24.0},{"not_picked":["CrushJoints","FearNoEvil","Protect"],"picked":"Blasphemy","floor":28.0},{"not_picked":["InnerPeace","Crescendo+1","CarveReality"],"picked":"Swivel","floor":29.0}],"player_experience":970908,"relics_obtained":[{"floor":7.0,"key":"Question Card"},{"floor":9.0,"key":"Frozen Egg 2"},{"floor":10.0,"key":"Mercury Hourglass"},{"floor":14.0,"key":"Centennial Puzzle"},{"floor":19.0,"key":"Red Mask"},{"floor":26.0,"key":"Sundial"},{"floor":29.0,"key":"Omamori"}],"event_choices":[{"damage_healed":0.0,"max_hp_gain":0.0,"max_hp_loss":0.0,"gold_gain":0.0,"event_name":"Masked Bandits","player_choice":"Fought Bandits","floor":19.0,"gold_loss":0.0,"damage_taken":0.0},{"damage_healed":0.0,"max_hp_gain":0.0,"max_hp_loss":0.0,"gold_gain":250.0,"event_name":"The Joust","player_choice":"Bet on Owner","floor":20.0,"gold_loss":50.0,"damage_taken":0.0},{"damage_healed":0.0,"max_hp_gain":0.0,"max_hp_loss":0.0,"gold_gain":0.0,"event_name":"The Library","player_choice":"Read","floor":27.0,"gold_loss":0.0,"damage_taken":0.0,"cards_obtained":["DevaForm"]}],"is_beta":false,"boss_relics":[{"not_picked":["VioletLotus","Runic Pyramid"],"picked":"SlaversCollar"}],"items_purged_floors":[12,31],"is_endless":false,"potions_floor_spawned":[1,5,10,11,13,14,19,22,28],"killed_by":"Collector","ascension_level":20}}