{"host":"94aus4jnk6thj94q","time":1609591147,"event":{"mods":["BaseMod","Minty Spire (QoL Compilation)","Quick Restart","StSLib"],"gold_per_floor":[110,110,120,131,150,150,4,4,31,49,65,65,81,94,94,194,194,209,308,320,85,104,104,104,104,104,104,104,104,33,44,44,44,44],"floor_reached":33,"playtime":1571,"items_purged":[],"score":239,"play_id":"b418e3fd-47c2-4fc6-ba39-ab9b7cd19dfe","local_time":"20210102143907","is_ascension_mode":false,"campfire_choices":[{"floor":6.0,"key":"REST"},{"floor":8.0,"key":"RECALL"},{"floor":12.0,"key":"REST"},{"floor":15.0,"key":"REST"},{"floor":23,"key":"REST"},{"floor":29,"key":"REST"},{"floor":32,"key":"REST"}],"circlet_count":0,"master_deck":["Strike_G+1","Strike_G+1","Strike_G+1","Strike_G+1","Strike_G+1","Defend_G+1","Defend_G+1","Defend_G+1","Defend_G+1","Defend_G+1","Survivor","Neutralize","Poisoned Stab","Bane","Venomology","Bouncing Flask","Flying Knee","Deadly Poison","Infinite Blades","Crippling Poison","Burst","Accuracy","Deadly Poison","Decay","Accuracy","Blade Dance"],"relics":["Ring of the Snake","NeowsBlessing","Snake Skull","Busted Crown","Sling","Tingsha"],"acts_visited":["Exordium","TheCity"],"potions_floor_usage":[31,31,33,33],"damage_taken":[{"damage":0.0,"enemies":"2 Louse","floor":1.0,"turns":1.0},{"damage":0.0,"enemies":"Cultist","floor":3.0,"turns":1.0},{"damage":0.0,"enemies":"Jaw Worm","floor":4.0,"turns":1.0},{"damage":16.0,"enemies":"Exordium Wildlife","floor":5.0,"turns":6.0},{"damage":2.0,"enemies":"Blue Slaver","floor":10.0,"turns":4.0},{"damage":9.0,"enemies":"Large Slime","floor":11.0,"turns":5.0},{"damage":3.0,"enemies":"3 Louse","floor":13.0,"turns":5.0},{"damage":9.0,"enemies":"2 Fungi Beasts","floor":14.0,"turns":3.0},{"damage":20.0,"enemies":"The Guardian","floor":16.0,"turns":8.0},{"damage":6.0,"enemies":"Spheric Guardian","floor":18.0,"turns":4.0},{"damage":22.0,"enemies":"3 Byrds","floor":20.0,"turns":5.0},{"damage":10.0,"enemies":"3 Cultists","floor":22.0,"turns":6.0},{"damage":28,"enemies":"Chosen and Byrds","floor":31,"turns":6},{"damage":70,"enemies":"Champ","floor":33,"turns":7}],"seed_played":"5313592552029530251","potions_obtained":[{"floor":3.0,"key":"Strength Potion"},{"floor":4.0,"key":"Strength Potion"},{"floor":5.0,"key":"Ancient Potion"},{"floor":13.0,"key":"DistilledChaos"},{"floor":18.0,"key":"FearPotion"},{"floor":22.0,"key":"Strength Potion"},{"floor":31,"key":"Explosive Potion"}],"is_trial":false,"path_per_floor":["M","?","M","M","M","R","$","R","T","M","M","R","M","M","R","B",null,"M","?","M","$","M","R","?","?","T","?","?","R","$","M","R","B"],"character_chosen":"THE_SILENT","items_purchased":["Snake Skull","Accuracy","Sling","Deadly Poison","Accuracy"],"campfire_rested":6,"item_purchase_floors":[7,21,21,21,30],"current_hp_per_floor":[70,70,70,70,54,70,70,70,70,68,59,70,67,58,70,50,70,64,64,42,42,32,53,53,53,53,53,53,70,70,42,63,0,0],"gold":44,"neow_bonus":"THREE_ENEMY_KILL","is_daily":false,"chose_seed":false,"campfire_upgraded":0,"win_rate":0.0,"timestamp":1609591147,"path_taken":["M","?","M","M","M","R","$","R","T","?","M","R","M","M","R","BOSS","M","?","M","$","M","R","?","?","T","?","?","R","$","M","R","BOSS"],"items_purchased_type":["Relic","Card","Relic","Card","Card"],"build_version":"2020-12-22","purchased_purges":0,"victory":false,"max_hp_per_floor":[70,70,70,70,70,70,70,70,70,70,70,70,70,70,70,70,70,70,70,70,70,70,70,70,70,70,70,70,70,70,70,70,70,70],"card_choices":[{"not_picked":["Underhanded Strike","Calculated Gamble"],"picked":"Poisoned Stab","floor":1.0},{"not_picked":["Dagger Spray","Sucker Punch"],"picked":"Bane","floor":3.0},{"not_picked":["Dagger Throw","Outmaneuver"],"picked":"Venomology","floor":4.0},{"not_picked":["Deadly Poison","Dagger Spray"],"picked":"Bouncing Flask","floor":5.0},{"not_picked":["Underhanded Strike","Sucker Punch"],"picked":"Flying Knee","floor":10.0},{"not_picked":["Underhanded Strike","Skewer"],"picked":"Deadly Poison","floor":11.0},{"not_picked":["Backflip","Blade Dance"],"picked":"Infinite Blades","floor":13.0},{"not_picked":["Escape Plan","Phantasmal Killer"],"picked":"Crippling Poison","floor":14.0},{"not_picked":["After Image","Doppelganger"],"picked":"Burst","floor":16.0},{"not_picked":["Deflect"],"picked":"SKIP","floor":18.0},{"not_picked":["PiercingWail"],"picked":"SKIP","floor":20.0},{"not_picked":["Dagger Throw+1"],"picked":"SKIP","floor":22.0},{"not_picked":[],"picked":"Blade Dance","floor":31}],"player_experience":5682291,"relics_obtained":[{"floor":26,"key":"Tingsha"}],"event_choices":[{"damage_healed":0.0,"max_hp_gain":0.0,"max_hp_loss":0.0,"gold_gain":0.0,"event_name":"The Woman in Blue","player_choice":"Bought 0 Potions","floor":2.0,"gold_loss":0.0,"damage_taken":0.0},{"damage_healed":0.0,"max_hp_gain":0.0,"max_hp_loss":0.0,"gold_gain":99.0,"event_name":"Nest","player_choice":"Stole From Cult","floor":19.0,"gold_loss":0.0,"damage_taken":0.0},{"damage_healed":0,"gold_gain":0,"player_choice":"Simplicity","damage_taken":0,"max_hp_gain":0,"max_hp_loss":0,"event_name":"Back to Basics","floor":24,"gold_loss":0,"cards_upgraded":["Strike_G","Strike_G","Strike_G","Strike_G","Strike_G","Defend_G","Defend_G","Defend_G","Defend_G","Defend_G"]},{"damage_healed":0,"gold_gain":0,"player_choice":"Ignored","damage_taken":0,"max_hp_gain":0,"max_hp_loss":0,"event_name":"The Mausoleum","floor":25,"gold_loss":0},{"damage_healed":0,"gold_gain":0,"player_choice":"Ignored","damage_taken":0,"max_hp_gain":0,"max_hp_loss":0,"event_name":"Ghosts","floor":27,"gold_loss":0},{"damage_healed":0,"gold_gain":0,"player_choice":"Smashed Altar","damage_taken":0,"max_hp_gain":0,"max_hp_loss":0,"event_name":"Forgotten Altar","floor":28,"gold_loss":0,"cards_obtained":["Decay"]}],"is_beta":false,"boss_relics":[{"not_picked":["Fusion Hammer","Cursed Key"],"picked":"Busted Crown"}],"items_purged_floors":[],"is_endless":false,"potions_floor_spawned":[3,4,5,13,18,22,31],"killed_by":"Champ","ascension_level":0}}