{"host":"m6h67kf6cz80m3yv","time":1609548441,"event":{"mods":["Bartender","BaseMod","Better Third Choice","BetterRewards","CatGirl Mod","Colored Powertips","Downfall","Duelist Mod","Hermit","Marisa????????","Minty Spire (QoL Compilation)","Prisma Mod","Quick Restart","Shade Mod","Shop Mod","StSLib","SuperFastMode","The Dragon Tamer","The Marked","The Servant 0.9.4"],"gold_per_floor":[112,112,130,143,143,173,173,199,199,159,159,173,173,190,190,190,190],"floor_reached":16,"playtime":715,"items_purged":[],"score":126,"play_id":"0ac06086-5e90-4d85-a652-e45b1f3751ef","local_time":"20210101224721","is_ascension_mode":true,"campfire_choices":[{"floor":7.0,"key":"REST"},{"floor":13.0,"key":"REST"},{"floor":15.0,"key":"REST"}],"circlet_count":0,"master_deck":["theMarked:Strike","theMarked:Strike","theMarked:Strike","theMarked:Strike","theMarked:Strike+1","theMarked:Defend","theMarked:Defend","theMarked:Defend","theMarked:Defend","theMarked:SoldierOfQuellstein+1","theMarked:WardOff","theMarked:Generate+1","theMarked:ElementalBlade","theMarked:Seal","theMarked:EternalStudent"],"relics":["theMarked:ArtifactOfAir","Boot","White Beast Statue","Shovel","Unceasing Top"],"acts_visited":["Exordium"],"potions_floor_usage":[16],"damage_taken":[{"damage":5.0,"enemies":"Cultist","floor":1.0,"turns":4.0},{"damage":0.0,"enemies":"2 Louse","floor":3.0,"turns":2.0},{"damage":5.0,"enemies":"Small Slimes","floor":4.0,"turns":4.0},{"damage":35.0,"enemies":"Gremlin Nob","floor":6.0,"turns":5.0},{"damage":22.0,"enemies":"3 Sentries","floor":8.0,"turns":11.0},{"damage":0.0,"enemies":"Gremlin Nob","floor":11.0,"turns":2.0},{"damage":0.0,"enemies":"Looter","floor":12.0,"turns":4.0},{"damage":5.0,"enemies":"3 Louse","floor":14.0,"turns":3.0},{"damage":47,"enemies":"Slime Boss","floor":16,"turns":7}],"seed_played":"5169573506367138966","potions_obtained":[{"floor":1.0,"key":"Block Potion"},{"floor":8.0,"key":"Slimebound:ThreeZeroPotion"},{"floor":10.0,"key":"DistilledChaos"},{"floor":10.0,"key":"GamblersBrew"},{"floor":10.0,"key":"SmokeBomb"},{"floor":12.0,"key":"SteroidPotion"},{"floor":14.0,"key":"FearPotion"}],"is_trial":false,"path_per_floor":["M","?","M","M","?","E","R","E","T","?","E","M","R","M","R","B"],"character_chosen":"THE_DEFAULT","items_purchased":[],"campfire_rested":3,"item_purchase_floors":[],"current_hp_per_floor":[65,65,65,60,46,11,32,10,10,10,10,10,31,26,47,0,0],"gold":190,"neow_bonus":"RANDOM_COMMON_RELIC","is_daily":false,"chose_seed":false,"campfire_upgraded":0,"win_rate":0.0,"timestamp":1609548441,"path_taken":["M","?","M","M","?","E","R","E","T","?","E","?","R","M","R","BOSS"],"items_purchased_type":[],"build_version":"2020-12-22","purchased_purges":0,"victory":false,"max_hp_per_floor":[70,70,70,70,70,70,70,70,70,70,70,70,70,70,70,70,70],"card_choices":[{"not_picked":["theMarked:ReduceFriction","theMarked:TwofoldDefense"],"picked":"theMarked:WardOff","floor":1.0},{"not_picked":["theMarked:Parkour","theMarked:TwofoldDefense","theMarked:WastefulDefense"],"picked":"SKIP","floor":3.0},{"not_picked":["theMarked:Parkour","theMarked:Frustration"],"picked":"theMarked:Generate","floor":4.0},{"not_picked":["theMarked:Generate","theMarked:WastefulDefense"],"picked":"theMarked:ElementalBlade","floor":6.0},{"not_picked":["theMarked:Parkour","theMarked:HeightenedSenses"],"picked":"theMarked:Seal","floor":8.0},{"not_picked":["theMarked:AttractMetal","theMarked:Indomitable"],"picked":"theMarked:EternalStudent","floor":12.0},{"not_picked":["theMarked:TwofoldDefense","theMarked:Polarize","theMarked:Overcharge"],"picked":"SKIP","floor":14.0}],"player_experience":324650,"relics_obtained":[{"floor":6.0,"key":"White Beast Statue"},{"floor":8.0,"key":"Shovel"},{"floor":9.0,"key":"Unceasing Top"}],"event_choices":[{"damage_healed":0.0,"max_hp_gain":0.0,"max_hp_loss":0.0,"gold_gain":0.0,"event_name":"Living Wall","player_choice":"Grow","floor":2.0,"gold_loss":0.0,"damage_taken":0.0,"cards_upgraded":["theMarked:SoldierOfQuellstein"]},{"damage_healed":60.0,"max_hp_gain":0.0,"max_hp_loss":70.0,"gold_gain":0.0,"event_name":"betterThird:BetterShining","player_choice":"Upgrade","floor":5.0,"gold_loss":0.0,"damage_taken":14.0,"cards_upgraded":["theMarked:Strike","theMarked:Generate"]},{"damage_healed":0.0,"max_hp_gain":0.0,"max_hp_loss":0.0,"gold_gain":0.0,"event_name":"The Woman in Blue","player_choice":"Bought 3 Potions","floor":10.0,"gold_loss":0.0,"damage_taken":0.0}],"is_beta":false,"boss_relics":[],"items_purged_floors":[],"is_endless":false,"potions_floor_spawned":[1,8,11,12,14],"killed_by":"Slime Boss","ascension_level":1}}