{"host":"e1d4pmcf31bpmsqo","time":1609556272,"event":{"mods":["BaseMod","Better Note","Better Third Choice","Colored Powertips","Disable Question Mark Monsters","Minty Spire (QoL Compilation)","Relic Stats","StSLib"],"gold_per_floor":[119,119,119,119,139,139,175,175,175,214,234,18,18,41,41,131,131,147,172,172,172],"floor_reached":20,"playtime":718,"items_purged":[],"score":464,"play_id":"d8ec97e8-41be-4f24-b427-ca6275c78a2d","local_time":"20210102135752","is_ascension_mode":true,"campfire_choices":[{"floor":6.0,"key":"REST"},{"floor":8.0,"key":"REST"},{"floor":15.0,"key":"REST"}],"circlet_count":0,"master_deck":["AscendersBane","Strike_P","Strike_P","Strike_P","Defend_P+1","Defend_P","Defend_P","Defend_P","Eruption","Vigilance+1","JustLucky","Adaptation","FollowUp","CutThroughFate","FlurryOfBlows","DevaForm","Prostrate","FlurryOfBlows","Tantrum","Indignation","Brilliance","Halt"],"relics":["Fusion Hammer","Golden Idol","Bag of Preparation","Mummified Hand","Regal Pillow","Orrery","Philosopher\u0027s Stone"],"acts_visited":["Exordium","TheCity"],"potions_floor_usage":[18,19],"damage_taken":[{"damage":4.0,"enemies":"Jaw Worm","floor":1.0,"turns":3.0},{"damage":2.0,"enemies":"2 Louse","floor":5.0,"turns":2.0},{"damage":39.0,"enemies":"Lagavulin","floor":7.0,"turns":6.0},{"damage":28.0,"enemies":"3 Sentries","floor":10.0,"turns":7.0},{"damage":0.0,"enemies":"Cultist","floor":11.0,"turns":3.0},{"damage":15.0,"enemies":"Lots of Slimes","floor":14.0,"turns":3.0},{"damage":0.0,"enemies":"Slime Boss","floor":16.0,"turns":4.0},{"damage":16,"enemies":"Shell Parasite","floor":18,"turns":2},{"damage":11,"enemies":"3 Byrds","floor":19,"turns":3},{"damage":48,"enemies":"Sentry and Sphere","floor":20,"turns":3}],"seed_played":"8168644393425831347","potions_obtained":[{"floor":7.0,"key":"SneckoOil"},{"floor":10.0,"key":"PowerPotion"},{"floor":14.0,"key":"SteroidPotion"},{"floor":18,"key":"Weak Potion"}],"is_trial":false,"path_per_floor":["M","?","?","?","M","R","E","R","T","E","M","$","$","M","R","B",null,"M","M","M"],"character_chosen":"WATCHER","items_purchased":["Orrery","FlurryOfBlows","Tantrum","Indignation"],"campfire_rested":3,"item_purchase_floors":[12,12,13,13],"current_hp_per_floor":[57,34,14,14,12,32,33,53,53,25,25,25,25,10,45,45,62,46,35,0,0],"gold":172,"neow_bonus":"BOSS_RELIC","is_daily":false,"chose_seed":false,"campfire_upgraded":0,"win_rate":0.0,"timestamp":1609556272,"path_taken":["M","?","?","?","?","R","E","R","T","E","M","?","$","M","R","BOSS","M","M","M"],"items_purchased_type":["Relic","Card","Card","Card"],"build_version":"2020-12-22","purchased_purges":0,"victory":false,"max_hp_per_floor":[68,68,68,68,68,68,68,68,68,68,68,68,68,68,68,68,68,68,68,68,68],"relic_stats":{"Regal Pillow":15,"counters":[10,36],"Golden Idol":54,"Mummified Hand":[12],"Bag of Preparation":[14],"obtain_stats":[{"Regal Pillow":10,"Golden Idol":2,"Mummified Hand":9,"SacredBark":0,"Orrery":12,"Philosopher\u0027s Stone":17,"Fusion Hammer":0,"Bag of Preparation":7,"PureWater":0},{"Regal Pillow":4,"Golden Idol":1,"Mummified Hand":3,"SacredBark":0,"Orrery":5,"Philosopher\u0027s Stone":7,"Fusion Hammer":0,"Bag of Preparation":3,"PureWater":0},{"Regal Pillow":18,"Golden Idol":3,"Mummified Hand":11,"SacredBark":0,"Orrery":21,"Philosopher\u0027s Stone":28,"Fusion Hammer":0,"Bag of Preparation":11,"PureWater":0}]},"card_choices":[{"not_picked":["Crescendo","PathToVictory"],"picked":"JustLucky","floor":1.0},{"not_picked":["Conclude","Halt"],"picked":"Adaptation","floor":5.0},{"not_picked":["ClearTheMind","InnerPeace"],"picked":"FollowUp","floor":7.0},{"not_picked":["Evaluate","PathToVictory","EmptyBody"],"picked":"SKIP","floor":10.0},{"not_picked":["Consecrate","SashWhip"],"picked":"CutThroughFate","floor":11.0},{"not_picked":["FlyingSleeves","ThirdEye"],"picked":"FlurryOfBlows","floor":12.0},{"not_picked":["PathToVictory","ClearTheMind"],"picked":"DevaForm","floor":12.0},{"not_picked":["WindmillStrike","TalkToTheHand"],"picked":"Prostrate","floor":12.0},{"not_picked":["Protect","SashWhip","Perseverance"],"picked":"SKIP","floor":14.0},{"not_picked":["Wish","Devotion"],"picked":"Brilliance","floor":16.0},{"not_picked":["SashWhip","FollowUp"],"picked":"Halt","floor":18},{"not_picked":["SashWhip","Swivel","FlyingSleeves"],"picked":"SKIP","floor":19}],"player_experience":1000887,"relics_obtained":[{"floor":7.0,"key":"Bag of Preparation"},{"floor":9.0,"key":"Mummified Hand"},{"floor":10.0,"key":"Regal Pillow"}],"event_choices":[{"damage_healed":0.0,"max_hp_gain":0.0,"max_hp_loss":0.0,"gold_gain":0.0,"event_name":"Golden Idol","player_choice":"Take Damage","floor":2.0,"gold_loss":0.0,"damage_taken":23.0,"relics_obtained":["Golden Idol"]},{"damage_healed":34.0,"max_hp_gain":0.0,"max_hp_loss":68.0,"gold_gain":0.0,"event_name":"betterThird:BetterShining","player_choice":"Upgrade","floor":3.0,"gold_loss":0.0,"damage_taken":20.0,"cards_upgraded":["Defend_P","Vigilance"]},{"cards_removed":["Strike_P"],"damage_healed":0.0,"max_hp_gain":0.0,"max_hp_loss":0.0,"gold_gain":0.0,"event_name":"Wheel of Change","player_choice":"Card Removal","floor":4.0,"gold_loss":0.0,"damage_taken":0.0}],"is_beta":false,"boss_relics":[{"not_picked":["Tiny House","Velvet Choker"],"picked":"Philosopher\u0027s Stone"}],"items_purged_floors":[],"is_endless":false,"potions_floor_spawned":[7,10,14,18],"killed_by":"Sentry and Sphere","ascension_level":20}}