{"host":"h4lp0eeso8a0ssq0","time":1609622210,"event":{"mods":["2.2 Compatiblity","AchievementEnabler","BaseMod","CapriCore","Colored Map","Lobotomy","Minty Spire (QoL Compilation)","StSLib","SuperFastMode"],"gold_per_floor":[119,133,151,151,151,182,182,182,182,182,192,117,129,159,159,261,261,281,191,46,62,80,80,80,80,127,137,172,172,183,183,183],"floor_reached":31,"playtime":584,"items_purged":["Strike_R","Strike_R"],"score":255,"play_id":"cbd88ecd-301c-487e-bc68-2092da1b2149","local_time":"20210103061650","is_ascension_mode":false,"campfire_choices":[{"data":"Spot Weakness","floor":8.0,"key":"SMITH"},{"data":"Whirlwind","floor":10.0,"key":"SMITH"},{"data":"Berserk","floor":15.0,"key":"SMITH"},{"data":"True Grit","floor":23,"key":"SMITH"},{"data":"Heavy Blade","floor":25,"key":"SMITH"},{"data":"Sword Boomerang","floor":29,"key":"SMITH"}],"circlet_count":0,"master_deck":["Strike_R","Defend_R","Defend_R","Defend_R","Defend_R","Bash","True Grit+1","Spot Weakness+1","Iron Wave","Whirlwind+1","Headbutt","Berserk+1","Limit Break+1","Sword Boomerang+1","Heavy Blade+1","Heavy Blade+1","Sword Boomerang","Shockwave"],"relics":["Burning Blood","NeowsBlessing","Darkstone Periapt","Pantograph","Odd Mushroom","Coffee Dripper","MealTicket","Calipers"],"acts_visited":["Exordium","TheCity"],"potions_floor_usage":[30],"damage_taken":[{"damage":0.0,"enemies":"Cultist","floor":1.0,"turns":1.0},{"damage":0.0,"enemies":"2 Louse","floor":2.0,"turns":1.0},{"damage":0.0,"enemies":"Small Slimes","floor":3.0,"turns":1.0},{"damage":31.0,"enemies":"3 Sentries","floor":6.0,"turns":7.0},{"damage":5.0,"enemies":"Looter","floor":11.0,"turns":3.0},{"damage":1.0,"enemies":"2 Fungi Beasts","floor":13.0,"turns":2.0},{"damage":13.0,"enemies":"The Mushroom Lair","floor":14.0,"turns":3.0},{"damage":18.0,"enemies":"The Guardian","floor":16.0,"turns":10.0},{"damage":12,"enemies":"Shell Parasite","floor":18,"turns":5},{"damage":3,"enemies":"Chosen","floor":21,"turns":3},{"damage":31,"enemies":"Snake Plant","floor":22,"turns":5},{"damage":15,"enemies":"Snecko","floor":27,"turns":4},{"damage":20,"enemies":"Book of Stabbing","floor":28,"turns":3},{"damage":20,"enemies":"Centurion and Healer","floor":30,"turns":3},{"damage":26,"enemies":"Shelled Parasite and Fungi","floor":31,"turns":2}],"seed_played":"5760839084020377962","potions_obtained":[{"floor":6.0,"key":"FearPotion"},{"floor":11.0,"key":"BlessingOfTheForge"},{"floor":13.0,"key":"Dexterity Potion"},{"floor":16.0,"key":"DuplicationPotion"},{"floor":18,"key":"ColorlessPotion"}],"is_trial":false,"path_per_floor":["M","M","M","?","?","E","?","R","T","R","M","$","M","?","R","B",null,"M","?","$","M","M","R","$","R","T","M","E","R","M","M"],"character_chosen":"IRONCLAD","items_purchased":["Heavy Blade"],"campfire_rested":0,"item_purchase_floors":[20],"current_hp_per_floor":[80,80,80,85,78,53,53,53,53,53,54,54,59,52,52,65,85,79,79,79,82,57,57,57,57,57,48,34,34,20,0,0],"gold":183,"neow_bonus":"THREE_ENEMY_KILL","is_daily":false,"chose_seed":false,"campfire_upgraded":6,"win_rate":0.0,"timestamp":1609622210,"path_taken":["M","?","M","?","?","E","?","R","T","R","M","$","M","?","R","BOSS","M","?","?","M","M","R","?","R","T","M","E","R","?","M"],"items_purchased_type":["Card"],"build_version":"2020-12-22","purchased_purges":2,"victory":false,"max_hp_per_floor":[80,80,80,85,85,85,85,85,85,85,85,85,85,85,85,85,85,85,85,85,85,85,85,85,85,85,85,85,85,85,85,85],"card_choices":[{"not_picked":["Havoc","Pommel Strike"],"picked":"True Grit","floor":1.0},{"not_picked":["Body Slam","Hemokinesis"],"picked":"Spot Weakness","floor":2.0},{"not_picked":["Hemokinesis","Havoc"],"picked":"Iron Wave","floor":3.0},{"not_picked":["Pommel Strike","Sword Boomerang"],"picked":"Whirlwind","floor":6.0},{"not_picked":["Bloodletting","Infernal Blade"],"picked":"Headbutt","floor":11.0},{"not_picked":["Combust","Iron Wave","Perfected Strike"],"picked":"SKIP","floor":13.0},{"not_picked":["Wild Strike","Cleave"],"picked":"Berserk","floor":14.0},{"not_picked":["Fiend Fire","Exhume"],"picked":"Limit Break","floor":16.0},{"not_picked":["Anger","Carnage"],"picked":"Sword Boomerang","floor":18},{"not_picked":["Shrug It Off","Infernal Blade"],"picked":"Heavy Blade+1","floor":21},{"not_picked":["Dual Wield","Reckless Charge"],"picked":"Sword Boomerang","floor":22},{"not_picked":["Ghostly Armor+1","Offering","Body Slam"],"picked":"SKIP","floor":27},{"not_picked":["Wild Strike","Havoc","Cleave"],"picked":"SKIP","floor":28},{"not_picked":["Havoc","Anger"],"picked":"Shockwave","floor":30}],"player_experience":35089,"relics_obtained":[{"floor":6.0,"key":"Darkstone Periapt"},{"floor":9.0,"key":"Pantograph"},{"floor":14.0,"key":"Odd Mushroom"},{"floor":26,"key":"MealTicket"},{"floor":28,"key":"Calipers"}],"event_choices":[{"damage_healed":0.0,"max_hp_gain":5.0,"max_hp_loss":0.0,"gold_gain":0.0,"event_name":"Big Fish","player_choice":"Donut","floor":4.0,"gold_loss":0.0,"damage_taken":0.0},{"cards_removed":["Strike_R"],"damage_healed":0.0,"max_hp_gain":0.0,"max_hp_loss":0.0,"gold_gain":0.0,"event_name":"Golden Wing","player_choice":"Card Removal","floor":5.0,"gold_loss":0.0,"damage_taken":7.0},{"damage_healed":0.0,"max_hp_gain":0.0,"max_hp_loss":0.0,"gold_gain":0.0,"event_name":"Liars Game","player_choice":"Ignored","floor":7.0,"gold_loss":0.0,"damage_taken":0.0},{"damage_healed":0.0,"max_hp_gain":0.0,"max_hp_loss":0.0,"gold_gain":0.0,"event_name":"Mushrooms","player_choice":"Fought Mushrooms","floor":14.0,"gold_loss":0.0,"damage_taken":0.0},{"cards_removed":["Strike_R"],"damage_healed":0,"gold_gain":0,"player_choice":"Upgrade and Remove","damage_taken":0,"max_hp_gain":0,"max_hp_loss":0,"event_name":"Designer","floor":19,"gold_loss":90,"cards_upgraded":["Limit Break"]}],"is_beta":false,"boss_relics":[{"not_picked":["Ectoplasm","Black Blood"],"picked":"Coffee Dripper"}],"items_purged_floors":[12,20],"is_endless":false,"potions_floor_spawned":[6,11,13,16,18,27],"killed_by":"Shelled Parasite and Fungi","ascension_level":0}}