{"host":"2461dio7vetlq1z3","time":1609604986,"event":{"mods":["2.2 Compatiblity","AchievementEnabler","BaseMod","Better Third Choice","Friendly Minions","Minty Spire (QoL Compilation)","Relic Stats","Replay The Spire","Spicy Shops","StSLib","Waifu the Spire"],"gold_per_floor":[110,126,126,142,156,156,170,51,99,99,99,99,129,129,129,223,223,244,263,284,284,284,284,315,315,315,315,315],"floor_reached":27,"playtime":1331,"items_purged":["Strike_G"],"score":487,"play_id":"e667a4ac-df86-4153-9893-a6c78bb1bdf2","local_time":"20210102172946","is_ascension_mode":true,"campfire_choices":[{"floor":6,"key":"REST"},{"data":"Cloak And Dagger","floor":10,"key":"SMITH"},{"data":"Neutralize","floor":12,"key":"SMITH"},{"floor":23,"key":"REST"},{"floor":25,"key":"REST"}],"circlet_count":0,"master_deck":["AscendersBane","Defend_G","Defend_G","Defend_G","Defend_G","Survivor","Neutralize+1","Accuracy","Dash","Omniscience+1","Adrenaline","Cloak And Dagger+1","Quick Slash+1","Noxious Fumes","ReplayTheSpireMod:Exploit Weakness+1","Blade Dance","Replay:Bag of Tricks","Bouncing Flask","Poisoned Stab+1","Cloak And Dagger","Bite","Bite","Bite","Bite","Bite","Pot Of Greed","Pot Of Greed","Pot Of Greed","Venomology"],"relics":["Ring of the Snake","Vajra","Replay:Mystery Machine","Regal Pillow","Strawberry","The Specimen","Golden Idol","Snecko Heart","Grinning Jar","Blood Vial"],"acts_visited":["Exordium","TheCity"],"potions_floor_usage":[16,16,24],"damage_taken":[{"damage":2,"enemies":"2 Louse","floor":1,"turns":4},{"damage":16,"enemies":"Jaw Worm","floor":2,"turns":6},{"damage":1,"enemies":"Small Slimes","floor":4,"turns":3},{"damage":5,"enemies":"Looter","floor":5,"turns":4},{"damage":5,"enemies":"Gremlin Gang","floor":7,"turns":6},{"damage":11,"enemies":"Replay:BlueRogue","floor":13,"turns":8},{"damage":89,"enemies":"Fading Forest","floor":16,"turns":13},{"damage":19,"enemies":"2 Thieves","floor":18,"turns":4},{"damage":16,"enemies":"3 Byrds","floor":19,"turns":4},{"damage":10,"enemies":"Snake Plant","floor":20,"turns":3},{"damage":27,"enemies":"Slavers","floor":24,"turns":5},{"damage":57,"enemies":"Book of Stabbing","floor":27,"turns":4}],"seed_played":"5849465795661336149","potions_obtained":[{"floor":2,"key":"LiquidMemories"},{"floor":5,"key":"FearPotion"},{"floor":13,"key":"Reflective Coating"},{"floor":18,"key":"Ancient Potion"},{"floor":19,"key":"Block Potion"}],"is_trial":false,"path_per_floor":["M","M","?","M","M","R","M","$","T","R","?","R","E","?","R","B",null,"M","M","M","?","?","R","E","R","T","E"],"character_chosen":"THE_SILENT","items_purchased":["Noxious Fumes"],"campfire_rested":3,"item_purchase_floors":[8],"current_hp_per_floor":[57,41,13,12,7,41,36,36,43,43,43,43,32,32,66,3,50,31,15,5,5,5,33,16,44,44,0,0],"gold":315,"neow_bonus":"RANDOM_COMMON_RELIC","is_daily":false,"chose_seed":false,"campfire_upgraded":2,"win_rate":0.0,"timestamp":1609604986,"path_taken":["M","M","?","M","M","R","M","$","T","R","?","R","E","?","R","BOSS","M","M","M","?","?","R","E","R","T","E"],"items_purchased_type":["Card"],"build_version":"2020-12-22","purchased_purges":1,"victory":false,"max_hp_per_floor":[66,66,66,66,66,66,66,66,73,73,73,73,73,66,66,66,66,66,66,66,46,46,46,46,46,46,46,46],"relic_stats":{"Blood Vial":2,"Regal Pillow":60,"counters":[12,64],"Golden Idol":37,"obtain_stats":[{"Blood Vial":26,"Regal Pillow":3,"Snecko Heart":17,"The Specimen":13,"Golden Idol":14,"Strawberry":9,"Vajra":0,"Replay:Mystery Machine":3,"Grinning Jar":24,"Ring of the Snake":0},{"Blood Vial":11,"Regal Pillow":2,"Snecko Heart":7,"The Specimen":6,"Golden Idol":6,"Strawberry":5,"Vajra":0,"Replay:Mystery Machine":2,"Grinning Jar":11,"Ring of the Snake":0},{"Blood Vial":60,"Regal Pillow":10,"Snecko Heart":44,"The Specimen":31,"Golden Idol":31,"Strawberry":23,"Vajra":0,"Replay:Mystery Machine":10,"Grinning Jar":60,"Ring of the Snake":0}],"Ring of the Snake":[24]},"card_choices":[{"not_picked":["Cloak And Dagger","Hidden Blade"],"picked":"Accuracy","floor":1},{"not_picked":["Poisoned Stab","Hidden Blade"],"picked":"Dash","floor":2},{"not_picked":["Poisoned Stab","Toxin Wave"],"picked":"Adrenaline","floor":4},{"not_picked":["Distraction","Deadly Poison"],"picked":"Cloak And Dagger","floor":5},{"not_picked":["Endless Agony","Acrobatics"],"picked":"Quick Slash","floor":7},{"not_picked":["All Out Attack","Draining Mist"],"picked":"Blade Dance","floor":13},{"not_picked":["Die Die Die","Storm of Steel"],"picked":"Replay:Bag of Tricks","floor":16},{"not_picked":["Bane","Distraction"],"picked":"Bouncing Flask","floor":18},{"not_picked":["Quick Slash+1","Slice"],"picked":"Poisoned Stab+1","floor":19},{"not_picked":["Prepared+1","Acrobatics"],"picked":"Cloak And Dagger","floor":20},{"not_picked":["Deflect","Calculated Gamble"],"picked":"Venomology","floor":24}],"player_experience":1015256,"relics_obtained":[{"floor":9,"key":"Strawberry"},{"floor":13,"key":"The Specimen"},{"floor":24,"key":"Grinning Jar"},{"floor":26,"key":"Blood Vial"}],"event_choices":[{"damage_healed":0,"gold_gain":1,"player_choice":"Card Relic Relic ","damage_taken":28,"max_hp_gain":0,"max_hp_loss":0,"event_name":"betterThird:BetterScrap","floor":3,"gold_loss":0,"cards_obtained":["Omniscience","Double Tap"]},{"damage_healed":0,"gold_gain":0,"player_choice":"Lose Max HP","damage_taken":0,"relics_obtained":["Golden Idol"],"max_hp_gain":0,"max_hp_loss":7,"event_name":"Golden Idol","floor":14,"gold_loss":0},{"damage_healed":0,"gold_gain":0,"player_choice":"Became a vampire","damage_taken":0,"max_hp_gain":0,"max_hp_loss":20,"event_name":"Vampires","floor":21,"gold_loss":0,"cards_obtained":["Bite","Bite","Bite","Bite","Bite"]}],"is_beta":false,"boss_relics":[{"not_picked":["Replay:Bronze Core","Fusion Hammer"],"picked":"Snecko Heart"}],"items_purged_floors":[8],"is_endless":false,"potions_floor_spawned":[2,5,13,18,19],"killed_by":"Book of Stabbing","ascension_level":20}}