{"host":"Ian","time":1609603981,"event":{"mods":["BaseMod","Bestiary","Block Reminder","Colored Map","Highlight Path","Key Reminder","Minty Spire (QoL Compilation)","Relic Stats"],"gold_per_floor":[369,22,36,36,55,55,73,103,128,161,161,179,1,28,28,105,105,77,92,17,17,17,17,17,17],"floor_reached":24,"playtime":887,"items_purged":["Strike_R","Strike_R"],"score":408,"play_id":"c8f35d90-10a9-4c3d-b098-561bc7414799","local_time":"20210102161301","is_ascension_mode":true,"campfire_choices":[{"data":"Fire Breathing","floor":6,"key":"SMITH"},{"floor":11,"key":"REST"},{"data":"Evolve","floor":15,"key":"SMITH"},{"floor":23,"key":"REST"}],"circlet_count":0,"master_deck":["AscendersBane","Strike_R","Strike_R","Defend_R","Defend_R+1","Defend_R+1","Defend_R","Bash","Wild Strike","Fire Breathing+1","Wild Strike","Evolve+1","Ghostly Armor","Feel No Pain","Armaments","Pommel Strike","Barricade","CurseOfTheBell","Seeing Red+1","Decay"],"relics":["Burning Blood","War Paint","Pen Nib","MealTicket","Red Skull","Bag of Marbles","Odd Mushroom","Calling Bell","Dream Catcher","The Courier","Calipers"],"acts_visited":["Exordium","TheCity"],"potions_floor_usage":[7,16,19,19],"damage_taken":[{"damage":10,"enemies":"Small Slimes","floor":1,"turns":5},{"damage":0,"enemies":"Jaw Worm","floor":3,"turns":3},{"damage":0,"enemies":"2 Louse","floor":5,"turns":3},{"damage":5,"enemies":"Gremlin Gang","floor":7,"turns":3},{"damage":20,"enemies":"Lagavulin","floor":8,"turns":7},{"damage":23,"enemies":"Gremlin Nob","floor":10,"turns":4},{"damage":3,"enemies":"Looter","floor":12,"turns":2},{"damage":12,"enemies":"The Mushroom Lair","floor":14,"turns":5},{"damage":15,"enemies":"Hexaghost","floor":16,"turns":8},{"damage":26,"enemies":"2 Thieves","floor":18,"turns":4},{"damage":42,"enemies":"Shell Parasite","floor":19,"turns":6},{"damage":30,"enemies":"Book of Stabbing","floor":24,"turns":4}],"seed_played":"555200724868473839","potions_obtained":[{"floor":5,"key":"Block Potion"},{"floor":10,"key":"FearPotion"},{"floor":18,"key":"SkillPotion"}],"is_trial":false,"path_per_floor":["M","$","M","?","M","R","M","E","T","E","R","M","$","?","R","B",null,"M","M","?","?","?","R","E"],"character_chosen":"IRONCLAD","items_purchased":["Fire Breathing","Wild Strike","War Paint","Regen Potion"],"campfire_rested":2,"item_purchase_floors":[2,2,2,13],"current_hp_per_floor":[64,64,68,33,39,39,40,26,26,9,29,32,47,41,41,47,63,43,7,7,7,7,27,0,0],"gold":17,"neow_bonus":"TWO_FIFTY_GOLD","is_daily":false,"chose_seed":false,"campfire_upgraded":2,"win_rate":0.0,"timestamp":1609603981,"path_taken":["M","$","M","?","M","R","M","E","T","E","R","M","$","?","R","BOSS","M","M","?","?","?","R","E"],"items_purchased_type":["Card","Card","Relic","Potion"],"build_version":"2020-12-18","purchased_purges":2,"victory":false,"max_hp_per_floor":[68,68,68,68,68,68,68,68,68,68,68,68,68,68,68,68,68,68,68,68,68,68,68,68,68],"relic_stats":{"Dream Catcher":1,"counters":[12,54],"MealTicket":15,"Pen Nib":[5],"War Paint":["Defend_R","Defend_R"],"obtain_stats":[{"Calling Bell":17,"Dream Catcher":17,"Calipers":17,"MealTicket":8,"Pen Nib":4,"The Courier":17,"Bag of Marbles":10,"War Paint":2,"Odd Mushroom":14,"Burning Blood":0,"Red Skull":9},{"Calling Bell":9,"Dream Catcher":9,"Calipers":9,"MealTicket":5,"Pen Nib":2,"The Courier":9,"Bag of Marbles":6,"War Paint":1,"Odd Mushroom":8,"Burning Blood":0,"Red Skull":5},{"Calling Bell":40,"Dream Catcher":40,"Calipers":40,"MealTicket":21,"Pen Nib":8,"The Courier":40,"Bag of Marbles":25,"War Paint":5,"Odd Mushroom":32,"Burning Blood":0,"Red Skull":21}],"Burning Blood":64},"card_choices":[{"not_picked":["Clothesline","True Grit"],"picked":"Wild Strike","floor":1},{"not_picked":["Body Slam","Havoc"],"picked":"Evolve","floor":3},{"not_picked":["Searing Blow","Sword Boomerang"],"picked":"Ghostly Armor","floor":5},{"not_picked":["Seeing Red","Clash"],"picked":"Feel No Pain","floor":7},{"not_picked":["Combust","Clothesline"],"picked":"Armaments","floor":8},{"not_picked":["Searing Blow","Pummel","Body Slam"],"picked":"SKIP","floor":10},{"not_picked":["Havoc","Headbutt","Rage"],"picked":"SKIP","floor":12},{"not_picked":["Twin Strike","Clothesline"],"picked":"Pommel Strike","floor":14},{"not_picked":["Feed","Exhume"],"picked":"Barricade","floor":16},{"not_picked":["Pommel Strike","Wild Strike","Body Slam"],"picked":"SKIP","floor":18},{"not_picked":["Headbutt","Carnage"],"picked":"Seeing Red+1","floor":19}],"player_experience":2609840,"relics_obtained":[{"floor":8,"key":"MealTicket"},{"floor":9,"key":"Red Skull"},{"floor":10,"key":"Bag of Marbles"},{"floor":14,"key":"Odd Mushroom"},{"floor":17,"key":"Dream Catcher"},{"floor":17,"key":"The Courier"},{"floor":17,"key":"Calipers"}],"event_choices":[{"damage_healed":0,"gold_gain":0,"player_choice":"Success","damage_taken":35,"relics_obtained":["Pen Nib"],"max_hp_gain":0,"max_hp_loss":0,"event_name":"Scrap Ooze","floor":4,"gold_loss":0},{"damage_healed":0,"gold_gain":0,"player_choice":"Fought Mushrooms","damage_taken":0,"max_hp_gain":0,"max_hp_loss":0,"event_name":"Mushrooms","floor":14,"gold_loss":0},{"cards_removed":["Strike_R"],"damage_healed":0,"gold_gain":0,"player_choice":"Gave Gold","damage_taken":0,"max_hp_gain":0,"max_hp_loss":0,"event_name":"Beggar","floor":20,"gold_loss":75},{"damage_healed":0,"gold_gain":0,"player_choice":"Smashed Altar","damage_taken":0,"max_hp_gain":0,"max_hp_loss":0,"event_name":"Forgotten Altar","floor":21,"gold_loss":0,"cards_obtained":["Decay"]},{"damage_healed":0,"gold_gain":0,"player_choice":"Ignored","damage_taken":0,"max_hp_gain":0,"max_hp_loss":0,"event_name":"Cursed Tome","floor":22,"gold_loss":0}],"is_beta":true,"boss_relics":[{"not_picked":["Astrolabe","Empty Cage"],"picked":"Calling Bell"}],"items_purged_floors":[2,13],"is_endless":false,"potions_floor_spawned":[5,10,14,18],"killed_by":"Book of Stabbing","ascension_level":20}}