{"host":"36mulxq349byzoa2","time":1609558471,"event":{"mods":["AchievementEnabler","BaseMod","Better Match","Block Reminder","Colored Map","Colored Powertips","Minty Spire (QoL Compilation)","Rare Cards Sparkle","StSLib","SuperFastMode"],"gold_per_floor":[115,40,40,53,53,83,103,113,138,168,168,178,205,44,44,44,44],"floor_reached":16,"playtime":405,"items_purged":[],"score":276,"play_id":"77b072ae-8395-4531-b065-83e663c455cf","local_time":"20210101223431","is_ascension_mode":true,"campfire_choices":[{"data":"Concentrate","floor":11,"key":"SMITH"},{"floor":15,"key":"REST"}],"circlet_count":0,"master_deck":["AscendersBane","Strike_G","Strike_G","Strike_G","Strike_G","Defend_G","Defend_G","Defend_G","Defend_G","Survivor","Neutralize","Predator","Poisoned Stab","All Out Attack","Footwork","Concentrate+1","Backflip"],"relics":["Ring of the Snake","NeowsBlessing","Happy Flower","MealTicket","Strawberry","Dead Branch","OrangePellets"],"acts_visited":["Exordium"],"potions_floor_usage":[10,13],"damage_taken":[{"damage":0,"enemies":"2 Louse","floor":1,"turns":1},{"damage":0,"enemies":"Small Slimes","floor":4,"turns":1},{"damage":0,"enemies":"Gremlin Nob","floor":6,"turns":1},{"damage":0,"enemies":"Jaw Worm","floor":7,"turns":3},{"damage":4,"enemies":"Blue Slaver","floor":8,"turns":4},{"damage":23,"enemies":"3 Sentries","floor":10,"turns":9},{"damage":1,"enemies":"Lots of Slimes","floor":12,"turns":3},{"damage":29,"enemies":"Gremlin Nob","floor":13,"turns":4},{"damage":43,"enemies":"Slime Boss","floor":16,"turns":9}],"seed_played":"-5335977346689418464","potions_obtained":[{"floor":4,"key":"Poison Potion"},{"floor":6,"key":"Block Potion"},{"floor":12,"key":"LiquidBronze"}],"is_trial":false,"path_per_floor":["M","?","?","M","?","E","M","M","T","E","R","M","E","$","R","B"],"character_chosen":"THE_SILENT","items_purchased":["OrangePellets"],"campfire_rested":1,"item_purchase_floors":[14],"current_hp_per_floor":[59,59,52,52,52,52,52,48,48,32,32,31,2,17,38,0,0],"gold":44,"neow_bonus":"THREE_ENEMY_KILL","is_daily":false,"chose_seed":false,"campfire_upgraded":1,"win_rate":0.0,"timestamp":1609558471,"path_taken":["M","?","?","M","?","E","M","M","T","E","R","M","E","$","R","BOSS"],"items_purchased_type":["Relic"],"build_version":"2020-12-22","purchased_purges":0,"victory":false,"max_hp_per_floor":[66,66,66,66,66,66,66,66,66,73,73,73,73,73,73,73,73],"card_choices":[{"not_picked":["Cloak And Dagger","Backflip"],"picked":"Predator","floor":1},{"not_picked":["Underhanded Strike","Choke","Deflect"],"picked":"SKIP","floor":4},{"not_picked":["Slice","Dodge and Roll"],"picked":"Poisoned Stab","floor":6},{"not_picked":["Cloak And Dagger","Flying Knee"],"picked":"All Out Attack","floor":7},{"not_picked":["Slice","Skewer"],"picked":"Footwork","floor":8},{"not_picked":["Outmaneuver","Quick Slash"],"picked":"Concentrate","floor":10},{"not_picked":["Crippling Poison","Slice"],"picked":"Backflip","floor":12},{"not_picked":["Dodge and Roll","Slice","Deflect"],"picked":"SKIP","floor":13}],"player_experience":994261,"relics_obtained":[{"floor":6,"key":"Happy Flower"},{"floor":9,"key":"MealTicket"},{"floor":10,"key":"Strawberry"},{"floor":13,"key":"Dead Branch"}],"event_choices":[{"cards_removed":["Defend_G"],"damage_healed":0,"gold_gain":0,"player_choice":"Card Removal","damage_taken":0,"max_hp_gain":0,"max_hp_loss":0,"event_name":"The Cleric","floor":2,"gold_loss":75},{"cards_removed":["Strike_G"],"damage_healed":0,"gold_gain":0,"player_choice":"Card Removal","damage_taken":7,"max_hp_gain":0,"max_hp_loss":0,"event_name":"Golden Wing","floor":3,"gold_loss":0},{"damage_healed":0,"gold_gain":0,"player_choice":"Ignored","damage_taken":0,"max_hp_gain":0,"max_hp_loss":0,"event_name":"Liars Game","floor":5,"gold_loss":0}],"is_beta":false,"boss_relics":[],"items_purged_floors":[],"is_endless":false,"potions_floor_spawned":[4,6,12],"killed_by":"Slime Boss","ascension_level":18}}