{"host":"fjaupvxe7fzqrf4j","time":1609595233,"event":{"mods":["ATMod(°¢èªMod)","BaseMod","Minty Spire (QoL Compilation)","StSLib"],"gold_per_floor":[117,192,29,29,29,29,61,61,61,86,86,117,117,143,143,219,219,232,96,126,126,140,171,202,234,280,331,440,495,600,600,600,701,701,738,738,573,573,667,724,881,933,956,1109,1159,1216,1376,1430,1430,1480,1605,1605,1605,1275,1359,1384],"floor_reached":57,"playtime":3212,"items_purged":["Conserve Battery"],"score":4605,"play_id":"8a7136de-cea4-4cd0-8e4f-82a92a83fe7e","local_time":"20210102214713","daily_mods":["SealedDeck","Heirloom","Time Dilation","Flight","Elite Swarm"],"is_ascension_mode":true,"campfire_choices":[{"data":"Defragment","floor":6.0,"key":"SMITH"},{"data":"AT_RightCognition","floor":8.0,"key":"SMITH"},{"data":"Turbo","floor":11.0,"key":"SMITH"},{"data":"Recycle","floor":13.0,"key":"SMITH"},{"data":"Fission","floor":15.0,"key":"SMITH"},{"data":"AT_RightCognition","floor":32.0,"key":"SMITH"},{"floor":49.0,"key":"RECALL"},{"data":"Seek","floor":53.0,"key":"SMITH"}],"circlet_count":0,"master_deck":["AscendersBane","Hologram","Turbo+1","Skim","Coolheaded","Glacier","Skim","Ball Lightning","Defragment+1","Recycle+1","AT_RightCognition+1","Creative AI","Core Surge","Fission+1","Coolheaded+1","Seek+1","Electrodynamics","AT_RightCognition+1","Biased Cognition","CurseOfTheBell","Heatsinks","Biased Cognition","Echo Form","AT_WaterDrop","Defragment","Dark Shackles"],"relics":["Cracked Core","AT_ATBox","Calipers","Membership Card","Bronze Scales","AT_ImmortalShieldbow","AT_Manta","Matryoshka","Sozu","AT_DeathDance","Red Mask","Tiny Chest","Bird Faced Urn","Happy Flower","AT_MibuBalloonWealth","AT_ArcaneBoots","DataDisk","Du-Vu Doll","Emotion Chip","Potion Belt","Calling Bell","Boot","Sundial","Incense Burner","TheAbacus","TungstenRod","Gremlin Horn","Symbiotic Virus","Kunai","AT_ChloranthyRing","Shovel","AT_BellDemon","Bag of Preparation","AT_ArchangelStaff","Turnip","Singing Bowl","AT_RedTearstoneRing","Lizard Tail","Letter Opener","Bottled Tornado"],"acts_visited":["Exordium","TheCity","TheBeyond","TheEnding"],"potions_floor_usage":[],"damage_taken":[{"damage":6.0,"enemies":"2 Louse","floor":1.0,"turns":2.0},{"damage":0.0,"enemies":"Lagavulin","floor":7.0,"turns":5.0},{"damage":3.0,"enemies":"3 Sentries","floor":10.0,"turns":12.0},{"damage":0.0,"enemies":"Lagavulin","floor":12.0,"turns":7.0},{"damage":0.0,"enemies":"Gremlin Nob","floor":14.0,"turns":3.0},{"damage":0.0,"enemies":"The Guardian","floor":16.0,"turns":6.0},{"damage":3.0,"enemies":"Spheric Guardian","floor":18.0,"turns":4.0},{"damage":0.0,"enemies":"Masked Bandits","floor":20.0,"turns":5.0},{"damage":0.0,"enemies":"2 Thieves","floor":22.0,"turns":3.0},{"damage":0.0,"enemies":"Gremlin Leader","floor":23.0,"turns":5.0},{"damage":0.0,"enemies":"Book of Stabbing","floor":24.0,"turns":7.0},{"damage":0.0,"enemies":"Gremlin Leader","floor":25.0,"turns":5.0},{"damage":0.0,"enemies":"Book of Stabbing","floor":27.0,"turns":4.0},{"damage":6.0,"enemies":"Slavers","floor":28.0,"turns":3.0},{"damage":0.0,"enemies":"Book of Stabbing","floor":29.0,"turns":4.0},{"damage":0.0,"enemies":"Slavers","floor":30.0,"turns":1.0},{"damage":0.0,"enemies":"Champ","floor":33.0,"turns":7.0},{"damage":0.0,"enemies":"Orb Walker","floor":35.0,"turns":2.0},{"damage":12.0,"enemies":"3 Shapes","floor":39.0,"turns":2.0},{"damage":6.0,"enemies":"Giant Head","floor":40.0,"turns":6.0},{"damage":5.0,"enemies":"Reptomancer","floor":41.0,"turns":4.0},{"damage":0.0,"enemies":"Nemesis","floor":42.0,"turns":7.0},{"damage":0.0,"enemies":"Reptomancer","floor":44.0,"turns":2.0},{"damage":0.0,"enemies":"Nemesis","floor":45.0,"turns":7.0},{"damage":0.0,"enemies":"Giant Head","floor":46.0,"turns":6.0},{"damage":0.0,"enemies":"Reptomancer","floor":47.0,"turns":3.0},{"damage":0.0,"enemies":"Nemesis","floor":48.0,"turns":5.0},{"damage":0.0,"enemies":"Donu and Deca","floor":50.0,"turns":2.0},{"damage":0.0,"enemies":"Awakened One","floor":51.0,"turns":8.0},{"damage":0.0,"enemies":"Shield and Spear","floor":55.0,"turns":4.0},{"damage":7,"enemies":"The Heart","floor":56,"turns":15}],"seed_played":"-2804288390808088841","potions_obtained":[{"floor":7.0,"key":"PotionOfCapacity"},{"floor":10.0,"key":"SneckoOil"}],"is_trial":true,"path_per_floor":["M","?","$","?","?","R","E","R","T","E","R","E","R","E","R","B",null,"M","$","?","?","M","E","E","E","T","E","E","E","E","?","R","B",null,"M","?","$","?","M","E","E","E","T","E","E","E","E","E","R","B","B",null,"R","$","E","B",null],"character_chosen":"DEFECT","items_purchased":["Membership Card","AT_DeathDance","Heatsinks","TheAbacus","Defragment","AT_RedTearstoneRing","Lizard Tail","Dark Shackles"],"campfire_rested":0,"item_purchase_floors":[3,19,37,37,54,54,54,54],"current_hp_per_floor":[58,47,47,47,40,40,40,40,40,37,37,37,37,37,37,37,63,60,60,60,60,60,60,60,71,71,71,67,71,71,71,71,71,71,71,67,67,67,59,67,67,67,67,67,67,67,67,69,69,69,69,69,69,69,71,71],"gold":1384,"neow_bonus":"","is_daily":false,"chose_seed":false,"campfire_upgraded":7,"win_rate":0.0,"timestamp":1609595233,"path_taken":["M","?","$","?","?","R","E","R","T","E","R","E","R","E","R","BOSS","M","$","?","?","?","E","E","E","T","E","E","E","E","?","R","BOSS","M","?","$","?","M","E","E","E","T","E","E","E","E","E","R","BOSS","BOSS","R","$","E","BOSS"],"items_purchased_type":["Relic","Relic","Card","Relic","Card","Relic","Relic","Card"],"build_version":"2020-12-22","purchased_purges":1,"victory":true,"max_hp_per_floor":[71,71,71,71,71,71,71,71,71,71,71,71,71,71,71,71,71,71,71,71,71,71,71,71,71,71,71,71,71,71,71,71,71,71,71,67,67,67,67,67,67,67,67,67,67,67,67,69,69,69,69,69,69,69,71,71],"card_choices":[{"not_picked":["Leap","Blizzard"],"picked":"Recycle","floor":1.0},{"not_picked":["Reboot","Meteor Strike"],"picked":"AT_RightCognition","floor":7.0},{"not_picked":["Seek","Fission"],"picked":"Creative AI","floor":10.0},{"not_picked":["Seek","Biased Cognition"],"picked":"Core Surge","floor":12.0},{"not_picked":["Biased Cognition","Core Surge"],"picked":"Fission","floor":14.0},{"not_picked":["AT_EMC2","Recycle","Gash"],"picked":"SKIP","floor":18.0},{"not_picked":["Redo","Go for the Eyes"],"picked":"Coolheaded","floor":20.0},{"not_picked":["AT_HeatAcrobatics","Beam Cell+1","Fusion"],"picked":"SKIP","floor":22.0},{"not_picked":["Meteor Strike","Amplify","Buffer"],"picked":"SKIP","floor":23.0},{"not_picked":["Rainbow","Fission"],"picked":"Seek","floor":24.0},{"not_picked":["Creative AI","Reboot"],"picked":"Electrodynamics","floor":25.0},{"not_picked":["Core Surge","Rainbow","Thunder Strike"],"picked":"SKIP","floor":27.0},{"not_picked":["Meteor Strike","Amplify","Core Surge"],"picked":"SKIP","floor":28.0},{"not_picked":["Thunder Strike","Buffer","Meteor Strike"],"picked":"SKIP","floor":29.0},{"not_picked":["Amplify","Multi-Cast"],"picked":"AT_RightCognition","floor":30.0},{"not_picked":["Fission","Core Surge"],"picked":"Biased Cognition","floor":33.0},{"not_picked":["Compile Driver+1","Steam Power","BootSequence+1"],"picked":"SKIP","floor":35.0},{"not_picked":["Doom and Gloom","Self Repair+1","Coolheaded"],"picked":"SKIP","floor":39.0},{"not_picked":["Creative AI","Reboot"],"picked":"Biased Cognition","floor":40.0},{"not_picked":["Multi-Cast","Creative AI"],"picked":"Echo Form","floor":41.0},{"not_picked":["Rainbow","Reboot"],"picked":"AT_WaterDrop","floor":42.0},{"not_picked":["Reboot","Multi-Cast","Echo Form"],"picked":"SKIP","floor":44.0},{"not_picked":["All For One","Biased Cognition","Reboot"],"picked":"SKIP","floor":45.0},{"not_picked":["Core Surge","AT_WaterDrop","Rainbow"],"picked":"SKIP","floor":46.0},{"not_picked":["Buffer","Meteor Strike","Biased Cognition"],"picked":"SKIP","floor":47.0},{"not_picked":["AT_WaterDrop","Amplify","Fission"],"picked":"Singing Bowl","floor":48.0},{"not_picked":["Seek","Meteor Strike","Buffer"],"picked":"Singing Bowl","floor":55.0}],"player_experience":328668,"relics_obtained":[{"floor":7.0,"key":"Bronze Scales"},{"floor":9.0,"key":"AT_ImmortalShieldbow"},{"floor":10.0,"key":"AT_Manta"},{"floor":12.0,"key":"Matryoshka"},{"floor":20.0,"key":"Red Mask"},{"floor":23.0,"key":"Tiny Chest"},{"floor":24.0,"key":"Bird Faced Urn"},{"floor":25.0,"key":"Happy Flower"},{"floor":26.0,"key":"AT_MibuBalloonWealth"},{"floor":26.0,"key":"AT_SpeedBoots"},{"floor":27.0,"key":"DataDisk"},{"floor":28.0,"key":"Du-Vu Doll"},{"floor":29.0,"key":"Emotion Chip"},{"floor":30.0,"key":"Potion Belt"},{"floor":34.0,"key":"Boot"},{"floor":34.0,"key":"Sundial"},{"floor":34.0,"key":"Incense Burner"},{"floor":40.0,"key":"TungstenRod"},{"floor":41.0,"key":"Gremlin Horn"},{"floor":42.0,"key":"Symbiotic Virus"},{"floor":43.0,"key":"Kunai"},{"floor":44.0,"key":"AT_ChloranthyRing"},{"floor":45.0,"key":"Shovel"},{"floor":46.0,"key":"AT_BellDemon"},{"floor":47.0,"key":"Bag of Preparation"},{"floor":47.0,"key":"AT_ArchangelStaff"},{"floor":48.0,"key":"Turnip"},{"floor":48.0,"key":"Singing Bowl"},{"floor":55.0,"key":"Letter Opener"},{"floor":55.0,"key":"Bottled Tornado"}],"event_choices":[{"damage_healed":0.0,"max_hp_gain":0.0,"max_hp_loss":0.0,"gold_gain":75.0,"event_name":"World of Goop","player_choice":"Gather Gold","floor":2.0,"gold_loss":0.0,"damage_taken":11.0},{"damage_healed":0.0,"max_hp_gain":0.0,"max_hp_loss":0.0,"gold_gain":0.0,"event_name":"Liars Game","player_choice":"Ignored","floor":4.0,"gold_loss":0.0,"damage_taken":0.0},{"cards_removed":["Conserve Battery"],"damage_healed":0.0,"max_hp_gain":0.0,"max_hp_loss":0.0,"gold_gain":0.0,"event_name":"Golden Wing","player_choice":"Card Removal","floor":5.0,"gold_loss":0.0,"damage_taken":7.0},{"damage_healed":0.0,"max_hp_gain":0.0,"max_hp_loss":0.0,"gold_gain":0.0,"event_name":"Masked Bandits","player_choice":"Fought Bandits","floor":20.0,"gold_loss":0.0,"damage_taken":0.0},{"damage_healed":0.0,"max_hp_gain":0.0,"max_hp_loss":0.0,"gold_gain":0.0,"event_name":"Accursed Blacksmith","player_choice":"Forge","floor":21.0,"gold_loss":0.0,"damage_taken":0.0,"cards_upgraded":["Coolheaded"]},{"damage_healed":0.0,"max_hp_gain":0.0,"max_hp_loss":0.0,"gold_gain":0.0,"event_name":"N\u0027loth","player_choice":"Ignored","floor":31.0,"gold_loss":0.0,"damage_taken":0.0},{"damage_healed":0.0,"max_hp_gain":0.0,"max_hp_loss":4.0,"gold_gain":0.0,"event_name":"Winding Halls","player_choice":"Max HP","floor":36.0,"gold_loss":0.0,"damage_taken":0.0},{"damage_healed":0.0,"max_hp_gain":0.0,"max_hp_loss":0.0,"gold_gain":0.0,"event_name":"SensoryStone","player_choice":"Memory 1","floor":38.0,"gold_loss":0.0,"damage_taken":0.0}],"is_beta":false,"boss_relics":[{"not_picked":["Busted Crown","Fusion Hammer"],"picked":"Sozu"},{"not_picked":["Tiny House","Astrolabe"],"picked":"Calling Bell"}],"items_purged_floors":[37],"is_endless":false,"potions_floor_spawned":[7,10,14,20,23,24,28,35,41,44,47,55],"ascension_level":20}}