{"host":"w9yruvs4bqht6bhw","time":1609550052,"event":{"mods":["BaseMod","Colored Powertips","Minty Spire (QoL Compilation)"],"gold_per_floor":[112,132,132,132,146,181,181,205,205,230,269,143,156,175,175,301,301,315,359,359,359],"floor_reached":20,"playtime":648,"items_purged":["Strike_R"],"score":230,"play_id":"3e67cca4-130a-44d5-a28a-44f25f2d2c8d","local_time":"20210101201412","is_ascension_mode":true,"campfire_choices":[{"data":"Clash","floor":7,"key":"SMITH"},{"data":"Clash","floor":15,"key":"SMITH"}],"circlet_count":0,"master_deck":["Strike_R","Strike_R","Strike_R","Strike_R","Defend_R","Defend_R","Defend_R","Defend_R","Bash","Clash+1","Clash+1","Headbutt","Double Tap","Rage","Flex","Iron Wave","Limit Break"],"relics":["Black Blood","NeowsBlessing","Golden Idol","Tiny Chest","Regal Pillow","Peace Pipe","Bag of Marbles","Red Mask"],"acts_visited":["Exordium","TheCity"],"potions_floor_usage":[6,6,13,16,19,20],"damage_taken":[{"damage":0,"enemies":"Cultist","floor":1,"turns":1},{"damage":0,"enemies":"2 Louse","floor":2,"turns":1},{"damage":0,"enemies":"Jaw Worm","floor":5,"turns":1},{"damage":27,"enemies":"Lagavulin","floor":6,"turns":4},{"damage":6,"enemies":"3 Louse","floor":10,"turns":2},{"damage":10,"enemies":"Gremlin Nob","floor":11,"turns":3},{"damage":17,"enemies":"Exordium Wildlife","floor":13,"turns":3},{"damage":2,"enemies":"Large Slime","floor":14,"turns":3},{"damage":20,"enemies":"Hexaghost","floor":16,"turns":7},{"damage":18,"enemies":"3 Byrds","floor":18,"turns":5},{"damage":47,"enemies":"Masked Bandits","floor":19,"turns":6},{"damage":25,"enemies":"Spheric Guardian","floor":20,"turns":5}],"seed_played":"-4853398891135750491","potions_obtained":[{"floor":1,"key":"PowerPotion"},{"floor":2,"key":"BlessingOfTheForge"},{"floor":11,"key":"AttackPotion"},{"floor":13,"key":"DuplicationPotion"},{"floor":18,"key":"DistilledChaos"},{"floor":19,"key":"PowerPotion"}],"is_trial":false,"path_per_floor":["M","M","?","?","M","E","R","T","T","M","E","$","M","M","R","B",null,"M","?","M"],"character_chosen":"IRONCLAD","items_purchased":["Flex"],"campfire_rested":0,"item_purchase_floors":[12],"current_hp_per_floor":[80,80,74,79,79,58,58,58,58,58,54,54,43,47,47,33,68,62,27,2,2],"gold":359,"neow_bonus":"THREE_ENEMY_KILL","is_daily":false,"chose_seed":false,"campfire_upgraded":2,"win_rate":0.0,"timestamp":1609550052,"path_taken":["M","?","?","?","M","E","R","?","T","M","E","$","M","M","R","BOSS","M","?","M"],"items_purchased_type":["Card"],"build_version":"2020-12-22","purchased_purges":1,"victory":false,"max_hp_per_floor":[80,80,74,79,79,79,79,79,79,79,79,79,79,79,79,79,79,79,79,79,79],"card_choices":[{"not_picked":["Dark Embrace","Second Wind"],"picked":"Clash","floor":1},{"not_picked":["Warcry","Disarm"],"picked":"Clash","floor":2},{"not_picked":["Cleave","Iron Wave"],"picked":"Headbutt","floor":5},{"not_picked":["Perfected Strike","Disarm","Headbutt"],"picked":"SKIP","floor":6},{"not_picked":["Sentinel","Reckless Charge"],"picked":"Double Tap","floor":10},{"not_picked":["Cleave","Havoc"],"picked":"Rage","floor":11},{"not_picked":["Cleave","Heavy Blade"],"picked":"Iron Wave","floor":13},{"not_picked":["Metallicize","Headbutt","Armaments"],"picked":"SKIP","floor":14},{"not_picked":["Barricade","Impervious"],"picked":"Limit Break","floor":16},{"not_picked":["Sword Boomerang","Anger","Havoc+1"],"picked":"SKIP","floor":18}],"player_experience":244600,"relics_obtained":[{"floor":6,"key":"Tiny Chest"},{"floor":8,"key":"Regal Pillow"},{"floor":9,"key":"Peace Pipe"},{"floor":11,"key":"Bag of Marbles"},{"floor":19,"key":"Red Mask"}],"event_choices":[{"damage_healed":0,"gold_gain":0,"player_choice":"Lose Max HP","damage_taken":0,"relics_obtained":["Golden Idol"],"max_hp_gain":0,"max_hp_loss":6,"event_name":"Golden Idol","floor":3,"gold_loss":0},{"damage_healed":0,"gold_gain":0,"player_choice":"Donut","damage_taken":0,"max_hp_gain":5,"max_hp_loss":0,"event_name":"Big Fish","floor":4,"gold_loss":0},{"damage_healed":0,"gold_gain":0,"player_choice":"Fought Bandits","damage_taken":0,"max_hp_gain":0,"max_hp_loss":0,"event_name":"Masked Bandits","floor":19,"gold_loss":0}],"is_beta":false,"boss_relics":[{"not_picked":["SlaversCollar","Black Star"],"picked":"Black Blood"}],"items_purged_floors":[12],"is_endless":false,"potions_floor_spawned":[1,2,11,13,18,19],"killed_by":"Spheric Guardian","ascension_level":5}}