{"host":"1eo5f82aifdzd7pr","time":1609601962,"event":{"mods":["AchievementEnabler","BaseMod","Colored Map","Colored Powertips","DeckTracker","Marisa????????","Minty Spire (QoL Compilation)","StSLib","SuperFastMode"],"gold_per_floor":[110,120,132,151,171,171,196,226,238,262,293,318,330,358,370,458,470,497,526,188,188,88,113,113,124,124,124,138,138,167,185,185,262,262,275,95,108,120,10,10,10,10],"floor_reached":41,"playtime":3013,"items_purged":["Strike_B","Strike_B","Strike_B"],"score":838,"play_id":"692023da-582f-4260-86c8-786ba87209d4","local_time":"20210102173922","is_ascension_mode":true,"campfire_choices":[{"data":"Zap","floor":6.0,"key":"SMITH"},{"data":"Hologram","floor":13.0,"key":"SMITH"},{"floor":15.0,"key":"REST"},{"data":"Coolheaded","floor":24.0,"key":"SMITH"},{"data":"Glacier","floor":27.0,"key":"SMITH"},{"data":"Gash","floor":29.0,"key":"SMITH"},{"floor":32.0,"key":"REST"},{"floor":40,"key":"REST"}],"circlet_count":0,"master_deck":["AscendersBane","Defend_B","Defend_B","Defend_B","Defend_B+1","Zap+1","Dualcast","Bandage Up","Glacier+1","Hologram+1","Gash+1","Doom and Gloom","Genetic Algorithm","Gash","Echo Form","Coolheaded+1","Electrodynamics","Buffer","Blizzard","Parasite"],"relics":["Cracked Core","MawBank","Bag of Marbles","Snecko Eye","Eternal Feather","WingedGreaves","Du-Vu Doll","Blood Vial","SlaversCollar"],"acts_visited":["Exordium","TheCity","TheBeyond"],"potions_floor_usage":[38],"damage_taken":[{"damage":1.0,"enemies":"Cultist","floor":1.0,"turns":4.0},{"damage":12.0,"enemies":"Jaw Worm","floor":2.0,"turns":2.0},{"damage":0.0,"enemies":"2 Louse","floor":3.0,"turns":2.0},{"damage":14.0,"enemies":"Red Slaver","floor":4.0,"turns":5.0},{"damage":2.0,"enemies":"2 Fungi Beasts","floor":5.0,"turns":4.0},{"damage":22.0,"enemies":"Lagavulin","floor":7.0,"turns":7.0},{"damage":9.0,"enemies":"Exordium Thugs","floor":8.0,"turns":6.0},{"damage":15.0,"enemies":"Large Slime","floor":10.0,"turns":4.0},{"damage":6.0,"enemies":"Looter","floor":11.0,"turns":4.0},{"damage":6.0,"enemies":"Blue Slaver","floor":12.0,"turns":5.0},{"damage":20.0,"enemies":"Exordium Thugs","floor":14.0,"turns":4.0},{"damage":16.0,"enemies":"Slime Boss","floor":16.0,"turns":8.0},{"damage":4.0,"enemies":"Chosen","floor":18.0,"turns":5.0},{"damage":0.0,"enemies":"3 Byrds","floor":19.0,"turns":5.0},{"damage":21.0,"enemies":"Slavers","floor":23.0,"turns":5.0},{"damage":30.0,"enemies":"Cultist and Chosen","floor":25.0,"turns":10.0},{"damage":0.0,"enemies":"Snecko","floor":28.0,"turns":6.0},{"damage":40.0,"enemies":"Gremlin Leader","floor":30.0,"turns":8.0},{"damage":9.0,"enemies":"3 Cultists","floor":31.0,"turns":4.0},{"damage":32.0,"enemies":"Collector","floor":33.0,"turns":9.0},{"damage":48.0,"enemies":"3 Darklings","floor":35.0,"turns":5.0},{"damage":0.0,"enemies":"Orb Walker","floor":37.0,"turns":5.0},{"damage":28,"enemies":"Writhing Mass","floor":38,"turns":13},{"damage":51,"enemies":"Nemesis","floor":41,"turns":8}],"seed_played":"6775245841819018526","potions_obtained":[{"floor":1.0,"key":"DuplicationPotion"},{"floor":4.0,"key":"Fruit Juice"},{"floor":5.0,"key":"SpeedPotion"},{"floor":14.0,"key":"PowerPotion"},{"floor":16.0,"key":"AttackPotion"},{"floor":25.0,"key":"PowerPotion"},{"floor":38,"key":"PotionOfCapacity"}],"is_trial":false,"path_per_floor":["M","M","M","M","M","R","E","M","T","M","M","M","R","M","R","B",null,"M","M","$","?","$","E","R","M","T","R","M","R","E","M","R","B",null,"M","$","M","M","?","R","E"],"character_chosen":"DEFECT","items_purchased":["Eternal Feather","PowerPotion"],"campfire_rested":3,"item_purchase_floors":[20,36],"current_hp_per_floor":[67,59,63,58,60,60,42,37,37,26,24,22,22,6,28,16,61,57,61,61,61,61,44,53,27,27,36,40,49,17,14,45,23,63,21,21,27,9,9,43,0,0],"gold":10,"neow_bonus":"RANDOM_COLORLESS","is_daily":false,"chose_seed":false,"campfire_upgraded":5,"win_rate":0.0,"timestamp":1609601962,"path_taken":["M","M","M","M","M","R","E","M","T","M","M","?","R","M","R","BOSS","M","M","$","?","?","E","R","M","T","R","M","R","E","M","R","BOSS","M","$","?","M","?","R","E"],"items_purchased_type":["Relic","Potion"],"build_version":"2020-12-22","purchased_purges":3,"victory":false,"max_hp_per_floor":[71,71,71,76,76,76,76,76,76,76,76,76,76,76,76,76,76,76,76,76,76,76,76,76,76,76,76,76,76,76,76,76,76,76,76,76,76,76,76,76,76,76],"card_choices":[{"not_picked":["Impatience","Finesse"],"picked":"Bandage Up","floor":0.0},{"not_picked":["Rebound","Melter","Darkness"],"picked":"SKIP","floor":1.0},{"not_picked":["Cold Snap","Beam Cell"],"picked":"Glacier","floor":2.0},{"not_picked":["Leap","Skim"],"picked":"Hologram","floor":3.0},{"not_picked":["Cold Snap","Sunder"],"picked":"Gash","floor":4.0},{"not_picked":["Rebound","Sweeping Beam"],"picked":"Doom and Gloom","floor":5.0},{"not_picked":["Compile Driver","Fission"],"picked":"Genetic Algorithm","floor":7.0},{"not_picked":["Reinforced Body","Leap","Hologram"],"picked":"SKIP","floor":8.0},{"not_picked":["Redo","Go for the Eyes","Steam Power"],"picked":"SKIP","floor":10.0},{"not_picked":["Force Field","Ball Lightning","Streamline"],"picked":"SKIP","floor":11.0},{"not_picked":["Force Field","Redo","Beam Cell"],"picked":"SKIP","floor":12.0},{"not_picked":["Sunder","Leap"],"picked":"Gash","floor":14.0},{"not_picked":["Fission","Rainbow"],"picked":"Echo Form","floor":16.0},{"not_picked":["Chill","Gash+1"],"picked":"Coolheaded","floor":18.0},{"not_picked":["Compile Driver","Coolheaded","Leap"],"picked":"SKIP","floor":19.0},{"not_picked":["Compile Driver","Leap","Melter+1"],"picked":"SKIP","floor":23.0},{"not_picked":["Hologram","Steam","Rebound"],"picked":"SKIP","floor":25.0},{"not_picked":["Auto Shields","White Noise+1","Sweeping Beam"],"picked":"SKIP","floor":28.0},{"not_picked":["Self Repair","Rebound"],"picked":"Electrodynamics","floor":30.0},{"not_picked":["Scrape","Streamline","Redo"],"picked":"SKIP","floor":31.0},{"not_picked":["Machine Learning","Thunder Strike"],"picked":"Buffer","floor":33.0},{"not_picked":["Chill+1","Reinforced Body","Lockon+1"],"picked":"SKIP","floor":35.0},{"not_picked":["Leap","Rebound"],"picked":"Blizzard","floor":37.0},{"not_picked":["Leap","Reinforced Body+1","Scrape+1"],"picked":"SKIP","floor":38}],"player_experience":745522,"relics_obtained":[{"floor":7.0,"key":"MawBank"},{"floor":9.0,"key":"Bag of Marbles"},{"floor":23.0,"key":"WingedGreaves"},{"floor":26.0,"key":"Du-Vu Doll"},{"floor":30.0,"key":"Blood Vial"}],"event_choices":[{"damage_healed":0.0,"max_hp_gain":0.0,"max_hp_loss":0.0,"gold_gain":0.0,"event_name":"Vampires","player_choice":"Ignored","floor":21.0,"gold_loss":0.0,"damage_taken":0.0},{"cards_removed":["Strike_B"],"damage_healed":0,"gold_gain":0,"player_choice":"Upgrade and Remove","damage_taken":0,"max_hp_gain":0,"max_hp_loss":0,"event_name":"Designer","floor":39,"gold_loss":110,"cards_upgraded":["Defend_B"]}],"is_beta":false,"boss_relics":[{"not_picked":["Tiny House","Pandora\u0027s Box"],"picked":"Snecko Eye"},{"not_picked":["Philosopher\u0027s Stone","Velvet Choker"],"picked":"SlaversCollar"}],"items_purged_floors":[20,22,36],"is_endless":false,"potions_floor_spawned":[1,4,5,7,14,16,18,25,38],"killed_by":"Nemesis","ascension_level":18}}