{"host":"6dypmz777xraikqf","time":1609601463,"event":{"mods":["AchievementEnabler","BaseMod","BetterRewards","Colored Map","Colored Powertips","Downfall","Highlight Path","Hubris","Infinite Spire","Minty Spire (QoL Compilation)","Replay The Spire","StSLib"],"gold_per_floor":[115,128,128,38,38,64,80,80,106,106,106,106,127,127,127,127,127],"floor_reached":16,"playtime":644,"items_purged":["Strike_R","Strike_R","Strike_R"],"score":185,"play_id":"49319348-3037-475a-b6e2-6924d8d8a628","local_time":"20210102153103","is_ascension_mode":true,"campfire_choices":[{"data":"Armaments","floor":12,"key":"SMITH"},{"floor":15,"key":"REST"}],"circlet_count":0,"master_deck":["Strike_R","Defend_R","Defend_R","Defend_R","Defend_R","Bash","Shockwave","Shrug It Off","Good Instincts","Armaments+1","Shrug It Off","ReplayTheSpireMod:Chaos Vortex"],"relics":["Burning Blood","Replay:Kaleidoscope","infinitespire:Joker Card","Replay:Bottled Steam","Golden Idol","Tiny Chest","hubris:Towel","hubris:KleinBottle"],"acts_visited":["Exordium"],"potions_floor_usage":[6],"damage_taken":[{"damage":3,"enemies":"Small Slimes","floor":1,"turns":4},{"damage":0,"enemies":"Cultist","floor":2,"turns":5},{"damage":28,"enemies":"3 Sentries","floor":6,"turns":9},{"damage":0,"enemies":"2 Louse","floor":7,"turns":4},{"damage":0,"enemies":"Looter","floor":13,"turns":4},{"damage":72,"enemies":"Hexaghost","floor":16,"turns":19}],"seed_played":"4258527807287672389","potions_obtained":[{"floor":2,"key":"ColorlessPotion"},{"floor":7,"key":"Ancient Potion"}],"is_trial":false,"path_per_floor":["M","M","?","$","$","E","M","?","T","?","?","R","M","$","R","B"],"character_chosen":"IRONCLAD","items_purchased":["Replay:Kaleidoscope","Good Instincts","hubris:KleinBottle"],"campfire_rested":1,"item_purchase_floors":[0,4,14],"current_hp_per_floor":[80,80,80,80,80,58,64,44,44,44,70,70,76,45,69,0,0],"gold":127,"neow_bonus":"","is_daily":false,"chose_seed":false,"campfire_upgraded":1,"win_rate":0.0,"timestamp":1609601463,"path_taken":["M","M","?","?","$","E","M","?","T","?","?","R","M","?","R","BOSS"],"items_purchased_type":["Relic","Card","Relic"],"build_version":"2020-12-22","purchased_purges":3,"victory":false,"max_hp_per_floor":[80,80,80,80,80,80,80,80,80,80,80,80,80,80,80,80,80],"card_choices":[{"not_picked":["Searing Blow","Warcry","hubris:SharpeningStone"],"picked":"SKIP","floor":1},{"not_picked":["Rupture","Dark Embrace"],"picked":"Shrug It Off","floor":2},{"not_picked":["Run Through","Rage"],"picked":"Armaments","floor":6},{"not_picked":["Body Slam","Fire Breathing"],"picked":"Shrug It Off","floor":7},{"not_picked":["Dark Embrace","Massacre","Hemokinesis"],"picked":"SKIP","floor":13},{"not_picked":["infinitespire:DeathsTouch","ReplayTheSpireMod:Black Plague"],"picked":"ReplayTheSpireMod:Chaos Vortex","floor":14}],"player_experience":75571,"relics_obtained":[{"floor":3,"key":"infinitespire:Joker Card"},{"floor":6,"key":"Replay:Bottled Steam"},{"floor":9,"key":"Tiny Chest"}],"event_choices":[{"damage_healed":0,"gold_gain":0,"player_choice":"Relic","damage_taken":0,"max_hp_gain":0,"max_hp_loss":0,"event_name":"Wheel of Change","floor":3,"gold_loss":0},{"damage_healed":0,"gold_gain":0,"player_choice":"Take Damage","damage_taken":20,"relics_obtained":["Golden Idol"],"max_hp_gain":0,"max_hp_loss":0,"event_name":"Golden Idol","floor":8,"gold_loss":0},{"damage_healed":26,"gold_gain":0,"player_choice":"Banana","damage_taken":0,"max_hp_gain":0,"max_hp_loss":0,"event_name":"Big Fish","floor":11,"gold_loss":0}],"is_beta":false,"boss_relics":[],"items_purged_floors":[0,14,14],"is_endless":false,"potions_floor_spawned":[2,7],"killed_by":"Hexaghost","ascension_level":5}}