{"host":"tchp4ssh6eu1bj0c","time":1609593020,"event":{"mods":["AchievementEnabler","BaseMod","KOR Keyword Fix","Minty Spire (QoL Compilation)","SuperFastMode"],"gold_per_floor":[212,212,111,111,111,111,186,186,186,286,327,341,355,378,378,378,378],"floor_reached":16,"playtime":388,"items_purged":["Regret"],"score":137,"play_id":"3b65ec1d-8db4-4068-b229-55b3b7b9d82c","local_time":"20210102221020","is_ascension_mode":true,"campfire_choices":[{"data":"Deadly Poison","floor":6,"key":"SMITH"},{"floor":8,"key":"REST"},{"floor":15,"key":"REST"}],"circlet_count":0,"master_deck":["Strike_G","Strike_G","Strike_G","Strike_G","Strike_G","Defend_G","Defend_G","Defend_G","Defend_G","Defend_G","Survivor","Neutralize","Deadly Poison+1","Bane","Injury","All Out Attack","Acrobatics","Dodge and Roll","Underhanded Strike"],"relics":["Ring of the Snake","Boot","Golden Idol","Frozen Egg 2","Tiny Chest","Oddly Smooth Stone"],"acts_visited":["Exordium"],"potions_floor_usage":[],"damage_taken":[{"damage":0,"enemies":"Small Slimes","floor":1,"turns":4},{"damage":32,"enemies":"Lagavulin","floor":11,"turns":7},{"damage":0,"enemies":"Jaw Worm","floor":12,"turns":3},{"damage":1,"enemies":"Cultist","floor":13,"turns":4},{"damage":0,"enemies":"2 Fungi Beasts","floor":14,"turns":3},{"damage":38,"enemies":"Slime Boss","floor":16,"turns":5}],"seed_played":"-5114144824838417750","potions_obtained":[{"floor":11,"key":"FearPotion"},{"floor":13,"key":"Ancient Potion"}],"is_trial":false,"path_per_floor":["M","?","$","?","T","R","?","R","T","?","E","M","M","M","R","B"],"character_chosen":"THE_SILENT","items_purchased":["Bane"],"campfire_rested":2,"item_purchase_floors":[3],"current_hp_per_floor":[63,63,63,63,63,63,52,70,70,70,38,38,37,37,58,20,20],"gold":378,"neow_bonus":"HUNDRED_GOLD","is_daily":false,"chose_seed":false,"campfire_upgraded":1,"win_rate":0.0,"timestamp":1609593020,"path_taken":["M","?","$","?","?","R","?","R","T","?","E","?","M","M","R","BOSS"],"items_purchased_type":["Card"],"build_version":"2020-12-22","purchased_purges":1,"victory":false,"max_hp_per_floor":[70,70,70,70,70,70,70,70,70,70,70,70,70,70,70,70,70],"card_choices":[{"not_picked":["Deflect","Slice"],"picked":"Deadly Poison","floor":1},{"not_picked":["Slice","Dash"],"picked":"All Out Attack","floor":11},{"not_picked":["Deadly Poison","Cloak And Dagger"],"picked":"Acrobatics","floor":12},{"not_picked":["Cloak And Dagger","Endless Agony"],"picked":"Dodge and Roll","floor":13},{"not_picked":["Calculated Gamble","Slice"],"picked":"Underhanded Strike","floor":14}],"player_experience":438875,"relics_obtained":[{"floor":5,"key":"Frozen Egg 2"},{"floor":9,"key":"Tiny Chest"},{"floor":11,"key":"Oddly Smooth Stone"}],"event_choices":[{"damage_healed":0,"gold_gain":0,"player_choice":"Box","damage_taken":0,"relics_obtained":["Boot"],"max_hp_gain":0,"max_hp_loss":0,"event_name":"Big Fish","floor":2,"gold_loss":0,"cards_obtained":["Regret"]},{"damage_healed":0,"gold_gain":0,"player_choice":"Take Wound","damage_taken":0,"relics_obtained":["Golden Idol"],"max_hp_gain":0,"max_hp_loss":0,"event_name":"Golden Idol","floor":4,"gold_loss":0,"cards_obtained":["Injury"]},{"damage_healed":0,"gold_gain":75,"player_choice":"Gather Gold","damage_taken":11,"max_hp_gain":0,"max_hp_loss":0,"event_name":"World of Goop","floor":7,"gold_loss":0},{"damage_healed":0,"gold_gain":100,"player_choice":"Gold","damage_taken":0,"max_hp_gain":0,"max_hp_loss":0,"event_name":"Wheel of Change","floor":10,"gold_loss":0}],"is_beta":false,"boss_relics":[],"items_purged_floors":[3],"is_endless":false,"potions_floor_spawned":[11,13],"killed_by":"Slime Boss","ascension_level":8}}