{"host":"jksa5rawk3m4gilz","time":1609600552,"event":{"mods":["BaseMod","Colored Map","Highlight Path","Minty Spire (QoL Compilation)","Quick Restart"],"gold_per_floor":[118,128,78,89,89,89,104,134,134,134,166,166,183,193,193,270,270,284,284,319,332,332,332,361,218,272,307,325,325,337,366,366,445,445,465,318,337,354,369,369,402,418,418,447,447,502,527,546,546,546],"floor_reached":51,"playtime":2228,"items_purged":["Defend_B"],"score":1413,"play_id":"f7013bc5-829a-49c7-8e1d-3013188ddcb1","local_time":"20210102161552","is_ascension_mode":true,"campfire_choices":[{"data":"Sunder","floor":6,"key":"SMITH"},{"floor":10,"key":"REST"},{"data":"Double Energy","floor":15,"key":"SMITH"},{"floor":23,"key":"REST"},{"data":"Echo Form","floor":29,"key":"SMITH"},{"floor":32,"key":"REST"},{"data":"Buffer","floor":40,"key":"SMITH"},{"data":"Storm","floor":45,"key":"SMITH"},{"data":"Biased Cognition","floor":49,"key":"SMITH"}],"circlet_count":0,"master_deck":["AscendersBane","Strike_B","Defend_B","Defend_B","Defend_B","Zap","Dualcast","Electrodynamics","Sunder+1","White Noise","Double Energy+1","BootSequence","Tempest","Biased Cognition+1","Fusion","Echo Form+1","Self Repair","Buffer+1","Creative AI","Sunder+1","Storm+1","Self Repair","Leap+1","Storm"],"relics":["FrozenCore","Nunchaku","Mummified Hand","CaptainsWheel","Snecko Eye","Red Mask","Pen Nib","TungstenRod","ClockworkSouvenir","Lantern","Symbiotic Virus","Blood Vial","Dream Catcher","FossilizedHelix","Anchor","StoneCalendar","Prayer Wheel"],"acts_visited":["Exordium","TheCity","TheBeyond"],"potions_floor_usage":[8,11,16,50,50],"damage_taken":[{"damage":0,"enemies":"2 Louse","floor":1,"turns":1},{"damage":3,"enemies":"Small Slimes","floor":2,"turns":3},{"damage":1,"enemies":"Cultist","floor":4,"turns":3},{"damage":11,"enemies":"Exordium Thugs","floor":7,"turns":3},{"damage":16,"enemies":"Lagavulin","floor":8,"turns":7},{"damage":8,"enemies":"Gremlin Nob","floor":11,"turns":3},{"damage":1,"enemies":"2 Fungi Beasts","floor":13,"turns":2},{"damage":4,"enemies":"3 Louse","floor":14,"turns":2},{"damage":12,"enemies":"The Guardian","floor":16,"turns":9},{"damage":29,"enemies":"2 Thieves","floor":18,"turns":3},{"damage":0,"enemies":"Masked Bandits","floor":20,"turns":3},{"damage":0,"enemies":"Shell Parasite","floor":21,"turns":2},{"damage":0,"enemies":"Gremlin Leader","floor":24,"turns":5},{"damage":13,"enemies":"Book of Stabbing","floor":27,"turns":3},{"damage":1,"enemies":"3 Cultists","floor":28,"turns":3},{"damage":10,"enemies":"Centurion and Healer","floor":30,"turns":3},{"damage":17,"enemies":"Slavers","floor":31,"turns":4},{"damage":22,"enemies":"Automaton","floor":33,"turns":6},{"damage":0,"enemies":"Orb Walker","floor":35,"turns":2},{"damage":0,"enemies":"3 Shapes","floor":37,"turns":4},{"damage":0,"enemies":"Transient","floor":38,"turns":5},{"damage":24,"enemies":"Spire Growth","floor":39,"turns":3},{"damage":0,"enemies":"Reptomancer","floor":41,"turns":4},{"damage":5,"enemies":"4 Shapes","floor":42,"turns":2},{"damage":0,"enemies":"Giant Head","floor":44,"turns":6},{"damage":0,"enemies":"2 Orb Walkers","floor":46,"turns":3},{"damage":25,"enemies":"Mind Bloom Boss Battle","floor":47,"turns":4},{"damage":0,"enemies":"Writhing Mass","floor":48,"turns":3},{"damage":32,"enemies":"Awakened One","floor":50,"turns":6}],"seed_played":"4010400501454693861","potions_obtained":[{"floor":1,"key":"Energy Potion"},{"floor":2,"key":"LiquidMemories"},{"floor":7,"key":"ColorlessPotion"},{"floor":8,"key":"DuplicationPotion"},{"floor":18,"key":"Regen Potion"},{"floor":24,"key":"FocusPotion"}],"is_trial":false,"path_per_floor":["M","M","?","M","?","R","M","E","T","R","E","?","M","M","R","B",null,"M","?","?","M","?","R","E","$","T","E","M","R","M","E","R","B",null,"M","$","M","M","M","R","E","M","T","E","R","?","?","M","R","B",null],"character_chosen":"DEFECT","items_purchased":["ClockworkSouvenir","Storm"],"campfire_rested":3,"item_purchase_floors":[25,36],"current_hp_per_floor":[64,61,61,60,60,60,49,33,33,52,44,44,43,39,39,27,55,26,47,47,47,47,64,64,64,64,51,50,50,40,30,49,36,57,64,64,64,64,54,54,64,64,64,64,64,64,53,62,62,55],"gold":546,"neow_bonus":"THREE_RARE_CARDS","is_daily":false,"chose_seed":false,"campfire_upgraded":6,"win_rate":0.0,"timestamp":1609600552,"path_taken":["M","M","?","M","?","R","M","E","T","R","E","?","M","?","R","BOSS","M","?","?","M","?","R","E","$","T","E","M","R","M","E","R","BOSS","M","$","M","M","M","R","E","?","T","E","R","?","?","?","R","BOSS"],"items_purchased_type":["Relic","Card"],"build_version":"2020-12-22","purchased_purges":1,"victory":true,"max_hp_per_floor":[64,64,64,64,64,64,64,64,64,64,64,64,64,64,64,64,64,64,64,64,64,64,64,64,64,64,64,64,64,64,64,64,64,64,64,64,64,64,64,64,64,64,64,64,64,64,64,64,64,64],"card_choices":[{"not_picked":["Fission","Reboot"],"picked":"Electrodynamics","floor":0},{"not_picked":["Undo","Blizzard","Turbo"],"picked":"SKIP","floor":1},{"not_picked":["Gash","Leap"],"picked":"Sunder","floor":2},{"not_picked":["Compile Driver","Streamline","Leap"],"picked":"SKIP","floor":4},{"not_picked":["Stack","Conserve Battery"],"picked":"Double Energy","floor":7},{"not_picked":["Go for the Eyes","Turbo"],"picked":"BootSequence","floor":8},{"not_picked":["Hologram","Rip and Tear","Auto Shields"],"picked":"SKIP","floor":11},{"not_picked":["Conserve Battery","Scrape","Chaos"],"picked":"SKIP","floor":13},{"not_picked":["Darkness","Stack","Streamline"],"picked":"SKIP","floor":14},{"not_picked":["All For One","Core Surge"],"picked":"Biased Cognition","floor":16},{"not_picked":["Go for the Eyes+1","Chaos","Conserve Battery"],"picked":"SKIP","floor":18},{"not_picked":["Conserve Battery","Stack","Compile Driver+1"],"picked":"SKIP","floor":21},{"not_picked":["Beam Cell","Compile Driver"],"picked":"Fusion","floor":24},{"not_picked":["Lockon","Double Energy"],"picked":"Echo Form","floor":27},{"not_picked":["Leap","Cold Snap","Hologram+1"],"picked":"SKIP","floor":28},{"not_picked":["Streamline","Ball Lightning"],"picked":"Self Repair","floor":30},{"not_picked":["Turbo+1","Loop"],"picked":"Buffer","floor":31},{"not_picked":["Hyperbeam","Electrodynamics"],"picked":"Creative AI","floor":33},{"not_picked":["Streamline","Sweeping Beam+1"],"picked":"Sunder+1","floor":35},{"not_picked":["Gash","Go for the Eyes+1","Barrage"],"picked":"SKIP","floor":37},{"not_picked":["Compile Driver+1","Gash"],"picked":"Self Repair","floor":38},{"not_picked":["Sunder","Streamline","Undo"],"picked":"SKIP","floor":39},{"not_picked":["Melter+1","Recycle","Redo+1"],"picked":"SKIP","floor":41},{"not_picked":["Aggregate+1","Reinforced Body","Rebound"],"picked":"SKIP","floor":42},{"not_picked":["Gash+1","Reboot","Cold Snap+1"],"picked":"SKIP","floor":44},{"not_picked":["Compile Driver","Biased Cognition"],"picked":"Leap+1","floor":47},{"not_picked":["Leap","Rebound"],"picked":"Storm","floor":48},{"not_picked":["Ball Lightning","Go for the Eyes","Rebound"],"picked":"SKIP","floor":48}],"player_experience":2108998,"relics_obtained":[{"floor":8,"key":"Nunchaku"},{"floor":9,"key":"Mummified Hand"},{"floor":11,"key":"CaptainsWheel"},{"floor":20,"key":"Red Mask"},{"floor":22,"key":"Pen Nib"},{"floor":24,"key":"TungstenRod"},{"floor":26,"key":"Lantern"},{"floor":27,"key":"Symbiotic Virus"},{"floor":31,"key":"Blood Vial"},{"floor":41,"key":"Dream Catcher"},{"floor":43,"key":"FossilizedHelix"},{"floor":44,"key":"Anchor"},{"floor":46,"key":"StoneCalendar"},{"floor":47,"key":"Prayer Wheel"}],"event_choices":[{"cards_removed":["Strike_B"],"damage_healed":0,"gold_gain":0,"player_choice":"Card Removal","damage_taken":0,"max_hp_gain":0,"max_hp_loss":0,"event_name":"The Cleric","floor":3,"gold_loss":50},{"damage_healed":0,"gold_gain":0,"cards_transformed":["Strike_B"],"player_choice":"Change","damage_taken":0,"max_hp_gain":0,"max_hp_loss":0,"event_name":"Living Wall","floor":5,"gold_loss":0,"cards_obtained":["White Noise"]},{"damage_healed":0,"gold_gain":0,"cards_transformed":["Strike_B"],"player_choice":"Transformed","damage_taken":0,"max_hp_gain":0,"max_hp_loss":0,"event_name":"Transmorgrifier","floor":12,"gold_loss":0,"cards_obtained":["Tempest"]},{"damage_healed":21,"gold_gain":0,"player_choice":"Heal","damage_taken":0,"max_hp_gain":0,"max_hp_loss":0,"event_name":"The Library","floor":19,"gold_loss":0},{"damage_healed":0,"gold_gain":0,"player_choice":"Fought Bandits","damage_taken":0,"max_hp_gain":0,"max_hp_loss":0,"event_name":"Masked Bandits","floor":20,"gold_loss":0},{"damage_healed":0,"gold_gain":0,"player_choice":"Relic","damage_taken":0,"max_hp_gain":0,"max_hp_loss":0,"event_name":"Wheel of Change","floor":22,"gold_loss":0},{"damage_healed":0,"gold_gain":0,"player_choice":"Fight","damage_taken":0,"max_hp_gain":0,"max_hp_loss":0,"event_name":"Mysterious Sphere","floor":46,"gold_loss":0},{"damage_healed":0,"gold_gain":0,"player_choice":"Fight","damage_taken":0,"max_hp_gain":0,"max_hp_loss":0,"event_name":"MindBloom","floor":47,"gold_loss":0}],"is_beta":false,"boss_relics":[{"not_picked":["Pandora\u0027s Box","Runic Pyramid"],"picked":"Snecko Eye"},{"not_picked":["Nuclear Battery","Calling Bell"],"picked":"FrozenCore"}],"items_purged_floors":[36],"is_endless":false,"potions_floor_spawned":[1,2,7,8,18,24,30,33,38,41,42,46,47,48],"ascension_level":14}}