{"host":"l0047jjvlunvhvbu","time":1609628872,"event":{"mods":["BaseMod","Colored Map","Colored Powertips","GifTheSpireLib","Minty Spire (QoL Compilation)","Permanent Neow","Quick Restart","StSLib"],"gold_per_floor":[118,138,88,88,101,101,130,130,130,144,179,179,2,77,77,173,173,189,189,200,200,230,259,259,287,338,348,348,348,348,348,348,348,348],"floor_reached":33,"playtime":2229,"items_purged":["Defend_B"],"score":390,"play_id":"5a96343f-11d1-4c52-98f9-05114eabb528","local_time":"20210103000752","is_ascension_mode":true,"campfire_choices":[{"data":"Loop","floor":6.0,"key":"SMITH"},{"data":"Fission","floor":8.0,"key":"SMITH"},{"data":"Doom and Gloom","floor":12.0,"key":"SMITH"},{"floor":15.0,"key":"REST"},{"floor":24.0,"key":"REST"},{"floor":29.0,"key":"REST"},{"floor":32.0,"key":"REST"}],"circlet_count":0,"master_deck":["Strike_B","Strike_B","Defend_B","Defend_B","Defend_B","Zap","Dualcast","Turbo","Doom and Gloom+1","Loop+1","Fission+1","Self Repair","Hologram","Creative AI","CurseOfTheBell","Sweeping Beam+1","Consume+1","Multi-Cast+1","Beam Cell","Machine Learning"],"relics":["Cracked Core","Akabeko","FaceOfCleric","The Courier","Mercury Hourglass","Bottled Flame","Orichalcum","Calling Bell","Juzu Bracelet","InkBottle","Unceasing Top","Red Mask","PreservedInsect","Letter Opener","Omamori","MutagenicStrength"],"acts_visited":["Exordium","TheCity"],"potions_floor_usage":[33],"damage_taken":[{"damage":0.0,"enemies":"Small Slimes","floor":1.0,"turns":2.0},{"damage":1.0,"enemies":"Cultist","floor":2.0,"turns":3.0},{"damage":0.0,"enemies":"2 Louse","floor":5.0,"turns":2.0},{"damage":15.0,"enemies":"3 Sentries","floor":7.0,"turns":4.0},{"damage":0.0,"enemies":"Blue Slaver","floor":10.0,"turns":2.0},{"damage":25.0,"enemies":"Lagavulin","floor":11.0,"turns":4.0},{"damage":28.0,"enemies":"Slime Boss","floor":16.0,"turns":5.0},{"damage":23.0,"enemies":"Shell Parasite","floor":18.0,"turns":5.0},{"damage":0.0,"enemies":"Spheric Guardian","floor":20.0,"turns":1.0},{"damage":2.0,"enemies":"Masked Bandits","floor":22.0,"turns":2.0},{"damage":39.0,"enemies":"Slavers","floor":23.0,"turns":3.0},{"damage":25.0,"enemies":"Gremlin Leader","floor":25.0,"turns":5.0},{"damage":25.0,"enemies":"Chosen and Byrds","floor":27.0,"turns":6.0},{"damage":0,"enemies":"Collector","floor":33,"turns":1}],"seed_played":"43557145682785959","potions_obtained":[{"floor":2.0,"key":"LiquidMemories"},{"floor":11.0,"key":"LiquidMemories"},{"floor":16.0,"key":"SneckoOil"},{"floor":18.0,"key":"Dexterity Potion"},{"floor":23.0,"key":"DistilledChaos"},{"floor":27.0,"key":"FocusPotion"}],"is_trial":false,"path_per_floor":["M","M","?","?","M","R","E","R","T","M","E","R","$","?","R","B",null,"M","$","M","$","?","E","R","E","T","M","?","R","?","?","R","B"],"character_chosen":"DEFECT","items_purchased":["Orichalcum"],"campfire_rested":4,"item_purchase_floors":[13],"current_hp_per_floor":[68,67,67,67,68,68,54,54,54,55,38,38,38,27,50,30,68,53,53,54,54,60,22,47,30,30,13,13,38,38,38,63,63,63],"gold":348,"neow_bonus":"RANDOM_COMMON_RELIC","is_daily":false,"chose_seed":false,"campfire_upgraded":3,"win_rate":0.0,"timestamp":1609628872,"path_taken":["M","M","?","?","M","R","E","R","T","?","E","R","$","?","R","BOSS","M","$","M","$","?","E","R","E","T","M","?","R","?","?","R","BOSS"],"items_purchased_type":["Relic"],"build_version":"2020-12-22","purchased_purges":1,"victory":false,"max_hp_per_floor":[75,75,75,75,76,76,77,77,77,78,79,79,79,79,79,80,80,81,81,82,82,83,84,84,85,85,86,86,86,86,86,86,86,86],"card_choices":[{"not_picked":["Streamline","Ball Lightning"],"picked":"Turbo","floor":1.0},{"not_picked":["Hologram","Storm"],"picked":"Doom and Gloom","floor":2.0},{"not_picked":["Scrape","Hello World"],"picked":"Loop","floor":5.0},{"not_picked":["Reprogram","Redo"],"picked":"Fission","floor":7.0},{"not_picked":["Gash","Sweeping Beam"],"picked":"Self Repair","floor":10.0},{"not_picked":["Coolheaded","Recycle"],"picked":"Hologram","floor":11.0},{"not_picked":["Biased Cognition","Multi-Cast"],"picked":"Creative AI","floor":16.0},{"not_picked":["Aggregate","Reprogram","Stack"],"picked":"SKIP","floor":18.0},{"not_picked":["BootSequence","Reprogram"],"picked":"Sweeping Beam+1","floor":20.0},{"not_picked":["Lockon","Fusion"],"picked":"Consume+1","floor":23.0},{"not_picked":["Buffer","Sweeping Beam"],"picked":"Multi-Cast","floor":25.0},{"not_picked":["Aggregate","Ball Lightning+1"],"picked":"Beam Cell","floor":27.0}],"player_experience":236413,"relics_obtained":[{"floor":7.0,"key":"The Courier"},{"floor":9.0,"key":"Mercury Hourglass"},{"floor":11.0,"key":"Bottled Flame"},{"floor":17.0,"key":"Juzu Bracelet"},{"floor":17.0,"key":"InkBottle"},{"floor":17.0,"key":"Unceasing Top"},{"floor":22.0,"key":"Red Mask"},{"floor":23.0,"key":"PreservedInsect"},{"floor":25.0,"key":"Letter Opener"},{"floor":26.0,"key":"Omamori"}],"event_choices":[{"cards_removed":["Strike_B"],"damage_healed":0.0,"max_hp_gain":0.0,"max_hp_loss":0.0,"gold_gain":0.0,"event_name":"The Cleric","player_choice":"Card Removal","floor":3.0,"gold_loss":50.0,"damage_taken":0.0},{"damage_healed":0.0,"max_hp_gain":0.0,"max_hp_loss":0.0,"gold_gain":0.0,"event_name":"FaceTrader","player_choice":"Trade","floor":4.0,"gold_loss":0.0,"damage_taken":0.0,"relics_obtained":["FaceOfCleric"]},{"damage_healed":0.0,"max_hp_gain":0.0,"max_hp_loss":0.0,"gold_gain":75.0,"event_name":"World of Goop","player_choice":"Gather Gold","floor":14.0,"gold_loss":0.0,"damage_taken":11.0},{"damage_healed":0.0,"max_hp_gain":0.0,"max_hp_loss":0.0,"gold_gain":0.0,"event_name":"Masked Bandits","player_choice":"Fought Bandits","floor":22.0,"gold_loss":0.0,"damage_taken":0.0},{"damage_healed":0.0,"max_hp_gain":0.0,"max_hp_loss":0.0,"gold_gain":0.0,"event_name":"Drug Dealer","player_choice":"Inject Mutagens","floor":28.0,"gold_loss":0.0,"damage_taken":0.0,"relics_obtained":["MutagenicStrength"]},{"damage_healed":0.0,"max_hp_gain":0.0,"max_hp_loss":0.0,"gold_gain":0.0,"event_name":"Upgrade Shrine","player_choice":"Upgraded","floor":30.0,"gold_loss":0.0,"damage_taken":0.0,"cards_upgraded":["Multi-Cast"]},{"damage_healed":0.0,"max_hp_gain":0.0,"max_hp_loss":0.0,"gold_gain":0.0,"cards_transformed":["Strike_B"],"event_name":"Transmorgrifier","player_choice":"Transformed","floor":31.0,"gold_loss":0.0,"damage_taken":0.0,"cards_obtained":["Machine Learning"]}],"is_beta":false,"boss_relics":[{"not_picked":["Coffee Dripper","SacredBark"],"picked":"Calling Bell"}],"items_purged_floors":[13],"is_endless":false,"potions_floor_spawned":[2,11,16,18,23,27],"killed_by":"Collector","ascension_level":7}}