{"host":"y3h3n3f7seyagppx","time":1609611150,"event":{"mods":["BaseMod","Colored Map","Colored Powertips","DeckTracker","Minty Spire (QoL Compilation)","Random Character Button","Rare Cards Sparkle","Relic Sorter","Relic Stats","StSLib"],"gold_per_floor":[113,128,0,0,20,20,45,58,81,81,81,28,28,62,62,161,161,177,195,214,228,228,228,269,285,360,360,360,360],"floor_reached":28,"playtime":2363,"items_purged":["Strike_R"],"score":521,"play_id":"d9c51ca1-c1c6-48f0-ab73-c949d9d0f458","local_time":"20210102131230","is_ascension_mode":true,"campfire_choices":[{"data":"Armaments","floor":6,"key":"SMITH"},{"floor":11,"key":"REST"},{"data":"Whirlwind","floor":15,"key":"SMITH"},{"floor":23,"key":"REST"}],"circlet_count":0,"master_deck":["AscendersBane","Strike_R","Strike_R","Strike_R","Strike_R","Defend_R","Defend_R","Defend_R+1","Defend_R","Bash+1","Whirlwind+1","Twin Strike","Armaments+1","Feed","Battle Trance","Sword Boomerang+1","Disarm","Uppercut+1","Evolve"],"relics":["Burning Blood","Regal Pillow","Strawberry","Golden Idol","Nunchaku","Runic Dome","Omamori","Happy Flower"],"acts_visited":["Exordium","TheCity"],"potions_floor_usage":[7,7,16,20,24],"damage_taken":[{"damage":1,"enemies":"Cultist","floor":1,"turns":3},{"damage":12,"enemies":"Small Slimes","floor":2,"turns":3},{"damage":9,"enemies":"2 Louse","floor":5,"turns":3},{"damage":34,"enemies":"Gremlin Nob","floor":7,"turns":5},{"damage":31,"enemies":"Gremlin Gang","floor":8,"turns":8},{"damage":24,"enemies":"3 Sentries","floor":14,"turns":7},{"damage":22,"enemies":"The Guardian","floor":16,"turns":14},{"damage":29,"enemies":"Shell Parasite","floor":18,"turns":4},{"damage":0,"enemies":"3 Byrds","floor":19,"turns":3},{"damage":22,"enemies":"Sentry and Sphere","floor":20,"turns":4},{"damage":41,"enemies":"Shelled Parasite and Fungi","floor":21,"turns":6},{"damage":31,"enemies":"Book of Stabbing","floor":24,"turns":5},{"damage":10,"enemies":"Snecko","floor":25,"turns":5},{"damage":36,"enemies":"Cultist and Chosen","floor":28,"turns":4}],"seed_played":"-1452586931793443641","potions_obtained":[{"floor":5,"key":"EssenceOfSteel"},{"floor":16,"key":"Dexterity Potion"},{"floor":19,"key":"ColorlessPotion"},{"floor":21,"key":"DistilledChaos"}],"is_trial":false,"path_per_floor":["M","M","$","?","M","R","E","M","T","?","R","$","?","E","R","B",null,"M","M","M","M","?","R","E","M","T","?","M"],"character_chosen":"IRONCLAD","items_purchased":["Block Potion","Strength Potion"],"campfire_rested":2,"item_purchase_floors":[3,12],"current_hp_per_floor":[80,74,74,79,76,76,48,23,30,2,45,45,45,27,27,11,67,48,57,45,14,14,59,34,34,34,34,0,0],"gold":360,"neow_bonus":"TEN_PERCENT_HP_BONUS","is_daily":false,"chose_seed":false,"campfire_upgraded":2,"win_rate":0.0,"timestamp":1609611150,"path_taken":["M","M","?","?","M","R","E","M","T","?","R","$","?","E","R","BOSS","M","M","M","M","?","R","E","?","T","?","M"],"items_purchased_type":["Potion","Potion"],"build_version":"2020-12-22","purchased_purges":1,"victory":false,"max_hp_per_floor":[82,82,82,87,87,87,87,87,94,94,94,94,85,85,85,85,85,89,92,96,100,100,100,100,104,104,104,104,104],"relic_stats":{"Regal Pillow":30,"Nunchaku":[8],"Happy Flower":[1],"counters":[14,74],"Golden Idol":52,"obtain_stats":[{"Runic Dome":17,"Regal Pillow":7,"Nunchaku":14,"Happy Flower":27,"Golden Idol":13,"Strawberry":9,"Omamori":24,"Burning Blood":0},{"Runic Dome":7,"Regal Pillow":4,"Nunchaku":6,"Happy Flower":13,"Golden Idol":5,"Strawberry":5,"Omamori":12,"Burning Blood":0},{"Runic Dome":43,"Regal Pillow":14,"Nunchaku":29,"Happy Flower":70,"Golden Idol":22,"Strawberry":22,"Omamori":65,"Burning Blood":0}],"Burning Blood":78},"card_choices":[{"not_picked":["Cleave","Clothesline"],"picked":"Whirlwind","floor":1},{"not_picked":["Body Slam","Warcry"],"picked":"Twin Strike","floor":2},{"not_picked":["True Grit","Havoc"],"picked":"Armaments","floor":5},{"not_picked":["Pummel","Havoc","Sever Soul"],"picked":"SKIP","floor":7},{"not_picked":["Headbutt","Whirlwind","Pommel Strike"],"picked":"SKIP","floor":8},{"not_picked":["Dark Embrace","Pummel","Twin Strike"],"picked":"SKIP","floor":14},{"not_picked":["Bludgeon","Immolate"],"picked":"Feed","floor":16},{"not_picked":["Heavy Blade","Twin Strike"],"picked":"Battle Trance","floor":18},{"not_picked":["Heavy Blade","Wild Strike"],"picked":"Sword Boomerang+1","floor":19},{"not_picked":["Wild Strike","Ghostly Armor"],"picked":"Disarm","floor":20},{"not_picked":["Clothesline","Warcry"],"picked":"Uppercut+1","floor":21},{"not_picked":["Carnage","Armaments","Intimidate"],"picked":"SKIP","floor":24},{"not_picked":["Thunderclap","Uppercut"],"picked":"Evolve","floor":25}],"player_experience":20311082,"relics_obtained":[{"floor":7,"key":"Regal Pillow"},{"floor":9,"key":"Strawberry"},{"floor":14,"key":"Nunchaku"},{"floor":24,"key":"Omamori"}],"event_choices":[{"damage_healed":0,"gold_gain":0,"player_choice":"Donut","damage_taken":0,"max_hp_gain":5,"max_hp_loss":0,"event_name":"Big Fish","floor":4,"gold_loss":0},{"damage_healed":0,"gold_gain":0,"player_choice":"Entered Light","damage_taken":28,"max_hp_gain":0,"max_hp_loss":0,"event_name":"Shining Light","floor":10,"gold_loss":0,"cards_upgraded":["Defend_R","Bash"]},{"damage_healed":0,"gold_gain":0,"player_choice":"Lose Max HP","damage_taken":0,"relics_obtained":["Golden Idol"],"max_hp_gain":0,"max_hp_loss":9,"event_name":"Golden Idol","floor":13,"gold_loss":0},{"damage_healed":0,"gold_gain":0,"player_choice":"Leave","damage_taken":0,"max_hp_gain":0,"max_hp_loss":0,"event_name":"FaceTrader","floor":22,"gold_loss":0},{"damage_healed":0,"gold_gain":0,"player_choice":"Gave Potion","damage_taken":0,"relics_obtained":["Happy Flower"],"max_hp_gain":0,"max_hp_loss":0,"event_name":"WeMeetAgain","floor":27,"gold_loss":0}],"is_beta":false,"boss_relics":[{"not_picked":["Black Blood","Sozu"],"picked":"Runic Dome"}],"items_purged_floors":[3],"is_endless":false,"potions_floor_spawned":[5,16,19,21],"killed_by":"Cultist and Chosen","ascension_level":20}}