{"host":"r6wilvrr1tovskr2","time":1609548203,"event":{"mods":["2.2 Compatiblity","AchievementEnabler","Aspiration","BaseMod","Bestiary","Better Altar","Better Match","Better Note","Better Sensory Stone","Better Skull","Better Third Choice","Colored Powertips","Conspire","Curses Come First","Energized Spire","GifTheSpireLib","Halation","Highlight Path","Hubris","Infinite Spire","Marked Mod","Minty Spire (QoL Compilation)","Quick Restart","Replay The Spire","Shop Mod","Spicy Shops","Spikes Relics","StSLib","Stuff the Spire","The Blue Laboratory","vexMod"],"gold_per_floor":[113,132,132,152,152,152,165,165,165,165],"floor_reached":9,"playtime":6028,"items_purged":[],"score":74,"play_id":"bd58f19e-66e6-4994-85d9-da9cd6e5f50b","local_time":"20210101184323","is_ascension_mode":true,"campfire_choices":[{"floor":8,"key":"RECALL"}],"circlet_count":0,"master_deck":["Strike_G","Strike_G","Strike_G","Strike_G","Strike_G","Defend_G","Defend_G","Defend_G","Defend_G","Defend_G","Survivor","Neutralize","Finesse","Leg Sweep","Expertise","Decay","Dagger Throw","Fluid Movement"],"relics":["Ring of the Snake"],"acts_visited":["Exordium"],"potions_floor_usage":[9],"damage_taken":[{"damage":0,"enemies":"Small Slimes","floor":1,"turns":4},{"damage":0,"enemies":"conspire:RoseBush","floor":2,"turns":6},{"damage":0,"enemies":"2 Louse","floor":4,"turns":3},{"damage":0,"enemies":"Looter","floor":7,"turns":4},{"damage":70,"enemies":"Lagavulin","floor":9,"turns":14}],"seed_played":"-3996605845508227766","potions_obtained":[{"floor":2,"key":"LifebloodPotion"},{"floor":4,"key":"blueLaboratory:Virophage"}],"is_trial":false,"path_per_floor":["M","M","?","M","PTL","PTL","M","R","E"],"character_chosen":"THE_SILENT","items_purchased":[],"campfire_rested":0,"item_purchase_floors":[],"current_hp_per_floor":[63,63,63,63,63,63,63,63,0,0],"gold":165,"neow_bonus":"RANDOM_COLORLESS","is_daily":false,"chose_seed":false,"campfire_upgraded":0,"win_rate":0.0,"timestamp":1609548203,"path_taken":["M","M","?","M","PTL","PTL","M","M","R","E"],"items_purchased_type":[],"build_version":"2020-12-22","purchased_purges":0,"victory":false,"max_hp_per_floor":[70,70,70,70,70,70,70,70,70,70],"card_choices":[{"not_picked":["Panacea","Replay:BasicMightCard"],"picked":"Finesse","floor":0},{"not_picked":["Quick Slash","Underhanded Strike"],"picked":"Leg Sweep","floor":1},{"not_picked":["Pace","Riddle With Holes"],"picked":"Expertise","floor":2},{"not_picked":["Prepared","Cloak And Dagger"],"picked":"Dagger Throw","floor":4},{"not_picked":["ReplayTheSpireMod:Exploit Weakness","StuffTheSpire:ClusterCrunch"],"picked":"Fluid Movement","floor":7}],"player_experience":1163526,"relics_obtained":[],"event_choices":[{"damage_healed":0,"gold_gain":0,"player_choice":"Cursed","damage_taken":0,"max_hp_gain":0,"max_hp_loss":0,"event_name":"Wheel of Change","floor":3,"gold_loss":0,"cards_obtained":["Decay"]}],"is_beta":false,"boss_relics":[],"items_purged_floors":[],"is_endless":false,"potions_floor_spawned":[2,4],"killed_by":"Lagavulin","ascension_level":8}}