{"host":"9n6i2vl93jt4o42q","time":1609593431,"event":{"mods":["BaseMod","Downfall","Minty Spire (QoL Compilation)","Relic Stats","StSLib"],"gold_per_floor":[99,99,99,99,99,99,149,149,183,203,220,145,53,63,79,180,180,180,195,195,81,81,96,96,212,225,225,245,264,189,216,231,336,336,336,356,356,367,2,18,18,51,51,67,77,2,12,27,44,44,44,44,44,44],"floor_reached":52,"playtime":6554,"items_purged":["Regret","Slimebound:Strike_Slimebound","Slimebound:Strike_Slimebound"],"score":756,"play_id":"92d40bf8-264b-4b22-add4-ac952306dcea","local_time":"20210102141711","is_ascension_mode":false,"campfire_choices":[{"data":"Slimebound:CorrosiveSpit","floor":1,"key":"SMITH"},{"data":"Slimebound:LivingWall","floor":6,"key":"SMITH"},{"data":"Slimebound:Nibble","floor":12,"key":"SMITH"},{"data":"Slimebound:MassFeed","floor":18,"key":"SMITH"},{"floor":27,"key":"REST"},{"data":"Slimebound:FirmFortitude","floor":30,"key":"SMITH"},{"floor":35,"key":"RECALL"},{"data":"Slimebound:OozeBath","floor":46,"key":"SMITH"}],"circlet_count":0,"master_deck":["Slimebound:Strike_Slimebound","Slimebound:Tackle+1","Slimebound:Defend_Slimebound","Slimebound:Defend_Slimebound+1","Slimebound:Defend_Slimebound+1","Slimebound:Defend_Slimebound","Slimebound:Split+1","Slimebound:CorrosiveSpit+1","Slimebound:SplitLeeching+1","Slimebound:LivingWall+1","Slimebound:RallyTheTroops","Slimebound:RollThrough","Slimebound:Nibble+1","Slimebound:PressTheAttack","Slimebound:FirmFortitude+1","Slimebound:LevelUp","Slimebound:SplitBruiser","Slimebound:MassFeed+1","CurseOfTheBell","Slimebound:Nibble","Slimebound:GrowthPunch+1","Slimebound:LeechEnergy","Slimebound:GoopTackle","Slimebound:LeechingTouch+1","Slimebound:PressTheAttack","Slimebound:LeadByExample","Slimebound:LeechingTouch","Slimebound:SplitMire+1","Slimebound:Prepare","Slimebound:OozeBath+1","Slimebound:ComboTackle+1","Slimebound:SamplingLick+1","Slimebound:Schlurp+1","Slimebound:ComboTackle+1","Slimebound:SamplingLick","Slimebound:Repurpose","Slimebound:LeechEnergy+1","Slimebound:AcidTongue"],"relics":["Slimebound:AbsorbEndCombatUpgraded","downfall:HeartsMalice","downfall:BrokenWingStatue","Akabeko","Regal Pillow","War Paint","downfall:HeartBlessingGreen","Calling Bell","Slimebound:AggressiveSlimeRelic","Slimebound:MaxSlimesRelic","Mango","Nilry\u0027s Codex","downfall:HeartBlessingBlue","StoneCalendar","Lee\u0027s Waffle","Toy Ornithopter","Blood Vial","downfall:HeartBlessingRed"],"acts_visited":["Exordium","TheCity","TheBeyond","TheEnding"],"potions_floor_usage":[31,33,33,49],"damage_taken":[{"damage":0,"enemies":"2 Louse","floor":2,"turns":1},{"damage":0,"enemies":"Small Slimes","floor":3,"turns":1},{"damage":0,"enemies":"Gremlin Nob","floor":9,"turns":1},{"damage":4,"enemies":"Jaw Worm","floor":10,"turns":2},{"damage":10,"enemies":"3 Louse","floor":11,"turns":3},{"damage":15,"enemies":"downfall:FleeingMerchant","floor":13,"turns":4},{"damage":5,"enemies":"Exordium Thugs","floor":14,"turns":3},{"damage":0,"enemies":"Lots of Slimes","floor":15,"turns":1},{"damage":60,"enemies":"downfall:Defect","floor":16,"turns":6},{"damage":35,"enemies":"Shell Parasite","floor":19,"turns":4},{"damage":26,"enemies":"downfall:FleeingMerchant","floor":21,"turns":4},{"damage":8,"enemies":"Spheric Guardian","floor":23,"turns":3},{"damage":26,"enemies":"downfall:FleeingMerchant","floor":25,"turns":3},{"damage":49,"enemies":"Shelled Parasite and Fungi","floor":26,"turns":5},{"damage":21,"enemies":"Centurion and Healer","floor":28,"turns":4},{"damage":24,"enemies":"Sentry and Sphere","floor":29,"turns":4},{"damage":57,"enemies":"Slavers","floor":31,"turns":4},{"damage":15,"enemies":"Snecko","floor":32,"turns":3},{"damage":50,"enemies":"downfall:Silent","floor":33,"turns":7},{"damage":20,"enemies":"Orb Walker","floor":36,"turns":3},{"damage":67,"enemies":"3 Darklings","floor":38,"turns":5},{"damage":31,"enemies":"Jaw Worm Horde","floor":40,"turns":4},{"damage":47,"enemies":"Giant Head","floor":42,"turns":8},{"damage":42,"enemies":"Maw","floor":44,"turns":6},{"damage":33,"enemies":"Sphere and 2 Shapes","floor":45,"turns":5},{"damage":64,"enemies":"Spire Growth","floor":47,"turns":4},{"damage":26,"enemies":"Transient","floor":48,"turns":5},{"damage":12,"enemies":"Sphere and 2 Shapes","floor":49,"turns":4},{"damage":23,"enemies":"downfall:Watcher","floor":50,"turns":6},{"damage":174,"enemies":"downfall:CharBossMerchant","floor":52,"turns":8}],"seed_played":"-3560120793634055256","potions_obtained":[{"floor":10,"key":"DuplicationPotion"},{"floor":11,"key":"ColorlessPotion"},{"floor":19,"key":"PowerPotion"},{"floor":29,"key":"LiquidMemories"},{"floor":31,"key":"AttackPotion"},{"floor":42,"key":"Slimebound:SlimyTonguePotion"},{"floor":45,"key":"Slimebound:SlimyTonguePotion"},{"floor":47,"key":"AttackPotion"},{"floor":49,"key":"Explosive Potion"}],"is_trial":false,"path_per_floor":["R","M","M","?","?","R","T","?","E","M","M","R","$","M","M","B",null,"R","M","?","$","?","M","T","$","M","R","M","M","R","E","M","B",null,"R","M","?","M","$","M","T","E","$","M","M","R","M","M","M","B",null,"E"],"character_chosen":"SLIMEBOUND","items_purchased":["Slimebound:FirmFortitude","Slimebound:LeechEnergy","Slimebound:PressTheAttack","Slimebound:LeadByExample","Lee\u0027s Waffle","FairyPotion"],"campfire_rested":1,"item_purchase_floors":[13,21,25,25,39,39],"current_hp_per_floor":[60,60,60,60,60,60,60,60,60,60,58,58,60,59,59,26,74,74,67,67,72,56,58,58,54,37,74,73,66,76,39,40,22,84,84,88,88,69,95,95,95,75,75,87,78,78,48,74,99,99,99,0,0,0],"gold":44,"neow_bonus":"THREE_ENEMY_KILL","is_daily":false,"chose_seed":false,"campfire_upgraded":6,"win_rate":0.0,"timestamp":1609593431,"path_taken":["R","M","M","?","?","R","T","?","E","M","M","R","$","M","M","BOSS","R","M","?","$","?","M","T","$","M","R","M","?","R","E","M","BOSS","R","M","?","M","$","M","T","E","?","?","M","R","M","M","M","BOSS","E"],"items_purchased_type":["Card","Card","Card","Card","Relic","Potion"],"build_version":"2020-12-22","purchased_purges":3,"victory":false,"max_hp_per_floor":[60,60,60,60,60,60,60,60,60,60,60,60,60,60,60,60,74,74,74,74,74,74,74,74,74,74,74,74,74,84,84,84,84,84,84,88,88,88,95,95,95,95,95,95,95,95,95,95,99,99,99,99,99,99],"relic_stats":{"Blood Vial":10,"Regal Pillow":15,"Lee\u0027s Waffle":26,"counters":[30,115],"StoneCalendar":[103],"War Paint":["Slimebound:Split","Slimebound:Defend_Slimebound"],"obtain_stats":[{"Slimebound:AggressiveSlimeRelic":17,"Regal Pillow":7,"Lee\u0027s Waffle":39,"downfall:HeartBlessingRed":46,"Nilry\u0027s Codex":22,"downfall:HeartsMalice":0,"downfall:HeartBlessingGreen":12,"Mango":17,"StoneCalendar":31,"War Paint":9,"Akabeko":5,"Calling Bell":17,"Blood Vial":42,"downfall:BrokenWingStatue":4,"Slimebound:MaxSlimesRelic":17,"downfall:HeartBlessingBlue":30,"Slimebound:AbsorbEndCombat":0,"Slimebound:AbsorbEndCombatUpgraded":34,"Toy Ornithopter":41},{"Slimebound:AggressiveSlimeRelic":9,"Regal Pillow":2,"Lee\u0027s Waffle":21,"downfall:HeartBlessingRed":25,"Nilry\u0027s Codex":11,"downfall:HeartsMalice":0,"downfall:HeartBlessingGreen":5,"Mango":9,"StoneCalendar":17,"War Paint":3,"Akabeko":2,"Calling Bell":9,"Blood Vial":23,"downfall:BrokenWingStatue":2,"Slimebound:MaxSlimesRelic":9,"downfall:HeartBlessingBlue":16,"Slimebound:AbsorbEndCombat":0,"Slimebound:AbsorbEndCombatUpgraded":19,"Toy Ornithopter":22},{"Slimebound:AggressiveSlimeRelic":18,"Regal Pillow":0,"Lee\u0027s Waffle":66,"downfall:HeartBlessingRed":88,"Nilry\u0027s Codex":26,"downfall:HeartsMalice":0,"downfall:HeartBlessingGreen":4,"Mango":18,"StoneCalendar":48,"War Paint":0,"Akabeko":0,"Calling Bell":18,"Blood Vial":78,"downfall:BrokenWingStatue":0,"Slimebound:MaxSlimesRelic":18,"downfall:HeartBlessingBlue":44,"Slimebound:AbsorbEndCombat":0,"Slimebound:AbsorbEndCombatUpgraded":58,"Toy Ornithopter":70}],"Toy Ornithopter":5},"card_choices":[{"not_picked":["Slimebound:LeechingTouch","Slimebound:ComboTackle"],"picked":"Slimebound:SplitLeeching","floor":2},{"not_picked":["Slimebound:PressTheAttack","Slimebound:Schlurp"],"picked":"Slimebound:LivingWall","floor":3},{"not_picked":["Slimebound:OneTwoCombo","Slimebound:WasteNot"],"picked":"Slimebound:RallyTheTroops","floor":9},{"not_picked":["Slimebound:GoopSpray","Slimebound:FinishingTackle"],"picked":"Slimebound:RollThrough","floor":10},{"not_picked":["Slimebound:SplitLeeching","Slimebound:GrowthPunch"],"picked":"Slimebound:Nibble","floor":11},{"not_picked":["Slimebound:WasteNot","Slimebound:Schlurp"],"picked":"Slimebound:PressTheAttack","floor":13},{"not_picked":["Slimebound:GoopSpray","Slimebound:Schlurp"],"picked":"Slimebound:LevelUp","floor":14},{"not_picked":["Slimebound:RainOfGoop","Slimebound:LeechingTouch"],"picked":"Slimebound:SplitBruiser","floor":15},{"not_picked":["Slimebound:DouseInSlime","Slimebound:RallyTheTroops"],"picked":"Slimebound:MassFeed","floor":16},{"not_picked":["Slimebound:RollThrough","Slimebound:SplitMire"],"picked":"Slimebound:Nibble","floor":19},{"not_picked":["Slimebound:DisruptingSlam","Slimebound:GoopSpray"],"picked":"Slimebound:GrowthPunch+1","floor":21},{"not_picked":["Slimebound:WasteNot","Slimebound:FinishingTackle"],"picked":"Slimebound:GoopTackle","floor":23},{"not_picked":["Slimebound:WasteNot","Slimebound:SplitMire"],"picked":"Slimebound:LeechingTouch+1","floor":25},{"not_picked":["Slimebound:GoopSpray+1","Slimebound:LeechEnergy"],"picked":"Slimebound:LeechingTouch","floor":26},{"not_picked":["Slimebound:LeechingTouch","Slimebound:BestDefense","Slimebound:FinishingTackle+1"],"picked":"SKIP","floor":28},{"not_picked":["Slimebound:BestDefense","Slimebound:LeechingTouch","Slimebound:FlameTackle"],"picked":"SKIP","floor":29},{"not_picked":["Slimebound:SplitLeeching","Slimebound:AcidTongue+1"],"picked":"Slimebound:SplitMire+1","floor":31},{"not_picked":["Slimebound:RollThrough","Slimebound:Grow+1"],"picked":"Slimebound:Prepare","floor":32},{"not_picked":["Slimebound:DuplicatedForm","Slimebound:SelfFormingGoo"],"picked":"Slimebound:OozeBath","floor":33},{"not_picked":["Slimebound:GoopSpray+1","Slimebound:SplitMire+1"],"picked":"Slimebound:ComboTackle+1","floor":36},{"not_picked":["Slimebound:SplitLeeching+1","Slimebound:PressTheAttack","Slimebound:HauntingLick"],"picked":"SKIP","floor":38},{"not_picked":["Slimebound:SplitMire+1","Slimebound:LeechEnergy+1"],"picked":"Slimebound:SamplingLick+1","floor":40},{"not_picked":["Slimebound:SplitAcid","Slimebound:GoopSpray"],"picked":"Slimebound:Schlurp+1","floor":42},{"not_picked":["Slimebound:GoopSpray+1","Slimebound:FormOfPuddle+1"],"picked":"Slimebound:ComboTackle+1","floor":44},{"not_picked":["Slimebound:ViciousTackle","Slimebound:ComboTackle"],"picked":"Slimebound:SamplingLick","floor":45},{"not_picked":["Slimebound:PressTheAttack","Slimebound:ComboTackle"],"picked":"Slimebound:Repurpose","floor":47},{"not_picked":["Slimebound:LivingWall","Slimebound:SplitBruiser+1"],"picked":"Slimebound:LeechEnergy+1","floor":48},{"not_picked":["Slimebound:GrowthPunch","Slimebound:Overexert"],"picked":"Slimebound:AcidTongue","floor":49}],"player_experience":2044258,"relics_obtained":[{"floor":7,"key":"Regal Pillow"},{"floor":9,"key":"War Paint"},{"floor":17,"key":"Slimebound:AggressiveSlimeRelic"},{"floor":17,"key":"Slimebound:MaxSlimesRelic"},{"floor":17,"key":"Mango"},{"floor":22,"key":"Nilry\u0027s Codex"},{"floor":31,"key":"StoneCalendar"},{"floor":41,"key":"Toy Ornithopter"},{"floor":42,"key":"Blood Vial"}],"event_choices":[{"damage_healed":0,"gold_gain":0,"player_choice":"Ignored","damage_taken":0,"max_hp_gain":0,"max_hp_loss":0,"event_name":"Ghosts","floor":20,"gold_loss":0}],"is_beta":false,"boss_relics":[{"not_picked":["Busted Crown","Snecko Eye"],"picked":"Calling Bell"},{"not_picked":["Astrolabe","Coffee Dripper"],"picked":"Slimebound:AbsorbEndCombatUpgraded"}],"items_purged_floors":[21,25,39],"is_endless":false,"potions_floor_spawned":[10,11,19,29,31,32,42,44,45,47,49],"killed_by":"downfall:CharBossMerchant","ascension_level":0}}