{"host":"6dypmz777xraikqf","time":1609587830,"event":{"mods":["AchievementEnabler","BaseMod","BetterRewards","Colored Map","Colored Powertips","Downfall","Highlight Path","Hubris","Infinite Spire","Minty Spire (QoL Compilation)","Replay The Spire","StSLib"],"gold_per_floor":[367,380,380,380,395,395,570,582,609,571,614,626,703,731,743,755,755],"floor_reached":16,"playtime":662,"items_purged":[],"score":120,"play_id":"3236858b-ba4d-4cb0-b5ba-45f651802576","local_time":"20210102114350","is_ascension_mode":true,"campfire_choices":[{"data":"Infernal Blade","floor":6,"key":"SMITH"},{"floor":15,"key":"REST"}],"circlet_count":0,"master_deck":["Strike_R","Strike_R","Strike_R","Strike_R","Defend_R","Defend_R","Defend_R","Defend_R","Bash","Wild Strike","Hallucinations","Infernal Blade+1","Pommel Strike","Exhume","Wild Strike"],"relics":["Burning Blood","ReplayTheSpireMod:Ring of Addiction","SacredBark","Toy Ornithopter","Ring of Panic","MawBank","Anchor","King of Hearts"],"acts_visited":["Exordium"],"potions_floor_usage":[8,11,11,16],"damage_taken":[{"damage":4,"enemies":"Jaw Worm","floor":1,"turns":4},{"damage":0,"enemies":"Small Slimes","floor":2,"turns":3},{"damage":0,"enemies":"2 Louse","floor":5,"turns":2},{"damage":3,"enemies":"Blue Slaver","floor":8,"turns":2},{"damage":30,"enemies":"Lagavulin","floor":11,"turns":4},{"damage":49,"enemies":"Lagavulin Event","floor":13,"turns":6},{"damage":0,"enemies":"3 Louse","floor":14,"turns":2},{"damage":44,"enemies":"The Guardian","floor":16,"turns":5}],"seed_played":"8741346174398201256","potions_obtained":[{"floor":4,"key":"SmokeBomb"},{"floor":4,"key":"SkillPotion"},{"floor":4,"key":"Elixir"},{"floor":8,"key":"Strength Potion"},{"floor":13,"key":"Venom Potion"}],"is_trial":false,"path_per_floor":["M","M","?","?","M","R","?","M","T","?","E","$","?","M","R","B"],"character_chosen":"IRONCLAD","items_purchased":[],"campfire_rested":1,"item_purchase_floors":[],"current_hp_per_floor":[58,64,57,57,63,63,63,71,71,71,54,54,11,17,39,0,0],"gold":755,"neow_bonus":"TWO_FIFTY_GOLD","is_daily":false,"chose_seed":false,"campfire_upgraded":1,"win_rate":0.0,"timestamp":1609587830,"path_taken":["M","M","?","?","M","R","?","M","T","?","E","$","?","?","R","BOSS"],"items_purchased_type":[],"build_version":"2020-12-22","purchased_purges":0,"victory":false,"max_hp_per_floor":[80,80,80,80,80,80,80,78,78,78,78,78,78,78,76,76,76],"card_choices":[{"not_picked":["ReplayTheSpireMod:Strike From Hell","Thunderclap"],"picked":"Wild Strike","floor":1},{"not_picked":["Carnage","Thunderclap","Abandon"],"picked":"SKIP","floor":2},{"not_picked":["Sword Boomerang","Shockwave"],"picked":"Infernal Blade","floor":5},{"not_picked":["Second Wind","Thunderclap"],"picked":"Pommel Strike","floor":8},{"not_picked":["Twin Strike","Sever Soul"],"picked":"Exhume","floor":11},{"not_picked":["Run Through","Replay:Undeath\u0027s Touch"],"picked":"Wild Strike","floor":13},{"not_picked":["Whirlwind","Second Wind","Blood for Blood"],"picked":"SKIP","floor":14}],"player_experience":62139,"relics_obtained":[{"floor":4,"key":"ReplayTheSpireMod:Ring of Addiction"},{"floor":4,"key":"SacredBark"},{"floor":4,"key":"Toy Ornithopter"},{"floor":4,"key":"Ring of Panic"},{"floor":9,"key":"MawBank"},{"floor":11,"key":"Anchor"},{"floor":13,"key":"King of Hearts"}],"event_choices":[{"cards_removed":["Strike_R"],"damage_healed":0,"gold_gain":0,"player_choice":"Card Removal","damage_taken":7,"max_hp_gain":0,"max_hp_loss":0,"event_name":"Golden Wing","floor":3,"gold_loss":0},{"damage_healed":0,"gold_gain":175,"player_choice":"AGREE","damage_taken":0,"max_hp_gain":0,"max_hp_loss":0,"event_name":"Liars Game","floor":7,"gold_loss":0,"cards_obtained":["Doubt"]},{"cards_removed":["Doubt"],"damage_healed":0,"gold_gain":0,"player_choice":"Card Removal","damage_taken":0,"max_hp_gain":0,"max_hp_loss":0,"event_name":"The Cleric","floor":10,"gold_loss":50},{"damage_healed":0,"gold_gain":0,"player_choice":"Searched \u00271\u0027 times","damage_taken":0,"max_hp_gain":0,"max_hp_loss":0,"event_name":"Dead Adventurer","floor":13,"gold_loss":0}],"is_beta":false,"boss_relics":[],"items_purged_floors":[],"is_endless":false,"potions_floor_spawned":[8,13],"killed_by":"The Guardian","ascension_level":4}}