{"host":"56ghxnzsglgdq727","time":1609582129,"event":{"mods":["AchievementEnabler","BaseMod","Downfall","Minty Spire (QoL Compilation)","StSLib"],"gold_per_floor":[99,112,132,132,582,582,582,599,599,599,611,630,630,644,658,758,758,758,25,25,36,48,48,75,86,86,126,126,126,140,157,171,271,271,271,287,337,356,356,374,423,523,533,533,551,567,567,578,592,592],"floor_reached":51,"playtime":2897,"items_purged":["Slimebound:Icky"],"score":724,"play_id":"a4737c5e-32df-4618-8afd-f6e3f7e527d4","local_time":"20210102050849","is_ascension_mode":false,"campfire_choices":[{"data":"sneckomod:Unknown","floor":1,"key":"SMITH"},{"data":"sneckomod:Unknown1Cost","floor":6,"key":"SMITH"},{"data":"sneckomod:UnknownX","floor":9,"key":"SMITH"},{"data":"sneckomod:CheapStock","floor":13,"key":"SMITH"},{"floor":18,"key":"DIG"},{"floor":23,"key":"REST"},{"floor":26,"key":"REST"},{"data":"sneckomod:Unknown3Cost","floor":35,"key":"SMITH"},{"data":"sneckomod:UnknownRareAttack","floor":44,"key":"SMITH"},{"floor":47,"key":"REST"}],"circlet_count":0,"master_deck":["sneckomod:Strike","sneckomod:Strike","sneckomod:Defend","sneckomod:Defend","sneckomod:Defend","sneckomod:TailWhip","sneckomod:SnekBite","sneckomod:Unknown+1","sneckomod:Unknown","sneckomod:CheapStock+1","sneckomod:Unknown1Cost+1","Slimebound:Icky","Slimebound:Icky","sneckomod:UnknownX+1","sneckomod:UnknownUncommonPower","sneckomod:UnknownCommonAttack","sneckomod:UnknownClassGUARDIAN","sneckomod:Unknown0Cost","sneckomod:UnknownRareAttack","sneckomod:UnknownWeak+1","sneckomod:SnekBeam","sneckomod:UnknownUncommonSkill","sneckomod:DiceCrush","sneckomod:UnknownClassRED+1","sneckomod:UnknownClassHEXA_GHOST_PURPLE+2","sneckomod:UnknownClassGUARDIAN","sneckomod:Bewildered","sneckomod:Unknown3Cost+1","sneckomod:UnknownVulnerable","sneckomod:SoulCleanse","sneckomod:UnknownRareAttack+1","sneckomod:CheapStock","sneckomod:CheapStock+1","sneckomod:SoulRoll+1","sneckomod:SoulDraw","sneckomod:UnknownClassRED+1","sneckomod:UnknownExhaust+1"],"relics":["sneckomod:SneckoSoul","Shovel","SacredBark","Orichalcum","sneckomod:ConfusingCodex","Pen Nib","Lee\u0027s Waffle","Anchor","Enchiridion","sneckomod:BabySnecko","Philosopher\u0027s Stone","Thread and Needle","Ginger","Blood Vial","downfall:GremlinWheel","Ornamental Fan"],"acts_visited":["Exordium","TheCity","TheBeyond"],"potions_floor_usage":[14,16,25,32,33,37,37,45,48],"damage_taken":[{"damage":10,"enemies":"2 Louse","floor":2,"turns":2},{"damage":1,"enemies":"Jaw Worm","floor":3,"turns":3},{"damage":32,"enemies":"Cultist","floor":8,"turns":6},{"damage":16,"enemies":"Blue Slaver","floor":11,"turns":6},{"damage":6,"enemies":"2 Fungi Beasts","floor":12,"turns":1},{"damage":5,"enemies":"Large Slime","floor":14,"turns":6},{"damage":15,"enemies":"Exordium Thugs","floor":15,"turns":2},{"damage":39,"enemies":"downfall:Ironclad","floor":16,"turns":10},{"damage":2,"enemies":"downfall:FleeingMerchant","floor":19,"turns":4},{"damage":3,"enemies":"Spheric Guardian","floor":21,"turns":4},{"damage":77,"enemies":"Cultist and Chosen","floor":22,"turns":8},{"damage":17,"enemies":"Snake Plant","floor":25,"turns":3},{"damage":20,"enemies":"3 Cultists","floor":27,"turns":5},{"damage":0,"enemies":"Centurion and Healer","floor":30,"turns":5},{"damage":14,"enemies":"Snake Plant","floor":31,"turns":5},{"damage":0,"enemies":"Cultist and Chosen","floor":32,"turns":5},{"damage":13,"enemies":"downfall:Watcher","floor":33,"turns":7},{"damage":0,"enemies":"Orb Walker","floor":36,"turns":2},{"damage":46,"enemies":"Mind Bloom Boss Battle","floor":37,"turns":5},{"damage":9,"enemies":"3 Shapes","floor":38,"turns":4},{"damage":22,"enemies":"3 Darklings","floor":40,"turns":4},{"damage":11,"enemies":"3 Darklings","floor":42,"turns":3},{"damage":4,"enemies":"Spire Growth","floor":43,"turns":3},{"damage":8,"enemies":"Jaw Worm Horde","floor":45,"turns":4},{"damage":0,"enemies":"3 Darklings","floor":46,"turns":5},{"damage":12,"enemies":"Maw","floor":48,"turns":6},{"damage":19,"enemies":"4 Shapes","floor":49,"turns":5},{"damage":50,"enemies":"downfall:Defect","floor":50,"turns":6}],"seed_played":"-8620801982231930693","potions_obtained":[{"floor":12,"key":"ColorlessPotion"},{"floor":15,"key":"PowerPotion"},{"floor":22,"key":"DistilledChaos"},{"floor":25,"key":"champ:CounterPotion"},{"floor":31,"key":"Block Potion"},{"floor":32,"key":"Regen Potion"},{"floor":33,"key":"AttackPotion"},{"floor":40,"key":"SmokeBomb"},{"floor":43,"key":"Swift Potion"},{"floor":46,"key":"Swift Potion"}],"is_trial":false,"path_per_floor":["R","M","M","?","?","R","T","M","R","?","M","M","R","M","M","B",null,"R","$","?","M","M","R","T","M","R","M","?","?","M","M","M","B",null,"R","M","?","M","?","M","T","?","M","R","M","M","R","M","M","B",null],"character_chosen":"THE_SNECKO","items_purchased":["sneckomod:ConfusingCodex","sneckomod:SnekBeam","sneckomod:UnknownUncommonSkill","Pen Nib","Lee\u0027s Waffle"],"campfire_rested":3,"item_purchase_floors":[19,19,19,19,19],"current_hp_per_floor":[99,96,96,96,96,96,96,65,65,101,86,81,81,77,63,34,106,106,115,115,112,36,70,70,59,94,75,59,59,60,47,47,80,121,121,121,75,66,66,54,54,45,48,48,43,45,81,71,54,14],"gold":592,"neow_bonus":"TEN_PERCENT_HP_BONUS","is_daily":false,"chose_seed":false,"campfire_upgraded":6,"win_rate":0.0,"timestamp":1609582129,"path_taken":["R","M","M","?","?","R","T","M","R","?","M","?","R","M","M","BOSS","R","$","?","M","M","R","T","M","R","M","?","?","M","M","M","BOSS","R","M","?","M","?","M","T","?","M","R","?","M","R","M","M","BOSS"],"items_purchased_type":["Relic","Card","Card","Relic","Relic"],"build_version":"2020-12-22","purchased_purges":1,"victory":true,"max_hp_per_floor":[99,99,100,100,100,100,100,101,101,101,102,103,103,104,105,106,106,106,115,115,115,116,116,116,117,117,118,118,118,119,120,120,121,121,121,121,121,121,121,121,121,121,122,122,123,123,123,123,123,123],"card_choices":[{"not_picked":["sneckomod:WideSting","sneckomod:Nope"],"picked":"sneckomod:CheapStock","floor":2},{"not_picked":["sneckomod:SoulDraw","sneckomod:DiceCrush"],"picked":"sneckomod:Unknown1Cost","floor":3},{"not_picked":["sneckomod:UnknownUncommonPower","sneckomod:DiceCrush"],"picked":"sneckomod:UnknownX","floor":8},{"not_picked":["sneckomod:WideSting","sneckomod:UnknownX"],"picked":"sneckomod:UnknownUncommonPower","floor":11},{"not_picked":["sneckomod:QuickMove","sneckomod:DiceBlock"],"picked":"sneckomod:UnknownCommonAttack","floor":12},{"not_picked":["sneckomod:QuickBite","sneckomod:SoulCleanse"],"picked":"sneckomod:UnknownClassGUARDIAN","floor":14},{"not_picked":["sneckomod:RainOfDice","sneckomod:Unknown2Cost"],"picked":"sneckomod:Unknown0Cost","floor":15},{"not_picked":["sneckomod:DangerNoodle","sneckomod:Unknown3Cost"],"picked":"sneckomod:UnknownRareAttack","floor":16},{"not_picked":["sneckomod:QuickBite","sneckomod:SnekBeam"],"picked":"sneckomod:UnknownWeak+1","floor":19},{"not_picked":["sneckomod:SnekBeam+1","sneckomod:Unknown1Cost"],"picked":"sneckomod:DiceCrush","floor":21},{"not_picked":["sneckomod:UnknownBlock","sneckomod:DiceCrush"],"picked":"sneckomod:UnknownClassRED+1","floor":22},{"not_picked":["sneckomod:ImprovisedGuard","sneckomod:DiceBlock+1"],"picked":"sneckomod:UnknownClassHEXA_GHOST_PURPLE","floor":25},{"not_picked":["sneckomod:QuickBite","sneckomod:ImprovisedAttack"],"picked":"sneckomod:UnknownClassGUARDIAN","floor":27},{"not_picked":["sneckomod:QuickMove+1","sneckomod:RainOfDice"],"picked":"sneckomod:Unknown3Cost","floor":30},{"not_picked":["sneckomod:UnknownX","sneckomod:UnknownClassGUARDIAN+1"],"picked":"sneckomod:UnknownVulnerable","floor":31},{"not_picked":["sneckomod:RainOfDice+1","sneckomod:Unknown0Cost"],"picked":"sneckomod:SoulCleanse","floor":32},{"not_picked":["sneckomod:SerpentMind","sneckomod:SoulExchange"],"picked":"sneckomod:UnknownRareAttack","floor":33},{"not_picked":["sneckomod:Unknown2Cost","sneckomod:WideSting"],"picked":"sneckomod:CheapStock","floor":36},{"not_picked":["sneckomod:UnknownCommonSkill","sneckomod:QuickMove+1"],"picked":"sneckomod:CheapStock+1","floor":37},{"not_picked":["sneckomod:UnknownCommonSkill","sneckomod:SoulCleanse"],"picked":"sneckomod:SoulRoll+1","floor":38},{"not_picked":["sneckomod:UnknownWeak+1","sneckomod:UnknownStrike"],"picked":"sneckomod:SoulDraw","floor":40},{"not_picked":["sneckomod:UnknownCommonAttack+1","sneckomod:TrashToTreasure+1"],"picked":"sneckomod:UnknownClassRED+1","floor":43},{"not_picked":["sneckomod:Unknown1Cost","sneckomod:WideSting"],"picked":"sneckomod:UnknownExhaust+1","floor":45},{"not_picked":["sneckomod:SoulDraw","sneckomod:UnknownUncommonAttack","sneckomod:IronFang"],"picked":"SKIP","floor":46},{"not_picked":["sneckomod:UnknownBlock","sneckomod:DiceBlock+1","sneckomod:UnknownWeak"],"picked":"SKIP","floor":48},{"not_picked":["sneckomod:DiceCrush","sneckomod:UnknownEthereal","sneckomod:WideSting"],"picked":"SKIP","floor":49}],"player_experience":89497,"relics_obtained":[{"floor":7,"key":"Shovel"},{"floor":18,"key":"Orichalcum"},{"floor":24,"key":"Anchor"},{"floor":28,"key":"Enchiridion"},{"floor":37,"key":"Thread and Needle"},{"floor":39,"key":"Ginger"},{"floor":41,"key":"Blood Vial"},{"floor":42,"key":"downfall:GremlinWheel"},{"floor":44,"key":"Ornamental Fan"}],"event_choices":[{"damage_healed":36,"gold_gain":0,"player_choice":"Full Heal","damage_taken":0,"max_hp_gain":0,"max_hp_loss":0,"event_name":"Wheel of Change","floor":10,"gold_loss":0},{"damage_healed":0,"gold_gain":0,"player_choice":"Ignored","damage_taken":0,"max_hp_gain":0,"max_hp_loss":0,"event_name":"Vampires","floor":20,"gold_loss":0},{"damage_healed":0,"gold_gain":0,"player_choice":"Relic","damage_taken":0,"max_hp_gain":0,"max_hp_loss":0,"event_name":"Wheel of Change","floor":44,"gold_loss":0}],"is_beta":false,"boss_relics":[{"not_picked":["Runic Pyramid","Fusion Hammer"],"picked":"SacredBark"},{"not_picked":["Runic Dome","Astrolabe"],"picked":"Philosopher\u0027s Stone"}],"items_purged_floors":[19],"is_endless":false,"potions_floor_spawned":[12,15,22,25,31,32,33,40,43,46],"ascension_level":0}}