{"host":"8rwnpls8n88jrgbg","time":1609599634,"event":{"mods":["AchievementEnabler","BaseMod","Colored Map","Colored Powertips","DeckTracker","Keyboard Shortcuts","Minty Spire (QoL Compilation)","Relic Stats","StSLib","SuperFastMode"],"gold_per_floor":[113,10,25,36,36,36,71,71,71,71,42,42,58,74,74,173,173,197,213,236,51,70,70,104,104,127,127,148,188,201,59,59,158,158,179,54,77,77,98,98,141,159,159,180,180,195,195,238,238,238,238,238,238,70,109,109],"floor_reached":57,"playtime":4613,"items_purged":["Strike_G","Strike_G","Strike_G+1"],"score":2962,"play_id":"7dfd81db-287d-45fe-b67e-4b62450dfa08","local_time":"20210103000034","is_ascension_mode":true,"campfire_choices":[{"data":"Blade Dance","floor":6.0,"key":"SMITH"},{"data":"Quick Slash","floor":8.0,"key":"SMITH"},{"data":"Burst","floor":10.0,"key":"SMITH"},{"data":"Dagger Throw","floor":12.0,"key":"SMITH"},{"data":"Acrobatics","floor":15.0,"key":"SMITH"},{"data":"Tactician","floor":23.0,"key":"SMITH"},{"data":"Well Laid Plans","floor":32.0,"key":"SMITH"},{"data":"Phantasmal Killer","floor":40.0,"key":"SMITH"},{"data":"Wraith Form v2","floor":45.0,"key":"SMITH"},{"floor":49.0,"key":"RECALL"},{"data":"Adrenaline","floor":53,"key":"SMITH"}],"circlet_count":0,"master_deck":["AscendersBane","Strike_G+1","Defend_G+1","Defend_G+1","Defend_G+1","Defend_G+1","Defend_G+1","Survivor+1","Neutralize","Venomology+1","Blade Dance+1","Quick Slash+1","Burst+1","Acrobatics+1","Dagger Throw+1","Adrenaline+1","Endless Agony+1","Calculated Gamble+1","Tactician+1","Terror+1","Wraith Form v2+1","Well Laid Plans+1","Accuracy+1","Reflex+1","Phantasmal Killer+1","Tactician+1"],"relics":["Ring of the Snake","Golden Idol","Blue Candle","Eternal Feather","WristBlade","Darkstone Periapt","Oddly Smooth Stone","Ornamental Fan","SlaversCollar","Pantograph","HornCleat","Medical Kit","War Paint"],"acts_visited":["Exordium","TheCity","TheBeyond","TheEnding"],"potions_floor_usage":[51,56,56],"damage_taken":[{"damage":2.0,"enemies":"Cultist","floor":1.0,"turns":4.0},{"damage":1.0,"enemies":"2 Louse","floor":3.0,"turns":5.0},{"damage":0.0,"enemies":"Jaw Worm","floor":4.0,"turns":3.0},{"damage":27.0,"enemies":"Lagavulin","floor":7.0,"turns":6.0},{"damage":5.0,"enemies":"Gremlin Gang","floor":13.0,"turns":2.0},{"damage":6.0,"enemies":"3 Louse","floor":14.0,"turns":4.0},{"damage":13.0,"enemies":"Slime Boss","floor":16.0,"turns":8.0},{"damage":9.0,"enemies":"Shell Parasite","floor":18.0,"turns":4.0},{"damage":0.0,"enemies":"Spheric Guardian","floor":19.0,"turns":2.0},{"damage":7.0,"enemies":"Cultist and Chosen","floor":20.0,"turns":5.0},{"damage":5.0,"enemies":"Snecko","floor":22.0,"turns":4.0},{"damage":6.0,"enemies":"Book of Stabbing","floor":24.0,"turns":3.0},{"damage":0.0,"enemies":"Centurion and Healer","floor":28.0,"turns":3.0},{"damage":12.0,"enemies":"Slavers","floor":29.0,"turns":4.0},{"damage":0.0,"enemies":"Cultist and Chosen","floor":30.0,"turns":5.0},{"damage":0.0,"enemies":"Champ","floor":33.0,"turns":6.0},{"damage":0.0,"enemies":"3 Shapes","floor":35.0,"turns":2.0},{"damage":0.0,"enemies":"3 Darklings","floor":37.0,"turns":5.0},{"damage":7.0,"enemies":"Transient","floor":39.0,"turns":6.0},{"damage":0.0,"enemies":"Reptomancer","floor":41.0,"turns":4.0},{"damage":4.0,"enemies":"Jaw Worm Horde","floor":42.0,"turns":4.0},{"damage":2.0,"enemies":"Spire Growth","floor":44.0,"turns":3.0},{"damage":10.0,"enemies":"Maw","floor":46.0,"turns":5.0},{"damage":0.0,"enemies":"Writhing Mass","floor":47.0,"turns":2.0},{"damage":0.0,"enemies":"Giant Head","floor":48.0,"turns":4.0},{"damage":0,"enemies":"Awakened One","floor":50,"turns":4},{"damage":30,"enemies":"Time Eater","floor":51,"turns":5},{"damage":15,"enemies":"Shield and Spear","floor":55,"turns":6},{"damage":57,"enemies":"The Heart","floor":56,"turns":7}],"seed_played":"6645206335288964660","potions_obtained":[{"floor":3.0,"key":"Block Potion"},{"floor":13.0,"key":"Ancient Potion"},{"floor":22.0,"key":"Block Potion"},{"floor":24.0,"key":"EntropicBrew"},{"floor":37.0,"key":"FearPotion"}],"is_trial":false,"path_per_floor":["M","$","M","M","?","R","E","R","T","R","$","R","M","M","R","B",null,"M","M","M","$","M","R","E","?","T","?","M","E","M","$","R","B",null,"M","$","M","?","M","R","E","M","T","M","R","M","M","E","R","B","B",null,"R","$","E","B",null],"character_chosen":"THE_SILENT","items_purchased":["Quick Slash","Dagger Throw","Tactician","Well Laid Plans","Swift Potion","Medical Kit"],"campfire_rested":0,"item_purchase_floors":[2,11,21,31,31,54],"current_hp_per_floor":[57,57,56,56,56,56,29,29,29,38,38,47,42,36,45,32,53,44,44,37,37,32,44,38,38,38,38,38,26,26,26,38,38,55,55,55,55,55,48,60,60,56,56,54,60,50,50,50,60,60,30,53,60,60,45,3],"gold":109,"neow_bonus":"TRANSFORM_CARD","is_daily":false,"chose_seed":false,"campfire_upgraded":10,"win_rate":0.0,"timestamp":1609599634,"path_taken":["M","$","M","M","?","R","E","R","T","R","$","R","M","M","R","BOSS","M","M","M","$","M","R","E","?","T","?","?","E","M","$","R","BOSS","M","$","M","?","?","R","E","M","T","M","R","M","M","E","R","BOSS","BOSS","R","$","E","BOSS"],"items_purchased_type":["Card","Card","Card","Card","Potion","Relic"],"build_version":"2020-12-22","purchased_purges":3,"victory":true,"max_hp_per_floor":[66,66,66,66,60,60,60,60,60,60,60,60,60,60,60,60,60,60,60,60,60,60,60,60,60,60,60,60,60,60,60,60,60,60,60,60,60,60,60,60,60,60,60,60,60,60,60,60,60,60,60,60,60,60,60,60],"relic_stats":{"Darkstone Periapt":0,"counters":[29,125],"Golden Idol":204,"Ornamental Fan":[320],"Blue Candle":[0],"Pantograph":15,"Eternal Feather":86,"War Paint":["Survivor","Venomology"],"Medical Kit":[2],"obtain_stats":[{"Darkstone Periapt":24,"Golden Idol":5,"Blue Candle":7,"Oddly Smooth Stone":26,"Eternal Feather":9,"War Paint":55,"Medical Kit":54,"SlaversCollar":34,"HornCleat":48,"WristBlade":17,"Ornamental Fan":29,"Pantograph":41,"Ring of the Snake":0},{"Darkstone Periapt":12,"Golden Idol":3,"Blue Candle":4,"Oddly Smooth Stone":12,"Eternal Feather":4,"War Paint":28,"Medical Kit":27,"SlaversCollar":16,"HornCleat":25,"WristBlade":7,"Ornamental Fan":14,"Pantograph":20,"Ring of the Snake":0},{"Darkstone Periapt":50,"Golden Idol":12,"Blue Candle":18,"Oddly Smooth Stone":50,"Eternal Feather":18,"War Paint":118,"Medical Kit":112,"SlaversCollar":68,"HornCleat":103,"WristBlade":32,"Ornamental Fan":57,"Pantograph":85,"Ring of the Snake":0}],"Ring of the Snake":[59]},"card_choices":[{"not_picked":["Dagger Throw","Cloak And Dagger"],"picked":"Blade Dance","floor":1.0},{"not_picked":["Quick Slash","Poisoned Stab"],"picked":"Burst","floor":3.0},{"not_picked":["Underhanded Strike","Quick Slash","Deflect"],"picked":"SKIP","floor":4.0},{"not_picked":["PiercingWail","Dodge and Roll"],"picked":"Acrobatics","floor":7.0},{"not_picked":["Dagger Throw","Flying Knee","Cloak And Dagger"],"picked":"SKIP","floor":13.0},{"not_picked":["Tools of the Trade","Unload"],"picked":"Adrenaline","floor":16.0},{"not_picked":["Backstab","Dodge and Roll"],"picked":"Endless Agony+1","floor":18.0},{"not_picked":["Flying Knee","Infinite Blades"],"picked":"Calculated Gamble","floor":19.0},{"not_picked":["Cloak And Dagger","Backflip","Deflect"],"picked":"SKIP","floor":20.0},{"not_picked":["Escape Plan","Dagger Throw"],"picked":"Terror+1","floor":22.0},{"not_picked":["Skewer","Eviscerate","Bane"],"picked":"SKIP","floor":24.0},{"not_picked":["Slice","Riddle With Holes","Bane"],"picked":"SKIP","floor":28.0},{"not_picked":["Flying Knee","Dagger Throw"],"picked":"Wraith Form v2","floor":29.0},{"not_picked":["Distraction","Cloak And Dagger","Backflip"],"picked":"SKIP","floor":30.0},{"not_picked":["Concentrate","Blade Dance"],"picked":"Accuracy+1","floor":35.0},{"not_picked":["Footwork","Leg Sweep"],"picked":"Reflex+1","floor":37.0},{"not_picked":["Backflip","Dodge and Roll","Skewer"],"picked":"SKIP","floor":39.0},{"not_picked":["Dash","PiercingWail","Prepared"],"picked":"SKIP","floor":41.0},{"not_picked":["Envenom","Acrobatics","Prepared"],"picked":"SKIP","floor":42.0},{"not_picked":["Dagger Throw+1","Eviscerate","Predator"],"picked":"SKIP","floor":44.0},{"not_picked":["Flying Knee+1","Quick Slash","Slice+1"],"picked":"SKIP","floor":46.0},{"not_picked":["Finisher","Wraith Form v2"],"picked":"Tactician+1","floor":48.0},{"not_picked":["Deflect","Underhanded Strike+1","Well Laid Plans+1"],"picked":"SKIP","floor":55}],"player_experience":1475637,"relics_obtained":[{"floor":7.0,"key":"Blue Candle"},{"floor":9.0,"key":"Eternal Feather"},{"floor":24.0,"key":"Darkstone Periapt"},{"floor":26.0,"key":"Oddly Smooth Stone"},{"floor":29.0,"key":"Ornamental Fan"},{"floor":41.0,"key":"Pantograph"},{"floor":48.0,"key":"HornCleat"},{"floor":55,"key":"War Paint"}],"event_choices":[{"damage_healed":0.0,"max_hp_gain":0.0,"max_hp_loss":6.0,"gold_gain":0.0,"event_name":"Golden Idol","player_choice":"Lose Max HP","floor":5.0,"gold_loss":0.0,"damage_taken":0.0,"relics_obtained":["Golden Idol"]},{"damage_healed":0.0,"max_hp_gain":0.0,"max_hp_loss":0.0,"gold_gain":0.0,"event_name":"Back to Basics","player_choice":"Simplicity","floor":25.0,"gold_loss":0.0,"damage_taken":0.0,"cards_upgraded":["Strike_G","Strike_G","Defend_G","Defend_G","Defend_G","Defend_G","Defend_G"]},{"damage_healed":0.0,"max_hp_gain":0.0,"max_hp_loss":0.0,"gold_gain":0.0,"event_name":"Upgrade Shrine","player_choice":"Upgraded","floor":27.0,"gold_loss":0.0,"damage_taken":0.0,"cards_upgraded":["Calculated Gamble"]},{"damage_healed":0.0,"max_hp_gain":0.0,"max_hp_loss":0.0,"gold_gain":0.0,"event_name":"Match and Keep!","player_choice":"1 cards matched","floor":38.0,"gold_loss":0.0,"damage_taken":0.0,"cards_obtained":["Phantasmal Killer"]}],"is_beta":false,"boss_relics":[{"not_picked":["Empty Cage","Black Star"],"picked":"WristBlade"},{"not_picked":["Tiny House","Snecko Eye"],"picked":"SlaversCollar"}],"items_purged_floors":[2,21,36],"is_endless":false,"potions_floor_spawned":[3,13,14,19,22,24,33,35,37,42],"ascension_level":20}}