{"host":"iv8gkcqs5ryn8eyc","time":1609564630,"event":{"mods":["BaseMod","Colored Map","Colored Powertips","Minty Spire (QoL Compilation)","Replay The Spire","Shade Mod","Spire Birthday Party","StSLib","The Blackbeard","The Caster","The Marked","The Runesmith","The Servant 0.9.4","TheFirefly","TheVacant"],"gold_per_floor":[110,120,120,120,131,131,131],"floor_reached":6,"playtime":206,"items_purged":[],"score":36,"play_id":"c89cf376-5048-4d77-8da5-0da10770a95f","local_time":"20210102001710","is_ascension_mode":false,"campfire_choices":[],"circlet_count":0,"master_deck":["caster:Meteor","caster:DivertFocus","caster:strike","caster:strike","caster:strike","caster:defend","caster:defend","caster:defend","caster:defend","caster:defend","caster:FrostDriver","caster:DiablosFlame","caster:Charge"],"relics":["caster:MagicBook","NeowsBlessing","WingedGreaves"],"acts_visited":["Exordium"],"potions_floor_usage":[6],"damage_taken":[{"damage":0,"enemies":"Cultist","floor":1,"turns":1},{"damage":0,"enemies":"2 Louse","floor":2,"turns":2},{"damage":0,"enemies":"Jaw Worm","floor":5,"turns":1},{"damage":67,"enemies":"Gremlin Nob","floor":6,"turns":6}],"seed_played":"-6201858986019317346","potions_obtained":[{"floor":2,"key":"LifebloodPotion"}],"is_trial":false,"path_per_floor":["M","M","T","?","M","E"],"character_chosen":"THE_CASTER","items_purchased":[],"campfire_rested":0,"item_purchase_floors":[],"current_hp_per_floor":[64,64,64,64,64,0,0],"gold":131,"neow_bonus":"THREE_ENEMY_KILL","is_daily":false,"chose_seed":false,"campfire_upgraded":0,"win_rate":0.0,"timestamp":1609564630,"path_taken":["M","?","?","?","?","E"],"items_purchased_type":[],"build_version":"2020-12-22","purchased_purges":0,"victory":false,"max_hp_per_floor":[64,64,64,64,64,64,64],"card_choices":[{"not_picked":["caster:LAZER","caster:MagicBarrier"],"picked":"caster:FrostDriver","floor":1},{"not_picked":["caster:Accumulation","caster:FrostDriver"],"picked":"caster:DiablosFlame","floor":2},{"not_picked":["caster:MagicBarrier","caster:Conflagrate"],"picked":"caster:Charge","floor":5}],"player_experience":384916,"relics_obtained":[{"floor":3,"key":"WingedGreaves"}],"event_choices":[{"cards_removed":["caster:strike"],"damage_healed":0,"gold_gain":0,"player_choice":"Purged","damage_taken":0,"max_hp_gain":0,"max_hp_loss":0,"event_name":"Purifier","floor":4,"gold_loss":0}],"is_beta":false,"boss_relics":[],"items_purged_floors":[],"is_endless":false,"potions_floor_spawned":[2],"killed_by":"Gremlin Nob","ascension_level":0}}