{"host":"pfy6u49v5s5r680p","time":1609558069,"event":{"mods":["BaseMod","Colored Map","DeckTracker","Highlight Path","Keyboard Shortcuts","Minty Spire (QoL Compilation)","Permanent Neow","Quick Restart","StSLib","SuperFastMode","everything is the same but u backflip on backflip"],"gold_per_floor":[118,3,3,3,22,22,56,56,79,109,109,121,121,141,141,246,246,265,284,184,197,197,197,222,222,222,237,248,72,92,112,112,213,213,229,27,47,62,73,73,103,153,230,230,242,269,42,57,57,57],"floor_reached":51,"playtime":3962,"items_purged":["Defend_P","Strike_P","Strike_P","Strike_P"],"score":881,"play_id":"585958d8-c335-4ad8-b681-416d7e3f0633","local_time":"20210102122749","is_ascension_mode":true,"campfire_choices":[{"data":"Eruption","floor":6.0,"key":"SMITH"},{"data":"BattleHymn","floor":8.0,"key":"SMITH"},{"data":"Sanctity","floor":11.0,"key":"SMITH"},{"data":"Vigilance","floor":13.0,"key":"SMITH"},{"data":"ForeignInfluence","floor":15.0,"key":"SMITH"},{"data":"ClearTheMind","floor":23.0,"key":"SMITH"},{"data":"Adaptation","floor":32.0,"key":"SMITH"},{"data":"Scrawl","floor":40,"key":"SMITH"},{"data":"ClearTheMind","floor":44,"key":"SMITH"},{"data":"MasterReality","floor":49,"key":"SMITH"}],"circlet_count":0,"master_deck":["Defend_P","Defend_P","Eruption+1","Vigilance+1","BattleHymn+1","Indignation","Sanctity+1","ForeignInfluence+1","ConjureBlade","Adaptation+1","ClearTheMind+1","SignatureMove","Scrawl+1","ClearTheMind+1","Adaptation+1","Crescendo+1","MasterReality+1"],"relics":["PureWater","CultistMask","Oddly Smooth Stone","Bronze Scales","Happy Flower","SlaversCollar","Toy Ornithopter","Incense Burner","Runic Pyramid","Darkstone Periapt","GoldenEye","Letter Opener","Pantograph","TheAbacus"],"acts_visited":["Exordium","TheCity","TheBeyond"],"potions_floor_usage":[45,45,45,50,50],"damage_taken":[{"damage":7.0,"enemies":"Cultist","floor":1.0,"turns":3.0},{"damage":7.0,"enemies":"Small Slimes","floor":5.0,"turns":5.0},{"damage":15.0,"enemies":"3 Sentries","floor":7.0,"turns":6.0},{"damage":0.0,"enemies":"Gremlin Nob","floor":10.0,"turns":2.0},{"damage":3.0,"enemies":"2 Louse","floor":12.0,"turns":2.0},{"damage":0.0,"enemies":"Looter","floor":14.0,"turns":2.0},{"damage":0.0,"enemies":"Slime Boss","floor":16.0,"turns":4.0},{"damage":24.0,"enemies":"2 Thieves","floor":18.0,"turns":4.0},{"damage":0.0,"enemies":"Spheric Guardian","floor":19.0,"turns":3.0},{"damage":14.0,"enemies":"Centurion and Healer","floor":21.0,"turns":3.0},{"damage":22.0,"enemies":"Gremlin Leader","floor":24.0,"turns":3.0},{"damage":10.0,"enemies":"Cultist and Chosen","floor":27.0,"turns":3.0},{"damage":0.0,"enemies":"Sentry and Sphere","floor":28.0,"turns":3.0},{"damage":3.0,"enemies":"Chosen and Byrds","floor":30.0,"turns":4.0},{"damage":12.0,"enemies":"Centurion and Healer","floor":31.0,"turns":2.0},{"damage":18.0,"enemies":"Automaton","floor":33.0,"turns":6.0},{"damage":21.0,"enemies":"3 Shapes","floor":35.0,"turns":2.0},{"damage":0.0,"enemies":"3 Darklings","floor":37.0,"turns":2.0},{"damage":0.0,"enemies":"Sphere and 2 Shapes","floor":38.0,"turns":3.0},{"damage":0,"enemies":"Jaw Worm Horde","floor":39,"turns":2},{"damage":0,"enemies":"Giant Head","floor":41,"turns":4},{"damage":0,"enemies":"Mind Bloom Boss Battle","floor":42,"turns":2},{"damage":6,"enemies":"4 Shapes","floor":45,"turns":3},{"damage":0,"enemies":"Reptomancer","floor":46,"turns":2},{"damage":0,"enemies":"3 Darklings","floor":48,"turns":1},{"damage":21,"enemies":"Time Eater","floor":50,"turns":2}],"seed_played":"4113598840266635014","potions_obtained":[{"floor":7.0,"key":"Strength Potion"},{"floor":12.0,"key":"Weak Potion"},{"floor":14.0,"key":"SteroidPotion"},{"floor":18.0,"key":"FairyPotion"},{"floor":21.0,"key":"Block Potion"},{"floor":27.0,"key":"Explosive Potion"},{"floor":37.0,"key":"SteroidPotion"},{"floor":38.0,"key":"PowerPotion"},{"floor":45,"key":"Block Potion"},{"floor":46,"key":"LiquidBronze"},{"floor":48,"key":"Swift Potion"}],"is_trial":false,"path_per_floor":["M","$","?","?","M","R","E","R","T","E","R","M","R","M","R","B",null,"M","M","$","M","?","R","E","?","T","M","M","$","M","M","R","B",null,"M","$","M","M","M","R","E","?","T","R","M","E","$","M","R","B",null],"character_chosen":"WATCHER","items_purchased":["BattleHymn","BottledMiracle","FearPotion","TheAbacus","DuplicationPotion"],"campfire_rested":0,"item_purchase_floors":[2,29,36,47,47],"current_hp_per_floor":[65,65,65,65,58,58,43,43,43,43,43,40,40,40,40,40,72,48,48,48,34,34,34,12,12,12,2,7,7,4,21,21,8,72,51,51,51,51,51,51,51,51,51,51,60,60,60,60,60,51],"gold":57,"neow_bonus":"REMOVE_CARD","is_daily":false,"chose_seed":false,"campfire_upgraded":10,"win_rate":0.0,"timestamp":1609558069,"path_taken":["M","$","?","?","M","R","E","R","T","E","R","M","R","?","R","BOSS","M","M","$","M","?","R","E","?","T","?","M","$","M","M","R","BOSS","M","$","M","M","M","R","E","?","T","R","M","E","$","M","R","BOSS"],"items_purchased_type":["Card","Potion","Potion","Relic","Potion"],"build_version":"2020-12-22","purchased_purges":4,"victory":true,"max_hp_per_floor":[72,72,72,72,72,72,72,72,72,72,72,72,72,72,72,72,72,72,72,72,72,72,72,72,72,72,72,72,72,72,72,72,72,72,72,72,72,72,72,72,72,72,72,72,72,72,72,72,72,72],"card_choices":[{"not_picked":["FlyingSleeves","Swivel","Conclude"],"picked":"SKIP","floor":1.0},{"not_picked":["Consecrate","WindmillStrike"],"picked":"Indignation","floor":5.0},{"not_picked":["JustLucky","SashWhip","EmptyBody"],"picked":"SKIP","floor":7.0},{"not_picked":["Collect","EmptyBody"],"picked":"Sanctity","floor":10.0},{"not_picked":["Prostrate","JustLucky","CrushJoints"],"picked":"SKIP","floor":12.0},{"not_picked":["CarveReality","Consecrate"],"picked":"ForeignInfluence","floor":14.0},{"not_picked":["Establishment","Omniscience"],"picked":"ConjureBlade","floor":16.0},{"not_picked":["EmptyFist","ThirdEye+1"],"picked":"Adaptation","floor":18.0},{"not_picked":["JustLucky","DeceiveReality","BowlingBash"],"picked":"SKIP","floor":19.0},{"not_picked":["Weave","ThirdEye","CutThroughFate"],"picked":"SKIP","floor":21.0},{"not_picked":["Prostrate","Weave+1","Devotion"],"picked":"SKIP","floor":24.0},{"not_picked":["CrushJoints","Crescendo","Prostrate"],"picked":"SKIP","floor":27.0},{"not_picked":["EmptyBody","CutThroughFate","Prostrate"],"picked":"SKIP","floor":28.0},{"not_picked":["BowlingBash","BattleHymn"],"picked":"SignatureMove","floor":30.0},{"not_picked":["Perseverance","Evaluate+1","Pray"],"picked":"SKIP","floor":31.0},{"not_picked":["Blasphemy","Ragnarok"],"picked":"Scrawl","floor":33.0},{"not_picked":["Prostrate","Consecrate"],"picked":"ClearTheMind","floor":35.0},{"not_picked":["CrushJoints","Study"],"picked":"Adaptation+1","floor":37.0},{"not_picked":["DeceiveReality","Evaluate","ReachHeaven"],"picked":"SKIP","floor":38.0},{"not_picked":["ThirdEye+1","TalkToTheHand","Judgement"],"picked":"SKIP","floor":39},{"not_picked":["Swivel+1","DevaForm","DeceiveReality"],"picked":"SKIP","floor":41},{"not_picked":["ThirdEye+1","Swivel+1"],"picked":"Crescendo+1","floor":45},{"not_picked":["ThirdEye+1","Consecrate"],"picked":"MasterReality","floor":46},{"not_picked":["SandsOfTime","Study","Prostrate"],"picked":"SKIP","floor":48}],"player_experience":101100,"relics_obtained":[{"floor":7.0,"key":"Oddly Smooth Stone"},{"floor":9.0,"key":"Bronze Scales"},{"floor":10.0,"key":"Happy Flower"},{"floor":24.0,"key":"Toy Ornithopter"},{"floor":26.0,"key":"Incense Burner"},{"floor":41,"key":"Darkstone Periapt"},{"floor":42,"key":"GoldenEye"},{"floor":43,"key":"Letter Opener"},{"floor":46,"key":"Pantograph"}],"event_choices":[{"damage_healed":0.0,"max_hp_gain":0.0,"max_hp_loss":0.0,"gold_gain":0.0,"event_name":"Scrap Ooze","player_choice":"Fled","floor":3.0,"gold_loss":0.0,"damage_taken":0.0},{"damage_healed":0.0,"max_hp_gain":0.0,"max_hp_loss":0.0,"gold_gain":0.0,"event_name":"FaceTrader","player_choice":"Trade","floor":4.0,"gold_loss":0.0,"damage_taken":0.0,"relics_obtained":["CultistMask"]},{"damage_healed":0.0,"max_hp_gain":0.0,"max_hp_loss":0.0,"gold_gain":0.0,"event_name":"The Library","player_choice":"Read","floor":22.0,"gold_loss":0.0,"damage_taken":0.0,"cards_obtained":["ClearTheMind"]},{"cards_removed":["Defend_P"],"damage_healed":0.0,"max_hp_gain":0.0,"max_hp_loss":0.0,"gold_gain":0.0,"event_name":"Bonfire Elementals","player_choice":"Offered Basic","floor":25.0,"gold_loss":0.0,"damage_taken":0.0},{"damage_healed":0,"gold_gain":0,"player_choice":"Fight","damage_taken":0,"max_hp_gain":0,"max_hp_loss":0,"event_name":"MindBloom","floor":42,"gold_loss":0}],"is_beta":false,"boss_relics":[{"not_picked":["Snecko Eye","Tiny House"],"picked":"SlaversCollar"},{"not_picked":["Runic Dome","Sozu"],"picked":"Runic Pyramid"}],"items_purged_floors":[2,20,29,36],"is_endless":false,"potions_floor_spawned":[7,12,14,18,21,27,37,38,45,46,48],"ascension_level":1}}