{"host":"ovw38rql97vr1sxo","time":1609627185,"event":{"mods":["BaseMod","Downfall","Minty Spire (QoL Compilation)","Permanent Neow","Quick Restart","StSLib"],"gold_per_floor":[99,119,119,139,139,139,139,158,171,171,185,201,23,58,90,203,215,227,254,259,293,327,359,371,383,420,442,454,466,478,55,71,172,172,172,187,206,79,89,89,135,164,14,14,30,180,195,222,241,241],"floor_reached":51,"playtime":3808,"items_purged":["hexamod:Strike"],"score":790,"play_id":"6d771ebf-12b1-4c5f-9c4c-276396718630","local_time":"20210103073945","is_ascension_mode":false,"campfire_choices":[{"data":"hexamod:Float","floor":1.0,"key":"SMITH"},{"data":"hexamod:NightmareGuise","floor":6.0,"key":"SMITH"},{"data":"hexamod:Sear","floor":10.0,"key":"SMITH"},{"data":"hexamod:EmpoweringStance","floor":18.0,"key":"SMITH"},{"data":"hexamod:HexaLevel","floor":25.0,"key":"SMITH"},{"data":"hexamod:FastForward","floor":28.0,"key":"SMITH"},{"data":"Ghostly","floor":30.0,"key":"SMITH"},{"floor":35.0,"key":"RECALL"},{"floor":43.0,"key":"REST"}],"circlet_count":0,"master_deck":["hexamod:Sear+1","hexamod:Float+1","hexamod:NightmareGuise+1","hexamod:Incineration+1","hexamod:NightmareStrike+1","hexamod:DynamicBlow+1","expansioncontent:GoopSpray+1","hexamod:TimeOfNeed+1","hexamod:HauntingEcho+1","hexamod:EmpoweringStance+1","hexamod:CrushingStance+1","hexamod:NightmareStrike+1","hexamod:SpectersWail+1","hexamod:HeatShield+1","hexamod:HexaLevel+1","hexamod:EmpoweredFlame+1","hexamod:SixthSeal","hexamod:FastForward+1","hexamod:SpectersWail+1","Ghostly+1","Ghostly+1","Ghostly+1","hexamod:CouncilsJustice+1","hexamod:CouncilsJustice+1","hexamod:CouncilsJustice+1","expansioncontent:DashGenerateEvil+1","hexamod:WildfireWeapon+1","hexamod:NightmareGuise+1","hexamod:GhostflameInferno+1","expansioncontent:QuickStudy+1","hexamod:SpectersWail+1","hexamod:GhostflameInferno+1","hexamod:FastForward+1"],"relics":["Snecko Eye","Molten Egg 2","HornCleat","Sozu","hexamod:InflammatoryLetter","hexamod:TheBrokenSeal","Mummified Hand","SlaversCollar","Lee\u0027s Waffle","War Paint","downfall:HeartBlessingRed","downfall:HeartBlessingGreen","Oddly Smooth Stone"],"acts_visited":["Exordium","TheCity","TheBeyond"],"potions_floor_usage":[],"damage_taken":[{"damage":6.0,"enemies":"Jaw Worm","floor":2.0,"turns":3.0},{"damage":0.0,"enemies":"Small Slimes","floor":4.0,"turns":4.0},{"damage":0.0,"enemies":"Cultist","floor":8.0,"turns":3.0},{"damage":0.0,"enemies":"2 Fungi Beasts","floor":9.0,"turns":2.0},{"damage":2.0,"enemies":"Exordium Wildlife","floor":11.0,"turns":2.0},{"damage":0.0,"enemies":"Large Slime","floor":12.0,"turns":5.0},{"damage":0.0,"enemies":"downfall:FleeingMerchant","floor":13.0,"turns":4.0},{"damage":10.0,"enemies":"Lagavulin","floor":14.0,"turns":5.0},{"damage":0.0,"enemies":"Gremlin Gang","floor":15.0,"turns":3.0},{"damage":42.0,"enemies":"downfall:Silent","floor":16.0,"turns":9.0},{"damage":17.0,"enemies":"3 Byrds","floor":19.0,"turns":4.0},{"damage":0.0,"enemies":"downfall:FleeingMerchant","floor":20.0,"turns":4.0},{"damage":0.0,"enemies":"Spheric Guardian","floor":21.0,"turns":2.0},{"damage":1.0,"enemies":"Snecko","floor":22.0,"turns":4.0},{"damage":21.0,"enemies":"Cultist and Chosen","floor":23.0,"turns":6.0},{"damage":28.0,"enemies":"Snake Plant","floor":26.0,"turns":5.0},{"damage":10.0,"enemies":"Chosen and Byrds","floor":27.0,"turns":3.0},{"damage":0.0,"enemies":"downfall:FleeingMerchant","floor":31.0,"turns":4.0},{"damage":0.0,"enemies":"Snecko","floor":32.0,"turns":2.0},{"damage":0.0,"enemies":"downfall:Ironclad","floor":33.0,"turns":4.0},{"damage":2.0,"enemies":"3 Darklings","floor":36.0,"turns":3.0},{"damage":0.0,"enemies":"Orb Walker","floor":37.0,"turns":2.0},{"damage":0.0,"enemies":"downfall:FleeingMerchant","floor":38.0,"turns":1.0},{"damage":0.0,"enemies":"Writhing Mass","floor":39.0,"turns":3.0},{"damage":14.0,"enemies":"Giant Head","floor":42.0,"turns":6.0},{"damage":0.0,"enemies":"Transient","floor":45.0,"turns":5.0},{"damage":2.0,"enemies":"3 Darklings","floor":47.0,"turns":3.0},{"damage":0.0,"enemies":"Nemesis","floor":48.0,"turns":3.0},{"damage":14,"enemies":"Jaw Worm Horde","floor":49,"turns":3},{"damage":6,"enemies":"downfall:Watcher","floor":50,"turns":5}],"seed_played":"-4181149082494812792","potions_obtained":[{"floor":8.0,"key":"SpeedPotion"},{"floor":11.0,"key":"SpeedPotion"},{"floor":13.0,"key":"Fruit Juice"},{"floor":14.0,"key":"DuplicationPotion"},{"floor":16.0,"key":"AttackPotion"}],"is_trial":false,"path_per_floor":["R","M","?","M","?","R","T","M","M","R","M","M","$","E","M","B",null,"R","M","$","M","M","M","T","R","M","M","R","?","R","$","M","B",null,"R","M","M","$","M","?","T","E","R","?","M","?","M","E","M","B",null],"character_chosen":"THE_SPIRIT","items_purchased":["expansioncontent:GoopSpray","expansioncontent:DashGenerateEvil+1","Mummified Hand","hexamod:GhostflameInferno","expansioncontent:QuickStudy","Lee\u0027s Waffle"],"campfire_rested":1,"item_purchase_floors":[13,31,31,38,38,38],"current_hp_per_floor":[70,64,39,39,39,39,39,39,39,39,37,37,49,46,46,4,75,75,65,72,72,75,61,61,61,85,75,75,42,42,42,42,42,42,42,40,40,49,49,49,49,35,49,49,49,49,47,47,33,27],"gold":241,"neow_bonus":"BOSS_RELIC","is_daily":false,"chose_seed":false,"campfire_upgraded":7,"win_rate":0.0,"timestamp":1609627185,"path_taken":["R","M","?","M","?","R","T","M","M","R","?","M","$","E","M","BOSS","R","M","$","M","M","M","T","R","M","M","R","?","R","$","M","BOSS","R","M","M","$","M","?","T","E","R","?","?","?","?","E","M","BOSS"],"items_purchased_type":["Card","Card","Relic","Card","Card","Relic"],"build_version":"2020-12-22","purchased_purges":1,"victory":true,"max_hp_per_floor":[70,70,70,70,70,70,70,70,70,70,70,70,75,75,75,75,75,75,75,75,75,75,75,75,75,85,85,85,42,42,42,42,42,42,42,42,42,49,49,49,49,49,49,49,49,49,49,49,49,49],"card_choices":[{"not_picked":["hexamod:AdvancingGuard","hexamod:RetreatToShadows"],"picked":"hexamod:NightmareGuise","floor":2.0},{"not_picked":["hexamod:Firestarter+1","hexamod:NightmareGuise"],"picked":"hexamod:Incineration+1","floor":4.0},{"not_picked":["hexamod:ShieldOfDarkness","hexamod:InspiringFlames"],"picked":"hexamod:NightmareStrike+1","floor":8.0},{"not_picked":["hexamod:StepThrough+1","hexamod:Firestarter+1"],"picked":"hexamod:DynamicBlow+1","floor":9.0},{"not_picked":["hexamod:SpectersWail+1","hexamod:ShieldOfDarkness"],"picked":"hexamod:FirstSeal","floor":11.0},{"not_picked":["hexamod:NightmareStrike+1","hexamod:BurningTouch"],"picked":"hexamod:FourthSeal","floor":12.0},{"not_picked":["hexamod:ShieldOfDarkness","hexamod:BacktrackSmack+1"],"picked":"hexamod:ThirdSeal","floor":13.0},{"not_picked":["hexamod:InspiringFlames","hexamod:Firestarter+1"],"picked":"hexamod:TimeOfNeed","floor":14.0},{"not_picked":["hexamod:GhostLash+1","hexamod:FourthSeal"],"picked":"hexamod:HauntingEcho+1","floor":14.0},{"not_picked":["hexamod:FastForward","hexamod:ShieldOfDarkness","hexamod:GhostLash+1"],"picked":"SKIP","floor":15.0},{"not_picked":["hexamod:HexaLevel","hexamod:SearingWound"],"picked":"hexamod:FifthSeal","floor":16.0},{"not_picked":["hexamod:TurnItUp","hexamod:TimeOfNeed"],"picked":"hexamod:EmpoweringStance","floor":16.0},{"not_picked":["hexamod:TimeOfNeed","hexamod:TurnItUp"],"picked":"hexamod:CrushingStance+1","floor":16.0},{"not_picked":["hexamod:FirstSeal","hexamod:ThirdSeal"],"picked":"hexamod:SecondSeal","floor":19.0},{"not_picked":["hexamod:SecondSeal","hexamod:Again"],"picked":"hexamod:NightmareStrike+1","floor":19.0},{"not_picked":["hexamod:InspiringFlames","hexamod:SoulSteal","hexamod:RetreatToShadows"],"picked":"SKIP","floor":19.0},{"not_picked":["hexamod:FirstSeal","hexamod:SecondSeal"],"picked":"hexamod:SixthSeal","floor":20.0},{"not_picked":["hexamod:GhostOfSpirePast+1","hexamod:SoulSteal"],"picked":"hexamod:SpectersWail+1","floor":20.0},{"not_picked":["hexamod:FastForward","hexamod:CatchUp","hexamod:ThirdSeal"],"picked":"SKIP","floor":20.0},{"not_picked":["hexamod:CatchUp+1","hexamod:ThermalTransfer+1"],"picked":"hexamod:HeatShield+1","floor":21.0},{"not_picked":["hexamod:RainOfEmbers+1","hexamod:HeatCrush+1"],"picked":"hexamod:HexaLevel","floor":22.0},{"not_picked":["hexamod:ChargedBarrage","hexamod:RainOfEmbers+1"],"picked":"hexamod:EmpoweredFlame+1","floor":22.0},{"not_picked":["hexamod:ThirdSeal","hexamod:SecondSeal"],"picked":"hexamod:SixthSeal","floor":23.0},{"not_picked":["hexamod:Firestarter+1","hexamod:GhostLash+1","hexamod:HauntingEcho+1"],"picked":"SKIP","floor":23.0},{"not_picked":["hexamod:InspiringFlames","hexamod:HauntingEcho+1"],"picked":"hexamod:FastForward","floor":26.0},{"not_picked":["hexamod:GhostLash+1","hexamod:NecessarySacrifice+1"],"picked":"hexamod:SpectersWail+1","floor":27.0},{"not_picked":["hexamod:FifthSeal","hexamod:RainOfEmbers+1","hexamod:BacktrackSmack+1"],"picked":"SKIP","floor":31.0},{"not_picked":["hexamod:SwordOfDarkness+1","hexamod:BacktrackSmack+1","hexamod:EtherealExpedition+1"],"picked":"SKIP","floor":32.0},{"not_picked":["hexamod:SixthSeal","hexamod:VolcanoVisage"],"picked":"hexamod:WildfireWeapon","floor":33.0},{"not_picked":["hexamod:GhostShield","hexamod:BacktrackSmack+1","hexamod:Firestarter+1"],"picked":"SKIP","floor":36.0},{"not_picked":["hexamod:BacktrackSmack+1","hexamod:Hexaguard","hexamod:AdvancingGuard"],"picked":"SKIP","floor":37.0},{"not_picked":["hexamod:BurningTouch+1","hexamod:SpectersWail+1"],"picked":"hexamod:NightmareGuise+1","floor":38.0},{"not_picked":["hexamod:FifthSeal","hexamod:NightmareStrike+1","hexamod:SpectralAdrenaline"],"picked":"SKIP","floor":39.0},{"not_picked":["hexamod:TimeWarp+1","hexamod:HeatMetal+1"],"picked":"hexamod:SpectersWail+1","floor":42.0},{"not_picked":["hexamod:GhostLash+1","hexamod:GhostOfSpirePast","hexamod:SpectersWail+1"],"picked":"SKIP","floor":45.0},{"not_picked":["hexamod:RainOfEmbers+1","hexamod:GhostOfSpirePresent","hexamod:EtherealExpedition"],"picked":"SKIP","floor":47.0},{"not_picked":["hexamod:ShieldOfDarkness+1","hexamod:SpectersWail+1"],"picked":"hexamod:FastForward","floor":48.0},{"not_picked":["hexamod:HauntingEcho+1","hexamod:RainOfEmbers+1","hexamod:ChargedBarrage"],"picked":"SKIP","floor":49}],"player_experience":106868,"relics_obtained":[{"floor":7.0,"key":"HornCleat"},{"floor":14.0,"key":"MawBank"},{"floor":24.0,"key":"hexamod:InflammatoryLetter"},{"floor":42.0,"key":"War Paint"},{"floor":48.0,"key":"Oddly Smooth Stone"}],"event_choices":[{"damage_healed":0.0,"max_hp_gain":0.0,"max_hp_loss":0.0,"gold_gain":0.0,"event_name":"Scrap Ooze","player_choice":"Success","floor":3.0,"gold_loss":0.0,"damage_taken":25.0,"relics_obtained":["Molten Egg 2"]},{"damage_healed":0.0,"max_hp_gain":0.0,"max_hp_loss":0.0,"gold_gain":0.0,"event_name":"NoteForYourself","player_choice":"Ignored","floor":5.0,"gold_loss":0.0,"damage_taken":0.0},{"damage_healed":0.0,"max_hp_gain":0.0,"max_hp_loss":0.0,"gold_gain":0.0,"event_name":"Transmorgrifier","player_choice":"Ignored","floor":40.0,"gold_loss":0.0,"damage_taken":0.0},{"damage_healed":0.0,"max_hp_gain":0.0,"max_hp_loss":0.0,"gold_gain":0.0,"event_name":"Duplicator","player_choice":"Copied","floor":44.0,"gold_loss":0.0,"damage_taken":0.0,"cards_obtained":["hexamod:GhostflameInferno"]}],"is_beta":false,"boss_relics":[{"not_picked":["Astrolabe","downfall:Hecktoplasm"],"picked":"Sozu"},{"not_picked":["Velvet Choker","Runic Pyramid"],"picked":"SlaversCollar"}],"items_purged_floors":[13],"is_endless":false,"potions_floor_spawned":[8,11,22,26,27,32,33,39,42,48,49],"ascension_level":0}}