{"host":"no0bdlpxzp7bzzks","time":1609553941,"event":{"mods":["BaseMod","Better Match","Block Reminder","Colored Map","Curses Come First","DeckTracker","Filter the Spire","Highlight Path","Key Reminder","Minty Spire (QoL Compilation)","Permanent Neow","Relic Sorter","Relic Stats","StSLib","The Saiyan"],"gold_per_floor":[88,99,174,189,208,208,234,184,184,184,1,21,21,21,21,140,140,105,116,116,116],"floor_reached":20,"playtime":63373,"items_purged":["Saiyan:SAIYA_Strike"],"score":225,"play_id":"898aa96a-ccec-4882-8bde-7f3aba49b93d","local_time":"20210101201901","is_ascension_mode":true,"campfire_choices":[{"data":"Saiyan:SenzuBean","floor":6.0,"key":"SMITH"},{"floor":13.0,"key":"REST"},{"data":"Saiyan:MajinSeal","floor":15.0,"key":"SMITH"}],"circlet_count":0,"master_deck":["Saiyan:SAIYA_Strike","Saiyan:SAIYA_Strike","Saiyan:SAIYA_Defend","Saiyan:SAIYA_Defend","Saiyan:SAIYA_Defend","Saiyan:EnergyBlast","Saiyan:KaioKen","Saiyan:RuthlessBlow","Saiyan:SenzuBean+1","Saiyan:Honing","Saiyan:Planning","Saiyan:BurningSoul","Saiyan:Quickening","Saiyan:MajinSeal+1","Saiyan:Fly","Saiyan:SoulSpice","Saiyan:PowerUp","Saiyan:SuperSaiyanThree","Saiyan:DragonFist","Saiyan:DragonFist"],"relics":["SaiyanSoul","SaiyanHeart","Dream Catcher","keyreminder:keyreminder","Bottled Lightning","Pear","Anchor","Philosopher\u0027s Stone","Potion Belt","Happy Flower"],"acts_visited":["Exordium","TheCity"],"potions_floor_usage":[18],"damage_taken":[{"damage":5.0,"enemies":"Jaw Worm","floor":1.0,"turns":3.0},{"damage":0.0,"enemies":"Cultist","floor":2.0,"turns":3.0},{"damage":5.0,"enemies":"Small Slimes","floor":4.0,"turns":7.0},{"damage":18.0,"enemies":"Red Slaver","floor":5.0,"turns":3.0},{"damage":19.0,"enemies":"Lagavulin","floor":7.0,"turns":8.0},{"damage":7.0,"enemies":"Looter","floor":12.0,"turns":3.0},{"damage":19.0,"enemies":"Slime Boss","floor":16.0,"turns":15.0},{"damage":24,"enemies":"2 Thieves","floor":18,"turns":5},{"damage":27,"enemies":"Spheric Guardian","floor":19,"turns":7},{"damage":29,"enemies":"Snake Plant","floor":20,"turns":6}],"seed_played":"8448517637670385615","potions_obtained":[{"floor":2.0,"key":"PowerPotion"},{"floor":12.0,"key":"ColorlessPotion"},{"floor":16.0,"key":"Fire Potion"},{"floor":19,"key":"Ancient Potion"}],"is_trial":false,"path_per_floor":["M","M","?","M","M","R","E","?","T","?","$","M","R","?","R","B",null,"M","M","M"],"character_chosen":"SAIYAJIN","items_purchased":["Saiyan:Fly","Saiyan:SoulSpice"],"campfire_rested":1,"item_purchase_floors":[11,11],"current_hp_per_floor":[49,50,45,43,27,27,9,9,19,12,12,6,27,20,20,2,73,51,24,0,0],"gold":116,"neow_bonus":"THREE_RARE_CARDS","is_daily":false,"chose_seed":false,"campfire_upgraded":2,"win_rate":0.0,"timestamp":1609553941,"path_taken":["M","M","?","M","?","R","E","?","T","?","$","?","R","?","R","BOSS","M","M","M"],"items_purchased_type":["Card","Card"],"build_version":"2020-12-22","purchased_purges":1,"victory":false,"max_hp_per_floor":[54,55,55,58,60,60,61,61,71,71,71,72,72,72,72,73,73,75,75,76,76],"relic_stats":{"Dream Catcher":1,"Happy Flower":[2],"counters":[10,60],"obtain_stats":[{"keyreminder:keyreminder":7,"Potion Belt":18,"Dream Catcher":4,"Anchor":16,"Pear":9,"Happy Flower":19,"SaiyanSoul":0,"Philosopher\u0027s Stone":17,"SaiyanHeart":0,"Bottled Lightning":7},{"keyreminder:keyreminder":5,"Potion Belt":8,"Dream Catcher":3,"Anchor":7,"Pear":5,"Happy Flower":9,"SaiyanSoul":0,"Philosopher\u0027s Stone":7,"SaiyanHeart":0,"Bottled Lightning":5},{"keyreminder:keyreminder":24,"Potion Belt":47,"Dream Catcher":13,"Anchor":42,"Pear":24,"Happy Flower":54,"SaiyanSoul":0,"Philosopher\u0027s Stone":42,"SaiyanHeart":0,"Bottled Lightning":24}]},"card_choices":[{"not_picked":["Saiyan:MajinSeal","Saiyan:MonkeyTail"],"picked":"Saiyan:SenzuBean","floor":0.0},{"not_picked":["Saiyan:SaiyanHubris","Saiyan:Afterimage"],"picked":"Saiyan:Honing","floor":1.0},{"not_picked":["Saiyan:PlotArmor","Saiyan:DoubleMasenko"],"picked":"Saiyan:Planning","floor":2.0},{"not_picked":["Saiyan:Twize","Saiyan:Flurry"],"picked":"Saiyan:BurningSoul","floor":4.0},{"not_picked":["Saiyan:LastResort","Saiyan:RemoveWeights"],"picked":"Saiyan:Quickening","floor":5.0},{"not_picked":["Saiyan:KiExplosion","Saiyan:BigBangAttack"],"picked":"Saiyan:MajinSeal","floor":7.0},{"not_picked":["Saiyan:FingerParry","Saiyan:Quickening","Saiyan:Endure"],"picked":"SKIP","floor":12.0},{"not_picked":["Saiyan:ReverberatingForce","Saiyan:KiExplosion"],"picked":"Saiyan:PowerUp","floor":13.0},{"not_picked":["Saiyan:TheBomb","Saiyan:GhostAttack"],"picked":"Saiyan:SuperSaiyanThree","floor":16.0},{"not_picked":["Saiyan:SaiyanHubris","Saiyan:SoulSpice"],"picked":"Saiyan:DragonFist","floor":18},{"not_picked":["Saiyan:BackAttack","Saiyan:SaiyanHubris+1"],"picked":"Saiyan:DragonFist","floor":19}],"player_experience":115813,"relics_obtained":[{"floor":4.0,"key":"Dream Catcher"},{"floor":7.0,"key":"Bottled Lightning"},{"floor":9.0,"key":"Pear"},{"floor":16.0,"key":"Anchor"},{"floor":18,"key":"Potion Belt"},{"floor":19,"key":"Happy Flower"}],"event_choices":[{"damage_healed":0.0,"max_hp_gain":0.0,"max_hp_loss":0.0,"gold_gain":75.0,"event_name":"FaceTrader","player_choice":"Touch","floor":3.0,"gold_loss":0.0,"damage_taken":5.0},{"cards_removed":["Saiyan:SAIYA_Defend"],"damage_healed":0.0,"max_hp_gain":0.0,"max_hp_loss":0.0,"gold_gain":0.0,"event_name":"The Cleric","player_choice":"Card Removal","floor":8.0,"gold_loss":50.0,"damage_taken":0.0},{"damage_healed":0.0,"max_hp_gain":0.0,"max_hp_loss":0.0,"gold_gain":0.0,"event_name":"Wheel of Change","player_choice":"Damaged","floor":10.0,"gold_loss":0.0,"damage_taken":7.0},{"cards_removed":["Saiyan:SAIYA_Strike"],"damage_healed":0.0,"max_hp_gain":0.0,"max_hp_loss":0.0,"gold_gain":0.0,"event_name":"Golden Wing","player_choice":"Card Removal","floor":14.0,"gold_loss":0.0,"damage_taken":7.0}],"is_beta":false,"boss_relics":[{"not_picked":["Astrolabe","Runic Dome"],"picked":"Philosopher\u0027s Stone"}],"items_purged_floors":[11],"is_endless":false,"potions_floor_spawned":[2,12,16,19],"killed_by":"Snake Plant","ascension_level":3}}