{"host":"08t08ld674si40tv","time":1609581168,"event":{"mods":["AchievementEnabler","BaseMod","Colored Map","Minty Spire (QoL Compilation)","StSLib","SuperFastMode"],"gold_per_floor":[117,192,209,209,209,209,209,209,209,223,223,238,250,250,250,321,321,337,252,252,265,245,276,276,292,292,322,322,354,444,463,463,537,537,553,564,786,803,822,822,822,822],"floor_reached":41,"playtime":1371,"items_purged":[],"score":870,"play_id":"beb11be7-ba54-48e3-9868-2bd04c15de89","local_time":"20210102185248","is_ascension_mode":true,"campfire_choices":[{"data":"Neutralize","floor":6.0,"key":"SMITH"},{"floor":8.0,"key":"REST"},{"data":"Blade Dance","floor":15.0,"key":"SMITH"},{"data":"Setup","floor":24.0,"key":"SMITH"},{"floor":32.0,"key":"REST"},{"data":"Adrenaline","floor":40,"key":"SMITH"}],"circlet_count":0,"master_deck":["AscendersBane","Survivor","Neutralize+1","Blade Dance+1","Heel Hook","Wraith Form v2","Footwork","Cloak And Dagger","Corpse Explosion","Grand Finale","Caltrops","Blur","Setup+1","Distraction","Wraith Form v2","Cloak And Dagger","Accuracy","Acrobatics","Calculated Gamble","Adrenaline+1","Backflip","Tactician"],"relics":["Ring of the Snake","Mercury Hourglass","Ninja Scroll","FossilizedHelix","Pandora\u0027s Box","Question Card","Toy Ornithopter","InkBottle","Red Mask","SacredBark"],"acts_visited":["Exordium","TheCity","TheBeyond"],"potions_floor_usage":[41],"damage_taken":[{"damage":6.0,"enemies":"Small Slimes","floor":1.0,"turns":3.0},{"damage":1.0,"enemies":"2 Louse","floor":3.0,"turns":3.0},{"damage":0.0,"enemies":"Cultist","floor":10.0,"turns":2.0},{"damage":6.0,"enemies":"Exordium Thugs","floor":12.0,"turns":5.0},{"damage":0.0,"enemies":"Looter","floor":13.0,"turns":3.0},{"damage":16.0,"enemies":"Slime Boss","floor":16.0,"turns":10.0},{"damage":15.0,"enemies":"Shell Parasite","floor":18.0,"turns":7.0},{"damage":0.0,"enemies":"Spheric Guardian","floor":21.0,"turns":3.0},{"damage":6.0,"enemies":"Gremlin Leader","floor":23.0,"turns":7.0},{"damage":0.0,"enemies":"Chosen and Byrds","floor":25.0,"turns":5.0},{"damage":8.0,"enemies":"Book of Stabbing","floor":27.0,"turns":5.0},{"damage":6.0,"enemies":"Masked Bandits","floor":29.0,"turns":2.0},{"damage":0.0,"enemies":"Centurion and Healer","floor":31.0,"turns":2.0},{"damage":36.0,"enemies":"Automaton","floor":33.0,"turns":10.0},{"damage":1.0,"enemies":"3 Shapes","floor":35.0,"turns":5.0},{"damage":0,"enemies":"Orb Walker","floor":36,"turns":3},{"damage":0,"enemies":"3 Darklings","floor":38,"turns":3},{"damage":2,"enemies":"Sphere and 2 Shapes","floor":39,"turns":5},{"damage":31,"enemies":"Nemesis","floor":41,"turns":9}],"seed_played":"95685493159903476","potions_obtained":[{"floor":1.0,"key":"Regen Potion"},{"floor":12.0,"key":"DuplicationPotion"},{"floor":16.0,"key":"EssenceOfSteel"},{"floor":18.0,"key":"Fire Potion"},{"floor":22.0,"key":"LiquidMemories"},{"floor":29.0,"key":"SkillPotion"},{"floor":33.0,"key":"Block Potion"},{"floor":38,"key":"LiquidMemories"}],"is_trial":false,"path_per_floor":["M","?","M","?","?","R","?","R","T","M","$","M","M","T","R","B",null,"M","$","?","M","?","E","R","M","T","E","$","?","?","M","R","B",null,"M","M","?","M","M","R","E"],"character_chosen":"THE_SILENT","items_purchased":["Accuracy"],"campfire_rested":2,"item_purchase_floors":[19],"current_hp_per_floor":[53,42,41,34,16,16,16,35,35,35,35,29,29,29,29,25,56,41,41,41,41,41,35,35,35,35,32,32,26,11,16,37,1,54,53,53,53,53,51,51,25,25],"gold":822,"neow_bonus":"REMOVE_CARD","is_daily":false,"chose_seed":false,"campfire_upgraded":4,"win_rate":0.0,"timestamp":1609581168,"path_taken":["M","?","M","?","?","R","?","R","T","M","?","M","?","?","R","BOSS","M","$","?","M","?","E","R","?","T","E","$","?","?","?","R","BOSS","M","M","?","M","M","R","E"],"items_purchased_type":["Card"],"build_version":"2020-12-22","purchased_purges":0,"victory":false,"max_hp_per_floor":[66,66,66,66,66,66,66,66,66,66,66,66,66,66,66,66,66,66,66,66,66,66,66,66,66,66,66,66,66,71,71,71,71,71,71,71,71,71,71,71,71,71],"card_choices":[{"not_picked":["Footwork","Dodge and Roll"],"picked":"Blade Dance","floor":1.0},{"not_picked":["Underhanded Strike","Quick Slash"],"picked":"Heel Hook","floor":3.0},{"not_picked":["Prepared","Noxious Fumes"],"picked":"Footwork","floor":10.0},{"not_picked":["Phantasmal Killer","Prepared"],"picked":"Cloak And Dagger","floor":12.0},{"not_picked":["Blade Dance","Deflect","Dagger Throw"],"picked":"SKIP","floor":13.0},{"not_picked":["Die Die Die","Night Terror"],"picked":"Corpse Explosion","floor":16.0},{"not_picked":["Predator","Slice","Setup"],"picked":"SKIP","floor":18.0},{"not_picked":["Dagger Throw","Cloak And Dagger"],"picked":"Acrobatics","floor":21.0},{"not_picked":["Dagger Throw+1","Cloak And Dagger","Bane"],"picked":"SKIP","floor":23.0},{"not_picked":["Deadly Poison","Underhanded Strike","Infinite Blades","Distraction"],"picked":"SKIP","floor":25.0},{"not_picked":["Bane","Deadly Poison","Outmaneuver+1","Grand Finale"],"picked":"SKIP","floor":27.0},{"not_picked":["All Out Attack+1","Poisoned Stab","Leg Sweep"],"picked":"Calculated Gamble","floor":31.0},{"not_picked":["Doppelganger","A Thousand Cuts","Envenom"],"picked":"Adrenaline","floor":33.0},{"not_picked":["Flechettes+1","Masterful Stab","Heel Hook"],"picked":"Backflip","floor":35.0},{"not_picked":["Dagger Spray+1","Outmaneuver","Dodge and Roll"],"picked":"Tactician","floor":36},{"not_picked":["Envenom","Sucker Punch","Acrobatics","PiercingWail"],"picked":"SKIP","floor":38},{"not_picked":["Underhanded Strike","Dash+1","Prepared","Dagger Spray+1"],"picked":"SKIP","floor":39}],"player_experience":191976,"relics_obtained":[{"floor":9.0,"key":"Ninja Scroll"},{"floor":14.0,"key":"FossilizedHelix"},{"floor":23.0,"key":"Question Card"},{"floor":26.0,"key":"Toy Ornithopter"},{"floor":27.0,"key":"InkBottle"},{"floor":29.0,"key":"Red Mask"}],"event_choices":[{"damage_healed":0.0,"max_hp_gain":0.0,"max_hp_loss":0.0,"gold_gain":75.0,"event_name":"World of Goop","player_choice":"Gather Gold","floor":2.0,"gold_loss":0.0,"damage_taken":11.0},{"cards_removed":["Strike_G"],"damage_healed":0.0,"max_hp_gain":0.0,"max_hp_loss":0.0,"gold_gain":0.0,"event_name":"Golden Wing","player_choice":"Card Removal","floor":4.0,"gold_loss":0.0,"damage_taken":7.0},{"damage_healed":0.0,"max_hp_gain":0.0,"max_hp_loss":0.0,"gold_gain":0.0,"event_name":"Scrap Ooze","player_choice":"Success","floor":5.0,"gold_loss":0.0,"damage_taken":18.0,"relics_obtained":["Mercury Hourglass"]},{"damage_healed":0.0,"max_hp_gain":0.0,"max_hp_loss":0.0,"gold_gain":0.0,"cards_transformed":["Strike_G"],"event_name":"Living Wall","player_choice":"Change","floor":7.0,"gold_loss":0.0,"damage_taken":0.0,"cards_obtained":["Wraith Form v2"]},{"damage_healed":0.0,"max_hp_gain":0.0,"max_hp_loss":0.0,"gold_gain":0.0,"event_name":"The Mausoleum","player_choice":"Ignored","floor":20.0,"gold_loss":0.0,"damage_taken":0.0},{"damage_healed":0.0,"max_hp_gain":0.0,"max_hp_loss":0.0,"gold_gain":0.0,"event_name":"The Woman in Blue","player_choice":"Bought 1 Potion","floor":22.0,"gold_loss":0.0,"damage_taken":0.0},{"damage_healed":0.0,"max_hp_gain":0.0,"max_hp_loss":0.0,"gold_gain":0.0,"event_name":"Masked Bandits","player_choice":"Fought Bandits","floor":29.0,"gold_loss":0.0,"damage_taken":0.0},{"damage_healed":0.0,"max_hp_gain":0.0,"max_hp_loss":0.0,"gold_gain":90.0,"event_name":"Knowing Skull","player_choice":"POTION POTION GOLD ","floor":30.0,"potions_obtained":["Fruit Juice","SmokeBomb"],"gold_loss":0.0,"damage_taken":25.0,"cards_obtained":[]},{"damage_healed":0,"gold_gain":222,"player_choice":"Wore Mask","damage_taken":0,"max_hp_gain":0,"max_hp_loss":0,"event_name":"Tomb of Lord Red Mask","floor":37,"gold_loss":0}],"is_beta":false,"boss_relics":[{"not_picked":["Empty Cage","Runic Dome"],"picked":"Pandora\u0027s Box"},{"not_picked":["Cursed Key","Sozu"],"picked":"SacredBark"}],"items_purged_floors":[],"is_endless":false,"potions_floor_spawned":[1,12,16,18,21,29,33,38],"killed_by":"Nemesis","ascension_level":19}}