{"host":"g1wmg2w41xhsnw8g","time":1609557528,"event":{"mods":["2.2 Compatiblity","Act Like it!","BaseMod","Better Altar","Better Match","Better Note","Better Sensory Stone","Better Skull","Better Third Choice","BetterRewards","Booster Modes","CapriCore","ChefMod","Clawfect","Colored Map","Colored Powertips","Curses Come First","Defuse TimeMaze Blight","Displayed Cursed Tome","Evolution","Friendly Minions","GifTheSpireLib","Googly Eyes","Hubris","Infinite Spire","Minty Spire (QoL Compilation)","Red Circlet Mod","Relic Sorter","SCP261 Mod","Shop Mod","Spicy Shops","StSLib","The Sage","Transform Curses","Wandering Minibosses","????"],"gold_per_floor":[109,121,121,114,114,133,9,33,33,33,48,48,78,78,17,106,156,902,827,838,838,1038,1063,1074,1090,1171,336,125,152,152,172,172,270,270,283,294,294,311,48,74,74,92,119,138,138,171,186,203,56,56,56],"floor_reached":50,"playtime":2845,"items_purged":[],"score":1006,"play_id":"f3b7ea0f-fa63-4524-865f-765ef79c6579","local_time":"20210101221847","is_ascension_mode":true,"campfire_choices":[{"data":"chefmod:TodaysSpecial","floor":10.0,"key":"SMITH"},{"data":"Glacier","floor":32.0,"key":"SMITH"},{"data":"Fission","floor":41.0,"key":"SMITH"},{"data":"White Noise","floor":45.0,"key":"SMITH"}],"circlet_count":3,"master_deck":["chefmod:IcePick+1","chefmod:IcePick","chefmod:IcePick","chefmod:IcePick","chefmod:IcePick","chefmod:Defend","chefmod:QuickThaw","chefmod:TodaysSpecial+1","chefmod:SliceAndDice","chefmod:FryPan","chefmod:Fillet","chefmod:LocoMoco","chefmod:Cleavers","chefmod:Tenderizer","chefmod:QuickChop","chefmod:Puree+1","chefmod:CleanHouse+1","chefmod:FrozenTuna","chefmod:CayenneCloud","chefmod:ColdSteel","Mind Blast+1","chefmod:DinoKale+1","chefmod:CuttingBoard+1","Fusion+1","Glacier+1","Buffer","chefmod:CapreseSalad","Fission+1","White Noise+1","Conserve Battery+1","chefmod:SearedScallops","Chill+1","chefmod:FullBurn+1","Redo+1"],"relics":["chefmod:OldKettle","EVO:Axolotl","MerchantsRug","Circlet","Pen Nib","chefmod:CookieJar","sagemod:Singing_Vial","Tiny House","wanderingMiniBosses:MasterThiefsPresence","Letter Opener","infinitespire:PuzzleCube","infinitespire:FocusingShard","HornCleat","Omamori","Ornamental Fan","Sling","Bronze Scales","infinitespire:Satchel","chefmod:Spatula","ClockworkSouvenir","MealTicket","Lantern","Strawberry","Whetstone"],"acts_visited":["Exordium","TheCity","TheBeyond"],"potions_floor_usage":[50,50],"damage_taken":[{"damage":3.0,"enemies":"2 Louse","floor":1.0,"turns":3.0},{"damage":8.0,"enemies":"infinitespire:Voidling","floor":2.0,"turns":4.0},{"damage":0.0,"enemies":"Small Slimes","floor":4.0,"turns":6.0},{"damage":17.0,"enemies":"3 Sentries","floor":6.0,"turns":6.0},{"damage":13.0,"enemies":"Gremlin Nob","floor":8.0,"turns":3.0},{"damage":0.0,"enemies":"Blue Slaver","floor":11.0,"turns":3.0},{"damage":13.0,"enemies":"3 Sentries","floor":13.0,"turns":4.0},{"damage":7.0,"enemies":"Slime Boss","floor":16.0,"turns":8.0},{"damage":19.0,"enemies":"Spheric Guardian","floor":18.0,"turns":6.0},{"damage":0.0,"enemies":"3 Byrds","floor":20.0,"turns":3.0},{"damage":0.0,"enemies":"Book of Stabbing","floor":23.0,"turns":3.0},{"damage":0.0,"enemies":"Centurion and Healer","floor":24.0,"turns":2.0},{"damage":0.0,"enemies":"Cultist and Chosen","floor":25.0,"turns":2.0},{"damage":0.0,"enemies":"Gremlin Leader","floor":29.0,"turns":3.0},{"damage":0.0,"enemies":"Shelled Parasite and Fungi","floor":31.0,"turns":1.0},{"damage":0.0,"enemies":"Automaton","floor":33.0,"turns":6.0},{"damage":2.0,"enemies":"3 Darklings","floor":35.0,"turns":2.0},{"damage":0.0,"enemies":"Orb Walker","floor":36.0,"turns":2.0},{"damage":0.0,"enemies":"Jaw Worm Horde","floor":38.0,"turns":1.0},{"damage":0.0,"enemies":"Reptomancer","floor":40.0,"turns":4.0},{"damage":3.0,"enemies":"Sphere and 2 Shapes","floor":42.0,"turns":2.0},{"damage":3.0,"enemies":"4 Shapes","floor":44.0,"turns":2.0},{"damage":0.0,"enemies":"Nemesis","floor":46.0,"turns":3.0},{"damage":0.0,"enemies":"Maw","floor":47.0,"turns":3.0},{"damage":25.0,"enemies":"Transient","floor":48.0,"turns":5.0},{"damage":106,"enemies":"infinitespire:MassOfShapes","floor":50,"turns":8}],"seed_played":"-8571916078437662327","potions_obtained":[{"floor":1.0,"key":"Energy Potion"},{"floor":6.0,"key":"SCP261:GirlTearsPotion"},{"floor":17.0,"key":"FearPotion"},{"floor":18.0,"key":"Regen Potion"},{"floor":23.0,"key":"Explosive Potion"},{"floor":29.0,"key":"SteroidPotion"},{"floor":33.0,"key":"BlessingOfTheForge"},{"floor":36.0,"key":"FearPotion"},{"floor":40.0,"key":"ColorlessPotion"},{"floor":46.0,"key":"GamblersBrew"},{"floor":47.0,"key":"FearPotion"},{"floor":48.0,"key":"FairyPotion"},{"floor":48.0,"key":"LiquidBronze"}],"is_trial":false,"path_per_floor":["M","M","?","M","?","E","$","E","T","R","M","$","E","?","R","B",null,"M","?","M","AVR","?","E","M","M","T","R","$","E","?","M","R","B",null,"M","M","AVR","M","$","E","R","M","T","M","R","E","M","M","R","B"],"character_chosen":"THE_CHEF","items_purchased":["MerchantsRug","chefmod:CookieJar","chefmod:QuickChop","aspiration:HummingbirdHeart","Lee\u0027s Waffle","HornCleat","Omamori","Ornamental Fan","Glacier","Sling","Bronze Scales","ClockworkSouvenir","aspiration:ChemicalBlood","chefmod:SearedScallops","Whetstone"],"campfire_rested":0,"item_purchase_floors":[0,7,7,15,27,27,27,27,27,28,28,39,39,39,49],"current_hp_per_floor":[73,65,65,65,58,41,41,28,28,28,28,28,15,15,15,8,81,62,62,77,77,77,77,77,77,77,88,88,88,88,88,88,88,88,86,86,86,86,86,86,86,83,83,80,80,87,87,62,62,0,0],"gold":56,"neow_bonus":"","is_daily":false,"chose_seed":false,"campfire_upgraded":4,"win_rate":0.0,"timestamp":1609557527,"path_taken":["M","M","?","?","?","E","$","E","T","R","M","$","E","?","R","BOSS","M","?","M","AVR","?","E","?","M","T","R","$","E","?","M","R","BOSS","M","M","AVR","M","$","E","R","M","T","?","R","E","M","M","R","BOSS"],"items_purchased_type":["Relic","Relic","Card","Undefined","Relic","Relic","Relic","Relic","Card","Relic","Relic","Relic","Undefined","Card","Relic"],"build_version":"2020-12-22","purchased_purges":0,"victory":false,"max_hp_per_floor":[76,76,76,76,76,76,76,76,76,76,76,76,76,76,76,76,81,81,81,81,81,81,81,81,81,81,88,88,88,88,88,88,88,88,88,88,88,88,88,88,88,88,88,88,88,95,95,95,95,95,95],"card_choices":[{"not_picked":["chefmod:Defrost","chefmod:LiquidNitrogen"],"picked":"chefmod:FryPan","floor":1.0},{"not_picked":["chefmod:ColdSteel","chefmod:Leftovers"],"picked":"chefmod:Fillet","floor":2.0},{"not_picked":["chefmod:NoSoupForYou","chefmod:Gelato"],"picked":"chefmod:Cleavers","floor":4.0},{"not_picked":["chefmod:Fillet","chefmod:GroceryDelivery"],"picked":"chefmod:Tenderizer","floor":6.0},{"not_picked":["chefmod:ColdSteel","chefmod:ZaruSoba","chefmod:Omelette"],"picked":"SKIP","floor":8.0},{"not_picked":["chefmod:Gelato","chefmod:CayenneCloud"],"picked":"chefmod:Puree","floor":11.0},{"not_picked":["chefmod:Defrost","chefmod:Granita"],"picked":"chefmod:CleanHouse","floor":13.0},{"not_picked":["chefmod:Mince","chefmod:BananaSplit"],"picked":"chefmod:FrozenTuna","floor":16.0},{"not_picked":["chefmod:FiveAlarmChili","chefmod:FreshProduce"],"picked":"chefmod:CayenneCloud","floor":17.0},{"not_picked":["chefmod:MonsterBait","chefmod:ZaruSoba+1"],"picked":"chefmod:ColdSteel","floor":18.0},{"not_picked":["Purity+1","Dark Shackles+1"],"picked":"Mind Blast+1","floor":19.0},{"not_picked":["chefmod:SliceAndDice+1","chefmod:ColdSteel+1"],"picked":"chefmod:DinoKale+1","floor":19.0},{"not_picked":["chefmod:SentryBrittle","chefmod:NeowNuggets","chefmod:NobStew"],"picked":"Singing Bowl","floor":20.0},{"not_picked":["chefmod:Puree","chefmod:CleanHouse","chefmod:Sorbet"],"picked":"SKIP","floor":20.0},{"not_picked":["Clawfect:ClawSnap","Hologram","Auto Shields"],"picked":"chefmod:CuttingBoard+1","floor":23.0},{"not_picked":["chefmod:Sorbet+1","Clawfect:Clawline","chefmod:Gelato+1","chefmod:FreshProduce"],"picked":"Singing Bowl","floor":24.0},{"not_picked":["Clawfect:ClawingBeam+1","chefmod:Sorbet","chefmod:SliceAndDice"],"picked":"Fusion+1","floor":25.0},{"not_picked":["Consume","Clawfect:Clawrage+1","Clawfect:ClawAndGloom"],"picked":"Buffer","floor":29.0},{"not_picked":["Clawfect:Clawrage","chefmod:FreezeSolid","Clawfect:ClawCell+1","Consume"],"picked":"SKIP","floor":31.0},{"not_picked":["chefmod:FullCourseMeal","chefmod:TwoForOne","Biased Cognition"],"picked":"Fission","floor":33.0},{"not_picked":["Lockon+1","FTL","chefmod:Escargot"],"picked":"White Noise","floor":35.0},{"not_picked":["Darkness+1","Self Repair+1","chefmod:CayenneCloud+1","chefmod:Fillet+1"],"picked":"SKIP","floor":36.0},{"not_picked":["Clawfect:ClawCell","Coolheaded+1","Clawfect:ClawSnap+1"],"picked":"Conserve Battery+1","floor":38.0},{"not_picked":["chefmod:Leftovers+1","Stack","Clawfect:ClawSnap+1","Leap+1"],"picked":"Singing Bowl","floor":40.0},{"not_picked":["chefmod:ZaruSoba+1","Clawfect:ScrapingClaw","Chaos+1"],"picked":"Chill+1","floor":42.0},{"not_picked":["chefmod:Defrost+1","Biased Cognition","Clawfect:Clawline+1","Conserve Battery+1"],"picked":"SKIP","floor":44.0},{"not_picked":["Genetic Algorithm","aspiration:Polymerization","Turbo+1"],"picked":"chefmod:FullBurn+1","floor":46.0},{"not_picked":["chefmod:PotatoGratin","Thunder Strike","Clawfect:ClawSnap","Clawfect:ClawpileDriver+1"],"picked":"Singing Bowl","floor":47.0},{"not_picked":["chefmod:SaveForLater+1","chefmod:Granita+1","Clawfect:ClawSnap+1"],"picked":"Redo+1","floor":48.0}],"player_experience":850193,"relics_obtained":[{"floor":6.0,"key":"Pen Nib"},{"floor":8.0,"key":"sagemod:Singing_Vial"},{"floor":9.0,"key":"aspiration:FrozenJewel"},{"floor":13.0,"key":"infinitespire:CheckeredPen"},{"floor":18.0,"key":"wanderingMiniBosses:MasterThiefsPresence"},{"floor":23.0,"key":"infinitespire:PuzzleCube"},{"floor":26.0,"key":"infinitespire:FocusingShard"},{"floor":29.0,"key":"infinitespire:Satchel"},{"floor":40.0,"key":"MealTicket"},{"floor":43.0,"key":"Lantern"},{"floor":46.0,"key":"Strawberry"}],"event_choices":[{"damage_healed":0.0,"max_hp_gain":0.0,"max_hp_loss":0.0,"gold_gain":0.0,"cards_transformed":["chefmod:Defend"],"event_name":"Transmorgrifier","player_choice":"Transformed","floor":3.0,"gold_loss":0.0,"damage_taken":0.0,"cards_obtained":["chefmod:LocoMoco"]},{"cards_removed":["chefmod:Defend"],"damage_healed":0.0,"max_hp_gain":0.0,"max_hp_loss":0.0,"gold_gain":0.0,"event_name":"Golden Wing","player_choice":"Card Removal","floor":5.0,"gold_loss":0.0,"damage_taken":7.0},{"damage_healed":0.0,"max_hp_gain":0.0,"max_hp_loss":0.0,"gold_gain":1.0,"event_name":"betterThird:BetterScrap","player_choice":"LEAVE","floor":14.0,"gold_loss":0.0,"damage_taken":0.0,"cards_obtained":["Reflex"]},{"damage_healed":0.0,"max_hp_gain":0.0,"max_hp_loss":0.0,"gold_gain":0.0,"event_name":"betterMatch:BetterMatch","player_choice":"2","floor":19.0,"gold_loss":0.0,"damage_taken":0.0,"cards_obtained":["betterMatch:ColorlessUncommonCard","betterMatch:CommonCard"]},{"damage_healed":0.0,"max_hp_gain":0.0,"max_hp_loss":0.0,"gold_gain":200.0,"event_name":"Wheel of Change","player_choice":"Gold","floor":22.0,"gold_loss":0.0,"damage_taken":0.0},{"cards_removed":["chefmod:CuttingBoard"],"damage_healed":0.0,"max_hp_gain":0.0,"max_hp_loss":0.0,"gold_gain":0.0,"event_name":"betterNote:BetterNote","player_choice":"Take \u0026 Give","floor":30.0,"gold_loss":0.0,"damage_taken":0.0,"cards_obtained":["chefmod:CapreseSalad"]}],"is_beta":false,"boss_relics":[{"not_picked":["Sozu","aspiration:PoetsPen"],"picked":"Tiny House"},{"not_picked":["chefmod:PepperMill","Snecko Eye"],"picked":"chefmod:OldKettle"}],"items_purged_floors":[],"is_endless":false,"potions_floor_spawned":[1,6,18,23,29,33,36,40,46,47,48],"killed_by":"infinitespire:MassOfShapes","ascension_level":1}}