{"host":"t4bl6qmmsws2mq4o","time":1609565246,"event":{"mods":["AchievementEnabler","BaseMod","Better Note","Downfall","GifTheSpireLib","Hermit","Melee Mod","Minty Spire (QoL Compilation)","Replay The Spire","StSLib","The Alterego","The Jungle","The Marked"],"gold_per_floor":[116,127,127,143,162,162,188,199,253,263,263,174,209,225,225,327,327,346,346,346,25,25,54,73,73,123,157,157,157,175,26,58,88,88,185,185,204,204,204],"floor_reached":38,"playtime":1833,"items_purged":[],"score":433,"play_id":"b27e406d-9eb9-4711-a45a-e2f05c6c91d0","local_time":"20210101212726","is_ascension_mode":false,"campfire_choices":[{"data":"meleeMod_FalconDive","floor":6.0,"key":"SMITH"},{"data":"meleeMod_EdgeGuard","floor":11.0,"key":"SMITH"},{"data":"meleeMod_Grab","floor":15.0,"key":"SMITH"},{"data":"meleeMod_Cautious","floor":25,"key":"SMITH"},{"floor":34,"key":"REST"}],"circlet_count":0,"master_deck":["meleeMod_Jab","meleeMod_Jab","meleeMod_Jab","meleeMod_Jab","meleeMod_Shield","meleeMod_Shield","meleeMod_Shield","meleeMod_Shield","meleeMod_NeutralAir","meleeMod_BackAir","meleeMod_SoftKnee","meleeMod_NeutralAir","meleeMod_FalconDive+1","meleeMod_RaptorBoost","meleeMod_ShieldPoke","meleeMod_EdgeGuard+1","meleeMod_WallJump","meleeMod_Grab+1","meleeMod_ShieldPoke","meleeMod_MindReader","meleeMod_BackAir","CommonCold","meleeMod_Cautious+1","meleeMod_SoftKnee","meleeMod_BabActivated","meleeMod_NeutralAir","expansioncontent:DarkVoid","meleeMod_RockCrock+1","meleeMod_WaveLand+1","meleeMod_SweetSpot+1","meleeMod_AirDodge+1","meleeMod_Fishing+1","meleeMod_BlueFalcon","meleeMod_L_Cancel+1"],"relics":["meleeMod_LosersMang0","Ancient Tea Set","Simple Rune","White Beast Statue","Replay:Rubber Ducky","ChewingGum","ReplayTheSpireMod:Ring of Challenge","Replay:Wax Seal","Sling","Frozen Egg 2","Nunchaku","Medical Kit","meleeMod_EvidenceZip"],"acts_visited":["Exordium","TheCity","TheBeyond"],"potions_floor_usage":[23,24,27,30,32,33,35,35,35,37],"damage_taken":[{"damage":0.0,"enemies":"2 Louse","floor":1.0,"turns":2.0},{"damage":0.0,"enemies":"Cultist","floor":2.0,"turns":3.0},{"damage":0.0,"enemies":"Small Slimes","floor":4.0,"turns":3.0},{"damage":6.0,"enemies":"Blue Slaver","floor":5.0,"turns":3.0},{"damage":18.0,"enemies":"3 Sentries","floor":7.0,"turns":8.0},{"damage":0.0,"enemies":"Lots of Slimes","floor":8.0,"turns":2.0},{"damage":2.0,"enemies":"Looter","floor":10.0,"turns":2.0},{"damage":29.0,"enemies":"Lagavulin","floor":13.0,"turns":4.0},{"damage":0.0,"enemies":"Exordium Thugs","floor":14.0,"turns":2.0},{"damage":18.0,"enemies":"The Guardian","floor":16.0,"turns":8.0},{"damage":7.0,"enemies":"Chosen","floor":18.0,"turns":4.0},{"damage":0,"enemies":"Replay:Snechameleon","floor":23,"turns":3},{"damage":0,"enemies":"Shell Parasite","floor":24,"turns":3},{"damage":21,"enemies":"Snake Plant","floor":27,"turns":3},{"damage":23,"enemies":"Sentry and Sphere","floor":30,"turns":5},{"damage":9,"enemies":"3 Cultists","floor":32,"turns":5},{"damage":1,"enemies":"Snake Plant","floor":33,"turns":4},{"damage":37,"enemies":"Automaton","floor":35,"turns":10},{"damage":17,"enemies":"Orb Walker","floor":37,"turns":4},{"damage":78,"enemies":"2 Orb Walkers","floor":38,"turns":5}],"seed_played":"-6683902491156720662","potions_obtained":[{"floor":2.0,"key":"SteroidPotion"},{"floor":4.0,"key":"Explosive Potion"},{"floor":7.0,"key":"EntropicBrew"},{"floor":10.0,"key":"AttackPotion"},{"floor":13.0,"key":"FearPotion"},{"floor":14.0,"key":"Fire Potion"},{"floor":16.0,"key":"AttackPotion"},{"floor":18.0,"key":"LiquidMemories"},{"floor":23,"key":"SpeedPotion"},{"floor":24,"key":"Weak Potion"},{"floor":27,"key":"Weak Potion"},{"floor":30,"key":"champ:CounterPotion"},{"floor":32,"key":"AttackPotion"},{"floor":33,"key":"Block Potion"},{"floor":35,"key":"Block Potion"},{"floor":37,"key":"SpeedPotion"}],"is_trial":false,"path_per_floor":["M","M","?","M","M","R","E","M","T","M","R","?","E","M","R","B",null,"M","?","?","$","?","E","M","R","T","M","PTL","PTL","M","$","M","M","R","B",null,"M","?"],"character_chosen":"FALCON","items_purchased":["Replay:Wax Seal","Sling","meleeMod_Cautious","meleeMod_SoftKnee","Medical Kit"],"campfire_rested":1,"item_purchase_floors":[21,21,21,21,31],"current_hp_per_floor":[93,93,93,93,87,87,69,69,69,67,67,67,38,38,38,35,93,86,86,86,86,86,86,86,86,86,65,65,65,42,42,33,32,59,22,93,76,0,0],"gold":204,"neow_bonus":"TEN_PERCENT_HP_BONUS","is_daily":false,"chose_seed":false,"campfire_upgraded":4,"win_rate":0.0,"timestamp":1609565246,"path_taken":["M","M","?","M","M","R","E","M","T","?","R","?","E","M","R","BOSS","M","?","?","$","?","E","M","R","T","M","PTL","PTL","?","?","M","M","R","BOSS","M","?"],"items_purchased_type":["Relic","Relic","Card","Card","Relic"],"build_version":"2020-12-22","purchased_purges":0,"victory":false,"max_hp_per_floor":[93,93,93,93,93,93,93,93,93,93,93,93,93,93,93,93,93,93,93,93,93,93,93,93,93,93,93,93,93,93,93,93,93,93,93,93,93,93,93],"card_choices":[{"not_picked":["meleeMod_BabActivated","meleeMod_SuperSpicyCurry"],"picked":"meleeMod_SoftKnee","floor":1.0},{"not_picked":["meleeMod_DIMixUp","meleeMod_Gentleman"],"picked":"meleeMod_NeutralAir","floor":2.0},{"not_picked":["meleeMod_GetUpAttack","meleeMod_ForwardTilt"],"picked":"meleeMod_FalconDive","floor":4.0},{"not_picked":["meleeMod_ForwardTilt","meleeMod_DownTilt"],"picked":"meleeMod_RaptorBoost","floor":5.0},{"not_picked":["meleeMod_DashDance","meleeMod_TeamAttackOn"],"picked":"meleeMod_ShieldPoke","floor":7.0},{"not_picked":["meleeMod_Wildfire","meleeMod_HaxDash"],"picked":"meleeMod_EdgeGuard","floor":8.0},{"not_picked":["meleeMod_RaptorBoost","meleeMod_UpAir"],"picked":"meleeMod_WallJump","floor":10.0},{"not_picked":["meleeMod_SuperMushroom","meleeMod_WaveDash"],"picked":"meleeMod_Grab","floor":13.0},{"not_picked":["meleeMod_EdgeGuard","meleeMod_NeutralAir"],"picked":"meleeMod_ShieldPoke","floor":14.0},{"not_picked":["meleeMod_SomebodyClipThat","meleeMod_HomieStock"],"picked":"meleeMod_MindReader","floor":16.0},{"not_picked":["meleeMod_SweetSpot","meleeMod_ForwardTilt"],"picked":"meleeMod_BackAir","floor":18.0},{"not_picked":["meleeMod_FireFlower","meleeMod_GetUpAttack","meleeMod_WaveLand"],"picked":"SKIP","floor":23},{"not_picked":["meleeMod_ShieldPoke","meleeMod_UnclePunch+1"],"picked":"meleeMod_RockCrock+1","floor":24},{"not_picked":["meleeMod_BabActivated+1","meleeMod_FalconPunch"],"picked":"meleeMod_WaveLand+1","floor":27},{"not_picked":["meleeMod_CrouchCancel+1","meleeMod_ShieldDrop+1"],"picked":"meleeMod_SweetSpot+1","floor":30},{"not_picked":["meleeMod_DownTilt","meleeMod_SoftKnee"],"picked":"meleeMod_AirDodge+1","floor":32},{"not_picked":["meleeMod_WallJump","meleeMod_UpTilt"],"picked":"meleeMod_Fishing+1","floor":33},{"not_picked":["meleeMod_EdgeGuard","meleeMod_IKilledMufasa+1"],"picked":"meleeMod_BlueFalcon","floor":35},{"not_picked":["meleeMod_UpAir","meleeMod_BackAir"],"picked":"meleeMod_L_Cancel+1","floor":37}],"player_experience":448498,"relics_obtained":[{"floor":7.0,"key":"Ancient Tea Set"},{"floor":9.0,"key":"Simple Rune"},{"floor":13.0,"key":"Replay:Rubber Ducky"},{"floor":19.0,"key":"ReplayTheSpireMod:Ring of Challenge"},{"floor":23,"key":"Frozen Egg 2"},{"floor":26,"key":"Nunchaku"}],"event_choices":[{"cards_removed":["meleeMod_NeutralAir"],"damage_healed":0.0,"max_hp_gain":0.0,"max_hp_loss":0.0,"gold_gain":0.0,"event_name":"betterNote:BetterNote","player_choice":"Give","floor":3.0,"gold_loss":0.0,"damage_taken":0.0,"cards_obtained":["Regret"]},{"damage_healed":0.0,"max_hp_gain":0.0,"max_hp_loss":0.0,"gold_gain":0.0,"event_name":"WeMeetAgain","player_choice":"Paid Gold","floor":12.0,"gold_loss":89.0,"damage_taken":0.0,"relics_obtained":["White Beast Statue"]},{"damage_healed":0.0,"max_hp_gain":0.0,"max_hp_loss":0.0,"gold_gain":0.0,"event_name":"Back to Basics","player_choice":"Simplicity","floor":20.0,"gold_loss":0.0,"damage_taken":0.0,"cards_upgraded":["meleeMod_Jab","meleeMod_Jab","meleeMod_Jab","meleeMod_Jab","meleeMod_Shield","meleeMod_Shield","meleeMod_Shield","meleeMod_Shield"]},{"damage_healed":0,"gold_gain":0,"player_choice":"3 cards matched","damage_taken":0,"max_hp_gain":0,"max_hp_loss":0,"event_name":"Match and Keep!","floor":22,"gold_loss":0,"cards_obtained":["meleeMod_BabActivated","meleeMod_NeutralAir","expansioncontent:DarkVoid"]},{"damage_healed":0,"gold_gain":0,"player_choice":"Fight","damage_taken":0,"max_hp_gain":0,"max_hp_loss":0,"event_name":"Mysterious Sphere","floor":38,"gold_loss":0}],"is_beta":false,"boss_relics":[{"not_picked":["Empty Cage","Replay:Wanted Poster"],"picked":"ChewingGum"},{"not_picked":["Velvet Choker","Calling Bell"],"picked":"meleeMod_EvidenceZip"}],"items_purged_floors":[],"is_endless":false,"potions_floor_spawned":[2,4,7,10,13,14,16,18,23,24,27,30,32,33,35,37],"killed_by":"2 Orb Walkers","ascension_level":0}}