{"host":"rolltorest","time":1609624708,"event":{"mods":["BaseMod","Minty Spire (QoL Compilation)","Relic Stats","Robot Space Explorer","Slay the Relics Exporter","StSLib"],"gold_per_floor":[10,10,25,41,41,41,71,71,96,96,122,122,157,170,170,267,267,286,313,15,15,114,141,141,156,156,184,184,194,194,194,194,290,290,301,301,523,537,537,568,428,428,473,491,508,519,177,177,177,177,177,177,24,51,51],"floor_reached":56,"playtime":1796,"items_purged":["RobotSpaceExplorer:Strike"],"score":1608,"play_id":"568564a3-0f2b-452c-9a47-3f3ff7ec2731","local_time":"20210102135828","is_ascension_mode":true,"campfire_choices":[{"data":"RobotSpaceExplorer:StarLightning","floor":6,"key":"SMITH"},{"data":"RobotSpaceExplorer:FrostMissile","floor":8,"key":"SMITH"},{"data":"RobotSpaceExplorer:Scan","floor":10,"key":"SMITH"},{"data":"RobotSpaceExplorer:StarLightning","floor":15,"key":"SMITH"},{"floor":24,"key":"REST"},{"data":"RobotSpaceExplorer:Autoloader","floor":30,"key":"SMITH"},{"floor":32,"key":"REST"},{"floor":42,"key":"REST"},{"floor":49,"key":"RECALL"},{"data":"RobotSpaceExplorer:Accelerator","floor":52,"key":"SMITH"}],"circlet_count":0,"master_deck":["RobotSpaceExplorer:Defend","RobotSpaceExplorer:Defend","RobotSpaceExplorer:Defend","RobotSpaceExplorer:Defend+1","RobotSpaceExplorer:Scan+1","RobotSpaceExplorer:MiniLasers+1","The Bomb+1","RobotSpaceExplorer:GearShield","RobotSpaceExplorer:FrostMissile+1","RobotSpaceExplorer:StarLightning+1","RobotSpaceExplorer:ShovelStrike+1","RobotSpaceExplorer:StarLightning+1","RobotSpaceExplorer:ScrapMissile","RobotSpaceExplorer:Autoloader+1","RobotSpaceExplorer:LaserBurst+1","RobotSpaceExplorer:ExhaustFan+1","RobotSpaceExplorer:Jetpack+1","RobotSpaceExplorer:StarDust+1","RobotSpaceExplorer:Blaster+1","RobotSpaceExplorer:Explosion+1","RobotSpaceExplorer:MetalStrike+1","RobotSpaceExplorer:StunGrenade+1","RobotSpaceExplorer:Accelerator+1","RobotSpaceExplorer:SlimeMissile+1","RobotSpaceExplorer:PlasmaMissile+1","RobotSpaceExplorer:Ammunition+1","RobotSpaceExplorer:DoubleFind","RobotSpaceExplorer:GearShield","RobotSpaceExplorer:DualCore+1","RobotSpaceExplorer:PowerCollector","RobotSpaceExplorer:GearShield"],"relics":["RobotSpaceExplorer:RoboCore","Potion Belt","MealTicket","Kunai","PreservedInsect","Astrolabe","Red Mask","Membership Card","CaptainsWheel","Enchiridion","Bag of Preparation","RobotSpaceExplorer:PlasmaHourglass","Molten Egg 2","Bird Faced Urn","Runic Dome","Turnip","Lantern","Art of War","ClockworkSouvenir","Happy Flower","FossilizedHelix","Ancient Tea Set","RobotSpaceExplorer:ClockworkSextant","Orrery","Ornamental Fan"],"acts_visited":["Exordium","TheCity","TheBeyond","TheEnding"],"potions_floor_usage":[16,40,55,55,55],"damage_taken":[{"damage":0,"enemies":"Jaw Worm","floor":1,"turns":6},{"damage":0,"enemies":"Cultist","floor":3,"turns":3},{"damage":0,"enemies":"Small Slimes","floor":4,"turns":4},{"damage":4,"enemies":"Lagavulin","floor":7,"turns":7},{"damage":23,"enemies":"3 Sentries","floor":11,"turns":4},{"damage":8,"enemies":"Gremlin Nob","floor":13,"turns":5},{"damage":0,"enemies":"Blue Slaver","floor":14,"turns":3},{"damage":16,"enemies":"The Guardian","floor":16,"turns":9},{"damage":15,"enemies":"2 Thieves","floor":18,"turns":3},{"damage":17,"enemies":"Masked Bandits","floor":19,"turns":4},{"damage":0,"enemies":"Book of Stabbing","floor":23,"turns":6},{"damage":1,"enemies":"Spheric Guardian","floor":25,"turns":4},{"damage":16,"enemies":"Slavers","floor":27,"turns":4},{"damage":0,"enemies":"Centurion and Healer","floor":29,"turns":5},{"damage":24,"enemies":"Champ","floor":33,"turns":10},{"damage":19,"enemies":"3 Darklings","floor":35,"turns":3},{"damage":11,"enemies":"3 Shapes","floor":38,"turns":4},{"damage":35,"enemies":"Reptomancer","floor":40,"turns":5},{"damage":0,"enemies":"Maw","floor":44,"turns":5},{"damage":0,"enemies":"4 Shapes","floor":45,"turns":3},{"damage":10,"enemies":"Transient","floor":46,"turns":5},{"damage":15,"enemies":"Donu and Deca","floor":50,"turns":8},{"damage":31,"enemies":"Shield and Spear","floor":54,"turns":6},{"damage":15,"enemies":"The Heart","floor":55,"turns":8}],"seed_played":"915067009438949361","potions_obtained":[{"floor":1,"key":"Swift Potion"},{"floor":7,"key":"DuplicationPotion"},{"floor":19,"key":"Swift Potion"},{"floor":29,"key":"RobotSpaceExplorer:PlasmaFlask"},{"floor":38,"key":"AttackPotion"},{"floor":40,"key":"Block Potion"},{"floor":46,"key":"SneckoOil"}],"is_trial":false,"path_per_floor":["M","?","M","M","?","R","E","R","T","R","E","?","E","M","R","B",null,"M","?","$","?","?","E","R","M","T","E","?","M","R","T","R","B",null,"M","?","?","M","?","E","$","R","T","M","M","M","$","T","R","B",null,"R","$","E","B",null],"character_chosen":"RobotSpaceExplorer","items_purchased":["Membership Card","CaptainsWheel","Art of War","RobotSpaceExplorer:StunGrenade+1","ClockworkSouvenir","RobotSpaceExplorer:PlasmaMissile+1","Happy Flower","FossilizedHelix","RobotSpaceExplorer:ClockworkSextant","Orrery"],"campfire_rested":3,"item_purchase_floors":[20,20,41,41,47,47,47,47,53,53],"current_hp_per_floor":[68,68,68,68,53,53,49,49,49,49,26,26,18,18,18,2,57,42,25,40,24,24,24,46,45,45,29,54,54,54,54,75,53,70,53,53,53,50,50,19,34,56,56,62,66,62,75,75,75,60,71,71,75,52,51],"gold":51,"neow_bonus":"RANDOM_COLORLESS_2","is_daily":false,"chose_seed":false,"campfire_upgraded":6,"win_rate":0.0,"timestamp":1609624708,"path_taken":["M","?","M","?","?","R","E","R","T","R","E","?","E","?","R","BOSS","M","?","$","?","?","E","R","?","T","E","?","M","R","?","R","BOSS","M","?","?","M","?","E","$","R","T","M","M","?","$","?","R","BOSS","R","$","E","BOSS"],"items_purchased_type":["Relic","Relic","Relic","Card","Relic","Card","Relic","Relic","Relic","Relic"],"build_version":"2020-12-18","purchased_purges":1,"victory":true,"max_hp_per_floor":[75,75,75,75,75,75,75,75,75,75,75,75,75,75,75,75,75,75,75,75,75,75,75,75,75,75,75,75,75,75,75,75,75,75,75,75,75,75,75,75,75,75,75,75,75,75,75,75,75,75,75,75,75,75,75],"relic_stats":{"Happy Flower":[7],"counters":[24,124],"Ornamental Fan":[20],"Astrolabe":["RobotSpaceExplorer:LaserBurst","RobotSpaceExplorer:ExhaustFan","RobotSpaceExplorer:Jetpack"],"Bird Faced Urn":[54],"MealTicket":47,"PreservedInsect":208,"Turnip":[5],"Bag of Preparation":[26],"Art of War":[3],"Kunai":[61],"obtain_stats":[{"RobotSpaceExplorer:ClockworkSextant":53,"Lantern":40,"RobotSpaceExplorer:PlasmaHourglass":26,"Enchiridion":21,"Bag of Preparation":23,"Ancient Tea Set":48,"ClockworkSouvenir":47,"MealTicket":9,"Red Mask":19,"Kunai":11,"Potion Belt":7,"Happy Flower":47,"Astrolabe":17,"RobotSpaceExplorer:RoboCore":0,"PreservedInsect":13,"Runic Dome":34,"CaptainsWheel":20,"Ornamental Fan":54,"Bird Faced Urn":31,"Orrery":53,"Molten Egg 2":27,"Turnip":39,"Art of War":41,"Membership Card":20,"FossilizedHelix":47},{"RobotSpaceExplorer:ClockworkSextant":22,"Lantern":18,"RobotSpaceExplorer:PlasmaHourglass":12,"Enchiridion":10,"Bag of Preparation":11,"Ancient Tea Set":21,"ClockworkSouvenir":21,"MealTicket":4,"Red Mask":10,"Kunai":5,"Potion Belt":4,"Happy Flower":21,"Astrolabe":8,"RobotSpaceExplorer:RoboCore":0,"PreservedInsect":6,"Runic Dome":15,"CaptainsWheel":10,"Ornamental Fan":23,"Bird Faced Urn":14,"Orrery":22,"Molten Egg 2":13,"Turnip":17,"Art of War":18,"Membership Card":10,"FossilizedHelix":21},{"RobotSpaceExplorer:ClockworkSextant":110,"Lantern":89,"RobotSpaceExplorer:PlasmaHourglass":58,"Enchiridion":48,"Bag of Preparation":54,"Ancient Tea Set":102,"ClockworkSouvenir":102,"MealTicket":20,"Red Mask":48,"Kunai":24,"Potion Belt":20,"Happy Flower":102,"Astrolabe":41,"RobotSpaceExplorer:RoboCore":0,"PreservedInsect":29,"Runic Dome":77,"CaptainsWheel":48,"Ornamental Fan":116,"Bird Faced Urn":67,"Orrery":110,"Molten Egg 2":62,"Turnip":84,"Art of War":89,"Membership Card":48,"FossilizedHelix":102}]},"card_choices":[{"not_picked":["Mayhem","Metamorphosis"],"picked":"The Bomb","floor":0},{"not_picked":["RobotSpaceExplorer:ScrapMissile","RobotSpaceExplorer:SurgingShield"],"picked":"RobotSpaceExplorer:GearShield","floor":1},{"not_picked":["RobotSpaceExplorer:StunGrenade","RobotSpaceExplorer:ImprovisedAttack"],"picked":"RobotSpaceExplorer:FrostMissile","floor":3},{"not_picked":["RobotSpaceExplorer:ToxicBomb","RobotSpaceExplorer:ScrapShield"],"picked":"RobotSpaceExplorer:StarLightning","floor":4},{"not_picked":["RobotSpaceExplorer:FrostMissile","RobotSpaceExplorer:Jetpack","RobotSpaceExplorer:ToxicBomb"],"picked":"SKIP","floor":7},{"not_picked":["RobotSpaceExplorer:MiniDrones","RobotSpaceExplorer:GearShield"],"picked":"RobotSpaceExplorer:ShovelStrike","floor":11},{"not_picked":["RobotSpaceExplorer:SwiftStep","RobotSpaceExplorer:Probe"],"picked":"RobotSpaceExplorer:StarLightning","floor":13},{"not_picked":["RobotSpaceExplorer:GlueSpray","RobotSpaceExplorer:MiniDrones"],"picked":"RobotSpaceExplorer:ScrapMissile","floor":14},{"not_picked":["RobotSpaceExplorer:Accelerator","RobotSpaceExplorer:Comet"],"picked":"RobotSpaceExplorer:Autoloader","floor":16},{"not_picked":["RobotSpaceExplorer:Ammunition","RobotSpaceExplorer:Probe","RobotSpaceExplorer:Pulsar"],"picked":"SKIP","floor":18},{"not_picked":["RobotSpaceExplorer:MiniDrones+1","RobotSpaceExplorer:Discharger+1"],"picked":"RobotSpaceExplorer:StarDust+1","floor":19},{"not_picked":["RobotSpaceExplorer:FreezeRay","RobotSpaceExplorer:SlimeMissile","RobotSpaceExplorer:ImprovisedAttack+1"],"picked":"SKIP","floor":23},{"not_picked":["RobotSpaceExplorer:ImprovisedAttack","RobotSpaceExplorer:FranticSearch","RobotSpaceExplorer:SlimeMissile"],"picked":"SKIP","floor":25},{"not_picked":["RobotSpaceExplorer:StarDust","RobotSpaceExplorer:MiniDrones+1"],"picked":"RobotSpaceExplorer:Blaster+1","floor":27},{"not_picked":["RobotSpaceExplorer:Jetpack+1","RobotSpaceExplorer:Calculate","RobotSpaceExplorer:ShovelStrike+1"],"picked":"SKIP","floor":29},{"not_picked":["RobotSpaceExplorer:HighVoltage+1","RobotSpaceExplorer:Multitool"],"picked":"RobotSpaceExplorer:Explosion+1","floor":33},{"not_picked":["RobotSpaceExplorer:LaserBurst+1","RobotSpaceExplorer:Counterblock+1"],"picked":"RobotSpaceExplorer:DualCore+1","floor":35},{"not_picked":["RobotSpaceExplorer:ScrapShield","RobotSpaceExplorer:StunGrenade+1","RobotSpaceExplorer:SwiftStep"],"picked":"SKIP","floor":38},{"not_picked":["RobotSpaceExplorer:ShovelStrike+1","RobotSpaceExplorer:Pulsar"],"picked":"RobotSpaceExplorer:MetalStrike+1","floor":40},{"not_picked":["RobotSpaceExplorer:PowerGlove+1","RobotSpaceExplorer:MiniDrones+1","RobotSpaceExplorer:ShockKick+1"],"picked":"SKIP","floor":44},{"not_picked":["RobotSpaceExplorer:SurgingStrike+1","RobotSpaceExplorer:ImprovisedAttack+1"],"picked":"RobotSpaceExplorer:Accelerator","floor":45},{"not_picked":["RobotSpaceExplorer:Pulsar","RobotSpaceExplorer:Blitz+1"],"picked":"RobotSpaceExplorer:SlimeMissile+1","floor":46},{"not_picked":["RobotSpaceExplorer:ScrapShield+1","RobotSpaceExplorer:ShovelStrike+1"],"picked":"RobotSpaceExplorer:Ammunition+1","floor":53},{"not_picked":["RobotSpaceExplorer:ToxicBomb+1","RobotSpaceExplorer:FrostMissile+1"],"picked":"RobotSpaceExplorer:DoubleFind","floor":53},{"not_picked":["RobotSpaceExplorer:FrostMissile+1","RobotSpaceExplorer:StarLightning+1"],"picked":"RobotSpaceExplorer:GearShield","floor":53},{"not_picked":["RobotSpaceExplorer:MiniBoosters+1","RobotSpaceExplorer:ShockKick+1"],"picked":"RobotSpaceExplorer:DualCore+1","floor":53},{"not_picked":["RobotSpaceExplorer:SurgingShield+1","RobotSpaceExplorer:ImprovisedAttack+1"],"picked":"RobotSpaceExplorer:PowerCollector","floor":53},{"not_picked":["RobotSpaceExplorer:StarLightning+1","RobotSpaceExplorer:GlueSpray"],"picked":"RobotSpaceExplorer:GearShield","floor":54}],"player_experience":1741755,"relics_obtained":[{"floor":7,"key":"Potion Belt"},{"floor":9,"key":"MealTicket"},{"floor":11,"key":"Kunai"},{"floor":13,"key":"PreservedInsect"},{"floor":19,"key":"Red Mask"},{"floor":21,"key":"Enchiridion"},{"floor":23,"key":"Bag of Preparation"},{"floor":26,"key":"RobotSpaceExplorer:PlasmaHourglass"},{"floor":27,"key":"Molten Egg 2"},{"floor":31,"key":"Bird Faced Urn"},{"floor":39,"key":"Turnip"},{"floor":40,"key":"Lantern"},{"floor":48,"key":"Ancient Tea Set"},{"floor":54,"key":"Ornamental Fan"}],"event_choices":[{"damage_healed":0,"gold_gain":0,"player_choice":"Forge","damage_taken":0,"max_hp_gain":0,"max_hp_loss":0,"event_name":"Accursed Blacksmith","floor":2,"gold_loss":0,"cards_upgraded":["The Bomb"]},{"damage_healed":0,"gold_gain":0,"player_choice":"Entered Light","damage_taken":15,"max_hp_gain":0,"max_hp_loss":0,"event_name":"Shining Light","floor":5,"gold_loss":0,"cards_upgraded":["RobotSpaceExplorer:Defend","RobotSpaceExplorer:MiniLasers"]},{"damage_healed":0,"gold_gain":0,"player_choice":"Upgraded","damage_taken":0,"max_hp_gain":0,"max_hp_loss":0,"event_name":"Upgrade Shrine","floor":12,"gold_loss":0,"cards_upgraded":["RobotSpaceExplorer:ShovelStrike"]},{"damage_healed":0,"gold_gain":0,"player_choice":"Fought Bandits","damage_taken":0,"max_hp_gain":0,"max_hp_loss":0,"event_name":"Masked Bandits","floor":19,"gold_loss":0},{"damage_healed":0,"gold_gain":0,"player_choice":"Obtained Book","damage_taken":16,"max_hp_gain":0,"max_hp_loss":0,"event_name":"Cursed Tome","floor":21,"gold_loss":0},{"damage_healed":0,"gold_gain":99,"player_choice":"Stole From Cult","damage_taken":0,"max_hp_gain":0,"max_hp_loss":0,"event_name":"Nest","floor":22,"gold_loss":0},{"damage_healed":25,"gold_gain":0,"player_choice":"Heal","damage_taken":0,"max_hp_gain":0,"max_hp_loss":0,"event_name":"The Library","floor":28,"gold_loss":0},{"cards_removed":["RobotSpaceExplorer:DualCore"],"damage_healed":0,"gold_gain":0,"player_choice":"Removed Power","damage_taken":0,"max_hp_gain":0,"max_hp_loss":0,"event_name":"Falling","floor":36,"gold_loss":0},{"damage_healed":0,"gold_gain":222,"player_choice":"Wore Mask","damage_taken":0,"max_hp_gain":0,"max_hp_loss":0,"event_name":"Tomb of Lord Red Mask","floor":37,"gold_loss":0},{"damage_healed":0,"gold_gain":0,"player_choice":"Relic","damage_taken":0,"max_hp_gain":0,"max_hp_loss":0,"event_name":"Wheel of Change","floor":39,"gold_loss":0}],"is_beta":true,"boss_relics":[{"not_picked":["Empty Cage","SlaversCollar"],"picked":"Astrolabe"},{"not_picked":["Velvet Choker","Calling Bell"],"picked":"Runic Dome"}],"items_purged_floors":[41],"is_endless":false,"potions_floor_spawned":[1,7,19,29,38,40,46],"ascension_level":6}}