{"host":"7qf1todfnxspvw7w","time":1609621835,"event":{"mods":["AchievementEnabler","BaseMod","Block Reminder","Colored Powertips","Disable Question Mark Monsters","Displayed Cursed Tome","Googly Eyes","Minty Spire (QoL Compilation)","Relic Stats","Reorder Act Four","SacredBarkPlus","Shop Mod","StSLib","Uncapped"],"gold_per_floor":[115,115,40,40,56,88,88,113,140,157,157,169,188,221,221,318,318,329,29,29,47,65,65,75,75,75,175,75,75,75],"floor_reached":29,"playtime":726,"items_purged":["Regret","Strike_R"],"score":389,"play_id":"b1efdc3a-b291-4423-8038-ad30c67ebc85","local_time":"20210103001035","is_ascension_mode":true,"campfire_choices":[{"data":"Uppercut","floor":7,"key":"SMITH"},{"data":"Flex","floor":11,"key":"SMITH"},{"floor":15,"key":"REST"},{"data":"Limit Break","floor":23,"key":"SMITH"},{"floor":25,"key":"REST"}],"circlet_count":0,"master_deck":["Strike_R","Strike_R","Strike_R","Defend_R+1","Defend_R","Defend_R","Defend_R+1","Bash","Uppercut+1","Pummel","Sword Boomerang","Flex+1","Combust","Shrug It Off","Limit Break+1","Heavy Blade","Headbutt","Rupture","Battle Trance+1"],"relics":["Burning Blood","NeowsBlessing","Anchor","Blood Vial","Shuriken","War Paint","Letter Opener","Philosopher\u0027s Stone","Prayer Wheel","Mummified Hand","Charon\u0027s Ashes","Matryoshka"],"acts_visited":["Exordium","TheCity"],"potions_floor_usage":[16,27,27,27],"damage_taken":[{"damage":0,"enemies":"Jaw Worm","floor":1,"turns":1},{"damage":0,"enemies":"Cultist","floor":5,"turns":1},{"damage":0,"enemies":"3 Sentries","floor":6,"turns":2},{"damage":41,"enemies":"Lagavulin","floor":8,"turns":6},{"damage":0,"enemies":"2 Louse","floor":10,"turns":2},{"damage":9,"enemies":"2 Fungi Beasts","floor":12,"turns":3},{"damage":1,"enemies":"Exordium Wildlife","floor":13,"turns":3},{"damage":29,"enemies":"Gremlin Nob","floor":14,"turns":4},{"damage":36,"enemies":"The Guardian","floor":16,"turns":11},{"damage":0,"enemies":"Chosen","floor":18,"turns":4},{"damage":27,"enemies":"Shell Parasite","floor":21,"turns":4},{"damage":13,"enemies":"Cultist and Chosen","floor":22,"turns":5},{"damage":36,"enemies":"Snecko","floor":24,"turns":5},{"damage":41,"enemies":"Colosseum Slavers","floor":27,"turns":6},{"damage":3,"enemies":"Colosseum Nobs","floor":27,"turns":4},{"damage":59,"enemies":"Book of Stabbing","floor":29,"turns":5}],"seed_played":"3031470675169862639","potions_obtained":[{"floor":1,"key":"ElixirPotion"},{"floor":5,"key":"Regen Potion"},{"floor":12,"key":"Energy Potion"},{"floor":13,"key":"DistilledChaos"},{"floor":18,"key":"EssenceOfSteel"},{"floor":24,"key":"BloodPotion"}],"is_trial":false,"path_per_floor":["M","?","$","?","M","E","R","E","T","M","R","M","M","E","R","B",null,"M","$","?","M","M","R","M","R","T","?","$","E"],"character_chosen":"IRONCLAD","items_purchased":["Prayer Wheel"],"campfire_rested":2,"item_purchase_floors":[19],"current_hp_per_floor":[78,78,78,78,80,80,80,45,45,53,53,52,59,38,62,34,69,77,77,77,58,53,53,25,49,49,49,49,0,0],"gold":75,"neow_bonus":"THREE_ENEMY_KILL","is_daily":false,"chose_seed":false,"campfire_upgraded":3,"win_rate":0.0,"timestamp":1609621835,"path_taken":["M","?","$","?","M","E","R","E","T","M","R","?","M","E","R","BOSS","M","$","?","M","M","R","M","R","T","?","?","E"],"items_purchased_type":["Relic"],"build_version":"2020-12-22","purchased_purges":2,"victory":false,"max_hp_per_floor":[80,80,80,80,80,80,80,80,80,80,80,80,80,80,80,80,80,80,80,80,80,80,80,80,80,80,80,80,80,80],"relic_stats":{"Blood Vial":24,"counters":[16,66],"Shuriken":[11],"Mummified Hand":[5],"Prayer Wheel":3,"Charon\u0027s Ashes":[3],"Letter Opener":[20],"War Paint":["Defend_R","Defend_R"],"obtain_stats":[{"Blood Vial":6,"Anchor":2,"Matryoshka":27,"NeowsBlessing":0,"Shuriken":8,"Mummified Hand":26,"Philosopher\u0027s Stone":17,"Prayer Wheel":19,"Charon\u0027s Ashes":27,"Letter Opener":14,"War Paint":9,"Burning Blood":0},{"Blood Vial":3,"Anchor":1,"Matryoshka":15,"NeowsBlessing":0,"Shuriken":4,"Mummified Hand":13,"Philosopher\u0027s Stone":9,"Prayer Wheel":10,"Charon\u0027s Ashes":15,"Letter Opener":8,"War Paint":4,"Burning Blood":0},{"Blood Vial":4,"Anchor":1,"Matryoshka":61,"NeowsBlessing":0,"Shuriken":10,"Mummified Hand":51,"Philosopher\u0027s Stone":33,"Prayer Wheel":37,"Charon\u0027s Ashes":61,"Letter Opener":22,"War Paint":10,"Burning Blood":0}],"Burning Blood":80},"card_choices":[{"not_picked":["Inflame","Havoc"],"picked":"Uppercut","floor":1},{"not_picked":["Entrench","Disarm"],"picked":"Pummel","floor":5},{"not_picked":["Twin Strike","Battle Trance"],"picked":"Sword Boomerang","floor":6},{"not_picked":["Thunderclap","Bloodletting","Sword Boomerang"],"picked":"SKIP","floor":8},{"not_picked":["Warcry","Dropkick"],"picked":"Flex","floor":10},{"not_picked":["Evolve","Metallicize"],"picked":"Combust","floor":12},{"not_picked":["Combust","Metallicize"],"picked":"Shrug It Off","floor":13},{"not_picked":["Carnage","Cleave","Reaper"],"picked":"SKIP","floor":14},{"not_picked":["Corruption","Bludgeon"],"picked":"Limit Break","floor":16},{"not_picked":["Flame Barrier","Clash"],"picked":"Heavy Blade","floor":18},{"not_picked":["Clash+1","Twin Strike"],"picked":"Headbutt","floor":21},{"not_picked":["Hemokinesis","True Grit","Sentinel"],"picked":"SKIP","floor":21},{"not_picked":["Wild Strike","Intimidate"],"picked":"Rupture","floor":22},{"not_picked":["Wild Strike+1","Combust","Perfected Strike+1"],"picked":"SKIP","floor":22},{"not_picked":["Intimidate","Iron Wave","Flex"],"picked":"SKIP","floor":24},{"not_picked":["Sword Boomerang","Pommel Strike+1","Wild Strike+1"],"picked":"SKIP","floor":24},{"not_picked":["Flex+1","Exhume"],"picked":"Battle Trance+1","floor":27}],"player_experience":470239,"relics_obtained":[{"floor":6,"key":"Blood Vial"},{"floor":8,"key":"Shuriken"},{"floor":9,"key":"War Paint"},{"floor":14,"key":"Letter Opener"},{"floor":26,"key":"Mummified Hand"},{"floor":27,"key":"Charon\u0027s Ashes"},{"floor":27,"key":"Matryoshka"}],"event_choices":[{"damage_healed":0,"gold_gain":0,"player_choice":"Box","damage_taken":0,"relics_obtained":["Anchor"],"max_hp_gain":0,"max_hp_loss":0,"event_name":"Big Fish","floor":2,"gold_loss":0,"cards_obtained":["Regret"]},{"damage_healed":0,"gold_gain":0,"player_choice":"0 cards matched","damage_taken":0,"max_hp_gain":0,"max_hp_loss":0,"event_name":"Match and Keep!","floor":4,"gold_loss":0,"cards_obtained":[]},{"cards_removed":["Strike_R"],"damage_healed":0,"gold_gain":0,"player_choice":"Elegance","damage_taken":0,"max_hp_gain":0,"max_hp_loss":0,"event_name":"Back to Basics","floor":20,"gold_loss":0},{"damage_healed":0,"gold_gain":0,"player_choice":"Fight","damage_taken":0,"max_hp_gain":0,"max_hp_loss":0,"event_name":"Colosseum","floor":27,"gold_loss":0},{"damage_healed":0,"gold_gain":0,"player_choice":"Fought Nobs","damage_taken":0,"max_hp_gain":0,"max_hp_loss":0,"event_name":"Colosseum","floor":27,"gold_loss":0}],"is_beta":false,"boss_relics":[{"not_picked":["Coffee Dripper","Calling Bell"],"picked":"Philosopher\u0027s Stone"}],"items_purged_floors":[3,28],"is_endless":false,"potions_floor_spawned":[1,5,12,13,14,18,24],"killed_by":"Book of Stabbing","ascension_level":9}}