{"host":"0azimyi6n3ugndj4","time":1609621166,"event":{"mods":["2.2 Compatiblity","BaseMod","Bestiary","Conspire","Curses Come First","Defuse TimeMaze Blight","Hermit","Hyrulean Relics","Infinite Spire","Minty Spire (QoL Compilation)","Relic Filter","Relic Stats","Replay The Spire","StSLib","SuperFastMode","The Cursed","Uncapped","¡¼?Úª?ø«¡½REMEMod"],"gold_per_floor":[147,177,387,387,387,387,492,492,519,579,579,654,744,27,27,243,243,273,273,273,306,306,387,387,477,477,513,591,591],"floor_reached":28,"playtime":422,"items_purged":[],"score":899,"play_id":"207a8fec-ea73-452b-8b7f-00ec86ae2a30","local_time":"20210103055926","daily_mods":["SealedDeck","Insanity","Chimera","Specialized","Vintage","ControlledChaos","Allstar","Diverse","Colorless Cards","Heirloom","Time Dilation","Flight","Elite Swarm","Lethality","Midas","Binary"],"is_ascension_mode":true,"campfire_choices":[{"floor":6,"key":"REST"},{"floor":15,"key":"REST"}],"circlet_count":0,"master_deck":["Demon Form","Wraith Form v2","DevaForm","AscendersBane","Bash","Survivor","Zap","Strike_R","Strike_G","Strike_B","Defend_R","Defend_G","Defend_P","hermit:Ricochet","Intimidate","Run Through","Collect","ReplaySort","hermit:CursedWeapon","hermit:Feint","Acrobatics","Catalyst","Flying Knee","Battle Trance","Panic Button","Headbutt","Recycle","Thunderclap","FollowUp","hermit:Vantage","ReplayTheSpireMod:Reroute Power","TheCursedMod:Stigma","Blade Dance","TheCursedMod:SpreadPlague","BootSequence","TheCursedMod:Torture","ClearTheMind","ClearTheMind","Backflip","Steam Power","hermit:ShadowCloak","Worship","Impatience","MentalFortress","Clash","Anger","hermit:TakeAim","hermit:Horror","Footwork","White Noise","TheCursedMod:VitalStrike","Steam","hermit:WideOpen","Redo","Replay:Bootleg Shield Generator","Replay:Anticipation","Panic Button","Well Laid Plans","Poisoned Stab","REME_MusicOfDeath","REME_AllRoundStrike","REME_AllRoundStrike","REME_AllRoundStrike","REME_AllRoundStrike","REME_AllRoundStrike","TheCursedMod:ReleasedStrength","hermit:BigShot","TheCursedMod:Stretching","ClearTheMind","Prostrate","CrushJoints","hermit:WideOpen","hermit:Horror","Swift Strike","Noxious Fumes","Replay:Hum"],"relics":["Burning Blood","Frozen Eye","Busted Crown","REME_ComplimentaryCards","Unceasing Top","infinitespire:CheckeredPen","Art of War","Replay:Mystery Machine","ReplayTheSpireMod:Ring of Collecting","Ring of Fury","zeldaRelics:CourageTriforce","MealTicket","zeldaRelics:BlueTunic","zeldaRelics:WisdomTriforce","Medical Kit","Shuriken","infinitespire:Broken Mirror","Empty Cage","infinitespire:Eraser","conspire:DeflatedDodgeball","Blue Doll","zeldaRelics:PowerPiece","Replay:Bandana"],"acts_visited":["Exordium","TheCity"],"potions_floor_usage":[28,28],"damage_taken":[{"damage":0,"enemies":"infinitespire:Voidling","floor":1,"turns":1},{"damage":0,"enemies":"Small Slimes","floor":2,"turns":1},{"damage":4,"enemies":"3 Sentries","floor":7,"turns":2},{"damage":12,"enemies":"conspire:RoseBush","floor":10,"turns":1},{"damage":0,"enemies":"conspire:RoseBush","floor":11,"turns":1},{"damage":0,"enemies":"Lagavulin","floor":13,"turns":1},{"damage":0,"enemies":"Hexaghost","floor":16,"turns":2},{"damage":0,"enemies":"Chosen","floor":18,"turns":1},{"damage":0,"enemies":"3 Byrds","floor":21,"turns":2},{"damage":0,"enemies":"Book of Stabbing","floor":23,"turns":1},{"damage":0,"enemies":"REME_1_Revenger","floor":25,"turns":1},{"damage":0,"enemies":"3 Cultists","floor":27,"turns":1},{"damage":81,"enemies":"conspire:HollyBat","floor":28,"turns":14}],"seed_played":"1474831410180741324","potions_obtained":[{"floor":2,"key":"LifebloodPotion"},{"floor":7,"key":"Adrenaline Potion"}],"is_trial":true,"path_per_floor":["M","M","?","?","?","R","E","?","T","M","?","?","E","$","R","B",null,"M","?","?","M","?","E","?","E","T","M","M"],"character_chosen":"IRONCLAD","items_purchased":["Medical Kit","Shuriken","infinitespire:Broken Mirror"],"campfire_rested":2,"item_purchase_floors":[14,14,14],"current_hp_per_floor":[74,75,51,51,51,73,75,75,75,69,75,64,70,75,75,75,75,75,75,75,75,71,75,75,75,75,75,0,0],"gold":591,"neow_bonus":"","is_daily":false,"chose_seed":false,"campfire_upgraded":0,"win_rate":0.0,"timestamp":1609621166,"path_taken":["M","?","?","?","?","R","E","?","T","?","?","?","E","?","R","BOSS","M","?","?","?","?","E","?","E","T","?","M"],"items_purchased_type":["Relic","Relic","Relic"],"build_version":"2020-12-22","purchased_purges":0,"victory":false,"max_hp_per_floor":[75,75,75,75,75,75,75,75,75,75,75,75,75,75,75,75,75,75,75,75,75,75,75,75,75,75,75,75,75],"relic_stats":{"Busted Crown":24,"counters":[13,29],"Shuriken":[19],"MealTicket":5,"Art of War":[0],"Medical Kit":[0],"obtain_stats":[{"zeldaRelics:BlueTunic":11,"Blue Doll":21,"Replay:Mystery Machine":3,"Empty Cage":17,"Burning Blood":0,"zeldaRelics:WisdomTriforce":25,"Frozen Eye":0,"Replay:Bandana":27,"MealTicket":10,"zeldaRelics:CouragePiece":7,"infinitespire:Eraser":18,"zeldaRelics:PowerPiece":26,"zeldaRelics:WisdomPiece":13,"infinitespire:CheckeredPen":1,"Medical Kit":14,"zeldaRelics:CourageTriforce":9,"Busted Crown":0,"Shuriken":14,"infinitespire:Broken Mirror":14,"ReplayTheSpireMod:Ring of Collecting":4,"Ring of Fury":4,"Art of War":2,"conspire:DeflatedDodgeball":20,"Unceasing Top":0,"REME_ComplimentaryCards":0},{"zeldaRelics:BlueTunic":5,"Blue Doll":9,"Replay:Mystery Machine":2,"Empty Cage":7,"Burning Blood":0,"zeldaRelics:WisdomTriforce":11,"Frozen Eye":0,"Replay:Bandana":12,"MealTicket":4,"zeldaRelics:CouragePiece":3,"infinitespire:Eraser":8,"zeldaRelics:PowerPiece":11,"zeldaRelics:WisdomPiece":6,"infinitespire:CheckeredPen":1,"Medical Kit":6,"zeldaRelics:CourageTriforce":3,"Busted Crown":0,"Shuriken":6,"infinitespire:Broken Mirror":6,"ReplayTheSpireMod:Ring of Collecting":2,"Ring of Fury":2,"Art of War":2,"conspire:DeflatedDodgeball":8,"Unceasing Top":0,"REME_ComplimentaryCards":0},{"zeldaRelics:BlueTunic":6,"Blue Doll":12,"Replay:Mystery Machine":2,"Empty Cage":9,"Burning Blood":0,"zeldaRelics:WisdomTriforce":14,"Frozen Eye":0,"Replay:Bandana":15,"MealTicket":5,"zeldaRelics:CouragePiece":4,"infinitespire:Eraser":10,"zeldaRelics:PowerPiece":14,"zeldaRelics:WisdomPiece":7,"infinitespire:CheckeredPen":1,"Medical Kit":7,"zeldaRelics:CourageTriforce":4,"Busted Crown":0,"Shuriken":7,"infinitespire:Broken Mirror":7,"ReplayTheSpireMod:Ring of Collecting":2,"Ring of Fury":2,"Art of War":2,"conspire:DeflatedDodgeball":10,"Unceasing Top":0,"REME_ComplimentaryCards":0}],"Burning Blood":35,"Unceasing Top":[0]},"card_choices":[],"player_experience":1508405,"relics_obtained":[{"floor":1,"key":"infinitespire:CheckeredPen"},{"floor":2,"key":"Art of War"},{"floor":3,"key":"Replay:Mystery Machine"},{"floor":4,"key":"ReplayTheSpireMod:Ring of Collecting"},{"floor":4,"key":"Ring of Fury"},{"floor":7,"key":"zeldaRelics:CouragePiece"},{"floor":9,"key":"zeldaRelics:CouragePiece"},{"floor":9,"key":"zeldaRelics:CouragePiece"},{"floor":10,"key":"MealTicket"},{"floor":11,"key":"zeldaRelics:BlueTunic"},{"floor":13,"key":"zeldaRelics:WisdomPiece"},{"floor":18,"key":"infinitespire:Eraser"},{"floor":21,"key":"Blue Doll"},{"floor":23,"key":"zeldaRelics:WisdomPiece"},{"floor":25,"key":"zeldaRelics:WisdomPiece"},{"floor":26,"key":"zeldaRelics:PowerPiece"},{"floor":26,"key":"zeldaRelics:PowerPiece"},{"floor":27,"key":"Replay:Bandana"}],"event_choices":[{"cards_removed":["Eruption"],"damage_healed":0,"gold_gain":0,"player_choice":"Forget","damage_taken":0,"max_hp_gain":0,"max_hp_loss":0,"event_name":"Living Wall","floor":5,"gold_loss":0},{"damage_healed":0,"gold_gain":75,"player_choice":"Gather Gold","damage_taken":11,"max_hp_gain":0,"max_hp_loss":0,"event_name":"World of Goop","floor":12,"gold_loss":0},{"cards_removed":["Crescendo"],"damage_healed":0,"gold_gain":0,"player_choice":"Elegance","damage_taken":0,"max_hp_gain":0,"max_hp_loss":0,"event_name":"Back to Basics","floor":19,"gold_loss":0},{"cards_removed":["Echo Form"],"damage_healed":0,"gold_gain":0,"player_choice":"Gave Card","damage_taken":0,"relics_obtained":["conspire:DeflatedDodgeball"],"max_hp_gain":0,"max_hp_loss":0,"event_name":"WeMeetAgain","floor":20,"gold_loss":0},{"damage_healed":0,"gold_gain":0,"player_choice":"Leave","damage_taken":0,"max_hp_gain":0,"max_hp_loss":0,"event_name":"conspire:Investor","floor":22,"gold_loss":0},{"damage_healed":15,"gold_gain":0,"player_choice":"Heal","damage_taken":0,"max_hp_gain":0,"max_hp_loss":0,"event_name":"The Library","floor":24,"gold_loss":0}],"is_beta":false,"boss_relics":[{"not_picked":["Snecko Heart","infinitespire:Burning Sword"],"picked":"Empty Cage"}],"items_purged_floors":[],"is_endless":false,"potions_floor_spawned":[2,7,10,11,16,23,25],"killed_by":"conspire:HollyBat","ascension_level":20}}