{"host":"minbhrtlkaoly5f0","time":1609569077,"event":{"mods":["Act Like it!","BaseMod","Colored Map","Colored Powertips","Minty Spire (QoL Compilation)","Quick Restart"],"gold_per_floor":[110,126,139,139,214,214,225,225,225,256,283,128,147,147,147,252,302,321,332,332,342,342,342,342],"floor_reached":23,"playtime":758,"items_purged":["Strike_B"],"score":191,"play_id":"8b5a231c-554b-4560-8b95-032cee8a9543","local_time":"20210102143117","is_ascension_mode":false,"campfire_choices":[{"floor":6,"key":"RECALL"},{"data":"Redo","floor":8,"key":"SMITH"},{"floor":15,"key":"REST"}],"circlet_count":0,"master_deck":["Strike_B","Strike_B","Defend_B","Defend_B","Defend_B","Defend_B","Zap","Dualcast","Redo+1","Compile Driver","Barrage","Cold Snap+1","Darkness","Storm","Compile Driver","Biased Cognition","Purity","Meteor Strike","Coolheaded","Sweeping Beam","Rip and Tear","Doom and Gloom","Decay"],"relics":["Cracked Core","NeowsBlessing","Bottled Lightning","Bronze Scales","Tiny House","MutagenicStrength"],"acts_visited":["Exordium","TheCity"],"potions_floor_usage":[16,16,23,23],"damage_taken":[{"damage":0,"enemies":"2 Louse","floor":1,"turns":1},{"damage":0,"enemies":"Jaw Worm","floor":2,"turns":1},{"damage":0,"enemies":"Small Slimes","floor":3,"turns":1},{"damage":3,"enemies":"Red Slaver","floor":7,"turns":3},{"damage":12,"enemies":"Gremlin Nob","floor":10,"turns":4},{"damage":18,"enemies":"2 Fungi Beasts","floor":13,"turns":3},{"damage":13,"enemies":"Slime Boss","floor":16,"turns":8},{"damage":20,"enemies":"Spheric Guardian","floor":18,"turns":4},{"damage":15,"enemies":"Chosen","floor":19,"turns":6},{"damage":18,"enemies":"Snake Plant","floor":21,"turns":5},{"damage":27,"enemies":"Gremlin Leader","floor":23,"turns":4}],"seed_played":"4211490595445314863","potions_obtained":[{"floor":1,"key":"PotionOfCapacity"},{"floor":3,"key":"ColorlessPotion"},{"floor":16,"key":"Explosive Potion"},{"floor":17,"key":"FocusPotion"},{"floor":18,"key":"DistilledChaos"},{"floor":21,"key":"Ancient Potion"}],"is_trial":false,"path_per_floor":["M","M","M","?","?","R","M","R","T","E","T","$","M","?","R","B",null,"M","M","?","M","?","E"],"character_chosen":"DEFECT","items_purchased":["Storm"],"campfire_rested":1,"item_purchase_floors":[12],"current_hp_per_floor":[75,75,75,68,57,57,54,54,54,42,42,42,24,24,46,33,80,60,45,45,27,27,0,0],"gold":342,"neow_bonus":"THREE_ENEMY_KILL","is_daily":false,"chose_seed":false,"campfire_upgraded":1,"win_rate":0.0,"timestamp":1609569077,"path_taken":["M","M","M","?","?","R","M","R","T","E","?","?","M","?","R","BOSS","M","M","?","M","?","E"],"items_purchased_type":["Card"],"build_version":"2020-12-22","purchased_purges":1,"victory":false,"max_hp_per_floor":[75,75,75,75,75,75,75,75,75,75,75,75,75,75,75,75,80,80,80,80,80,80,80,80],"card_choices":[{"not_picked":["Force Field","BootSequence"],"picked":"Redo","floor":1},{"not_picked":["Steam","Heatsinks"],"picked":"Compile Driver","floor":2},{"not_picked":["Beam Cell","Reprogram"],"picked":"Barrage","floor":3},{"not_picked":["Ball Lightning","Beam Cell"],"picked":"Cold Snap","floor":7},{"not_picked":["Coolheaded","White Noise"],"picked":"Darkness","floor":10},{"not_picked":["Redo","Cold Snap"],"picked":"Compile Driver","floor":13},{"not_picked":["Seek","Biased Cognition"],"picked":"Meteor Strike","floor":16},{"not_picked":["Beam Cell","Cold Snap"],"picked":"Coolheaded","floor":17},{"not_picked":["Auto Shields+1","Gash+1"],"picked":"Sweeping Beam","floor":18},{"not_picked":["Leap","Hologram"],"picked":"Rip and Tear","floor":19},{"not_picked":["Gash","Ball Lightning"],"picked":"Doom and Gloom","floor":21}],"player_experience":9221,"relics_obtained":[{"floor":10,"key":"Bottled Lightning"},{"floor":11,"key":"Bronze Scales"}],"event_choices":[{"cards_removed":["Strike_B"],"damage_healed":0,"gold_gain":0,"player_choice":"Card Removal","damage_taken":7,"max_hp_gain":0,"max_hp_loss":0,"event_name":"Golden Wing","floor":4,"gold_loss":0},{"damage_healed":0,"gold_gain":75,"player_choice":"Gather Gold","damage_taken":11,"max_hp_gain":0,"max_hp_loss":0,"event_name":"World of Goop","floor":5,"gold_loss":0},{"damage_healed":0,"gold_gain":0,"player_choice":"2 cards matched","damage_taken":0,"max_hp_gain":0,"max_hp_loss":0,"event_name":"Match and Keep!","floor":14,"gold_loss":0,"cards_obtained":["Biased Cognition","Purity"]},{"damage_healed":0,"gold_gain":0,"player_choice":"Inject Mutagens","damage_taken":0,"relics_obtained":["MutagenicStrength"],"max_hp_gain":0,"max_hp_loss":0,"event_name":"Drug Dealer","floor":20,"gold_loss":0},{"damage_healed":0,"gold_gain":0,"player_choice":"Smashed Altar","damage_taken":0,"max_hp_gain":0,"max_hp_loss":0,"event_name":"Forgotten Altar","floor":22,"gold_loss":0,"cards_obtained":["Decay"]}],"is_beta":false,"boss_relics":[{"not_picked":["Velvet Choker","SacredBark"],"picked":"Tiny House"}],"items_purged_floors":[12],"is_endless":false,"potions_floor_spawned":[1,3,16,18,21],"killed_by":"Gremlin Leader","ascension_level":0}}