{"host":"sfqxmtwcpkqrvrbt","time":1609610402,"event":{"mods":["AchievementEnabler","BaseMod","Minty Spire (QoL Compilation)"],"gold_per_floor":[118,393,71,21,40,40,60,95,142,170,30,44,44,58,58,163,163,179,104,104,104,104,104,129,129,129,140,155,185,22,49,49,150,150,164,177,223,223,223,223,241,241,241,151,162,162,191,37,37,62],"floor_reached":51,"playtime":2388,"items_purged":["Regret","Strike_G","Strike_G","Strike_G","Strike_G"],"score":1330,"play_id":"646ab7df-ed31-4604-a5ee-504a8292b8b6","local_time":"20210103030002","is_ascension_mode":true,"campfire_choices":[{"data":"Predator","floor":6.0,"key":"SMITH"},{"data":"Leg Sweep","floor":13.0,"key":"SMITH"},{"data":"Predator","floor":15.0,"key":"SMITH"},{"data":"Eviscerate","floor":23,"key":"SMITH"},{"data":"Leg Sweep","floor":25,"key":"SMITH"},{"data":"Underhanded Strike","floor":32,"key":"SMITH"},{"data":"Malaise","floor":40,"key":"SMITH"},{"data":"Choke","floor":42,"key":"SMITH"},{"data":"Shame","floor":49,"key":"PURGE"}],"circlet_count":0,"master_deck":["Strike_G","Defend_G","Defend_G","Defend_G","Defend_G","Defend_G","Survivor","Neutralize","Predator+1","Dagger Spray","Underhanded Strike+1","Tactician+1","Choke+1","Leg Sweep+1","Predator+1","Corpse Explosion","Leg Sweep+1","Eviscerate+1","Malaise+1","Bouncing Flask+1","Terror","Leg Sweep","Bullet Time","Eviscerate+1","Backflip+1","HandOfGreed+1"],"relics":["Snecko Eye","Membership Card","Mercury Hourglass","Strawberry","Bronze Scales","Torii","PreservedInsect","SacredBark","Art of War","Kunai","Molten Egg 2","Sling","Oddly Smooth Stone","Cursed Key","Ice Cream","Regal Pillow","Peace Pipe","MealTicket","ClockworkSouvenir"],"acts_visited":["TheCity","TheBeyond"],"potions_floor_usage":[33,37,50,50,50],"damage_taken":[{"damage":5.0,"enemies":"Cultist","floor":1.0,"turns":4.0},{"damage":6.0,"enemies":"2 Louse","floor":5.0,"turns":2.0},{"damage":4.0,"enemies":"Jaw Worm","floor":7.0,"turns":2.0},{"damage":23.0,"enemies":"Gremlin Nob","floor":8.0,"turns":4.0},{"damage":12.0,"enemies":"Lagavulin","floor":10.0,"turns":5.0},{"damage":1.0,"enemies":"Looter","floor":12.0,"turns":3.0},{"damage":0.0,"enemies":"Exordium Thugs","floor":14.0,"turns":3.0},{"damage":6.0,"enemies":"The Guardian","floor":16.0,"turns":10.0},{"damage":1.0,"enemies":"Shell Parasite","floor":18.0,"turns":3.0},{"damage":1,"enemies":"Gremlin Leader","floor":24,"turns":3},{"damage":0,"enemies":"Spheric Guardian","floor":27,"turns":3},{"damage":0,"enemies":"3 Cultists","floor":28,"turns":4},{"damage":2,"enemies":"Book of Stabbing","floor":29,"turns":4},{"damage":10,"enemies":"Gremlin Leader","floor":31,"turns":4},{"damage":20,"enemies":"Automaton","floor":33,"turns":7},{"damage":0,"enemies":"Orb Walker","floor":35,"turns":3},{"damage":0,"enemies":"3 Darklings","floor":36,"turns":2},{"damage":16,"enemies":"2 Orb Walkers","floor":37,"turns":3},{"damage":0,"enemies":"4 Shapes","floor":41,"turns":4},{"damage":0,"enemies":"Jaw Worm Horde","floor":45,"turns":2},{"damage":0,"enemies":"Reptomancer","floor":47,"turns":3},{"damage":1,"enemies":"Time Eater","floor":50,"turns":10}],"seed_played":"8503016437239698328","potions_obtained":[{"floor":1.0,"key":"Regen Potion"},{"floor":10.0,"key":"CultistPotion"},{"floor":18.0,"key":"FearPotion"},{"floor":24,"key":"Energy Potion"},{"floor":27,"key":"Block Potion"},{"floor":36,"key":"Regen Potion"},{"floor":37,"key":"Explosive Potion"}],"is_trial":false,"path_per_floor":["M","?","$","$","M","R","M","E","T","E","$","M","R","M","R","B",null,"M","$","?","?","?","R","E","R","T","M","M","E","$","E","R","B",null,"M","M","?","?","?","R","M","R","T","?","M","T","E","$","R","B",null],"character_chosen":"THE_SILENT","items_purchased":["Membership Card","Mercury Hourglass","PreservedInsect","Sling","ClockworkSouvenir","HandOfGreed+1"],"campfire_rested":0,"item_purchase_floors":[3,3,11,30,48,48],"current_hp_per_floor":[58,58,58,58,52,52,48,32,32,34,34,33,33,33,33,27,65,64,64,64,64,77,77,76,76,76,76,76,74,74,64,64,44,69,69,69,68,58,58,58,58,58,58,58,58,58,58,73,73,72],"gold":62,"neow_bonus":"BOSS_RELIC","is_daily":false,"chose_seed":false,"campfire_upgraded":8,"win_rate":0.0,"timestamp":1609610402,"path_taken":["M","?","?","$","M","R","M","E","T","E","$","?","R","M","R","BOSS","M","$","?","?","?","R","E","R","T","M","M","E","$","E","R","BOSS","M","M","?","?","?","R","M","R","T","?","?","?","E","$","R","BOSS"],"items_purchased_type":["Relic","Relic","Relic","Relic","Relic","Card"],"build_version":"2020-12-22","purchased_purges":5,"victory":true,"max_hp_per_floor":[70,70,70,70,70,70,70,77,77,77,77,77,77,77,77,77,77,77,77,77,77,77,77,77,77,77,77,77,77,77,77,77,77,77,77,77,77,77,77,77,77,77,77,77,77,77,77,77,77,77],"card_choices":[{"not_picked":["Reflex","Underhanded Strike"],"picked":"Predator","floor":1.0},{"not_picked":["Masterful Stab","Flechettes"],"picked":"Dagger Spray","floor":5.0},{"not_picked":["Dodge and Roll","Finisher"],"picked":"Underhanded Strike","floor":7.0},{"not_picked":["Skewer","Flying Knee"],"picked":"Tactician","floor":8.0},{"not_picked":["Unload","Blur"],"picked":"Choke","floor":10.0},{"not_picked":["Poisoned Stab","Underhanded Strike"],"picked":"Leg Sweep","floor":12.0},{"not_picked":["Blur","Infinite Blades"],"picked":"Predator","floor":14.0},{"not_picked":["Doppelganger","Glass Knife"],"picked":"Corpse Explosion","floor":16.0},{"not_picked":["Well Laid Plans","Masterful Stab"],"picked":"Leg Sweep","floor":18.0},{"not_picked":["Burst","Flechettes"],"picked":"Malaise","floor":24},{"not_picked":["PiercingWail","Underhanded Strike+1"],"picked":"Bouncing Flask+1","floor":27},{"not_picked":["All Out Attack","Tactician+1"],"picked":"Terror","floor":28},{"not_picked":["Bane+1","Blade Dance","Dagger Spray+1"],"picked":"SKIP","floor":29},{"not_picked":["Quick Slash+1","Slice+1"],"picked":"Leg Sweep","floor":31},{"not_picked":["Doppelganger","After Image"],"picked":"Bullet Time","floor":33},{"not_picked":["Expertise+1","Quick Slash+1","Slice+1"],"picked":"SKIP","floor":35},{"not_picked":["Dodge and Roll","Bane+1","Prepared+1"],"picked":"SKIP","floor":36},{"not_picked":["Flechettes+1","PiercingWail","Prepared+1"],"picked":"SKIP","floor":41},{"not_picked":["Flying Knee+1","Outmaneuver+1"],"picked":"Eviscerate+1","floor":45},{"not_picked":["Sucker Punch+1","Masterful Stab+1"],"picked":"Backflip+1","floor":47}],"player_experience":47392,"relics_obtained":[{"floor":8.0,"key":"Strawberry"},{"floor":9.0,"key":"Bronze Scales"},{"floor":10.0,"key":"Torii"},{"floor":24,"key":"Art of War"},{"floor":26,"key":"Kunai"},{"floor":29,"key":"Molten Egg 2"},{"floor":31,"key":"Oddly Smooth Stone"},{"floor":37,"key":"Ice Cream"},{"floor":43,"key":"Regal Pillow"},{"floor":46,"key":"Peace Pipe"},{"floor":47,"key":"MealTicket"}],"event_choices":[{"damage_healed":0.0,"max_hp_gain":0.0,"max_hp_loss":0.0,"gold_gain":275.0,"event_name":"Golden Shrine","player_choice":"Desecrate","floor":2.0,"gold_loss":0.0,"damage_taken":0.0,"cards_obtained":["Regret"]},{"damage_healed":0,"gold_gain":0,"player_choice":"Ignored","damage_taken":0,"max_hp_gain":0,"max_hp_loss":0,"event_name":"Ghosts","floor":20,"gold_loss":0},{"damage_healed":0,"gold_gain":0,"player_choice":"Read","damage_taken":0,"max_hp_gain":0,"max_hp_loss":0,"event_name":"The Library","floor":21,"gold_loss":0,"cards_obtained":["Eviscerate"]},{"damage_healed":13,"gold_gain":0,"player_choice":"Full Heal","damage_taken":0,"max_hp_gain":0,"max_hp_loss":0,"event_name":"Wheel of Change","floor":22,"gold_loss":0},{"damage_healed":0,"gold_gain":0,"player_choice":"Fight","damage_taken":0,"max_hp_gain":0,"max_hp_loss":0,"event_name":"Mysterious Sphere","floor":37,"gold_loss":0},{"damage_healed":0,"gold_gain":0,"player_choice":"Memory 3","damage_taken":10,"max_hp_gain":0,"max_hp_loss":0,"event_name":"SensoryStone","floor":38,"gold_loss":0},{"damage_healed":0,"gold_gain":0,"player_choice":"Ignored","damage_taken":0,"max_hp_gain":0,"max_hp_loss":0,"event_name":"Tomb of Lord Red Mask","floor":39,"gold_loss":0},{"cards_removed":["Normality"],"damage_healed":0,"gold_gain":0,"player_choice":"Upgrade and Remove","damage_taken":0,"max_hp_gain":0,"max_hp_loss":0,"event_name":"Designer","floor":44,"gold_loss":90,"cards_upgraded":["Tactician"]}],"is_beta":false,"boss_relics":[{"not_picked":["Ectoplasm","Busted Crown"],"picked":"SacredBark"},{"not_picked":["Astrolabe","WristBlade"],"picked":"Cursed Key"}],"items_purged_floors":[3,4,11,19,30],"is_endless":false,"potions_floor_spawned":[1,10,18,24,27,31,36,37],"ascension_level":8}}