{"host":"3i0tc1zs9k2bo7un","time":1609601936,"event":{"mods":["Act Like it!","Aspiration","BaseMod","Better Synergies","Communication Mod","Gensokyo","Minty Spire (QoL Compilation)","MostiFishMod","Quick Restart","Replay The Spire","StSLib","TestMod","[IsaacMod]ÒÔÈö¼âËþ","¡¾ÒÅÎï¿¨ÅÆ¡¿REMEMod"],"gold_per_floor":[116,116,126,143,157,157,157],"floor_reached":6,"playtime":225,"items_purged":[],"score":74,"play_id":"1664f813-2406-4a18-83ae-8c3f539d4722","local_time":"20210102233856","is_ascension_mode":true,"campfire_choices":[],"circlet_count":0,"master_deck":["AscendersBane","Strike_B","Strike_B","Defend_B","Defend_B","Defend_B","Defend_B","Zap","Dualcast","Adrenaline+1","Loop","Coolheaded","Ball Lightning","Turbo","ReplayRNGCard+1"],"relics":["Cracked Core","DaveBox","testmod-TestBox","HushsDoor","REME_ComplimentaryCards","MoneyPower","BrkXgEgg","testmod-IndustrialRevolution","SynthV:TestCard","Mango"],"acts_visited":["Gensokyo:Gensokyo"],"potions_floor_usage":[],"damage_taken":[{"damage":11,"enemies":"Gensokyo:3_Fairies","floor":1,"turns":5},{"damage":7,"enemies":"Gensokyo:Gryphon","floor":3,"turns":5},{"damage":1,"enemies":"Gensokyo:Python","floor":4,"turns":3},{"damage":21,"enemies":"Gensokyo:Kitsune","floor":5,"turns":4},{"damage":14,"enemies":"Gensokyo:Mamizou","floor":6,"turns":6}],"seed_played":"-8459632549899714101","potions_obtained":[],"is_trial":false,"path_per_floor":["M","?","M","M","M","E"],"character_chosen":"DEFECT","items_purchased":[],"campfire_rested":0,"item_purchase_floors":[],"current_hp_per_floor":[53,39,32,31,10,0,0],"gold":157,"neow_bonus":"TRANSFORM_TWO_CARDS","is_daily":false,"chose_seed":false,"campfire_upgraded":0,"win_rate":0.0,"timestamp":1609601936,"path_taken":["M","?","M","M","?","E"],"items_purchased_type":[],"build_version":"2020-12-22","purchased_purges":0,"victory":false,"max_hp_per_floor":[64,78,78,78,78,78,78],"card_choices":[{"not_picked":["Stack","ReplayTheSpireMod:Calculation Training","Rebound"],"picked":"SKIP","floor":1},{"not_picked":["Hologram","Steam","Consume","Darkness"],"picked":"Ball Lightning","floor":3},{"not_picked":["Leap","Redo","aspiration:Polymerization","Rebound"],"picked":"Turbo","floor":4},{"not_picked":["Stack","BasicCrystalCard","Streamline","Darkness"],"picked":"ReplayRNGCard+1","floor":5}],"player_experience":667720,"relics_obtained":[{"floor":1,"key":"SynthV:TestCard"}],"event_choices":[],"is_beta":false,"boss_relics":[],"items_purged_floors":[],"is_endless":false,"potions_floor_spawned":[],"killed_by":"Gensokyo:Mamizou","ascension_level":19}}