{"host":"sjo4oracihb00px1","time":1609631358,"event":{"mods":["Astrologer","BaseMod","Better Note","Colored Powertips","Defective Defect","Friendly Minions","Hermit","HololiveMod","Hubris","Jorbs\u0027s Wanderer Trilogy","Kiyohime????","Marisa????????","Minty Spire (QoL Compilation)","Quick Restart","Random Character Button","Remilia??????","Replay The Spire","Shop Mod","ShortenTheSpire","Somnambulant","StSLib","The Administrix","The Animator","The Awakened One except there are too many feathers","The Bug Knight","The Cursed","The Death Knight","The Disciple","The Gatherer","The IronCluck","The Necromancer","The Problem Sleuth","The Runesmith","The Servant 0.9.4","The Vixen","TheBandit","Waifu the Spire","Wandering Minibosses","Yuri Mod","everything is the same but u backflip on backflip","slay the spire mod where everything is the same but ironclad has a cowboy hat","thorton"],"gold_per_floor":[109,109,109,122,22,94,94,126,126,164,260,435,529,529,529,720,720,797,860,248,333,6,172,172,172,172,172,269,369,369,526,526,881,881,1085,1113,1113,1303,1303,1303,1585,1585,1585,1200,1300,1367,1416,1438,1438,1537],"floor_reached":51,"playtime":5212,"items_purged":[],"score":1344,"play_id":"d14d3200-e58d-45f0-b1de-70ea433bfe65","local_time":"20210102184918","is_ascension_mode":true,"campfire_choices":[{"data":"UpSweep","floor":7.0,"key":"SMITH"},{"data":"1","floor":15.0,"key":"LIFT"},{"floor":25.0,"key":"REST"},{"data":"2","floor":30.0,"key":"LIFT"},{"data":"3","floor":32.0,"key":"LIFT"},{"data":"EarthLightRay","floor":40,"key":"SMITH"},{"data":"MillisecondPulsars","floor":49,"key":"SMITH"}],"circlet_count":0,"master_deck":["Strike_MRS","Strike_MRS","Strike_MRS","Strike_MRS","Defend_MRS","Defend_MRS+1","Defend_MRS","Defend_MRS","MasterSpark","UpSweep+1","WitchOfGreed","Robbery+1","GrandCross","Robbery","WitchOfGreed","Doubt","GalacticHalo","EscapeVelocity","GrandCross","EventHorizon","DC+1","AbsoluteMagnitude+1","AbsoluteMagnitude+1","AsteroidBelt+1","MagicChant+1","SporeBomb","Hololive_Trident","hubris:DuctTapeCard","BlazingStar","NonDirectionalLaser","ShootingEcho","EarthLightRay+1","SprinkleStarSeal+1","Pot Of Greed","Pot Of Greed","Pot Of Greed","PropBag+1","UltimateShortwave","MillisecondPulsars+1","Pot Of Greed"],"relics":["MiniHakkero","ExperimentalFamiliar","hubris:RunicObelisk","HollowMod:StagPassRelic","Girya","yuri:PortableGlitches","hubris:SlimyHat","thethorton:GreedFountain","ClockworkSouvenir","Torii","Meat on the Bone","hubris:SphereOfDissonance","hubris:DuctTape","Nloth\u0027s Gift","hubris:DisguiseKit","Counterbalance","hubris:TerracottaHorce","hubris:Towel","Replay:Kaleidoscope","SproutingBranch","Grinning Jar","Orichalcum","Pear","HandmadeGrimoire","Eternal Feather","Lee\u0027s Waffle","Bag of Preparation","wanderingMiniBosses:Inkheart","Anchor"],"acts_visited":["Exordium","TheCity","TheBeyond"],"potions_floor_usage":[33,33,36,41,50,50,50,50,50,50],"damage_taken":[{"damage":0.0,"enemies":"Cultist","floor":1.0,"turns":3.0},{"damage":2.0,"enemies":"Jaw Worm","floor":4.0,"turns":2.0},{"damage":22.0,"enemies":"HollowMod:MossKnight","floor":6.0,"turns":10.0},{"damage":0.0,"enemies":"2 Louse","floor":8.0,"turns":1.0},{"damage":0.0,"enemies":"Looter","floor":10.0,"turns":1.0},{"damage":12.0,"enemies":"3 Sentries","floor":11.0,"turns":7.0},{"damage":0.0,"enemies":"Gremlin Nob","floor":13.0,"turns":2.0},{"damage":4.0,"enemies":"Slime Boss","floor":16.0,"turns":6.0},{"damage":2.0,"enemies":"2 Thieves","floor":18.0,"turns":2.0},{"damage":2.0,"enemies":"Shell Parasite","floor":19.0,"turns":2.0},{"damage":8.0,"enemies":"Cultist and Chosen","floor":21.0,"turns":6.0},{"damage":37.0,"enemies":"Book of Stabbing","floor":23.0,"turns":5.0},{"damage":3.0,"enemies":"Gremlin Leader","floor":28.0,"turns":5.0},{"damage":0.0,"enemies":"3 Cultists","floor":29.0,"turns":3.0},{"damage":1.0,"enemies":"Book of Stabbing","floor":31.0,"turns":3.0},{"damage":15,"enemies":"hubris:MusketHawk","floor":33,"turns":6},{"damage":13,"enemies":"3 Shapes","floor":35,"turns":4},{"damage":0,"enemies":"Orb Walker","floor":36,"turns":1},{"damage":0,"enemies":"Mind Bloom Boss Battle","floor":38,"turns":3},{"damage":17,"enemies":"Giant Head","floor":41,"turns":5},{"damage":8,"enemies":"3 Darklings","floor":45,"turns":4},{"damage":0,"enemies":"R_Hoarder","floor":46,"turns":3},{"damage":0,"enemies":"Sphere and 2 Shapes","floor":47,"turns":2},{"damage":0,"enemies":"Maw","floor":48,"turns":2},{"damage":10,"enemies":"Time Eater","floor":50,"turns":5}],"seed_played":"-8358360656980472676","potions_obtained":[{"floor":1.0,"key":"Milkshake"},{"floor":6.0,"key":"Fire Potion"},{"floor":8.0,"key":"Weak Potion"},{"floor":10.0,"key":"Block Potion"},{"floor":11.0,"key":"StarNLove"},{"floor":11.0,"key":"AttackPotion"},{"floor":13.0,"key":"Dexterity Potion"},{"floor":13.0,"key":"LiquidMemories"},{"floor":16.0,"key":"BlessingOfTheForge"},{"floor":16.0,"key":"SkillPotion"},{"floor":18.0,"key":"Swift Potion"},{"floor":21.0,"key":"ColorlessPotion"},{"floor":28.0,"key":"Energy Potion"},{"floor":29.0,"key":"ColorlessPotion"},{"floor":29.0,"key":"Ancient Potion"},{"floor":31.0,"key":"Reflective Coating"},{"floor":31.0,"key":"FearPotion"},{"floor":33,"key":"Regen Potion"},{"floor":35,"key":"Energy Potion"},{"floor":35,"key":"Ancient Potion"},{"floor":36,"key":"Weak Potion"},{"floor":41,"key":"Energy Potion"},{"floor":41,"key":"Explosive Potion"},{"floor":46,"key":"EntropicBrew"}],"is_trial":false,"path_per_floor":["M","?","?","M","$","E","R","M","T","M","E","?","E","?","R","B",null,"M","M","$","M","$","E","?","R","T","?","E","M","R","E","R","B",null,"M","M","?","?","?","R","E","$","T","$","M","E","M","M","R","B",null],"character_chosen":"MARISA","items_purchased":["Robbery+1","GrandCross","ClockworkSouvenir","Torii","DC","AbsoluteMagnitude","Meat on the Bone","MagicChant","Grinning Jar","Orichalcum","Pear","HandmadeGrimoire","Lee\u0027s Waffle","PropBag","Bag of Preparation","Dexterity Potion"],"campfire_rested":1,"item_purchase_floors":[5,5,20,20,20,20,22,22,42,42,42,42,44,44,44,44],"current_hp_per_floor":[68,68,68,66,66,44,44,44,44,44,32,32,32,32,32,28,63,61,59,59,51,51,26,26,48,48,48,45,45,45,44,44,41,67,54,54,54,54,54,54,43,2,2,92,87,92,92,92,92,90],"gold":1537,"neow_bonus":"DOUBLE_BOSS_RELIC","is_daily":false,"chose_seed":false,"campfire_upgraded":3,"win_rate":0.0,"timestamp":1609631358,"path_taken":["M","?","?","?","?","E","R","M","T","M","E","?","E","?","R","BOSS","M","?","$","M","$","E","?","R","T","?","E","M","R","E","R","BOSS","M","?","?","?","?","R","E","?","T","$","M","E","M","M","R","BOSS"],"items_purchased_type":["Card","Card","Relic","Relic","Card","Card","Relic","Card","Relic","Relic","Relic","Relic","Relic","Card","Relic","Potion"],"build_version":"2020-12-22","purchased_purges":0,"victory":true,"max_hp_per_floor":[75,75,75,75,75,75,75,75,75,75,75,75,75,75,75,75,75,75,75,75,75,75,75,75,75,75,75,75,75,75,75,75,75,75,75,75,75,75,75,75,75,85,85,92,92,92,92,92,92,92],"card_choices":[{"not_picked":["DarkMatter","DragonMeteor","IllusionStar"],"picked":"SKIP","floor":1.0},{"not_picked":["RefractionSpark","GravityBeat"],"picked":"WitchOfGreed","floor":4.0},{"not_picked":["LuminesStrike","MysteriousBeam"],"picked":"Robbery","floor":6.0},{"not_picked":["OneTimeOff","Occultation"],"picked":"WitchOfGreed","floor":8.0},{"not_picked":["EnergyRecoil","OrrerysSun"],"picked":"PowerUp","floor":10.0},{"not_picked":["SuperPerseids","RefractionSpark"],"picked":"MysteriousBeam","floor":11.0},{"not_picked":["FairyDestructionRay","DarkSpark"],"picked":"GalacticHalo","floor":13.0},{"not_picked":["BigCrunch","StarDustReverie"],"picked":"EscapeVelocity","floor":16.0},{"not_picked":["Acceleration","SuperPerseids+1"],"picked":"GrandCross","floor":18.0},{"not_picked":["WitchOfGreed","DarkSpark"],"picked":"EventHorizon","floor":19.0},{"not_picked":["GravityBeat","MilkyWay"],"picked":"AsteroidBelt+1","floor":21.0},{"not_picked":["ChargeUpSpray+1","LuminesStrike+1","DC+1"],"picked":"SKIP","floor":23.0},{"not_picked":["OrrerysSun","GasGiant+1"],"picked":"SporeBomb","floor":28.0},{"not_picked":["LuminesStrike","DarkMatter","Acceleration"],"picked":"Hololive_Trident","floor":29.0},{"not_picked":["EscapeVelocity","StarlightTyphoon","MilkyWay+1","Hololive_CocoNews"],"picked":"SKIP","floor":31.0},{"not_picked":["CasketOfStar","BinaryStars","Hololive_Nanodesu"],"picked":"BlazingStar","floor":33},{"not_picked":["UnstableBomb","DarkSpark","Hololive_RevenueBasedLive"],"picked":"NonDirectionalLaser","floor":35},{"not_picked":["Acceleration","RefractionSpark","Hololive_CallAmaneKanata"],"picked":"ShootingEcho","floor":36},{"not_picked":["SuperNova","GrandCross+1","Hololive_CallMoonaHoshinova"],"picked":"EarthLightRay","floor":38},{"not_picked":["NonDirectionalLaser","ShootTheMoon+1","Hololive_ILoveYou"],"picked":"SprinkleStarSeal+1","floor":41},{"not_picked":["Robbery","PropBag+1","Hololive_Psychosis"],"picked":"UltimateShortwave","floor":45},{"not_picked":["AbsoluteMagnitude","GravityBeat+1","Hololive_OvertimeWork"],"picked":"MillisecondPulsars","floor":46},{"not_picked":["MysteriousBeam+1","EnergyRecoil+1","ChargeUpSpray","Hololive_ASMR"],"picked":"SKIP","floor":47},{"not_picked":["ChargingUp","StarDustReverie","MysteriousBeam","Hololive_CallAkaiHaato"],"picked":"SKIP","floor":48}],"player_experience":707177,"relics_obtained":[{"floor":6.0,"key":"HollowMod:StagPassRelic"},{"floor":9.0,"key":"Girya"},{"floor":11.0,"key":"yuri:PortableGlitches"},{"floor":13.0,"key":"hubris:SlimyHat"},{"floor":23.0,"key":"hubris:SphereOfDissonance"},{"floor":26.0,"key":"hubris:DuctTape"},{"floor":28.0,"key":"hubris:DisguiseKit"},{"floor":31.0,"key":"Counterbalance"},{"floor":38,"key":"Replay:Kaleidoscope"},{"floor":41,"key":"SproutingBranch"},{"floor":43,"key":"Eternal Feather"},{"floor":45,"key":"wanderingMiniBosses:Inkheart"},{"floor":46,"key":"Anchor"}],"event_choices":[{"damage_healed":0.0,"max_hp_gain":0.0,"max_hp_loss":0.0,"gold_gain":175.0,"event_name":"Liars Game","player_choice":"AGREE","floor":12.0,"gold_loss":0.0,"damage_taken":0.0,"cards_obtained":["Doubt"]},{"damage_healed":0.0,"max_hp_gain":0.0,"max_hp_loss":0.0,"gold_gain":0.0,"event_name":"FaceTrader","player_choice":"Trade","floor":14.0,"gold_loss":0.0,"damage_taken":0.0,"relics_obtained":["CultistMask"]},{"damage_healed":0.0,"max_hp_gain":0.0,"max_hp_loss":0.0,"gold_gain":0.0,"event_name":"Vampires","player_choice":"Ignored","floor":24.0,"gold_loss":0.0,"damage_taken":0.0},{"damage_healed":0.0,"max_hp_gain":0.0,"max_hp_loss":0.0,"gold_gain":0.0,"event_name":"N\u0027loth","player_choice":"Traded Relic","floor":27.0,"relics_lost":["CultistMask"],"gold_loss":0.0,"damage_taken":0.0,"relics_obtained":["Nloth\u0027s Gift"]},{"damage_healed":0,"gold_gain":0,"player_choice":"Fight","damage_taken":0,"max_hp_gain":0,"max_hp_loss":0,"event_name":"MindBloom","floor":38,"gold_loss":0},{"damage_healed":0,"gold_gain":0,"player_choice":"Ignored","damage_taken":0,"max_hp_gain":0,"max_hp_loss":0,"event_name":"Tomb of Lord Red Mask","floor":39,"gold_loss":0}],"is_beta":false,"boss_relics":[{"not_picked":["Black Star","SlaversCollar"],"picked":"thethorton:GreedFountain"},{"not_picked":["Busted Crown","hubris:HollowSoul"],"picked":"hubris:TerracottaHorce"}],"items_purged_floors":[],"is_endless":false,"potions_floor_spawned":[1,13,16,28,29,31,36,45,46,48],"ascension_level":9}}