{"host":"lg1piimdyocafd6j","time":1609613059,"event":{"mods":["AchievementEnabler","BaseMod","Better Third Choice","BetterRewards","Colored Map","Colored Powertips","Downfall","Minty Spire (QoL Compilation)","Quick Restart","Rare Cards Sparkle","Remove Card Discount Mod","Shop Mod","StSLib","SuperFastMode"],"gold_per_floor":[110,185,185,185,200,165,193,193,193,225,74,84,84,111,111,211,261,271,282,282,294,313,313,328,176,199,229,229,229,74,92,92,189,189,205,205,223,235,235,235,150,150,174,194,194,194,194,224,224,224,224,224,122,122,122],"floor_reached":54,"playtime":3133,"items_purged":["Eruption","Strike_P","Strike_P","Strike_P","Strike_P","Omniscience","Consecrate","Vigilance","Defend_P","Brilliance"],"score":776,"play_id":"e7ba1911-957c-407b-a808-c1ad29794ccb","local_time":"20210102194419","is_ascension_mode":false,"campfire_choices":[{"data":"Pray","floor":8,"key":"SMITH"},{"floor":15,"key":"REST"},{"floor":23,"key":"RECALL"},{"floor":29,"key":"REST"},{"data":"Perseverance","floor":32,"key":"SMITH"},{"floor":45,"key":"REST"},{"floor":47,"key":"REST"},{"floor":49,"key":"REST"},{"data":"Defend_P","floor":52,"key":"SMITH"}],"circlet_count":0,"master_deck":["Defend_P","Defend_P","Defend_P+1","SignatureMove+1","Swivel","DeusExMachina","Pray+1","Brilliance+1","Brilliance","Brilliance+1","Worship","DeusExMachina","Perseverance+1","Prostrate","SignatureMove","Worship","Bandage Up"],"relics":["PureWater","Orrery","DollysMirror","Blue Candle","Sundial","HornCleat","Whetstone","Nunchaku","Tiny House","Darkstone Periapt","Bag of Preparation","Bronze Scales","Strawberry","Mummified Hand","Busted Crown","Ancient Tea Set","Orichalcum"],"acts_visited":["Exordium","TheCity","TheBeyond","TheEnding"],"potions_floor_usage":[17,48,50],"damage_taken":[{"damage":0,"enemies":"2 Louse","floor":1,"turns":1},{"damage":0,"enemies":"Small Slimes","floor":5,"turns":2},{"damage":15,"enemies":"Lagavulin","floor":7,"turns":5},{"damage":0,"enemies":"Gremlin Nob","floor":10,"turns":3},{"damage":0,"enemies":"Jaw Worm","floor":12,"turns":3},{"damage":1,"enemies":"3 Sentries","floor":14,"turns":4},{"damage":3,"enemies":"Slime Boss","floor":16,"turns":5},{"damage":0,"enemies":"Spheric Guardian","floor":18,"turns":3},{"damage":0,"enemies":"Shell Parasite","floor":19,"turns":4},{"damage":2,"enemies":"Chosen and Byrds","floor":21,"turns":4},{"damage":19,"enemies":"Shelled Parasite and Fungi","floor":22,"turns":5},{"damage":1,"enemies":"Snake Plant","floor":24,"turns":4},{"damage":20,"enemies":"Slavers","floor":27,"turns":4},{"damage":0,"enemies":"3 Cultists","floor":31,"turns":4},{"damage":32,"enemies":"Collector","floor":33,"turns":4},{"damage":22,"enemies":"3 Darklings","floor":35,"turns":5},{"damage":0,"enemies":"Orb Walker","floor":37,"turns":2},{"damage":33,"enemies":"Transient","floor":38,"turns":5},{"damage":11,"enemies":"Writhing Mass","floor":44,"turns":4},{"damage":57,"enemies":"Reptomancer","floor":48,"turns":5},{"damage":65,"enemies":"Awakened One","floor":50,"turns":9},{"damage":26,"enemies":"Shield and Spear","floor":54,"turns":3}],"seed_played":"2788620483518909486","potions_obtained":[{"floor":5,"key":"Regen Potion"},{"floor":7,"key":"BlessingOfTheForge"},{"floor":17,"key":"Fruit Juice"},{"floor":18,"key":"Weak Potion"},{"floor":31,"key":"Strength Potion"},{"floor":48,"key":"sneckomod:MuddlingPotion"}],"is_trial":false,"path_per_floor":["M","?","?","T","M","?","E","R","T","E","$","M","$","E","R","B",null,"M","M","?","M","M","R","M","$","T","E","?","R","$","M","R","B",null,"M","$","M","M","?","?","$","?","T","M","R","?","R","E","R","B",null,"R","$","E"],"character_chosen":"WATCHER","items_purchased":["Orrery","Brilliance","Pray","Brilliance","DollysMirror","SkillPotion","Whetstone","Bag of Preparation","SignatureMove","Worship","Bandage Up","EntropicBrew"],"campfire_rested":5,"item_purchase_floors":[0,0,0,0,0,0,11,25,30,30,41,53],"current_hp_per_floor":[72,61,61,61,61,72,57,57,57,57,57,57,57,56,72,69,82,82,82,82,80,61,61,60,60,60,47,47,73,73,73,73,41,89,67,67,67,34,34,34,34,34,34,27,53,53,79,38,64,3,89,89,89,63,63],"gold":122,"neow_bonus":"","is_daily":false,"chose_seed":false,"campfire_upgraded":3,"win_rate":0.0,"timestamp":1609613059,"path_taken":["M","?","?","?","?","?","E","R","T","E","?","?","$","E","R","BOSS","M","M","?","M","?","R","M","$","T","E","?","R","?","?","R","BOSS","M","$","M","M","?","?","$","?","T","?","R","?","R","E","R","BOSS","R","$","E"],"items_purchased_type":["Relic","Card","Card","Card","Relic","Potion","Relic","Relic","Card","Card","Card","Potion"],"build_version":"2020-12-22","purchased_purges":10,"victory":false,"max_hp_per_floor":[72,72,72,72,72,72,72,72,72,72,72,72,72,72,72,72,82,82,82,82,82,82,82,82,82,82,89,89,89,89,89,89,89,89,89,89,89,89,89,89,89,89,89,89,89,89,89,89,89,89,89,89,89,89,89],"card_choices":[{"not_picked":["InnerPeace","Prostrate"],"picked":"Consecrate","floor":0},{"not_picked":["FlyingSleeves","Pray"],"picked":"SignatureMove","floor":0},{"not_picked":["SashWhip","CutThroughFate"],"picked":"Swivel","floor":0},{"not_picked":["Protect","Vengeance"],"picked":"DeusExMachina","floor":0},{"not_picked":["CutThroughFate","Tantrum"],"picked":"Omniscience","floor":0},{"not_picked":["Meditate","EmptyBody","FollowUp"],"picked":"SKIP","floor":1},{"not_picked":["EmptyBody","EmptyMind","JustLucky"],"picked":"SKIP","floor":5},{"not_picked":["ClearTheMind","WindmillStrike"],"picked":"Brilliance","floor":7},{"not_picked":["BowlingBash","EmptyMind","ThirdEye"],"picked":"SKIP","floor":10},{"not_picked":["ThirdEye","TalkToTheHand","FearNoEvil"],"picked":"SKIP","floor":12},{"not_picked":["Omniscience","Vengeance"],"picked":"Worship","floor":14},{"not_picked":["Vault","Scrawl"],"picked":"DeusExMachina","floor":16},{"not_picked":["Evaluate","Crescendo"],"picked":"Perseverance","floor":18},{"not_picked":["FearNoEvil","WaveOfTheHand","CrushJoints"],"picked":"SKIP","floor":19},{"not_picked":["JustLucky","TalkToTheHand","Consecrate+1"],"picked":"SKIP","floor":21},{"not_picked":["FlurryOfBlows","Wallop","ThirdEye"],"picked":"SKIP","floor":22},{"not_picked":["Halt+1","Study"],"picked":"Prostrate","floor":24},{"not_picked":["FollowUp","Evaluate","DeceiveReality+1"],"picked":"SKIP","floor":27},{"not_picked":["FlyingSleeves","Swivel","FearNoEvil+1"],"picked":"SKIP","floor":31},{"not_picked":["CutThroughFate"],"picked":"SKIP","floor":35},{"not_picked":["CrushJoints+1"],"picked":"SKIP","floor":37},{"not_picked":["PathToVictory"],"picked":"SKIP","floor":38},{"not_picked":["FearNoEvil+1"],"picked":"SKIP","floor":44},{"not_picked":["FearNoEvil+1"],"picked":"SKIP","floor":48}],"player_experience":101178,"relics_obtained":[{"floor":7,"key":"Blue Candle"},{"floor":9,"key":"Sundial"},{"floor":10,"key":"HornCleat"},{"floor":14,"key":"Nunchaku"},{"floor":20,"key":"Darkstone Periapt"},{"floor":26,"key":"Bronze Scales"},{"floor":27,"key":"Strawberry"},{"floor":43,"key":"Ancient Tea Set"},{"floor":48,"key":"Orichalcum"}],"event_choices":[{"damage_healed":0,"gold_gain":75,"player_choice":"Gold","damage_taken":11,"max_hp_gain":0,"max_hp_loss":0,"event_name":"betterThird:BetterGoop","floor":2,"gold_loss":0},{"damage_healed":0,"gold_gain":0,"player_choice":"Ignored","damage_taken":185,"max_hp_gain":0,"max_hp_loss":0,"event_name":"betterThird:BetterSerpent","floor":3,"gold_loss":0},{"damage_healed":18,"gold_gain":0,"player_choice":"Healed","damage_taken":0,"max_hp_gain":0,"max_hp_loss":0,"event_name":"The Cleric","floor":6,"gold_loss":35},{"damage_healed":0,"gold_gain":0,"player_choice":"Relic","damage_taken":0,"max_hp_gain":0,"max_hp_loss":0,"event_name":"Wheel of Change","floor":20,"gold_loss":0},{"damage_healed":0,"gold_gain":0,"player_choice":"Gave Potion","damage_taken":0,"relics_obtained":["Mummified Hand"],"max_hp_gain":0,"max_hp_loss":0,"event_name":"WeMeetAgain","floor":28,"gold_loss":0},{"damage_healed":0,"gold_gain":0,"player_choice":"Memory 1","damage_taken":0,"max_hp_gain":0,"max_hp_loss":0,"event_name":"SensoryStone","floor":39,"gold_loss":0},{"damage_healed":0,"gold_gain":0,"player_choice":"Ignored","damage_taken":0,"max_hp_gain":0,"max_hp_loss":0,"event_name":"Mysterious Sphere","floor":40,"gold_loss":0},{"damage_healed":0,"gold_gain":0,"player_choice":"Ignored","damage_taken":0,"max_hp_gain":0,"max_hp_loss":0,"event_name":"Purifier","floor":42,"gold_loss":0},{"damage_healed":0,"gold_gain":0,"player_choice":"0 cards matched","damage_taken":0,"max_hp_gain":0,"max_hp_loss":0,"event_name":"Match and Keep!","floor":46,"gold_loss":0,"cards_obtained":[]}],"is_beta":false,"boss_relics":[{"not_picked":["HolyWater","Cursed Key"],"picked":"Tiny House"},{"not_picked":["Empty Cage","Philosopher\u0027s Stone"],"picked":"Busted Crown"}],"items_purged_floors":[0,0,0,0,0,11,11,25,25,30],"is_endless":false,"potions_floor_spawned":[5,7,10,18,24,31,48],"killed_by":"Shield and Spear","ascension_level":0}}