{"host":"nhy906g2ja00jpid","time":1609574460,"event":{"mods":["BaseMod","Marisa£®ÏF”Í°°ƒß¿Ì…≥£©","Minty Spire (QoL Compilation)","Permanent Neow","Quick Restart","Relic Stats","UnlockEverythingMod"],"gold_per_floor":[117,136,169,169,200,200,248,248,322,365,443,511,583,610,610,759,759,846,327,327,346,246,310,310,407,433,433,433,471,538,637,637,780,780,844,127,196,196,261,261,314,434,434,434,434,284,378,541,541,583,583],"floor_reached":50,"playtime":1907,"items_purged":["Strike_MRS","Strike_MRS","Strike_MRS","Strike_MRS"],"score":690,"play_id":"f9a5d158-70b5-4200-a329-03e4c75425c7","local_time":"20210102160100","is_ascension_mode":false,"campfire_choices":[{"data":"MasterSpark","floor":6.0,"key":"SMITH"},{"data":"WitchOfGreed","floor":8.0,"key":"SMITH"},{"data":"OortCloud","floor":15.0,"key":"SMITH"},{"data":"CasketOfStar","floor":24.0,"key":"SMITH"},{"data":"MillisecondPulsars","floor":32.0,"key":"SMITH"},{"data":"DeepEcoloBomb","floor":40.0,"key":"SMITH"},{"data":"Acceleration","floor":45,"key":"SMITH"},{"floor":49,"key":"RECALL"}],"circlet_count":0,"master_deck":["Defend_MRS","Defend_MRS","Defend_MRS","Defend_MRS","MasterSpark+1","UpSweep","MillisecondPulsars+1","GrandCross","WitchOfGreed+1","SporeBomb","Robbery","OortCloud+1","CasketOfStar+1","AsteroidBelt","MeteoricShower","Acceleration+1","UltimateShortwave","6A","DeepEcoloBomb+1","Acceleration+1","FairyDestructionRay+1","GalacticHalo+1"],"relics":["MiniHakkero","Torii","InkBottle","Lantern","PreservedInsect","Cursed Key","Question Card","OrangePellets","Boot","StrikeDummy","Pocketwatch","Philosopher\u0027s Stone","SimpleLauncher","HandmadeGrimoire","Akabeko","MagicBroom"],"acts_visited":["Exordium","TheCity","TheBeyond"],"potions_floor_usage":[47],"damage_taken":[{"damage":2.0,"enemies":"2 Louse","floor":1.0,"turns":2.0},{"damage":1.0,"enemies":"Cultist","floor":2.0,"turns":3.0},{"damage":11.0,"enemies":"Jaw Worm","floor":3.0,"turns":4.0},{"damage":9.0,"enemies":"Blue Slaver","floor":5.0,"turns":3.0},{"damage":3.0,"enemies":"Lagavulin","floor":7.0,"turns":5.0},{"damage":11.0,"enemies":"Large Slime","floor":10.0,"turns":5.0},{"damage":11.0,"enemies":"Gremlin Nob","floor":11.0,"turns":3.0},{"damage":1.0,"enemies":"2 Fungi Beasts","floor":12.0,"turns":6.0},{"damage":0.0,"enemies":"Looter","floor":13.0,"turns":5.0},{"damage":3.0,"enemies":"The Guardian","floor":16.0,"turns":11.0},{"damage":6.0,"enemies":"Chosen","floor":18.0,"turns":6.0},{"damage":7.0,"enemies":"3 Byrds","floor":21.0,"turns":6.0},{"damage":9.0,"enemies":"Gremlin Leader","floor":23.0,"turns":5.0},{"damage":2.0,"enemies":"Book of Stabbing","floor":25.0,"turns":4.0},{"damage":0.0,"enemies":"Snake Plant","floor":29.0,"turns":3.0},{"damage":0.0,"enemies":"Gremlin Leader","floor":30.0,"turns":4.0},{"damage":0.0,"enemies":"Collector","floor":33.0,"turns":7.0},{"damage":34.0,"enemies":"3 Shapes","floor":35.0,"turns":4.0},{"damage":1.0,"enemies":"3 Darklings","floor":37.0,"turns":5.0},{"damage":0.0,"enemies":"4 Shapes","floor":39.0,"turns":7.0},{"damage":0.0,"enemies":"Writhing Mass","floor":41.0,"turns":4.0},{"damage":0.0,"enemies":"Transient","floor":42.0,"turns":5.0},{"damage":0,"enemies":"Reptomancer","floor":47,"turns":3},{"damage":0,"enemies":"2 Orb Walkers","floor":48,"turns":2},{"damage":54,"enemies":"Time Eater","floor":50,"turns":5}],"seed_played":"-3686176883967199831","potions_obtained":[{"floor":1.0,"key":"FearPotion"},{"floor":3.0,"key":"Weak Potion"},{"floor":3.0,"key":"DistilledChaos"},{"floor":5.0,"key":"Fruit Juice"},{"floor":5.0,"key":"SteroidPotion"},{"floor":7.0,"key":"ColorlessPotion"},{"floor":10.0,"key":"Energy Potion"},{"floor":11.0,"key":"GamblersBrew"},{"floor":12.0,"key":"EssenceOfSteel"},{"floor":13.0,"key":"GamblersBrew"},{"floor":13.0,"key":"DistilledChaos"},{"floor":16.0,"key":"BlessingOfTheForge"},{"floor":16.0,"key":"Regen Potion"},{"floor":18.0,"key":"Block Potion"},{"floor":23.0,"key":"Strength Potion"},{"floor":25.0,"key":"LiquidMemories"},{"floor":30.0,"key":"BottledSpark"},{"floor":33.0,"key":"FearPotion"},{"floor":35.0,"key":"Regen Potion"},{"floor":39.0,"key":"SmokeBomb"},{"floor":39.0,"key":"Swift Potion"},{"floor":41.0,"key":"Swift Potion"},{"floor":42.0,"key":"FearPotion"},{"floor":47,"key":"LiquidBronze"},{"floor":48,"key":"Ancient Potion"}],"is_trial":false,"path_per_floor":["M","M","M","?","M","R","E","R","T","M","E","M","M","T","R","B",null,"M","$","?","M","$","E","R","E","T","?","T","M","E","?","R","B",null,"M","$","M","?","M","R","M","M","T","?","R","$","E","?","R","B"],"character_chosen":"MARISA","items_purchased":["Question Card","AsteroidBelt","OrangePellets","SimpleLauncher","HandmadeGrimoire","DeepEcoloBomb"],"campfire_rested":0,"item_purchase_floors":[19,19,19,36,36,36],"current_hp_per_floor":[52,51,40,40,36,36,33,33,33,22,11,10,10,10,10,7,80,74,74,74,79,79,70,70,68,68,68,68,68,68,68,68,68,80,46,46,45,45,45,45,54,54,54,54,54,54,54,54,54,0,0],"gold":583,"neow_bonus":"THREE_RARE_CARDS","is_daily":false,"chose_seed":false,"campfire_upgraded":7,"win_rate":0.0,"timestamp":1609574460,"path_taken":["M","M","M","?","M","R","E","R","T","M","E","?","M","?","R","BOSS","M","$","?","M","$","E","R","E","T","?","?","M","E","?","R","BOSS","M","$","M","?","M","R","M","M","T","?","R","$","E","?","R","BOSS"],"items_purchased_type":["Relic","Card","Relic","Relic","Relic","Card"],"build_version":"2020-12-22","purchased_purges":4,"victory":false,"max_hp_per_floor":[75,75,75,75,80,80,80,80,80,80,80,80,80,80,80,80,80,80,80,80,80,80,80,80,80,80,80,80,80,80,80,80,80,80,80,80,80,80,80,80,80,80,80,80,80,80,80,80,80,80,80],"relic_stats":{"OrangePellets":[3],"Torii":24,"counters":[25,117],"PreservedInsect":190,"Cursed Key":1,"Question Card":14,"Boot":[79],"obtain_stats":[{"Lantern":11,"MagicBroom":48,"Torii":7,"PreservedInsect":14,"Cursed Key":17,"Question Card":19,"Boot":23,"Akabeko":47,"OrangePellets":19,"Philosopher\u0027s Stone":34,"HandmadeGrimoire":36,"MiniHakkero":0,"StrikeDummy":25,"InkBottle":9,"SimpleLauncher":36,"Pocketwatch":30},{"Lantern":7,"MagicBroom":24,"Torii":5,"PreservedInsect":9,"Cursed Key":10,"Question Card":11,"Boot":13,"Akabeko":23,"OrangePellets":11,"Philosopher\u0027s Stone":17,"HandmadeGrimoire":18,"MiniHakkero":0,"StrikeDummy":14,"InkBottle":5,"SimpleLauncher":18,"Pocketwatch":16},{"Lantern":25,"MagicBroom":112,"Torii":17,"PreservedInsect":36,"Cursed Key":47,"Question Card":53,"Boot":64,"Akabeko":110,"OrangePellets":53,"Philosopher\u0027s Stone":82,"HandmadeGrimoire":86,"MiniHakkero":0,"StrikeDummy":68,"InkBottle":17,"SimpleLauncher":86,"Pocketwatch":75}],"InkBottle":[45],"Pocketwatch":[21]},"card_choices":[{"not_picked":["EscapeVelocity","BinaryStars"],"picked":"MillisecondPulsars","floor":0.0},{"not_picked":["PropBag","GalacticHalo"],"picked":"GrandCross","floor":1.0},{"not_picked":["DoubleSpark","MagicAbsorber"],"picked":"WitchOfGreed","floor":2.0},{"not_picked":["MysteriousBeam","MagicAbsorber","WitchOfGreed"],"picked":"SKIP","floor":3.0},{"not_picked":["MysteriousBeam","MagicAbsorber","WitchOfGreed"],"picked":"SKIP","floor":3.0},{"not_picked":["MilkyWay","MysteriousBeam"],"picked":"SporeBomb","floor":5.0},{"not_picked":["ChargingUp","GravityBeat","MilkyWay"],"picked":"SKIP","floor":7.0},{"not_picked":["EnergyRecoil","MachineGunSpark"],"picked":"Robbery","floor":10.0},{"not_picked":["BlazingStar","LuminesStrike"],"picked":"OortCloud","floor":11.0},{"not_picked":["NonDirectionalLaser","LuminesStrike","MilkyWay"],"picked":"SKIP","floor":12.0},{"not_picked":["DC","OrrerysSun","MysteriousBeam"],"picked":"SKIP","floor":13.0},{"not_picked":["MillisecondPulsars","SuperNova"],"picked":"CasketOfStar","floor":16.0},{"not_picked":["OneTimeOff+1","DoubleSpark","MeteoricShower"],"picked":"SKIP","floor":18.0},{"not_picked":["AsteroidBelt","MilkyWay","GravityBeat+1","DarkMatter"],"picked":"SKIP","floor":21.0},{"not_picked":["GasGiant+1","WitchLeyline+1","MysteriousBeam","GravityBeat"],"picked":"SKIP","floor":23.0},{"not_picked":["MeteoricShower","GrandCross","ChargingUp","MagicAbsorber"],"picked":"SKIP","floor":25.0},{"not_picked":["SprinkleStarSeal","SporeBomb+1","MilkyWay"],"picked":"Acceleration","floor":29.0},{"not_picked":["ManaConvection","MysteriousBeam+1","IllusionStar","CasketOfStar"],"picked":"SKIP","floor":30.0},{"not_picked":["JA","MillisecondPulsars","BinaryStars"],"picked":"UltimateShortwave","floor":33.0},{"not_picked":["PropBag","GasGiant","GrandCross+1"],"picked":"6A","floor":35.0},{"not_picked":["NonDirectionalLaser+1","OpenUniverse","DoubleSpark+1"],"picked":"Acceleration+1","floor":37.0},{"not_picked":["DarkSpark+1","EnergyFlow","Orbital"],"picked":"FairyDestructionRay+1","floor":39.0},{"not_picked":["ManaConvection+1","ShootingEcho","PowerUp+1","NonDirectionalLaser"],"picked":"SKIP","floor":41.0},{"not_picked":["AlicesGift","PowerUp","EnergyFlow+1"],"picked":"GalacticHalo+1","floor":42.0},{"not_picked":["UnstableBomb+1","BlazeAway","SuperPerseids+1","DoubleSpark+1"],"picked":"SKIP","floor":47}],"player_experience":114776,"relics_obtained":[{"floor":7.0,"key":"Torii"},{"floor":9.0,"key":"InkBottle"},{"floor":11.0,"key":"Lantern"},{"floor":14.0,"key":"PreservedInsect"},{"floor":23.0,"key":"Boot"},{"floor":25.0,"key":"StrikeDummy"},{"floor":30.0,"key":"Pocketwatch"},{"floor":47,"key":"Akabeko"},{"floor":48,"key":"MagicBroom"}],"event_choices":[{"damage_healed":0.0,"max_hp_gain":0.0,"max_hp_loss":0.0,"gold_gain":0.0,"event_name":"NoteForYourself","player_choice":"Ignored","floor":4.0,"gold_loss":0.0,"damage_taken":0.0},{"damage_healed":0.0,"max_hp_gain":0.0,"max_hp_loss":0.0,"gold_gain":0.0,"event_name":"The Library","player_choice":"Read","floor":20.0,"gold_loss":0.0,"damage_taken":0.0,"cards_obtained":["MeteoricShower"]},{"cards_removed":["Regret"],"damage_healed":0.0,"max_hp_gain":0.0,"max_hp_loss":0.0,"gold_gain":0.0,"event_name":"Back to Basics","player_choice":"Elegance","floor":27.0,"gold_loss":0.0,"damage_taken":0.0},{"damage_healed":0.0,"max_hp_gain":0.0,"max_hp_loss":0.0,"gold_gain":99.0,"event_name":"Nest","player_choice":"Stole From Cult","floor":31.0,"gold_loss":0.0,"damage_taken":0.0},{"damage_healed":0.0,"max_hp_gain":0.0,"max_hp_loss":0.0,"gold_gain":0.0,"event_name":"SensoryStone","player_choice":"Memory 1","floor":38.0,"gold_loss":0.0,"damage_taken":0.0},{"damage_healed":0,"gold_gain":0,"player_choice":"Ignored","damage_taken":0,"max_hp_gain":0,"max_hp_loss":0,"event_name":"Tomb of Lord Red Mask","floor":44,"gold_loss":0},{"damage_healed":0,"gold_gain":0,"player_choice":"Fight","damage_taken":0,"max_hp_gain":0,"max_hp_loss":0,"event_name":"Mysterious Sphere","floor":48,"gold_loss":0}],"is_beta":false,"boss_relics":[{"not_picked":["SacredBark","Busted Crown"],"picked":"Cursed Key"},{"not_picked":["Snecko Eye","Runic Dome"],"picked":"Philosopher\u0027s Stone"}],"items_purged_floors":[19,22,36,46],"is_endless":false,"potions_floor_spawned":[1,3,5,13,16,23,25,39,42],"killed_by":"Time Eater","ascension_level":0}}