{"host":"ormi09wwzv7sq47a","time":1609604687,"event":{"mods":["2.2 Compatiblity","AchievementEnabler","Act Like it!","BaseMod","Bestiary","Better Altar","Better Note","Better Sensory Stone","Better Skull","Better Third Choice","Better Vampires","BetterRewards","Block Reminder","Card Forge","Colored Map","Colored Powertips","Curses Come First","DeckTracker","Downfall","Highlight Path","Minty Spire (QoL Compilation)","Permanent Neow","Quick Restart","Rare Cards Sparkle","Relic Stats","Shop Mod","StSLib","The Jungle","The Servant 0.9.4"],"gold_per_floor":[118,118,136,149,163,163,189,189,189,114,26,46,58,75,75,153,153,168,168,68,68,68,68,97,111,111,25,25,58,58,72,72,143,143,156,169,169,169,248,276,294,294,294,310,185,185,211,221,221,221],"floor_reached":51,"playtime":3207,"items_purged":["Guardian:Strike_Guardian","Guardian:Defend_Guardian","Guardian:Aged"],"score":1820,"play_id":"4d79bec4-a50f-4b97-a724-a2768c886871","local_time":"20210102132447","is_ascension_mode":true,"campfire_choices":[{"data":"Guardian:CurlUp","floor":6.0,"key":"SMITH"},{"data":"Guardian:SentryBeam","floor":8.0,"key":"SMITH"},{"floor":15.0,"key":"REST"},{"data":"Guardian:CrystalBeam","floor":23.0,"key":"SMITH"},{"data":"Guardian:RefractedBeam+1","floor":28.0,"key":"SMITH"},{"data":"Guardian:RefractedBeam+2","floor":30.0,"key":"SMITH"},{"data":"Guardian:SpikerProtocol","floor":32.0,"key":"SMITH"},{"data":"Guardian:RefractedBeam+3","floor":42.0,"key":"SMITH"},{"data":"Guardian:RefractedBeam+4","floor":49,"key":"SMITH"}],"circlet_count":0,"master_deck":["AscendersBane","Guardian:Strike_Guardian+1","Guardian:Defend_Guardian","Guardian:CurlUp+1","Guardian:TwinSlam+1","Guardian:ShieldCharger+1","Guardian:Recover+1","Guardian:SentryBeam+1","Guardian:Planning+1","Guardian:BronzeArmor+1","Guardian:RefractedBeam+5","Guardian:CompilePackage+1","Guardian:CrystalBeam+1","Guardian:Recover+1","Guardian:PrismaticBarrier+1","Guardian:Emergency+1","Guardian:GemFire","Guardian:MultiBeam","Deep Breath+1","Master of Strategy+1","Guardian:TemporalShield+1","Guardian:TemporalShield+1","Guardian:PrismaticBarrier+1","Guardian:PiercingHide+1"],"relics":["Guardian:ModeShifterPlus","Hammer of Thor","Seething Fire","Anvil of the Gods","Toxic Egg 2","Happy Flower","Letter Opener","Snecko Eye","Guardian:PocketSentry","Meat on the Bone","Whetstone","Eternal Feather","Guardian:StasisEgg","Question Card","StrikeDummy","Gremlin Horn"],"acts_visited":["Exordium","TheCity","TheBeyond"],"potions_floor_usage":[],"damage_taken":[{"damage":3.0,"enemies":"Small Slimes","floor":1.0,"turns":5.0},{"damage":1.0,"enemies":"2 Louse","floor":3.0,"turns":3.0},{"damage":0.0,"enemies":"Jaw Worm","floor":4.0,"turns":3.0},{"damage":1.0,"enemies":"Exordium Wildlife","floor":5.0,"turns":4.0},{"damage":13.0,"enemies":"3 Sentries","floor":7.0,"turns":7.0},{"damage":10.0,"enemies":"Large Slime","floor":12.0,"turns":4.0},{"damage":0.0,"enemies":"Blue Slaver","floor":13.0,"turns":3.0},{"damage":0.0,"enemies":"3 Louse","floor":14.0,"turns":2.0},{"damage":17.0,"enemies":"Hexaghost","floor":16.0,"turns":9.0},{"damage":6.0,"enemies":"Shell Parasite","floor":18.0,"turns":4.0},{"damage":0.0,"enemies":"Gremlin Leader","floor":24.0,"turns":5.0},{"damage":0.0,"enemies":"Chosen","floor":25.0,"turns":2.0},{"damage":2.0,"enemies":"Book of Stabbing","floor":29.0,"turns":4.0},{"damage":2.0,"enemies":"Sentry and Sphere","floor":31.0,"turns":4.0},{"damage":0.0,"enemies":"Automaton","floor":33.0,"turns":7.0},{"damage":0.0,"enemies":"Orb Walker","floor":35.0,"turns":2.0},{"damage":6.0,"enemies":"3 Shapes","floor":36.0,"turns":3.0},{"damage":66.0,"enemies":"Giant Head","floor":40.0,"turns":9.0},{"damage":8.0,"enemies":"Maw","floor":41.0,"turns":8.0},{"damage":0.0,"enemies":"3 Darklings","floor":44.0,"turns":3.0},{"damage":13,"enemies":"Reptomancer","floor":47,"turns":4},{"damage":0,"enemies":"4 Shapes","floor":48,"turns":4},{"damage":20,"enemies":"Awakened One","floor":50,"turns":9}],"seed_played":"-1657611482726342720","potions_obtained":[{"floor":4.0,"key":"AttackPotion"},{"floor":7.0,"key":"DuplicationPotion"},{"floor":12.0,"key":"Guardian:DefensiveModePotion"},{"floor":13.0,"key":"DistilledChaos"},{"floor":14.0,"key":"Block Potion"},{"floor":18.0,"key":"champ:CounterPotion"},{"floor":25.0,"key":"EssenceOfSteel"},{"floor":29.0,"key":"FairyPotion"},{"floor":40.0,"key":"Guardian:AcceleratePotion"},{"floor":41.0,"key":"SpeedPotion"},{"floor":48,"key":"LiquidMemories"}],"is_trial":false,"path_per_floor":["M","?","M","M","M","R","E","R","T","?","$","M","M","M","R","B",null,"M","?","$","?","?","R","E","M","T","$","R","E","R","M","R","B",null,"M","M","?","?","T","E","M","R","T","M","$","?","E","M","R","B",null],"character_chosen":"GUARDIAN","items_purchased":["Toxic Egg 2","Guardian:ShieldCharger+1","Guardian:RefractedBeam","Guardian:Gem_White"],"campfire_rested":1,"item_purchase_floors":[0,0,11,27],"current_hp_per_floor":[62,40,39,39,38,38,25,25,25,25,25,15,15,15,36,19,59,53,53,53,53,37,37,37,37,37,37,37,47,56,54,63,63,70,70,64,64,64,64,33,37,52,52,52,52,52,39,39,54,46],"gold":221,"neow_bonus":"","is_daily":false,"chose_seed":false,"campfire_upgraded":8,"win_rate":0.0,"timestamp":1609604687,"path_taken":["M","?","M","M","M","R","E","R","T","?","?","M","?","M","R","BOSS","M","?","$","?","?","R","E","M","T","$","R","E","R","M","R","BOSS","M","M","?","?","?","E","M","R","T","M","$","?","E","?","R","BOSS"],"items_purchased_type":["Relic","Card","Card","Card"],"build_version":"2020-12-22","purchased_purges":3,"victory":true,"max_hp_per_floor":[72,72,72,72,72,72,72,72,72,72,72,72,72,72,72,72,72,72,72,72,72,72,72,72,72,72,72,72,72,72,72,72,72,72,72,72,72,72,72,72,72,72,72,72,72,72,72,72,72,72],"relic_stats":{"Happy Flower":[28],"Gremlin Horn":[5,5],"counters":[260,1204],"Snecko Eye":[110,125,113,136],"Eternal Feather":48,"Letter Opener":[343],"Whetstone":["Guardian:RefractedBeam"],"Question Card":4,"obtain_stats":[{"Guardian:StasisEgg":37,"Ginger":0,"Whetstone":26,"Sling":0,"Guardian:PickAxe":14,"Blood Vial":23,"Sundial":30,"MealTicket":0,"Kunai":53,"MerchantsRug":21,"Blue Candle":0,"Eternal Feather":9,"Pen Nib":44,"Guardian:PocketSentry":6,"Akabeko":0,"MutagenicStrength":22,"Bird Faced Urn":0,"Snecko Eye":17,"Pandora\u0027s Box":34,"StrikeDummy":43,"Unceasing Top":7,"Guardian:StasisSlotReductionRelic":17,"Lantern":29,"Torii":12,"Singing Bowl":21,"Guardian:StasisCodex":54,"StoneCalendar":38,"Bag of Preparation":21,"Ancient Tea Set":26,"Smiling Mask":30,"Cursed Key":17,"Matryoshka":9,"Shovel":40,"InkBottle":47,"Lee\u0027s Waffle":0,"Golden Idol":13,"PreservedInsect":17,"Omamori":46,"Seething Fire":0,"Frozen Egg 2":9,"MawBank":9,"betterThird:SlimedRelic":2,"Turnip":0,"Art of War":48,"Bottled Lightning":26,"hexamod:BolsterEngine":13,"Toy Ornithopter":44,"Calipers":30,"Gremlin Horn":26,"Nilry\u0027s Codex":25,"Vajra":31,"Guardian:SackOfGems":23,"Hammer of Thor":0,"Lizard Tail":0,"Centennial Puzzle":29,"HornCleat":22,"DollysMirror":31,"Strawberry":10,"Prayer Wheel":17,"Philosopher\u0027s Stone":34,"Toxic Egg 2":29,"Girya":10,"Happy Flower":54,"Astrolabe":17,"Dead Branch":0,"Guardian:ModeShifter":0,"Oddly Smooth Stone":37,"Letter Opener":9,"War Paint":9,"Question Card":40,"OrangePellets":0,"Bottled Flame":26,"Shuriken":26,"Anvil of the Gods":0,"Bronze Scales":0,"Black Star":34,"Nloth\u0027s Gift":22,"Pocketwatch":7,"Meat on the Bone":24,"Darkstone Periapt":17,"Guardian:ModeShifterPlus":34,"Incense Burner":7,"Juzu Bracelet":7,"Dream Catcher":14,"Nunchaku":0,"Mummified Hand":8,"Tiny Chest":25,"Orichalcum":43,"Medical Kit":0,"White Beast Statue":21,"Mercury Hourglass":45,"Calling Bell":17,"Peace Pipe":0,"Guardian:StasisUpgradeRelic":53,"CaptainsWheel":9,"Anchor":9,"Bag of Marbles":48,"Membership Card":21,"FossilizedHelix":38,"TungstenRod":26},{"Guardian:StasisEgg":218,"Ginger":39,"Whetstone":249,"Sling":39,"Guardian:PickAxe":24,"Blood Vial":51,"Sundial":12,"MealTicket":171,"Kunai":109,"MerchantsRug":96,"Blue Candle":136,"Eternal Feather":44,"Pen Nib":35,"Guardian:PocketSentry":44,"Akabeko":84,"MutagenicStrength":180,"Bird Faced Urn":225,"Snecko Eye":246,"Pandora\u0027s Box":14,"StrikeDummy":256,"Unceasing Top":69,"Guardian:StasisSlotReductionRelic":7,"Lantern":29,"Torii":143,"Singing Bowl":209,"Guardian:StasisCodex":65,"StoneCalendar":189,"Bag of Preparation":96,"Ancient Tea Set":28,"Smiling Mask":99,"Cursed Key":177,"Matryoshka":194,"Shovel":220,"InkBottle":37,"Lee\u0027s Waffle":162,"Golden Idol":5,"PreservedInsect":25,"Omamori":106,"Seething Fire":0,"Frozen Egg 2":89,"MawBank":204,"betterThird:SlimedRelic":40,"Turnip":66,"Art of War":133,"Bottled Lightning":10,"hexamod:BolsterEngine":45,"Toy Ornithopter":105,"Calipers":124,"Gremlin Horn":52,"Nilry\u0027s Codex":149,"Vajra":30,"Guardian:SackOfGems":210,"Hammer of Thor":0,"Lizard Tail":17,"Centennial Puzzle":53,"HornCleat":50,"DollysMirror":99,"Strawberry":90,"Prayer Wheel":25,"Philosopher\u0027s Stone":186,"Toxic Egg 2":215,"Girya":80,"Happy Flower":110,"Astrolabe":47,"Dead Branch":111,"Guardian:ModeShifter":0,"Oddly Smooth Stone":32,"Letter Opener":242,"War Paint":69,"Question Card":255,"OrangePellets":111,"Bottled Flame":123,"Shuriken":97,"Anvil of the Gods":0,"Bronze Scales":162,"Black Star":100,"Nloth\u0027s Gift":209,"Pocketwatch":116,"Meat on the Bone":248,"Darkstone Periapt":25,"Guardian:ModeShifterPlus":55,"Incense Burner":4,"Juzu Bracelet":168,"Dream Catcher":6,"Nunchaku":66,"Mummified Hand":141,"Tiny Chest":123,"Orichalcum":34,"Medical Kit":66,"White Beast Statue":96,"Mercury Hourglass":157,"Calling Bell":25,"Peace Pipe":76,"Guardian:StasisUpgradeRelic":109,"CaptainsWheel":4,"Anchor":21,"Bag of Marbles":63,"Membership Card":96,"FossilizedHelix":58,"TungstenRod":212},{"Guardian:StasisEgg":983,"Ginger":211,"Whetstone":1148,"Sling":211,"Guardian:PickAxe":121,"Blood Vial":270,"Sundial":61,"MealTicket":775,"Kunai":521,"MerchantsRug":476,"Blue Candle":609,"Eternal Feather":237,"Pen Nib":184,"Guardian:PocketSentry":237,"Akabeko":446,"MutagenicStrength":815,"Bird Faced Urn":1021,"Snecko Eye":1137,"Pandora\u0027s Box":75,"StrikeDummy":1185,"Unceasing Top":367,"Guardian:StasisSlotReductionRelic":38,"Lantern":150,"Torii":640,"Singing Bowl":955,"Guardian:StasisCodex":340,"StoneCalendar":861,"Bag of Preparation":476,"Ancient Tea Set":145,"Smiling Mask":485,"Cursed Key":801,"Matryoshka":883,"Shovel":992,"InkBottle":196,"Lee\u0027s Waffle":727,"Golden Idol":22,"PreservedInsect":130,"Omamori":510,"Seething Fire":0,"Frozen Egg 2":456,"MawBank":929,"betterThird:SlimedRelic":214,"Turnip":349,"Art of War":591,"Bottled Lightning":50,"hexamod:BolsterEngine":240,"Toy Ornithopter":504,"Calipers":565,"Gremlin Horn":274,"Nilry\u0027s Codex":664,"Vajra":154,"Guardian:SackOfGems":959,"Hammer of Thor":0,"Lizard Tail":91,"Centennial Puzzle":277,"HornCleat":266,"DollysMirror":485,"Strawberry":460,"Prayer Wheel":130,"Philosopher\u0027s Stone":845,"Toxic Egg 2":974,"Girya":426,"Happy Flower":525,"Astrolabe":259,"Dead Branch":532,"Guardian:ModeShifter":0,"Oddly Smooth Stone":167,"Letter Opener":1119,"War Paint":367,"Question Card":1177,"OrangePellets":532,"Bottled Flame":561,"Shuriken":479,"Anvil of the Gods":0,"Bronze Scales":727,"Black Star":490,"Nloth\u0027s Gift":955,"Pocketwatch":545,"Meat on the Bone":1146,"Darkstone Periapt":130,"Guardian:ModeShifterPlus":288,"Incense Burner":18,"Juzu Bracelet":761,"Dream Catcher":28,"Nunchaku":349,"Mummified Hand":631,"Tiny Chest":561,"Orichalcum":177,"Medical Kit":349,"White Beast Statue":476,"Mercury Hourglass":698,"Calling Bell":130,"Peace Pipe":412,"Guardian:StasisUpgradeRelic":521,"CaptainsWheel":18,"Anchor":107,"Bag of Marbles":326,"Membership Card":476,"FossilizedHelix":296,"TungstenRod":962}],"Meat on the Bone":48},"card_choices":[{"not_picked":["Guardian:MultiBeam","Guardian:ChargeUp+1"],"picked":"Guardian:Recover+1","floor":1.0},{"not_picked":["Guardian:Incinerate","Guardian:Reroute"],"picked":"Guardian:Gem_Lightblue","floor":3.0},{"not_picked":["Guardian:Suspension+1","Guardian:RollAttack"],"picked":"Guardian:SentryBeam","floor":4.0},{"not_picked":["Guardian:ChargeUp+1","Guardian:ShieldCharger+1"],"picked":"Guardian:Planning+1","floor":5.0},{"not_picked":["Guardian:PrismaticBarrier+1","Guardian:Clone+1"],"picked":"Guardian:BronzeArmor+1","floor":7.0},{"not_picked":["Guardian:Planning+1","Guardian:ChargeUp+1"],"picked":"Guardian:SpikerProtocol","floor":12.0},{"not_picked":["Guardian:CrystalBeam","Guardian:Repulse"],"picked":"Guardian:Gem_Crimson","floor":13.0},{"not_picked":["Guardian:TemporalStrike","Guardian:Incinerate","Guardian:VentSteam+1"],"picked":"SKIP","floor":14.0},{"not_picked":["Guardian:AncientConstruct","Guardian:GemFire"],"picked":"Guardian:CompilePackage+1","floor":16.0},{"not_picked":["Guardian:Reroute","Guardian:Suspension+1"],"picked":"Guardian:Gem_Purple","floor":18.0},{"not_picked":["Guardian:Suspension+1","Guardian:SentryBeam"],"picked":"Guardian:Gem_Red","floor":24.0},{"not_picked":["Guardian:RollAttack","Guardian:FloatingOrbs"],"picked":"Guardian:Recover+1","floor":25.0},{"not_picked":["Guardian:Incinerate","Guardian:Planning+1"],"picked":"Guardian:PrismaticBarrier+1","floor":29.0},{"not_picked":["Guardian:Recover+1","Guardian:RollAttack"],"picked":"Guardian:Emergency+1","floor":31.0},{"not_picked":["Guardian:ConstructionForm","Guardian:TimeSifter"],"picked":"Guardian:GemFire","floor":33.0},{"not_picked":["Guardian:WalkerClaw","Guardian:Reroute"],"picked":"Guardian:MultiBeam","floor":35.0},{"not_picked":["Guardian:Planning+1","Guardian:ChargeCore"],"picked":"Guardian:Gem_Blue","floor":36.0},{"not_picked":["Apotheosis+1","expansioncontent:Chronoboost"],"picked":"Deep Breath+1","floor":38.0},{"not_picked":["Magnetism","expansioncontent:Chronoboost"],"picked":"Master of Strategy+1","floor":38.0},{"not_picked":["Guardian:CrystalBeam","Guardian:ShieldCharger+1"],"picked":"Guardian:Gem_Cyan","floor":40.0},{"not_picked":["Guardian:Reroute","Guardian:Gem_Cyan","Guardian:AncientConstruct"],"picked":"Guardian:TemporalShield+1","floor":41.0},{"not_picked":["Guardian:WalkerClaw","Guardian:PrismaticBeam","Guardian:SpikerProtocol"],"picked":"Guardian:TemporalShield+1","floor":44.0},{"not_picked":["Guardian:Incinerate","Guardian:Reroute+1","Guardian:RollAttack"],"picked":"Guardian:PrismaticBarrier+1","floor":47},{"not_picked":["Guardian:ShieldCharger+1","Guardian:Gem_Green","Guardian:ChargeCore"],"picked":"Guardian:PiercingHide+1","floor":48}],"player_experience":857677,"relics_obtained":[{"floor":7.0,"key":"Happy Flower"},{"floor":9.0,"key":"Letter Opener"},{"floor":24.0,"key":"Meat on the Bone"},{"floor":26.0,"key":"Whetstone"},{"floor":29.0,"key":"Eternal Feather"},{"floor":40.0,"key":"Question Card"},{"floor":43.0,"key":"StrikeDummy"},{"floor":47,"key":"Gremlin Horn"}],"event_choices":[{"damage_healed":62.0,"max_hp_gain":0.0,"max_hp_loss":72.0,"gold_gain":0.0,"event_name":"betterThird:BetterShining","player_choice":"Upgrade","floor":2.0,"gold_loss":0.0,"damage_taken":22.0,"cards_upgraded":["Guardian:TwinSlam","Guardian:Strike_Guardian"]},{"cards_removed":["Guardian:Defend_Guardian"],"damage_healed":0.0,"max_hp_gain":0.0,"max_hp_loss":0.0,"gold_gain":0.0,"event_name":"The Cleric","player_choice":"Card Removal","floor":10.0,"gold_loss":75.0,"damage_taken":0.0},{"damage_healed":0.0,"max_hp_gain":0.0,"max_hp_loss":0.0,"gold_gain":0.0,"cards_transformed":["Guardian:Strike_Guardian","Guardian:Strike_Guardian"],"event_name":"Drug Dealer","player_choice":"Became Test Subject","floor":19.0,"gold_loss":0.0,"damage_taken":0.0,"cards_obtained":["Guardian:Gem_Purple","Guardian:CrystalBeam"]},{"damage_healed":0.0,"max_hp_gain":0.0,"max_hp_loss":0.0,"gold_gain":0.0,"event_name":"betterSkull:BetterSkull","player_choice":"RE ","floor":22.0,"gold_loss":0.0,"damage_taken":18.0,"cards_upgraded":[],"relics_obtained":["Guardian:PocketSentry"]},{"damage_healed":0.0,"max_hp_gain":0.0,"max_hp_loss":0.0,"gold_gain":3.0,"event_name":"betterStone:BetterStone","player_choice":"1","floor":38.0,"gold_loss":0.0,"damage_taken":0.0},{"cards_removed":["Guardian:SpikerProtocol"],"damage_healed":0.0,"max_hp_gain":0.0,"max_hp_loss":0.0,"gold_gain":0.0,"event_name":"Falling","player_choice":"Removed Power","floor":46.0,"gold_loss":0.0,"damage_taken":0.0}],"is_beta":false,"boss_relics":[{"not_picked":["Runic Pyramid","Sozu"],"picked":"Snecko Eye"},{"not_picked":["Astrolabe","Philosopher\u0027s Stone"],"picked":"Guardian:ModeShifterPlus"}],"items_purged_floors":[0,20,45],"is_endless":false,"potions_floor_spawned":[4,7,12,13,14,18,25,29,40,41,48],"ascension_level":17}}