{"host":"sc0o2qwpf9j16a4i","time":1609616594,"event":{"mods":["AchievementEnabler","BaseMod","BetterRewards","Block Reminder","Colored Map","Colored Powertips","Custom Start","Highlight Path","Minty Spire (QoL Compilation)","Relic Stats"],"gold_per_floor":[114,39,62,80,93,93,124,124,147,159,186,223,249,279,291,381,393,422,96,110,127,127,159,159,184,184,184,211,211,211,256,256,334,334,380,380,433,433,480,511,511,568,595,610,655,689,135,135,135,165,165,165,165,5,33,33,33],"floor_reached":56,"playtime":2930,"items_purged":["Strike_P","Strike_P","Defend_P","Strike_P","Defend_P","Consecrate+1"],"score":2981,"play_id":"c2688bcf-2fcd-4f80-900b-2b2669866432","local_time":"20210102214314","is_ascension_mode":true,"campfire_choices":[{"data":"Apotheosis","floor":6,"key":"SMITH"},{"data":"Vault","floor":8,"key":"SMITH"},{"data":"Fasting2","floor":15,"key":"SMITH"},{"data":"Wish","floor":24,"key":"SMITH"},{"data":"1","floor":32,"key":"LIFT"},{"floor":41,"key":"RECALL"},{"data":"2","floor":49,"key":"LIFT"},{"data":"3","floor":53,"key":"LIFT"}],"circlet_count":0,"master_deck":["AscendersBane","Vigilance","Weave","Wireheading","FlurryOfBlows","Nirvana","LikeWater","TalkToTheHand","TalkToTheHand","Apotheosis+1","Adaptation","Tantrum+1","TalkToTheHand+1","ReachHeaven+1","Nirvana","FlurryOfBlows+1","Vault+1","CutThroughFate+1","CutThroughFate+1","Fasting2+1","Protect","Protect","Fasting2+1","JustLucky+1","CrushJoints+1","FollowUp+1","Wish+1","InnerPeace","LikeWater+1","SandsOfTime+1","Devotion+1","Bite+1","Bite+1","Bite+1","RitualDagger+1","ThirdEye+1","Vault+1","Adaptation+1","InnerPeace+1","Nirvana+1","TalkToTheHand+1","WheelKick+1","Brilliance+1","ThirdEye+1","ThirdEye+1","Protect+1","Wish+1","Ragnarok+1","Scrawl+1"],"relics":["PureWater","Kunai","Bronze Scales","OrangePellets","Anchor","Membership Card","Prayer Wheel","Medical Kit","Molten Egg 2","Nunchaku","Lee\u0027s Waffle","Yang","Oddly Smooth Stone","TeardropLocket","MawBank","Frozen Egg 2","Busted Crown","Pear","Bag of Preparation","Juzu Bracelet","Dream Catcher","Toxic Egg 2","Girya","Empty Cage","Mango","StrikeDummy","Omamori","Bag of Marbles","Orrery","Akabeko","Eternal Feather","DollysMirror","Du-Vu Doll"],"acts_visited":["Exordium","TheCity","TheBeyond","TheEnding"],"potions_floor_usage":[5,11,14,16,21,25,31,37,37,37,56,56],"damage_taken":[{"damage":0,"enemies":"2 Louse","floor":1,"turns":2},{"damage":0,"enemies":"Jaw Worm","floor":4,"turns":2},{"damage":0,"enemies":"Small Slimes","floor":5,"turns":3},{"damage":0,"enemies":"Lagavulin","floor":7,"turns":5},{"damage":0,"enemies":"Exordium Thugs","floor":11,"turns":3},{"damage":0,"enemies":"Gremlin Nob","floor":12,"turns":2},{"damage":0,"enemies":"3 Louse","floor":13,"turns":1},{"damage":18,"enemies":"Red Slaver","floor":14,"turns":2},{"damage":56,"enemies":"The Guardian","floor":16,"turns":5},{"damage":0,"enemies":"Chosen","floor":18,"turns":3},{"damage":0,"enemies":"Spheric Guardian","floor":20,"turns":2},{"damage":0,"enemies":"Shelled Parasite and Fungi","floor":21,"turns":2},{"damage":2,"enemies":"Book of Stabbing","floor":23,"turns":2},{"damage":0,"enemies":"Slavers","floor":25,"turns":4},{"damage":7,"enemies":"Book of Stabbing","floor":28,"turns":3},{"damage":18,"enemies":"Snake Plant","floor":31,"turns":4},{"damage":0,"enemies":"Automaton","floor":33,"turns":10},{"damage":13,"enemies":"3 Darklings","floor":35,"turns":8},{"damage":0,"enemies":"2 Orb Walkers","floor":37,"turns":2},{"damage":0,"enemies":"Orb Walker","floor":39,"turns":3},{"damage":0,"enemies":"Giant Head","floor":40,"turns":9},{"damage":1,"enemies":"Nemesis","floor":42,"turns":9},{"damage":10,"enemies":"Spire Growth","floor":44,"turns":5},{"damage":12,"enemies":"Maw","floor":45,"turns":5},{"damage":0,"enemies":"Giant Head","floor":46,"turns":8},{"damage":22,"enemies":"Time Eater","floor":50,"turns":11},{"damage":42,"enemies":"Donu and Deca","floor":51,"turns":9},{"damage":29,"enemies":"Shield and Spear","floor":55,"turns":8},{"damage":109,"enemies":"The Heart","floor":56,"turns":4}],"seed_played":"-3973961016762983769","potions_obtained":[{"floor":1,"key":"DuplicationPotion"},{"floor":4,"key":"SkillPotion"},{"floor":7,"key":"BlessingOfTheForge"},{"floor":11,"key":"LiquidBronze"},{"floor":12,"key":"LiquidMemories"},{"floor":16,"key":"AttackPotion"},{"floor":20,"key":"Fire Potion"},{"floor":23,"key":"Dexterity Potion"},{"floor":25,"key":"PowerPotion"},{"floor":35,"key":"EntropicBrew"},{"floor":44,"key":"SteroidPotion"},{"floor":55,"key":"Regen Potion"}],"is_trial":false,"path_per_floor":["M","?","T","M","M","R","E","R","T","?","M","E","M","M","R","B",null,"M","$","M","M","?","E","R","E","T","?","E","?","?","M","R","B",null,"M","?","?","?","M","E","R","E","T","M","M","E","$","?","R","B","B",null,"R","$","E","B"],"character_chosen":"WATCHER","items_purchased":["Kunai","Bronze Scales","Weave","Wireheading","OrangePellets","Anchor","FlurryOfBlows","Nirvana","Membership Card","LikeWater","TalkToTheHand","Prayer Wheel","TalkToTheHand","Apotheosis","Medical Kit","Molten Egg 2","Nunchaku","Adaptation","Tantrum+1","TalkToTheHand+1","Lee\u0027s Waffle","Yang","ReachHeaven+1","Nirvana","Pear","Bag of Preparation","LikeWater+1","Brilliance+1","Orrery","Akabeko","Eternal Feather","Protect+1","LiquidBronze","DollysMirror","Ragnarok+1"],"campfire_rested":0,"item_purchase_floors":[0,0,0,0,0,0,0,0,0,0,0,0,0,0,0,0,0,0,0,0,0,0,0,0,19,19,19,47,47,47,47,47,47,54,54],"current_hp_per_floor":[75,75,75,75,75,75,75,75,75,75,75,75,75,57,57,1,57,57,67,67,67,67,65,65,65,65,65,58,58,52,37,37,52,57,47,47,64,64,67,73,73,73,73,63,57,63,63,63,69,56,23,58,69,69,40,0,0],"gold":33,"neow_bonus":"","is_daily":false,"chose_seed":false,"campfire_upgraded":4,"win_rate":0.0,"timestamp":1609616594,"path_taken":["M","?","?","M","M","R","E","R","T","?","M","E","M","?","R","BOSS","M","$","M","M","?","E","R","E","T","?","E","?","?","M","R","BOSS","M","?","?","?","M","E","R","E","T","M","M","E","$","?","R","BOSS","BOSS","R","$","E","BOSS"],"items_purchased_type":["Relic","Relic","Card","Card","Relic","Relic","Card","Card","Relic","Card","Card","Relic","Card","Card","Relic","Relic","Relic","Card","Card","Card","Relic","Relic","Card","Card","Relic","Relic","Card","Card","Relic","Relic","Relic","Card","Potion","Relic","Card"],"build_version":"2020-12-22","purchased_purges":6,"victory":false,"max_hp_per_floor":[75,75,75,75,75,75,75,75,75,75,75,75,75,75,75,75,75,75,85,85,85,85,85,85,85,85,85,85,59,59,59,59,59,59,59,59,73,73,73,73,73,73,73,73,73,73,73,69,69,69,69,69,69,69,69,69,69],"relic_stats":{"Lee\u0027s Waffle":75,"counters":[134,686],"Yang":[348],"Eternal Feather":17,"Bag of Preparation":[154],"Juzu Bracelet":2,"Medical Kit":[5],"MawBank":264,"OrangePellets":[74],"Nunchaku":[45],"Dream Catcher":0,"Busted Crown":60,"Bronze Scales":[291],"Prayer Wheel":14,"Kunai":[88],"obtain_stats":[{"Calipers":31,"Vajra":0,"Ginger":34,"Sling":0,"Boot":11,"Blood Vial":47,"Centennial Puzzle":9,"Lizard Tail":24,"HornCleat":20,"DollysMirror":20,"Prayer Wheel":0,"Fusion Hammer":17,"Necronomicon":24,"Kunai":30,"Toxic Egg 2":20,"Girya":36,"Pear":38,"Happy Flower":14,"Dead Branch":37,"Oddly Smooth Stone":7,"Eternal Feather":47,"Letter Opener":26,"War Paint":9,"Question Card":43,"Akabeko":47,"Du-Vu Doll":27,"OrangePellets":0,"Bronze Scales":41,"MutagenicStrength":20,"Snecko Eye":17,"Molten Egg 2":0,"Black Star":17,"StrikeDummy":40,"Darkstone Periapt":31,"Singing Bowl":0,"SacredBark":34,"Yang":9,"Mango":37,"Bag of Preparation":0,"CloakClasp":0,"Juzu Bracelet":23,"TeardropLocket":39,"Ancient Tea Set":26,"Empty Cage":34,"ClockworkSouvenir":0,"Nunchaku":34,"Dream Catcher":25,"Shovel":10,"Mummified Hand":0,"Pantograph":0,"Potion Belt":7,"Lee\u0027s Waffle":0,"Golden Idol":4,"Damaru":30,"The Courier":13,"PreservedInsect":26,"Omamori":0,"Orichalcum":0,"Odd Mushroom":10,"Frozen Egg 2":12,"Medical Kit":19,"MawBank":25,"White Beast Statue":10,"Peace Pipe":24,"Calling Bell":34,"Anchor":36,"Busted Crown":34,"Ornamental Fan":14,"Orrery":47,"Bag of Marbles":12,"Art of War":24,"Bottled Lightning":23,"Membership Card":0,"PureWater":0},{"Calipers":58,"Vajra":19,"Ginger":95,"Sling":19,"Boot":25,"Blood Vial":41,"Centennial Puzzle":23,"Lizard Tail":32,"HornCleat":8,"DollysMirror":29,"Prayer Wheel":105,"Fusion Hammer":28,"Necronomicon":10,"Kunai":13,"Toxic Egg 2":8,"Girya":60,"Pear":37,"Happy Flower":50,"Dead Branch":17,"Oddly Smooth Stone":4,"Eternal Feather":130,"Letter Opener":55,"War Paint":4,"Question Card":63,"Akabeko":130,"Du-Vu Doll":93,"OrangePellets":105,"Bronze Scales":39,"MutagenicStrength":74,"Snecko Eye":7,"Molten Egg 2":105,"Black Star":51,"StrikeDummy":126,"Darkstone Periapt":58,"Singing Bowl":43,"SacredBark":36,"Yang":70,"Mango":124,"Bag of Preparation":43,"CloakClasp":78,"Juzu Bracelet":118,"TeardropLocket":18,"Ancient Tea Set":32,"Empty Cage":59,"ClockworkSouvenir":19,"Nunchaku":95,"Dream Catcher":119,"Shovel":48,"Mummified Hand":66,"Pantograph":66,"Potion Belt":23,"Lee\u0027s Waffle":43,"Golden Idol":45,"Damaru":34,"The Courier":5,"PreservedInsect":10,"Omamori":66,"Orichalcum":19,"Odd Mushroom":84,"Frozen Egg 2":111,"Medical Kit":52,"MawBank":76,"White Beast Statue":4,"Peace Pipe":91,"Calling Bell":95,"Anchor":60,"Busted Crown":15,"Ornamental Fan":86,"Orrery":130,"Bag of Marbles":5,"Art of War":55,"Bottled Lightning":10,"Membership Card":105,"PureWater":0},{"Calipers":321,"Vajra":75,"Ginger":488,"Sling":75,"Boot":97,"Blood Vial":212,"Centennial Puzzle":89,"Lizard Tail":140,"HornCleat":31,"DollysMirror":121,"Prayer Wheel":550,"Fusion Hammer":114,"Necronomicon":38,"Kunai":47,"Toxic Egg 2":31,"Girya":333,"Pear":183,"Happy Flower":277,"Dead Branch":63,"Oddly Smooth Stone":13,"Eternal Feather":654,"Letter Opener":304,"War Paint":13,"Question Card":351,"Akabeko":654,"Du-Vu Doll":478,"OrangePellets":550,"Bronze Scales":196,"MutagenicStrength":405,"Snecko Eye":29,"Molten Egg 2":550,"Black Star":286,"StrikeDummy":627,"Darkstone Periapt":321,"Singing Bowl":249,"SacredBark":174,"Yang":387,"Mango":615,"Bag of Preparation":249,"CloakClasp":426,"Juzu Bracelet":584,"TeardropLocket":72,"Ancient Tea Set":140,"Empty Cage":329,"ClockworkSouvenir":75,"Nunchaku":488,"Dream Catcher":588,"Shovel":270,"Mummified Hand":374,"Pantograph":374,"Potion Belt":89,"Lee\u0027s Waffle":249,"Golden Idol":256,"Damaru":155,"The Courier":20,"PreservedInsect":38,"Omamori":374,"Orichalcum":75,"Odd Mushroom":449,"Frozen Egg 2":567,"Medical Kit":292,"MawBank":418,"White Beast Statue":13,"Peace Pipe":472,"Calling Bell":488,"Anchor":333,"Busted Crown":56,"Ornamental Fan":452,"Orrery":654,"Bag of Marbles":20,"Art of War":304,"Bottled Lightning":38,"Membership Card":550,"PureWater":0}]},"card_choices":[{"not_picked":["ReachHeaven+1","Perseverance"],"picked":"FlurryOfBlows+1","floor":1},{"not_picked":["EmptyFist+1","Fasting2"],"picked":"Consecrate+1","floor":1},{"not_picked":["Worship","ThirdEye","Consecrate+1"],"picked":"SKIP","floor":4},{"not_picked":["DeceiveReality","Study","WheelKick+1"],"picked":"SKIP","floor":4},{"not_picked":["PathToVictory","WaveOfTheHand"],"picked":"Vault","floor":5},{"not_picked":["EmptyFist+1","FlyingSleeves+1"],"picked":"CutThroughFate+1","floor":5},{"not_picked":["Alpha","FlyingSleeves+1"],"picked":"CutThroughFate+1","floor":7},{"not_picked":["Halt","Consecrate+1"],"picked":"Fasting2","floor":11},{"not_picked":["EmptyFist+1","Judgement"],"picked":"Protect","floor":11},{"not_picked":["Evaluate","CutThroughFate+1"],"picked":"Protect","floor":12},{"not_picked":["SashWhip+1","CutThroughFate+1"],"picked":"Fasting2+1","floor":13},{"not_picked":["Perseverance","BowlingBash+1"],"picked":"JustLucky+1","floor":13},{"not_picked":["ForeignInfluence","SashWhip+1"],"picked":"CrushJoints+1","floor":14},{"not_picked":["SignatureMove+1","PathToVictory"],"picked":"FollowUp+1","floor":14},{"not_picked":["Brilliance+1","DeusExMachina"],"picked":"Wish","floor":16},{"not_picked":[],"picked":"InnerPeace","floor":18},{"not_picked":["Sanctity"],"picked":"SKIP","floor":18},{"not_picked":["PathToVictory"],"picked":"SKIP","floor":20},{"not_picked":["Sanctity"],"picked":"SKIP","floor":20},{"not_picked":[],"picked":"SandsOfTime+1","floor":21},{"not_picked":["BowlingBash+1"],"picked":"SKIP","floor":21},{"not_picked":["EmptyBody"],"picked":"SKIP","floor":23},{"not_picked":["EmptyBody"],"picked":"SKIP","floor":25},{"not_picked":[],"picked":"Devotion+1","floor":28},{"not_picked":[],"picked":"ThirdEye+1","floor":31},{"not_picked":["EmptyFist+1"],"picked":"SKIP","floor":31},{"not_picked":[],"picked":"Vault+1","floor":33},{"not_picked":[],"picked":"Adaptation+1","floor":35},{"not_picked":["FlyingSleeves+1"],"picked":"SKIP","floor":35},{"not_picked":[],"picked":"InnerPeace+1","floor":37},{"not_picked":["JustLucky+1"],"picked":"SKIP","floor":39},{"not_picked":["FlurryOfBlows+1"],"picked":"SKIP","floor":39},{"not_picked":["Evaluate+1"],"picked":"SKIP","floor":40},{"not_picked":["FlurryOfBlows+1"],"picked":"SKIP","floor":42},{"not_picked":[],"picked":"Nirvana+1","floor":44},{"not_picked":[],"picked":"TalkToTheHand+1","floor":44},{"not_picked":[],"picked":"WheelKick+1","floor":45},{"not_picked":["Evaluate+1"],"picked":"SKIP","floor":45},{"not_picked":["EmptyBody+1"],"picked":"SKIP","floor":46},{"not_picked":[],"picked":"ThirdEye+1","floor":47},{"not_picked":[],"picked":"ThirdEye+1","floor":47},{"not_picked":[],"picked":"Scrawl+1","floor":55}],"player_experience":518646,"relics_obtained":[{"floor":3,"key":"Oddly Smooth Stone"},{"floor":7,"key":"TeardropLocket"},{"floor":9,"key":"MawBank"},{"floor":12,"key":"Frozen Egg 2"},{"floor":23,"key":"Juzu Bracelet"},{"floor":25,"key":"Dream Catcher"},{"floor":26,"key":"Toxic Egg 2"},{"floor":28,"key":"Girya"},{"floor":37,"key":"Mango"},{"floor":40,"key":"StrikeDummy"},{"floor":42,"key":"Omamori"},{"floor":46,"key":"Bag of Marbles"},{"floor":55,"key":"Du-Vu Doll"}],"event_choices":[{"cards_removed":["Strike_P"],"damage_healed":0,"gold_gain":0,"player_choice":"Card Removal","damage_taken":0,"max_hp_gain":0,"max_hp_loss":0,"event_name":"The Cleric","floor":2,"gold_loss":75},{"cards_removed":["Defend_P"],"damage_healed":0,"gold_gain":0,"player_choice":"Purged","damage_taken":0,"max_hp_gain":0,"max_hp_loss":0,"event_name":"Purifier","floor":10,"gold_loss":0},{"damage_healed":0,"gold_gain":0,"player_choice":"Ignored","damage_taken":0,"max_hp_gain":0,"max_hp_loss":0,"event_name":"Ghosts","floor":22,"gold_loss":0},{"cards_removed":["Defend_P"],"damage_healed":0,"gold_gain":0,"player_choice":"Purged","damage_taken":0,"max_hp_gain":0,"max_hp_loss":0,"event_name":"Purifier","floor":27,"gold_loss":0},{"damage_healed":0,"gold_gain":0,"player_choice":"Became a vampire","damage_taken":0,"max_hp_gain":0,"max_hp_loss":26,"event_name":"Vampires","floor":29,"gold_loss":0,"cards_obtained":["Bite","Bite","Bite","Bite","Bite"]},{"damage_healed":0,"gold_gain":0,"player_choice":"Joined the Cult","damage_taken":6,"max_hp_gain":0,"max_hp_loss":0,"event_name":"Nest","floor":30,"gold_loss":0,"cards_obtained":["RitualDagger"]},{"cards_removed":["Eruption"],"damage_healed":0,"gold_gain":0,"player_choice":"Purged","damage_taken":0,"max_hp_gain":0,"max_hp_loss":0,"event_name":"Purifier","floor":36,"gold_loss":0},{"damage_healed":0,"gold_gain":0,"player_choice":"Fight","damage_taken":0,"max_hp_gain":0,"max_hp_loss":0,"event_name":"Mysterious Sphere","floor":37,"gold_loss":0},{"damage_healed":0,"gold_gain":0,"player_choice":"Ignored","damage_taken":0,"max_hp_gain":0,"max_hp_loss":0,"event_name":"Tomb of Lord Red Mask","floor":38,"gold_loss":0},{"damage_healed":0,"gold_gain":0,"player_choice":"Max HP","damage_taken":0,"max_hp_gain":0,"max_hp_loss":4,"event_name":"Winding Halls","floor":48,"gold_loss":0}],"is_beta":false,"boss_relics":[{"not_picked":["Velvet Choker","Runic Dome"],"picked":"Busted Crown"},{"not_picked":["Philosopher\u0027s Stone","Pandora\u0027s Box"],"picked":"Empty Cage"}],"items_purged_floors":[0,0,0,0,19,47],"is_endless":false,"potions_floor_spawned":[1,4,7,11,12,16,20,23,25,28,35,44,46,55],"killed_by":"The Heart","ascension_level":20}}