{"host":"cvi30shpqg1ukvbr","time":1609571393,"event":{"mods":["Act Like it!","BaseMod","Better Altar","Better Match","Better Note","Better Sensory Stone","Better Skull","Better Third Choice","Conspire","GifTheSpireLib","Hubris","Infinite Spire","Minty Spire (QoL Compilation)","Relic Stats","Replay The Spire","Shop Mod","Spicy Shops","StSLib","Stuff the Spire"],"gold_per_floor":[117,131,147,167,179,212,212,212,235,235,7,21,21,34,34,162,162,186,207,24,24,24,68,68,112,112,150,169,185,185,26,26,145,145,170,189,202,221,20,64,85,100,123,167,167,167,167,167,167,186,186,186,186,186,6,40,40,40],"floor_reached":57,"playtime":2849,"items_purged":[],"score":1091,"play_id":"90314fed-d8e2-476b-a109-59bbe1c03df3","local_time":"20210102160953","is_ascension_mode":true,"campfire_choices":[{"data":"Armaments","floor":7,"key":"SMITH"},{"data":"Bash","floor":10,"key":"SMITH"},{"floor":15,"key":"DIG"},{"data":"Limit Break","floor":24,"key":"SMITH"},{"floor":30,"key":"REST"},{"data":"infinitespire:NeuralNetwork","floor":32,"key":"SMITH"},{"floor":46,"key":"RECALL"},{"floor":49,"key":"REST"},{"data":"Dark Embrace","floor":51,"key":"SMITH"},{"data":"ReplayTheSpireMod:Limb From Limb","floor":54,"key":"SMITH"}],"circlet_count":0,"master_deck":["Strike_R","Strike_R","Strike_R","Strike_R","Defend_R","Defend_R","Defend_R","Defend_R","Bash+1","ReplayTheSpireMod:IOU","StuffTheSpire:Incineration","Limit Break+1","ReplayTheSpireMod:Limb From Limb+1","Headbutt","Armaments+1","Injury","Writhe","Dark Embrace+1","StuffTheSpire:Incineration","Twin Strike","Feed","Parasite","Overencumbered","conspire:NecroticWound","Body Slam+1","Flame Barrier+1","Metallicize+1","infinitespire:NeuralNetwork+1","Feed+1","Wild Strike","Evolve+1","Dark Embrace+1","Brutality+1","True Grit+1","Heavy Blade+1","True Grit+1","infinitespire:Pacifist","Dual Wield+1","Cleave+1","Sword Boomerang+1","Metallicize+1","Rupture+1"],"relics":["Burning Blood","Pet Ghost","Golden Idol","ReplayTheSpireMod:TigerMarble","Membership Card","Du-Vu Doll","ReplayFunnel","GremlinMask","StuffTheSpire:Experiment12","Replay:Ancient Bell","Smiling Mask","The Courier","hubris:GlazedTorus","MealTicket","Golden Egg","Dream Catcher","conspire:Boomerang","Singing Bowl","hubris:CrystalStatue","Replay:Wax Seal","Meat on the Bone","conspire:SpecialSausage","ReplayTheSpireMod:CursedCoin","hubris:ChampionShield","Bronze Scales","Sundial","Replay:Baseball","Mirror","HornCleat","StuffTheSpire:Barrel","Oddly Smooth Stone","Replay:Rubber Ducky","StuffTheSpire:CocoNut"],"acts_visited":["Exordium","TheCity","TheBeyond","TheEnding"],"potions_floor_usage":[6,6,27,42,52,52,57],"damage_taken":[{"damage":15,"enemies":"Jaw Worm","floor":1,"turns":4},{"damage":1,"enemies":"2 Louse","floor":2,"turns":2},{"damage":0,"enemies":"Cultist","floor":3,"turns":2},{"damage":13,"enemies":"Blue Slaver","floor":4,"turns":5},{"damage":0,"enemies":"Exordium Wildlife","floor":5,"turns":2},{"damage":15,"enemies":"3 Sentries","floor":6,"turns":6},{"damage":0,"enemies":"3 Louse","floor":12,"turns":3},{"damage":9,"enemies":"2 Fungi Beasts","floor":14,"turns":4},{"damage":34,"enemies":"The Guardian","floor":16,"turns":9},{"damage":7,"enemies":"Shell Parasite","floor":18,"turns":2},{"damage":26,"enemies":"3 Byrds","floor":19,"turns":4},{"damage":18,"enemies":"Gremlin Leader","floor":23,"turns":4},{"damage":45,"enemies":"Nightmare","floor":25,"turns":7},{"damage":0,"enemies":"Gremlin Leader","floor":27,"turns":5},{"damage":0,"enemies":"Snake Plant","floor":28,"turns":3},{"damage":11,"enemies":"Shelled Parasite and Fungi","floor":29,"turns":3},{"damage":4,"enemies":"Champ","floor":33,"turns":7},{"damage":21,"enemies":"Orb Walker","floor":35,"turns":3},{"damage":19,"enemies":"3 Shapes","floor":36,"turns":6},{"damage":14,"enemies":"Maw","floor":37,"turns":6},{"damage":30,"enemies":"Spire Growth","floor":38,"turns":3},{"damage":56,"enemies":"Nemesis","floor":40,"turns":7},{"damage":20,"enemies":"Transient","floor":41,"turns":5},{"damage":1,"enemies":"Maw","floor":42,"turns":6},{"damage":33,"enemies":"Reptomancer","floor":44,"turns":6},{"damage":23,"enemies":"Writhing Mass","floor":50,"turns":6},{"damage":108,"enemies":"infinitespire:MassOfShapes","floor":52,"turns":10},{"damage":94,"enemies":"Shield and Spear","floor":56,"turns":6},{"damage":79,"enemies":"The Heart","floor":57,"turns":8}],"seed_played":"-9203594435234539381","potions_obtained":[{"floor":1,"key":"Energy Potion"},{"floor":2,"key":"Energy Potion"},{"floor":5,"key":"Dexterity Potion"},{"floor":18,"key":"Milkshake"},{"floor":28,"key":"Milkshake"},{"floor":29,"key":"Fire Potion"},{"floor":36,"key":"BloodPotion"},{"floor":50,"key":"EntropicBrew"}],"is_trial":false,"path_per_floor":["M","M","M","M","M","E","R","?","T","R","$","M","?","M","R","B",null,"M","M","$","?","?","E","R","NM","T","E","M","M","R","$","R","B",null,"M","M","M","M","$","E","M","M","T","E","?","R","PTL","PTL","R","M","R","B",null,"R","$","E","B"],"character_chosen":"IRONCLAD","items_purchased":["Membership Card","Du-Vu Doll","Dark Embrace","ReplayFunnel","MealTicket","Golden Egg","Metallicize+1","Replay:Wax Seal","Meat on the Bone","Dark Embrace","ReplayTheSpireMod:CursedCoin","hubris:ChampionShield","Bronze Scales","Sundial","Replay:Baseball","Mirror","Oddly Smooth Stone","Replay:Rubber Ducky","Metallicize","Rupture"],"campfire_rested":2,"item_purchase_floors":[11,11,11,11,20,20,20,31,31,31,39,39,39,39,39,39,55,55,55,55],"current_hp_per_floor":[87,92,96,89,95,86,86,86,86,86,86,92,92,89,89,61,96,95,78,78,78,78,66,66,31,31,37,45,46,81,96,96,98,113,104,95,91,82,97,61,61,80,80,65,65,65,65,65,105,88,88,25,136,136,136,77,0,0],"gold":40,"neow_bonus":"TWENTY_PERCENT_HP_BONUS","is_daily":false,"chose_seed":false,"campfire_upgraded":6,"win_rate":0.0,"timestamp":1609571393,"path_taken":["M","M","M","M","M","E","R","?","T","R","$","M","?","?","R","BOSS","M","M","$","?","?","E","R","NM","T","E","M","M","R","?","R","BOSS","M","M","M","M","$","E","M","M","T","E","?","R","PTL","PTL","R","M","R","BOSS","R","$","E","BOSS"],"items_purchased_type":["Relic","Relic","Card","Relic","Relic","Relic","Card","Relic","Relic","Card","Relic","Relic","Relic","Relic","Relic","Relic","Relic","Relic","Card","Card"],"build_version":"2020-12-22","purchased_purges":0,"victory":false,"max_hp_per_floor":[96,96,96,96,96,96,96,96,96,96,96,96,96,96,96,96,96,96,99,99,99,99,99,99,103,103,103,105,111,113,113,113,113,113,119,123,127,130,130,132,134,136,136,136,136,136,136,136,136,136,136,136,136,136,136,145,145,145],"relic_stats":{"Dream Catcher":2,"Singing Bowl":16,"counters":[29,144],"Golden Idol":175,"Sundial":[6],"Bronze Scales":[251],"MealTicket":30,"Smiling Mask":0,"obtain_stats":[{"ReplayFunnel":11,"Golden Egg":20,"StuffTheSpire:Barrel":44,"hubris:CrystalStatue":27,"Singing Bowl":26,"GremlinMask":13,"conspire:SpecialSausage":34,"Smiling Mask":17,"Burning Blood":0,"Pet Ghost":6,"Replay:Rubber Ducky":55,"StuffTheSpire:Experiment12":15,"Dream Catcher":23,"HornCleat":40,"Sundial":39,"MealTicket":20,"Replay:Wax Seal":31,"hubris:ChampionShield":39,"hubris:GlazedTorus":17,"Golden Idol":8,"ReplayTheSpireMod:CursedCoin":39,"Oddly Smooth Stone":55,"The Courier":17,"Replay:Ancient Bell":17,"conspire:Boomerang":25,"Du-Vu Doll":11,"Replay:Baseball":39,"Bronze Scales":39,"StuffTheSpire:CocoNut":56,"ReplayTheSpireMod:TigerMarble":9,"Membership Card":11,"Mirror":39,"Meat on the Bone":31},{"ReplayFunnel":6,"Golden Egg":11,"StuffTheSpire:Barrel":25,"hubris:CrystalStatue":14,"Singing Bowl":13,"GremlinMask":7,"conspire:SpecialSausage":17,"Smiling Mask":9,"Burning Blood":0,"Pet Ghost":6,"Replay:Rubber Ducky":27,"StuffTheSpire:Experiment12":8,"Dream Catcher":12,"HornCleat":22,"Sundial":21,"MealTicket":11,"Replay:Wax Seal":16,"hubris:ChampionShield":21,"hubris:GlazedTorus":9,"Golden Idol":6,"ReplayTheSpireMod:CursedCoin":21,"Oddly Smooth Stone":27,"The Courier":9,"Replay:Ancient Bell":9,"conspire:Boomerang":13,"Du-Vu Doll":6,"Replay:Baseball":21,"Bronze Scales":21,"StuffTheSpire:CocoNut":28,"ReplayTheSpireMod:TigerMarble":6,"Membership Card":6,"Mirror":21,"Meat on the Bone":16},{"ReplayFunnel":21,"Golden Egg":43,"StuffTheSpire:Barrel":114,"hubris:CrystalStatue":59,"Singing Bowl":54,"GremlinMask":24,"conspire:SpecialSausage":72,"Smiling Mask":37,"Burning Blood":0,"Pet Ghost":21,"Replay:Rubber Ducky":130,"StuffTheSpire:Experiment12":28,"Dream Catcher":47,"HornCleat":97,"Sundial":90,"MealTicket":43,"Replay:Wax Seal":65,"hubris:ChampionShield":90,"hubris:GlazedTorus":37,"Golden Idol":21,"ReplayTheSpireMod:CursedCoin":90,"Oddly Smooth Stone":130,"The Courier":37,"Replay:Ancient Bell":37,"conspire:Boomerang":54,"Du-Vu Doll":21,"Replay:Baseball":90,"Bronze Scales":90,"StuffTheSpire:CocoNut":136,"ReplayTheSpireMod:TigerMarble":21,"Membership Card":21,"Mirror":90,"Meat on the Bone":65}],"Burning Blood":166,"Meat on the Bone":84},"card_choices":[{"not_picked":["StuffTheSpire:RockThrow","Armaments"],"picked":"Wild Strike","floor":1},{"not_picked":["Rampage","Sentinel"],"picked":"StuffTheSpire:Incineration","floor":2},{"not_picked":["Pummel","Warcry"],"picked":"Limit Break","floor":3},{"not_picked":["Sentinel","StuffTheSpire:RockThrow"],"picked":"ReplayTheSpireMod:Limb From Limb","floor":4},{"not_picked":["Perfected Strike","Thunderclap"],"picked":"Headbutt","floor":5},{"not_picked":["Twin Strike","Heavy Blade"],"picked":"Armaments","floor":6},{"not_picked":["ReplayTheSpireMod:Corrosion Curse","Thunderclap"],"picked":"StuffTheSpire:Incineration","floor":12},{"not_picked":["ReplayTheSpireMod:Strike From Hell","Havoc"],"picked":"Twin Strike","floor":14},{"not_picked":["Hemogenesis","Juggernaut"],"picked":"Feed","floor":16},{"not_picked":["hubris:Disease","hubris:Sloth"],"picked":"Parasite","floor":17},{"not_picked":["hubris:Gluttony","Regret"],"picked":"Overencumbered","floor":17},{"not_picked":["Delirium","infinitespire:Pacifist"],"picked":"conspire:NecroticWound","floor":17},{"not_picked":["hubris:StunningStrike","Anger"],"picked":"Body Slam+1","floor":18},{"not_picked":["Replay:Undeath\u0027s Touch+1","Sword Boomerang"],"picked":"Flame Barrier+1","floor":19},{"not_picked":["Ghostly Armor","infinitespire:OneForAll"],"picked":"Feed","floor":23},{"not_picked":["Hemokinesis+1","True Grit"],"picked":"Wild Strike","floor":25},{"not_picked":["StuffTheSpire:RockThrow+1","Thunderclap"],"picked":"Evolve+1","floor":27},{"not_picked":["Anger","StuffTheSpire:Slingshot","Armaments+1"],"picked":"Singing Bowl","floor":28},{"not_picked":["Anger","StuffTheSpire:TitanForm","Cleave"],"picked":"Singing Bowl","floor":29},{"not_picked":["Reckless Charge+1","Replay:Undeath\u0027s Touch","hubris:ReadiedAction"],"picked":"Singing Bowl","floor":30},{"not_picked":["hubris:StunningStrike","Demonic Infusion"],"picked":"Brutality","floor":33},{"not_picked":["StuffTheSpire:Slingshot","Thunderclap+1","Clothesline+1"],"picked":"Singing Bowl","floor":35},{"not_picked":["StuffTheSpire:RockThrow","Inflame+1"],"picked":"True Grit+1","floor":36},{"not_picked":["Armaments","Twin Strike"],"picked":"Heavy Blade+1","floor":37},{"not_picked":["ReplayTheSpireMod:Strike From Hell","StuffTheSpire:RagingBull+1"],"picked":"True Grit+1","floor":38},{"not_picked":["Wild Strike","Second Wind","conspire:Purge"],"picked":"Singing Bowl","floor":40},{"not_picked":["Shrug It Off","Carnage+1","StuffTheSpire:RagingBull"],"picked":"Singing Bowl","floor":41},{"not_picked":["Evolve+1","Warcry","Wild Strike+1"],"picked":"Singing Bowl","floor":42},{"not_picked":["hubris:CleavingFinish+1","hubris:SharpeningStone"],"picked":"Dual Wield+1","floor":44},{"not_picked":["Demonic Infusion","Combust+1"],"picked":"Cleave+1","floor":49},{"not_picked":["Run Through","hubris:CleavingFinish+1"],"picked":"Sword Boomerang+1","floor":50},{"not_picked":["Replay:Undeath\u0027s Touch+1","Abandon","Dropkick"],"picked":"Singing Bowl","floor":56}],"player_experience":1795230,"relics_obtained":[{"floor":6,"key":"Pet Ghost"},{"floor":9,"key":"ReplayTheSpireMod:TigerMarble"},{"floor":15,"key":"StuffTheSpire:Experiment12"},{"floor":23,"key":"Dream Catcher"},{"floor":25,"key":"conspire:Boomerang"},{"floor":26,"key":"Singing Bowl"},{"floor":27,"key":"hubris:CrystalStatue"},{"floor":40,"key":"HornCleat"},{"floor":44,"key":"StuffTheSpire:Barrel"},{"floor":56,"key":"StuffTheSpire:CocoNut"}],"event_choices":[{"damage_healed":0,"gold_gain":0,"player_choice":"Take Wound","damage_taken":0,"relics_obtained":["Golden Idol"],"max_hp_gain":0,"max_hp_loss":0,"event_name":"Golden Idol","floor":8,"gold_loss":0,"cards_obtained":["Injury"]},{"damage_healed":0,"gold_gain":0,"player_choice":"Trade","damage_taken":0,"relics_obtained":["GremlinMask"],"max_hp_gain":0,"max_hp_loss":0,"event_name":"FaceTrader","floor":13,"gold_loss":0},{"cards_removed":["Limit Break"],"damage_healed":0,"gold_gain":0,"player_choice":"Take \u0026 Give","damage_taken":0,"max_hp_gain":0,"max_hp_loss":0,"event_name":"betterNote:BetterNote","floor":21,"gold_loss":0,"cards_obtained":["infinitespire:NeuralNetwork"]},{"damage_healed":0,"gold_gain":0,"player_choice":"Leave","damage_taken":0,"max_hp_gain":0,"max_hp_loss":0,"event_name":"conspire:Investor","floor":22,"gold_loss":0},{"cards_removed":["Wild Strike"],"damage_healed":0,"gold_gain":0,"player_choice":"Removed Attack","damage_taken":0,"max_hp_gain":0,"max_hp_loss":0,"event_name":"Falling","floor":45,"gold_loss":0}],"is_beta":false,"boss_relics":[{"not_picked":["StuffTheSpire:RunicConfusion","SlaversCollar"],"picked":"Replay:Ancient Bell"},{"not_picked":["Toy Ornithopter","conspire:TopHat"],"picked":"Smiling Mask"},{"not_picked":["hubris:TinFlute","conspire:DeflatedDodgeball"],"picked":"The Courier"},{"not_picked":["StuffTheSpire:BottledHeartBeat","Ginger"],"picked":"hubris:GlazedTorus"},{"not_picked":["Replay:Drink Me","hubris:TerracottaHorce"],"picked":"conspire:SpecialSausage"}],"items_purged_floors":[],"is_endless":false,"potions_floor_spawned":[1,2,5,18,25,28,29,33,36,37,41,50],"killed_by":"The Heart","ascension_level":1}}