{"host":"6pgtslebjnyv5xmi","time":1609600957,"event":{"mods":["AchievementEnabler","BaseMod","Colored Map","Minty Spire (QoL Compilation)","Rare Cards Sparkle","StSLib","SuperFastMode","Td1madao Mod","everything is the same but u backflip on backflip"],"gold_per_floor":[111,286,297,29,40,40,5,5,29,46,46,59,59,77,77,178,178,192,66,66,93,93,93,112,144,144,19,37,37,54,54,54,54,54],"floor_reached":33,"playtime":1632,"items_purged":["Doubt","Defend_B","Defend_B"],"score":255,"play_id":"7b45593b-d57d-4e95-a287-a398a50ee28d","local_time":"20210103002237","is_ascension_mode":false,"campfire_choices":[{"data":"Dualcast","floor":6,"key":"SMITH"},{"data":"Zap","floor":8,"key":"SMITH"},{"data":"Hologram","floor":11,"key":"SMITH"},{"data":"Loop","floor":13,"key":"SMITH"},{"data":"Glacier","floor":15,"key":"SMITH"},{"data":"Multi-Cast","floor":23,"key":"SMITH"},{"floor":32,"key":"REST"}],"circlet_count":0,"master_deck":["Defend_B","Zap+1","Dualcast+1","Coolheaded","Glacier+1","Loop+1","Hologram+1","Core Surge","Cold Snap","Multi-Cast+1","Melter+1","Scrape+1","Loop+1","Coolheaded","Rip and Tear","Melter","Capacitor"],"relics":["Cracked Core","NeowsBlessing","Runic Capacitor","DataDisk","Astrolabe","Red Mask","Shuriken","Lantern"],"acts_visited":["Exordium","TheCity"],"potions_floor_usage":[16,21,21,21,24,28,30,33,33],"damage_taken":[{"damage":0,"enemies":"Jaw Worm","floor":1,"turns":1},{"damage":0,"enemies":"2 Louse","floor":3,"turns":1},{"damage":0,"enemies":"Small Slimes","floor":5,"turns":1},{"damage":5,"enemies":"3 Louse","floor":10,"turns":4},{"damage":0,"enemies":"Exordium Thugs","floor":12,"turns":4},{"damage":5,"enemies":"Looter","floor":14,"turns":3},{"damage":9,"enemies":"The Guardian","floor":16,"turns":10},{"damage":0,"enemies":"Chosen","floor":18,"turns":5},{"damage":0,"enemies":"Masked Bandits","floor":21,"turns":4},{"damage":0,"enemies":"Spheric Guardian","floor":24,"turns":1},{"damage":17,"enemies":"Book of Stabbing","floor":25,"turns":5},{"damage":10,"enemies":"Cultist and Chosen","floor":28,"turns":4},{"damage":9,"enemies":"Shelled Parasite and Fungi","floor":30,"turns":6},{"damage":83,"enemies":"Collector","floor":33,"turns":6}],"seed_played":"-7934973596264646438","potions_obtained":[{"floor":3,"key":"Energy Potion"},{"floor":5,"key":"Swift Potion"},{"floor":14,"key":"SpeedPotion"},{"floor":18,"key":"LiquidMemories"},{"floor":22,"key":"SpeedPotion"},{"floor":22,"key":"Block Potion"},{"floor":22,"key":"DuplicationPotion"},{"floor":25,"key":"ColorlessPotion"},{"floor":28,"key":"Regen Potion"}],"is_trial":false,"path_per_floor":["M","?","M","$","M","R","?","R","T","M","R","M","R","M","R","B",null,"M","$","?","?","?","R","M","E","T","$","M","$","M","?","R","B"],"character_chosen":"DEFECT","items_purchased":["Runic Capacitor","Loop","Coolheaded"],"campfire_rested":1,"item_purchase_floors":[4,4,19],"current_hp_per_floor":[75,75,75,75,75,75,75,75,75,70,70,70,70,65,65,56,75,75,75,75,75,75,75,75,58,58,58,48,48,39,25,49,0,0],"gold":54,"neow_bonus":"THREE_ENEMY_KILL","is_daily":false,"chose_seed":false,"campfire_upgraded":6,"win_rate":0.0,"timestamp":1609600957,"path_taken":["M","?","M","$","M","R","?","R","T","M","R","M","R","M","R","BOSS","M","$","?","?","?","R","M","E","T","$","?","?","M","?","R","BOSS"],"items_purchased_type":["Relic","Card","Card"],"build_version":"2020-12-22","purchased_purges":3,"victory":false,"max_hp_per_floor":[75,75,75,75,75,75,75,75,75,75,75,75,75,75,75,75,75,75,75,75,75,75,75,75,75,75,75,75,75,75,80,80,80,80],"card_choices":[{"not_picked":["Auto Shields","Steam"],"picked":"Coolheaded","floor":1},{"not_picked":["Storm","Stack"],"picked":"Glacier","floor":3},{"not_picked":["Go for the Eyes","Leap"],"picked":"Hologram","floor":5},{"not_picked":["FTL","Static Discharge"],"picked":"Core Surge","floor":10},{"not_picked":["Sweeping Beam","Redo","Conserve Battery"],"picked":"SKIP","floor":12},{"not_picked":["Undo","Heatsinks"],"picked":"Cold Snap","floor":14},{"not_picked":["Electrodynamics","Buffer"],"picked":"Multi-Cast","floor":16},{"not_picked":["Aggregate","Compile Driver","Beam Cell+1"],"picked":"SKIP","floor":18},{"not_picked":["White Noise","Leap"],"picked":"Capacitor","floor":24},{"not_picked":["Compile Driver+1","Stack","Streamline"],"picked":"SKIP","floor":25},{"not_picked":["Rip and Tear","Conserve Battery","All For One"],"picked":"SKIP","floor":28},{"not_picked":["Streamline","Go for the Eyes","Hologram+1"],"picked":"SKIP","floor":30}],"player_experience":643997,"relics_obtained":[{"floor":9,"key":"DataDisk"},{"floor":21,"key":"Red Mask"},{"floor":25,"key":"Shuriken"},{"floor":26,"key":"Lantern"}],"event_choices":[{"damage_healed":0,"gold_gain":175,"player_choice":"AGREE","damage_taken":0,"max_hp_gain":0,"max_hp_loss":0,"event_name":"Liars Game","floor":2,"gold_loss":0,"cards_obtained":["Doubt"]},{"damage_healed":18,"gold_gain":0,"player_choice":"Healed","damage_taken":0,"max_hp_gain":0,"max_hp_loss":0,"event_name":"The Cleric","floor":7,"gold_loss":35},{"damage_healed":0,"gold_gain":0,"cards_transformed":["Strike_B","Strike_B"],"player_choice":"Became Test Subject","damage_taken":0,"max_hp_gain":0,"max_hp_loss":0,"event_name":"Drug Dealer","floor":20,"gold_loss":0,"cards_obtained":["Rip and Tear","Melter"]},{"damage_healed":0,"gold_gain":0,"player_choice":"Fought Bandits","damage_taken":0,"max_hp_gain":0,"max_hp_loss":0,"event_name":"Masked Bandits","floor":21,"gold_loss":0},{"damage_healed":0,"gold_gain":0,"player_choice":"Got Potions","damage_taken":0,"max_hp_gain":0,"max_hp_loss":0,"event_name":"Lab","floor":22,"gold_loss":0},{"damage_healed":0,"gold_gain":0,"player_choice":"Shed Blood","damage_taken":19,"max_hp_gain":5,"max_hp_loss":0,"event_name":"Forgotten Altar","floor":31,"gold_loss":0}],"is_beta":false,"boss_relics":[{"not_picked":["Coffee Dripper","Runic Pyramid"],"picked":"Astrolabe"}],"items_purged_floors":[4,19,27],"is_endless":false,"potions_floor_spawned":[3,5,14,18,25,28],"killed_by":"Collector","ascension_level":0}}