{"host":"f5n4tidiz2n5sooh","time":1609570224,"event":{"mods":["BaseMod","Bestiary","Colored Map","Minty Spire (QoL Compilation)","Relic Stats","StSLib"],"gold_per_floor":[113,1,19,35,53,83,83,102,128,140,168,26,61,4,4,81,81,95,95,95,113,38,38,38,38,38],"floor_reached":25,"playtime":841,"items_purged":["Strike_G","Strike_G"],"score":442,"play_id":"12fb905f-029b-421f-95ed-f5e05993b62d","local_time":"20210102005024","is_ascension_mode":true,"campfire_choices":[{"data":"Glass Knife","floor":7,"key":"SMITH"},{"floor":15,"key":"REST"},{"data":"PiercingWail","floor":23,"key":"SMITH"}],"circlet_count":0,"master_deck":["AscendersBane","Defend_G","Defend_G","Defend_G","Defend_G","Defend_G","Survivor","Neutralize","Clumsy","Glass Knife+1","Dagger Throw","Noxious Fumes","Poisoned Stab","Dagger Throw","Bouncing Flask","Eviscerate","Dagger Throw","Well Laid Plans","PiercingWail+1","Night Terror","After Image","Doppelganger","Bane"],"relics":["Ring of the Snake","Mercury Hourglass","Bag of Marbles","Blood Vial","Juzu Bracelet","Snecko Eye"],"acts_visited":["Exordium","TheCity"],"potions_floor_usage":[6,11,13,16,25],"damage_taken":[{"damage":0,"enemies":"Cultist","floor":1,"turns":4},{"damage":0,"enemies":"2 Louse","floor":3,"turns":3},{"damage":6,"enemies":"Small Slimes","floor":4,"turns":2},{"damage":0,"enemies":"2 Fungi Beasts","floor":5,"turns":3},{"damage":30,"enemies":"3 Sentries","floor":6,"turns":9},{"damage":3,"enemies":"Large Slime","floor":8,"turns":4},{"damage":1,"enemies":"3 Louse","floor":10,"turns":2},{"damage":17,"enemies":"Lagavulin","floor":11,"turns":4},{"damage":7,"enemies":"3 Sentries","floor":13,"turns":4},{"damage":12,"enemies":"Hexaghost","floor":16,"turns":8},{"damage":7,"enemies":"Chosen","floor":18,"turns":3},{"damage":20,"enemies":"2 Thieves","floor":21,"turns":3},{"damage":37,"enemies":"Gremlin Leader","floor":25,"turns":5}],"seed_played":"5963252593457438895","potions_obtained":[{"floor":5,"key":"Regen Potion"},{"floor":8,"key":"GamblersBrew"},{"floor":10,"key":"Explosive Potion"},{"floor":18,"key":"Dexterity Potion"},{"floor":21,"key":"FearPotion"}],"is_trial":false,"path_per_floor":["M","$","M","M","M","E","R","M","T","M","E","$","E","$","R","B",null,"M","$","?","M","?","R","?","E"],"character_chosen":"THE_SILENT","items_purchased":["Noxious Fumes","Well Laid Plans","AttackPotion"],"campfire_rested":1,"item_purchase_floors":[2,12,14],"current_hp_per_floor":[59,59,59,53,53,38,38,35,35,34,17,17,12,12,31,21,55,50,50,50,32,32,32,32,0,0],"gold":38,"neow_bonus":"THREE_RARE_CARDS","is_daily":false,"chose_seed":false,"campfire_upgraded":2,"win_rate":0.0,"timestamp":1609570224,"path_taken":["M","?","?","M","M","E","R","M","T","M","E","?","E","$","R","BOSS","M","?","?","M","?","R","?","E"],"items_purchased_type":["Card","Card","Potion"],"build_version":"2020-12-22","purchased_purges":2,"victory":false,"max_hp_per_floor":[66,66,66,66,66,66,66,66,66,66,66,66,66,66,66,66,66,66,66,66,66,66,66,66,66,66],"relic_stats":{"Blood Vial":10,"counters":[13,54],"Snecko Eye":[16,19,22,22],"Juzu Bracelet":1,"obtain_stats":[{"Blood Vial":11,"Snecko Eye":17,"Bag of Marbles":9,"Juzu Bracelet":13,"Ring of the Snake":0,"Mercury Hourglass":6},{"Blood Vial":8,"Snecko Eye":10,"Bag of Marbles":6,"Juzu Bracelet":9,"Ring of the Snake":0,"Mercury Hourglass":5},{"Blood Vial":31,"Snecko Eye":43,"Bag of Marbles":25,"Juzu Bracelet":35,"Ring of the Snake":0,"Mercury Hourglass":21}],"Ring of the Snake":[26],"Mercury Hourglass":[147]},"card_choices":[{"not_picked":["Die Die Die","Burst"],"picked":"Glass Knife","floor":0},{"not_picked":["Backflip","Prepared"],"picked":"Dagger Throw","floor":1},{"not_picked":["Cloak And Dagger","Flying Knee"],"picked":"Poisoned Stab","floor":3},{"not_picked":["Choke","Reflex"],"picked":"Dagger Throw","floor":4},{"not_picked":["Calculated Gamble","Acrobatics"],"picked":"Bouncing Flask","floor":5},{"not_picked":["Storm of Steel","Backflip"],"picked":"Eviscerate","floor":6},{"not_picked":["Distraction","Backflip"],"picked":"Dagger Throw","floor":8},{"not_picked":["Blade Dance","Slice","Dagger Spray"],"picked":"SKIP","floor":10},{"not_picked":["Skewer","A Thousand Cuts","Dagger Spray"],"picked":"SKIP","floor":11},{"not_picked":["Dagger Throw","Reflex"],"picked":"PiercingWail","floor":13},{"not_picked":["Malaise","Burst"],"picked":"Night Terror","floor":16},{"not_picked":["Dagger Throw","Dodge and Roll","Bane"],"picked":"SKIP","floor":18},{"not_picked":["Quick Slash","Prepared"],"picked":"After Image","floor":21}],"player_experience":1964173,"relics_obtained":[{"floor":6,"key":"Mercury Hourglass"},{"floor":9,"key":"Bag of Marbles"},{"floor":11,"key":"Blood Vial"},{"floor":13,"key":"Juzu Bracelet"}],"event_choices":[{"damage_healed":0,"gold_gain":0,"player_choice":"Ignored","damage_taken":0,"max_hp_gain":0,"max_hp_loss":0,"event_name":"Vampires","floor":20,"gold_loss":0},{"cards_removed":["Strike_G"],"damage_healed":0,"gold_gain":0,"player_choice":"Gave Gold","damage_taken":0,"max_hp_gain":0,"max_hp_loss":0,"event_name":"Beggar","floor":22,"gold_loss":75},{"damage_healed":0,"gold_gain":0,"cards_transformed":["Strike_G","Strike_G"],"player_choice":"Became Test Subject","damage_taken":0,"max_hp_gain":0,"max_hp_loss":0,"event_name":"Drug Dealer","floor":24,"gold_loss":0,"cards_obtained":["Doppelganger","Bane"]}],"is_beta":false,"boss_relics":[{"not_picked":["Coffee Dripper","Fusion Hammer"],"picked":"Snecko Eye"}],"items_purged_floors":[2,12],"is_endless":false,"potions_floor_spawned":[5,8,10,18,21],"killed_by":"Gremlin Leader","ascension_level":20}}