{"host":"wonp23fsqqcu31ie","time":1609556071,"event":{"mods":["2.2 Compatiblity","AchievementEnabler","Aspiration","BaseMod","Bestiary","Better Altar","Better Match","Better Sensory Stone","Better Skull","Better Third Choice","BetterRewards","Block Reminder","Colored Map","Colored Powertips","Conspire","Curses Come First","DeckTracker","Displayed Cursed Tome","Downfall","Hermit","Highlight Path","Hubris","Marisa????????","Minty Spire (QoL Compilation)","Permanent Neow","Quick Restart","Rare Cards Sparkle","Relic Stats","Replay The Spire","Robot Space Explorer","Shade Mod","Shop Mod","StSLib","SuperFastMode","The Animator","The Cursed","The Gatherer","The Marked","The Necromancer","The Runesmith","The Servant 0.9.4"],"gold_per_floor":[118,118,118,43,62,62,80,97,122,197,197,197,17,35,35,134,134,153,153,168,179,179,179,159,159,159,179,192,220,233,233,233],"floor_reached":31,"playtime":940,"items_purged":["Pain"],"score":247,"play_id":"4a862d12-cbde-44c3-be15-92cbb88d36b2","local_time":"20210102135431","is_ascension_mode":false,"campfire_choices":[{"data":"theMarked:Improvise","floor":6,"key":"SMITH"},{"data":"theMarked:SoldierOfQuellstein","floor":12,"key":"SMITH"},{"data":"theMarked:DispelDoubt","floor":15,"key":"SMITH"},{"floor":25,"key":"RECALL"}],"circlet_count":0,"master_deck":["theMarked:Strike","theMarked:Strike","theMarked:Strike","theMarked:Strike","theMarked:Strike","theMarked:Defend","theMarked:Defend","theMarked:Defend","theMarked:DispelDoubt+1","theMarked:Overcharge","expansioncontent:AwakenDeath","theMarked:Improvise+1","theMarked:ChannelForce+1","theMarked:BanishingWave","theMarked:Aftermath+1","theMarked:HeightenedSenses","theMarked:SuspiciousRaven","theMarked:Parry+1","theMarked:ParalyzingBlade","theMarked:ContemptForTheProud","Voices","theMarked:ResourceFulStrike+1","theMarked:WardOff","hubris:DuctTapeCard","theMarked:SuspiciousRaven","theMarked:TwofoldDefense+1"],"relics":["theMarked:ArtifactOfAir","WarpedTongs","Boot","ReplayTheSpireMod:CursedCoin","MerchantsRug","Nunchaku","animator:ShionDessert","Ring of Fangs","Ring of Panic","Lee\u0027s Waffle","aspiration:HatOfInfinitePower","hubris:DuctTape"],"acts_visited":["Exordium","TheCity"],"potions_floor_usage":[16,29,29,29,30],"damage_taken":[{"damage":0,"enemies":"2 Louse","floor":1,"turns":2},{"damage":0,"enemies":"Small Slimes","floor":5,"turns":3},{"damage":0,"enemies":"Cultist","floor":7,"turns":2},{"damage":4,"enemies":"2 Fungi Beasts","floor":8,"turns":3},{"damage":7,"enemies":"Blue Slaver","floor":14,"turns":2},{"damage":34,"enemies":"Slime Boss","floor":16,"turns":10},{"damage":19,"enemies":"Chosen","floor":18,"turns":5},{"damage":29,"enemies":"Shell Parasite","floor":20,"turns":5},{"damage":21,"enemies":"Cultist and Chosen","floor":21,"turns":6},{"damage":32,"enemies":"Snake Plant","floor":27,"turns":3},{"damage":4,"enemies":"Centurion and Healer","floor":28,"turns":6},{"damage":32,"enemies":"Slavers","floor":29,"turns":6},{"damage":8,"enemies":"Cultist and Chosen","floor":30,"turns":5},{"damage":6,"enemies":"Gremlin Leader","floor":31,"turns":2}],"seed_played":"-399192256613115732","potions_obtained":[{"floor":1,"key":"Cursed Concoction"},{"floor":14,"key":"Adrenaline Potion"},{"floor":21,"key":"AttackPotion"},{"floor":27,"key":"BlessingOfTheForge"},{"floor":29,"key":"hexamod:EctoCoolerPotion"}],"is_trial":false,"path_per_floor":["M","?","?","$","M","R","M","M","T","?","?","R","$","M","R","B",null,"M","?","M","M","?","?","$","R","T","M","M","E","M","E"],"character_chosen":"THE_DEFAULT","items_purchased":["ReplayTheSpireMod:CursedCoin","MerchantsRug","Nunchaku","theMarked:Aftermath+1","Lee\u0027s Waffle"],"campfire_rested":0,"item_purchase_floors":[13,13,13,13,24],"current_hp_per_floor":[70,70,70,70,70,70,70,66,66,55,62,62,62,55,55,21,70,51,51,22,1,1,1,77,77,77,45,41,9,1,0,0],"gold":233,"neow_bonus":"ONE_RANDOM_RARE_CARD","is_daily":false,"chose_seed":false,"campfire_upgraded":3,"win_rate":0.0,"timestamp":1609556071,"path_taken":["M","?","?","$","?","R","M","M","T","?","?","R","$","M","R","BOSS","M","?","?","M","?","?","$","R","T","M","?","E","M","E"],"items_purchased_type":["Relic","Relic","Relic","Card","Relic"],"build_version":"2020-12-22","purchased_purges":1,"victory":false,"max_hp_per_floor":[70,70,70,70,70,70,70,70,70,70,70,70,70,70,70,70,70,70,70,70,70,70,70,77,77,77,77,77,77,77,77,77],"relic_stats":{"Nunchaku":[9],"Lee\u0027s Waffle":76,"counters":[14,60],"Boot":[21],"obtain_stats":[{"MerchantsRug":13,"animator:ShionDessert":17,"Lee\u0027s Waffle":24,"hubris:DuctTape":29,"ReplayTheSpireMod:CursedCoin":13,"Boot":9,"WarpedTongs":3,"theMarked:ArtifactOfAir":0,"Nunchaku":13,"hubris:Backtick":17,"Ring of Fangs":22,"Ring of Panic":22,"aspiration:HatOfInfinitePower":26},{"MerchantsRug":4,"animator:ShionDessert":6,"Lee\u0027s Waffle":9,"hubris:DuctTape":12,"ReplayTheSpireMod:CursedCoin":4,"Boot":4,"WarpedTongs":1,"theMarked:ArtifactOfAir":0,"Nunchaku":4,"hubris:Backtick":6,"Ring of Fangs":9,"Ring of Panic":9,"aspiration:HatOfInfinitePower":9},{"MerchantsRug":10,"animator:ShionDessert":22,"Lee\u0027s Waffle":38,"hubris:DuctTape":53,"ReplayTheSpireMod:CursedCoin":10,"Boot":10,"WarpedTongs":2,"theMarked:ArtifactOfAir":0,"Nunchaku":10,"hubris:Backtick":22,"Ring of Fangs":38,"Ring of Panic":38,"aspiration:HatOfInfinitePower":38}],"WarpedTongs":[57]},"card_choices":[{"not_picked":["theMarked:Indomitable","theMarked:ResourceFulStrike"],"picked":"theMarked:Overcharge","floor":1},{"not_picked":["PanicButton","Crow Ritual"],"picked":"expansioncontent:AwakenDeath","floor":2},{"not_picked":["theMarked:RepellingDischarge","theMarked:TwofoldDefense"],"picked":"theMarked:Improvise","floor":5},{"not_picked":["theMarked:TwofoldDefense","theMarked:WastefulAttack"],"picked":"theMarked:ChannelForce","floor":7},{"not_picked":["theMarked:TunnelVision","theMarked:Improvise"],"picked":"theMarked:BanishingWave","floor":8},{"not_picked":["theMarked:WastefulAttack","theMarked:BanishingStrike"],"picked":"theMarked:HeightenedSenses","floor":14},{"not_picked":["theMarked:Snap","theMarked:MagicAdept"],"picked":"theMarked:SuspiciousRaven","floor":16},{"not_picked":["theMarked:HeritageOfTheMarked","theMarked:WastefulDefense"],"picked":"theMarked:Parry+1","floor":18},{"not_picked":["theMarked:HeightenedSenses","theMarked:Polarize"],"picked":"theMarked:ParalyzingBlade","floor":20},{"not_picked":["theMarked:Static","theMarked:Aftermath"],"picked":"theMarked:ContemptForTheProud","floor":21},{"not_picked":["theMarked:Overcharge+1","theMarked:Aftermath"],"picked":"theMarked:ResourceFulStrike+1","floor":27},{"not_picked":["theMarked:BanishingStrike","theMarked:BanishingWave"],"picked":"theMarked:WardOff","floor":28},{"not_picked":["theMarked:Static","theMarked:SwordAndMagic"],"picked":"theMarked:SuspiciousRaven","floor":29},{"not_picked":["theMarked:Standoff+1","theMarked:Aftermath"],"picked":"theMarked:TwofoldDefense+1","floor":30}],"player_experience":434180,"relics_obtained":[{"floor":9,"key":"Boot"},{"floor":22,"key":"Ring of Fangs"},{"floor":22,"key":"Ring of Panic"},{"floor":26,"key":"aspiration:HatOfInfinitePower"},{"floor":29,"key":"hubris:DuctTape"}],"event_choices":[{"damage_healed":0,"gold_gain":1,"player_choice":"1","damage_taken":0,"max_hp_gain":0,"max_hp_loss":0,"event_name":"betterStone:BetterStone","floor":2,"gold_loss":0},{"damage_healed":0,"gold_gain":0,"player_choice":"Rummage","damage_taken":0,"relics_obtained":["WarpedTongs"],"max_hp_gain":0,"max_hp_loss":0,"event_name":"Accursed Blacksmith","floor":3,"gold_loss":0,"cards_obtained":["Pain"]},{"damage_healed":0,"gold_gain":75,"player_choice":"Gold","damage_taken":11,"max_hp_gain":0,"max_hp_loss":0,"event_name":"betterThird:BetterGoop","floor":10,"gold_loss":0},{"damage_healed":0,"gold_gain":0,"player_choice":"Upgraded","damage_taken":0,"max_hp_gain":0,"max_hp_loss":0,"event_name":"Upgrade Shrine","floor":19,"gold_loss":0,"cards_upgraded":["theMarked:ChannelForce"]},{"cards_removed":["Guardian:Aged"],"damage_healed":0,"gold_gain":0,"player_choice":"Purged","damage_taken":0,"max_hp_gain":0,"max_hp_loss":0,"event_name":"Purifier","floor":23,"gold_loss":0}],"is_beta":false,"boss_relics":[{"not_picked":["hubris:CrackedHourglass","Fusion Hammer"],"picked":"hubris:Backtick"}],"items_purged_floors":[4],"is_endless":false,"potions_floor_spawned":[1,14,21,27,29],"killed_by":"Gremlin Leader","ascension_level":0}}