{"host":"emut9mh212kd9b86","time":1609582695,"event":{"mods":["ATMod(°¢èªMod)","Act Like it!","BaseMod","Better Vampires","Downfall","Koishi","KomeijiMod","Minty Spire (QoL Compilation)","MostiFishMod","Shop Mod","Spicy Shops","StSLib","TestMod","Waifu the Spire","noobMod","¡¾ÒÅÎï¿¨ÅÆ¡¿REMEMod"],"gold_per_floor":[99,111,129,129,139,166,190,208,208,224,297,43,43,193,204,305,305,305,322,342,360,425,464,487,412,436,214,235,256,289,289,303,409,409,409,432,309,327,327,368,368,201,229,229,246,283,283,150,164,180],"floor_reached":51,"playtime":2265,"items_purged":["Slimebound:Icky","Koishi:BasicStrike","Koishi:BasicDefend","Koishi:BasicStrike+1"],"score":1333,"play_id":"eca1813e-a3fe-4274-9777-412ba5beed5a","local_time":"20210102181815","is_ascension_mode":true,"campfire_choices":[{"floor":1.0,"key":"RECALL"},{"data":"Koishi:SubconsciousSweep","floor":13.0,"key":"SMITH"},{"data":"Koishi:LastRemote","floor":18.0,"key":"SMITH"},{"data":"Koishi:FreudianInstinct","floor":25.0,"key":"SMITH"},{"data":"Koishi:BloodcurdlingScream","floor":35.0,"key":"SMITH"},{"data":"testmod-Librarian","floor":44,"key":"SMITH"},{"data":"testmod-Reflect","floor":47,"key":"SMITH"}],"circlet_count":0,"master_deck":["Koishi:BasicStrike+1","Koishi:BasicDefend","Koishi:BasicDefend","Koishi:BasicDefend","Koishi:HauntingSlash","Koishi:BloodcurdlingScream+1","Koishi:SubconsciousSweep+1","Koishi:LastRemote+1","Koishi:ReflexRadar","Koishi:YoukaiPolygraph","Koishi:JumpScare","Koishi:FreudianInstinct+1","Koishi:PhilosophyOfTheDespised+1","Koishi:FreudianInstinct","Koishi:SpiritedAway+1","testmod-Librarian+1","testmod-Reflect+1","Koishi:DNAsFlaw","Thinking Ahead"],"relics":["Koishi:ImaginaryFriend","testmod-TestBox","ice","DaveBox","AT_ATBox","REME_ComplimentaryCards","testmod-FatalChain","ThirstyCross","Guardian:PocketSentry","Kunai","MerchantsRug","ClockworkSouvenir","testmod-DeterminationOfClimber","AT_PhaseBoots","ImprovedEquipment","MealTicket","downfall:HeartBlessingRed","Tiny Chest","AT_BladeRuinedKing","RhineCircuit","GoodDreamPillow","OriginationStaff","Bag of Marbles","Shuriken","AT_SunfireAegis"],"acts_visited":["Exordium","TheCity","TheBeyond"],"potions_floor_usage":[],"damage_taken":[{"damage":3.0,"enemies":"2 Louse","floor":2.0,"turns":2.0},{"damage":12.0,"enemies":"Jaw Worm","floor":3.0,"turns":3.0},{"damage":0.0,"enemies":"Small Slimes","floor":5.0,"turns":1.0},{"damage":40.0,"enemies":"Lagavulin","floor":6.0,"turns":5.0},{"damage":0.0,"enemies":"Red Slaver","floor":8.0,"turns":2.0},{"damage":0.0,"enemies":"Blue Slaver","floor":10.0,"turns":2.0},{"damage":0.0,"enemies":"downfall:FleeingMerchant","floor":12.0,"turns":4.0},{"damage":3.0,"enemies":"Exordium Wildlife","floor":15.0,"turns":2.0},{"damage":10.0,"enemies":"downfall:Silent","floor":16.0,"turns":6.0},{"damage":2.0,"enemies":"Chosen","floor":19.0,"turns":3.0},{"damage":14.0,"enemies":"Shell Parasite","floor":20.0,"turns":4.0},{"damage":24.0,"enemies":"Snake Plant","floor":21.0,"turns":2.0},{"damage":10.0,"enemies":"downfall:FleeingMerchant","floor":22.0,"turns":4.0},{"damage":0.0,"enemies":"REME_1_Revenger","floor":23.0,"turns":2.0},{"damage":0.0,"enemies":"Snecko","floor":26.0,"turns":3.0},{"damage":0.0,"enemies":"Shelled Parasite and Fungi","floor":28.0,"turns":2.0},{"damage":0.0,"enemies":"Snake Plant","floor":29.0,"turns":2.0},{"damage":0.0,"enemies":"Slavers","floor":30.0,"turns":2.0},{"damage":6.0,"enemies":"Centurion and Healer","floor":32.0,"turns":2.0},{"damage":3.0,"enemies":"downfall:Watcher","floor":33.0,"turns":4.0},{"damage":0.0,"enemies":"Orb Walker","floor":36.0,"turns":2.0},{"damage":4.0,"enemies":"3 Shapes","floor":38.0,"turns":2.0},{"damage":0.0,"enemies":"Nemesis","floor":40.0,"turns":3.0},{"damage":0.0,"enemies":"Transient","floor":43.0,"turns":3.0},{"damage":0,"enemies":"Jaw Worm Horde","floor":45,"turns":1},{"damage":0,"enemies":"Giant Head","floor":46,"turns":1},{"damage":0,"enemies":"3 Darklings","floor":49,"turns":1},{"damage":0,"enemies":"downfall:Ironclad","floor":50,"turns":1}],"seed_played":"-4318683746820497478","potions_obtained":[{"floor":3.0,"key":"champ:CounterPotion"},{"floor":5.0,"key":"EssenceOfSteel"},{"floor":6.0,"key":"BlessingOfTheForge"},{"floor":19.0,"key":"DistilledChaos"},{"floor":20.0,"key":"Fire Potion"},{"floor":23.0,"key":"Fire Potion"},{"floor":26.0,"key":"AttackPotion"},{"floor":33.0,"key":"SteroidPotion"},{"floor":36.0,"key":"Fire Potion"},{"floor":46,"key":"SpeedPotion"},{"floor":49,"key":"SpeedPotion"}],"is_trial":false,"path_per_floor":["R","M","M","?","M","E","T","M","?","M","T","$","R","?","M","B",null,"R","M","M","M","$","E","T","R","M","$","M","M","E","?","M","B",null,"R","M","?","M","?","E","T","$","M","R","M","E","R","$","M","B",null],"character_chosen":"KOISHI","items_purchased":["MerchantsRug","ClockworkSouvenir","AT_SpeedBoots","Koishi:JumpScare","Tiny Chest","Shuriken","testmod-Librarian"],"campfire_rested":0,"item_purchase_floors":[12,12,22,22,27,42,42],"current_hp_per_floor":[54,51,41,41,41,2,2,3,3,4,4,4,4,4,1,46,59,59,59,47,25,19,26,26,26,33,48,55,64,71,71,72,79,88,88,92,92,93,93,100,100,101,103,103,103,103,103,103,103,103],"gold":180,"neow_bonus":"REMOVE_TWO","is_daily":false,"chose_seed":false,"campfire_upgraded":6,"win_rate":0.0,"timestamp":1609582695,"path_taken":["R","M","M","?","M","E","T","M","?","M","?","$","R","?","M","BOSS","R","M","M","M","$","E","T","R","M","$","M","M","E","?","M","BOSS","R","M","?","M","?","E","T","$","M","R","M","E","R","$","M","BOSS"],"items_purchased_type":["Relic","Relic","Relic","Card","Relic","Relic","Card"],"build_version":"2020-12-22","purchased_purges":4,"victory":true,"max_hp_per_floor":[54,54,54,54,54,54,54,54,54,54,54,54,54,54,54,63,63,63,65,69,72,77,77,77,77,78,78,79,82,85,85,86,91,91,91,92,92,95,95,101,101,101,103,103,103,103,103,103,103,103],"card_choices":[{"not_picked":["Koishi:GeneticsOfTheUnconscious","Koishi:DreadfulBlow","Koishi:PhantomStrike"],"picked":"SKIP","floor":2.0},{"not_picked":["Koishi:PhantomBarrier","Koishi:LastRemote"],"picked":"Koishi:BloodcurdlingScream","floor":3.0},{"not_picked":["Koishi:LastRemote","Koishi:SpiritedAway"],"picked":"Koishi:SubconsciousSweep","floor":5.0},{"not_picked":["Koishi:FidgetySnatcher","Koishi:RacingHeart","Koishi:FreudianInstinct"],"picked":"SKIP","floor":6.0},{"not_picked":["Koishi:PhantomBarrier","Koishi:PerfectMindControl"],"picked":"Koishi:LastRemote","floor":8.0},{"not_picked":["Koishi:RacingHeart","Koishi:PhilosophyOfTheDespised"],"picked":"Koishi:ReflexRadar","floor":10.0},{"not_picked":["Koishi:PredatoryInstincts","Koishi:Catatonia"],"picked":"Koishi:YoukaiPolygraph","floor":12.0},{"not_picked":["Koishi:DanmakuParanoia","Koishi:HeartfeltFancy","Koishi:SpiritedAway"],"picked":"SKIP","floor":15.0},{"not_picked":["Koishi:PhantomStrike","Koishi:RacingHeart","Koishi:SubterraneanRose"],"picked":"SKIP","floor":19.0},{"not_picked":["Koishi:CatchAndRose+1","Koishi:MindNumbingTerror+1","Koishi:MassHysteria"],"picked":"SKIP","floor":20.0},{"not_picked":["Koishi:ApparitionsStalkTheNight","Koishi:DreadfulBlow","Koishi:ReflexRadar"],"picked":"SKIP","floor":21.0},{"not_picked":["Koishi:DreadfulBlow","Koishi:ConditionedTeleport","Koishi:ReflexRadar"],"picked":"SKIP","floor":22.0},{"not_picked":["Koishi:CatchAndRose","Koishi:SubterraneanRose"],"picked":"Koishi:FreudianInstinct","floor":23.0},{"not_picked":["Koishi:ReflexRadar+1","Koishi:ParalyzingFear"],"picked":"Koishi:PhilosophyOfTheDespised+1","floor":26.0},{"not_picked":["Koishi:StingingMind","Koishi:ParalyzingFear+1","Koishi:Prune"],"picked":"SKIP","floor":28.0},{"not_picked":["Koishi:SprinkleStarAndHeart+1","Koishi:StingingMind","Koishi:MassHysteria+1"],"picked":"SKIP","floor":29.0},{"not_picked":["Koishi:RacingHeart","Koishi:VengefulSpirit+1"],"picked":"Koishi:FreudianInstinct","floor":30.0},{"not_picked":["Koishi:StingingMind","Koishi:ReflexRadar","Koishi:FreudianInstinct+1"],"picked":"SKIP","floor":32.0},{"not_picked":["Koishi:SubterraneanRose","Koishi:FleetingPhantom+1","Koishi:CatchAndRose+1"],"picked":"SKIP","floor":36.0},{"not_picked":["Koishi:StingingMind","Koishi:PhantomStrike"],"picked":"Koishi:SpiritedAway+1","floor":38.0},{"not_picked":["Koishi:FleetingPhantom+1","Koishi:PhantomStrike","Koishi:FidgetySnatcher"],"picked":"SKIP","floor":40.0},{"not_picked":["Koishi:Catatonia","Koishi:Jaunt","Koishi:RuptureMind"],"picked":"SKIP","floor":43.0},{"not_picked":["Koishi:EmbryosDream","Koishi:StingingMind+1","Koishi:YoukaiPolygraph"],"picked":"SKIP","floor":45},{"not_picked":["Koishi:SubterraneanRose+1","Koishi:ApparitionsStalkTheNight+1","Koishi:BramblyRoseGarden+1"],"picked":"SKIP","floor":46},{"not_picked":["Koishi:StingingMind","Koishi:BloodcurdlingScream"],"picked":"Koishi:DNAsFlaw","floor":49}],"player_experience":410572,"relics_obtained":[{"floor":6.0,"key":"Whetstone"},{"floor":7.0,"key":"Guardian:PocketSentry"},{"floor":11.0,"key":"Kunai"},{"floor":23.0,"key":"ImprovedEquipment"},{"floor":24.0,"key":"MealTicket"},{"floor":30.0,"key":"AT_BladeRuinedKing"},{"floor":40.0,"key":"OriginationStaff"},{"floor":41.0,"key":"Bag of Marbles"},{"floor":46,"key":"AT_SunfireAegis"}],"event_choices":[{"damage_healed":0.0,"max_hp_gain":0.0,"max_hp_loss":0.0,"gold_gain":0.0,"event_name":"Scrap Ooze","player_choice":"Fled","floor":9.0,"gold_loss":0.0,"damage_taken":0.0},{"cards_removed":["MostiFishMod:HellRitual"],"damage_healed":0.0,"max_hp_gain":0.0,"max_hp_loss":0.0,"gold_gain":0.0,"event_name":"Purifier","player_choice":"Purged","floor":31.0,"gold_loss":0.0,"damage_taken":0.0}],"is_beta":false,"boss_relics":[{"not_picked":["testmod-HarvestTotem","RhineSuit"],"picked":"testmod-DeterminationOfClimber"},{"not_picked":["Busted Crown","EE1DDrone"],"picked":"RhineCircuit"}],"items_purged_floors":[22,27,42,48],"is_endless":false,"potions_floor_spawned":[3,5,6,10,19,20,23,26,33,36,46,49],"ascension_level":5}}