{"host":"sfkslwp4t49i7lrt","time":1609581553,"event":{"mods":["BaseMod","Bestiary","Block Reminder","Downfall","Highlight Path","Minty Spire (QoL Compilation)","Relic Stats","StSLib","everything is the same but u backflip on backflip","slay the spire mod where everything is the same but ironclad has a cowboy hat"],"gold_per_floor":[99,118,129,145,145,145,192,209,19,19,19,4,36,48,61,166,166,66,83,94,94,294,313,340,350,370,395,395,395,415,415,432,530,530,430,447,447,244,255,270,270,170,190,238,238,254,146,146,146,146],"floor_reached":48,"playtime":2754,"items_purged":["champ:Strike","champ:Strike"],"score":657,"play_id":"39127c9e-6f40-4cc9-87b4-1e653160f339","local_time":"20210102165913","is_ascension_mode":true,"campfire_choices":[{"data":"champ:Taunt","floor":1,"key":"SMITH"},{"data":"champ:TornadoPunch","floor":6,"key":"SMITH"},{"data":"champ:FlashCut","floor":18,"key":"SMITH"},{"floor":35,"key":"RECALL"},{"data":"expansioncontent:CaCaw","floor":42,"key":"SMITH"}],"circlet_count":0,"master_deck":["champ:Defend","champ:Defend","champ:Defend","champ:Defend","champ:Execute","champ:Taunt+1","champ:CrownThrow","champ:TornadoPunch+1","champ:FlashCut+1","champ:Circumvent","champ:ShieldSlam","RitualDagger","champ:BringItOn","champ:DefensiveShout+1","expansioncontent:CaCaw+1","champ:ViciousMockery","champ:Circumvent","champ:LastStand"],"relics":["Busted Crown","Bag of Marbles","Potion Belt","Pocketwatch","SacredBark","downfall:HeartBlessingGreen","Oddly Smooth Stone","Blue Candle","Coffee Dripper","downfall:HeartBlessingBlue","Bird Faced Urn","downfall:HeartBlessingRed","Torii","TungstenRod","Frozen Eye"],"acts_visited":["Exordium","TheCity","TheBeyond"],"potions_floor_usage":[27,33,33,40,40,48,48],"damage_taken":[{"damage":5,"enemies":"Cultist","floor":2,"turns":4},{"damage":0,"enemies":"Small Slimes","floor":3,"turns":2},{"damage":5,"enemies":"2 Louse","floor":4,"turns":2},{"damage":17,"enemies":"Blue Slaver","floor":8,"turns":3},{"damage":10,"enemies":"downfall:FleeingMerchant","floor":9,"turns":4},{"damage":10,"enemies":"downfall:FleeingMerchant","floor":12,"turns":4},{"damage":10,"enemies":"Lagavulin","floor":13,"turns":5},{"damage":5,"enemies":"Red Slaver","floor":14,"turns":2},{"damage":4,"enemies":"2 Fungi Beasts","floor":15,"turns":3},{"damage":50,"enemies":"downfall:Defect","floor":16,"turns":9},{"damage":7,"enemies":"Shell Parasite","floor":19,"turns":5},{"damage":0,"enemies":"Spheric Guardian","floor":20,"turns":4},{"damage":8,"enemies":"Cultist and Chosen","floor":23,"turns":7},{"damage":9,"enemies":"Centurion and Healer","floor":25,"turns":5},{"damage":10,"enemies":"3 Cultists","floor":26,"turns":4},{"damage":0,"enemies":"Slavers","floor":27,"turns":3},{"damage":10,"enemies":"Cultist and Chosen","floor":30,"turns":4},{"damage":4,"enemies":"Snecko","floor":32,"turns":4},{"damage":35,"enemies":"downfall:Silent","floor":33,"turns":11},{"damage":0,"enemies":"3 Shapes","floor":36,"turns":3},{"damage":11,"enemies":"downfall:FleeingMerchant","floor":38,"turns":4},{"damage":14,"enemies":"3 Darklings","floor":39,"turns":6},{"damage":29,"enemies":"Transient","floor":40,"turns":5},{"damage":5,"enemies":"Jaw Worm Horde","floor":43,"turns":4},{"damage":5,"enemies":"2 Orb Walkers","floor":44,"turns":4},{"damage":0,"enemies":"3 Darklings","floor":46,"turns":7},{"damage":0,"enemies":"downfall:FleeingMerchant","floor":47,"turns":4},{"damage":99,"enemies":"Giant Head","floor":48,"turns":10}],"seed_played":"-7741818946654474025","potions_obtained":[{"floor":2,"key":"sneckomod:MuddlingPotion"},{"floor":4,"key":"Block Potion"},{"floor":13,"key":"DistilledChaos"},{"floor":14,"key":"Swift Potion"},{"floor":20,"key":"SpeedPotion"},{"floor":23,"key":"champ:CounterPotion"},{"floor":27,"key":"PowerPotion"},{"floor":36,"key":"SteroidPotion"},{"floor":40,"key":"PowerPotion"},{"floor":43,"key":"CultistPotion"},{"floor":44,"key":"Strength Potion"}],"is_trial":false,"path_per_floor":["R","M","M","M","?","R","T","M","$","?","?","$","E","M","M","B",null,"R","M","M","?","?","M","T","M","M","E","?","?","M","?","M","B",null,"R","M","?","$","M","M","T","R","M","?","?","M","$","E"],"character_chosen":"THE_CHAMP","items_purchased":["champ:FlashCut","champ:Circumvent","champ:ViciousMockery","champ:Circumvent","TungstenRod","Frozen Eye"],"campfire_rested":0,"item_purchase_floors":[9,9,38,38,47,47],"current_hp_per_floor":[90,90,90,90,83,83,83,71,71,71,71,71,71,71,67,42,90,90,88,88,82,82,79,79,75,75,75,75,67,67,67,63,38,90,100,100,90,89,75,51,51,51,53,53,87,87,87,0,0,0],"gold":146,"neow_bonus":"BOSS_RELIC","is_daily":false,"chose_seed":false,"campfire_upgraded":4,"win_rate":0.0,"timestamp":1609581553,"path_taken":["R","M","?","M","?","R","T","M","$","?","?","?","E","?","M","BOSS","R","M","M","?","?","M","T","?","M","E","?","?","?","?","M","BOSS","R","M","?","$","M","M","T","R","M","?","?","M","$","E"],"items_purchased_type":["Card","Card","Card","Card","Relic","Relic"],"build_version":"2020-12-22","purchased_purges":2,"victory":false,"max_hp_per_floor":[90,90,90,90,90,90,90,90,90,90,90,90,90,90,90,90,90,90,90,90,90,90,90,90,90,90,90,90,90,90,90,90,90,90,100,100,100,100,100,100,100,100,100,100,87,87,87,87,87,87],"relic_stats":{"Busted Crown":66,"Torii":0,"counters":[28,132],"Blue Candle":[0],"Bird Faced Urn":[10],"obtain_stats":[{"Potion Belt":7,"downfall:HeartBlessingRed":42,"Torii":44,"SacredBark":17,"Blue Candle":31,"Oddly Smooth Stone":27,"champ:ChampionCrown":0,"downfall:HeartBlessingGreen":18,"Frozen Eye":47,"Busted Crown":0,"downfall:HeartBlessingBlue":35,"Bird Faced Urn":41,"Bag of Marbles":5,"Coffee Dripper":34,"TungstenRod":47,"Pocketwatch":13},{"Potion Belt":3,"downfall:HeartBlessingRed":23,"Torii":25,"SacredBark":10,"Blue Candle":17,"Oddly Smooth Stone":16,"champ:ChampionCrown":0,"downfall:HeartBlessingGreen":10,"Frozen Eye":27,"Busted Crown":0,"downfall:HeartBlessingBlue":19,"Bird Faced Urn":23,"Bag of Marbles":3,"Coffee Dripper":19,"TungstenRod":27,"Pocketwatch":7},{"Potion Belt":8,"downfall:HeartBlessingRed":103,"Torii":111,"SacredBark":38,"Blue Candle":70,"Oddly Smooth Stone":66,"champ:ChampionCrown":0,"downfall:HeartBlessingGreen":38,"Frozen Eye":122,"Busted Crown":0,"downfall:HeartBlessingBlue":85,"Bird Faced Urn":103,"Bag of Marbles":8,"Coffee Dripper":85,"TungstenRod":122,"Pocketwatch":24}],"TungstenRod":5,"Pocketwatch":[135]},"card_choices":[{"not_picked":[],"picked":"champ:CrownThrow","floor":2},{"not_picked":[],"picked":"champ:TornadoPunch","floor":3},{"not_picked":["champ:StanceDance"],"picked":"SKIP","floor":4},{"not_picked":["champ:ShieldSigil"],"picked":"SKIP","floor":8},{"not_picked":["champ:BerserkersShout"],"picked":"SKIP","floor":9},{"not_picked":["champ:CrookedStrike"],"picked":"SKIP","floor":12},{"not_picked":["champ:FancyFootwork"],"picked":"SKIP","floor":13},{"not_picked":["champ:RageSigil"],"picked":"SKIP","floor":14},{"not_picked":["champ:Encircle"],"picked":"SKIP","floor":15},{"not_picked":[],"picked":"champ:ShieldSlam","floor":16},{"not_picked":["champ:RageSigil"],"picked":"SKIP","floor":19},{"not_picked":["champ:Backstep+1"],"picked":"SKIP","floor":20},{"not_picked":["champ:FancyFootwork"],"picked":"SKIP","floor":23},{"not_picked":[],"picked":"champ:BringItOn","floor":25},{"not_picked":[],"picked":"champ:DefensiveShout","floor":26},{"not_picked":["champ:TornadoPunch"],"picked":"SKIP","floor":27},{"not_picked":["champ:BringItOn"],"picked":"SKIP","floor":30},{"not_picked":["champ:IronFortress"],"picked":"SKIP","floor":32},{"not_picked":["champ:GladiatorStyle"],"picked":"SKIP","floor":36},{"not_picked":[],"picked":"expansioncontent:CaCaw","floor":37},{"not_picked":["champ:HeartStrike"],"picked":"SKIP","floor":38},{"not_picked":["champ:FlashCut+1"],"picked":"SKIP","floor":39},{"not_picked":["champ:HeartStrike"],"picked":"SKIP","floor":40},{"not_picked":["champ:Backstep+1"],"picked":"SKIP","floor":43},{"not_picked":["champ:BringItOn"],"picked":"SKIP","floor":46},{"not_picked":[],"picked":"champ:LastStand","floor":47}],"player_experience":420025,"relics_obtained":[{"floor":7,"key":"Potion Belt"},{"floor":13,"key":"Pocketwatch"},{"floor":27,"key":"Oddly Smooth Stone"},{"floor":31,"key":"Blue Candle"},{"floor":41,"key":"Bird Faced Urn"},{"floor":44,"key":"Torii"}],"event_choices":[{"damage_healed":0,"gold_gain":0,"player_choice":"Success","damage_taken":7,"relics_obtained":["Bag of Marbles"],"max_hp_gain":0,"max_hp_loss":0,"event_name":"Scrap Ooze","floor":5,"gold_loss":0},{"cards_removed":["champ:Strike"],"damage_healed":0,"gold_gain":0,"player_choice":"Card Removal","damage_taken":0,"max_hp_gain":0,"max_hp_loss":0,"event_name":"The Cleric","floor":10,"gold_loss":0},{"damage_healed":0,"gold_gain":0,"player_choice":"Relic","damage_taken":0,"max_hp_gain":0,"max_hp_loss":0,"event_name":"Wheel of Change","floor":31,"gold_loss":0},{"damage_healed":0,"gold_gain":0,"player_choice":"Fight","damage_taken":0,"max_hp_gain":0,"max_hp_loss":0,"event_name":"Mysterious Sphere","floor":44,"gold_loss":0}],"is_beta":false,"boss_relics":[{"not_picked":["Astrolabe","Empty Cage"],"picked":"SacredBark"},{"not_picked":["Tiny House","Calling Bell"],"picked":"Coffee Dripper"}],"items_purged_floors":[9,38],"is_endless":false,"potions_floor_spawned":[2,4,13,14,20,23,25,27,36,40,43,44],"killed_by":"Giant Head","ascension_level":4}}