{"host":"u4pncpybdtxxvw4r","time":1609620067,"event":{"mods":["AchievementEnabler","BaseMod","Block Reminder","Colored Powertips","Downfall","Marisa£®ÏF”Í°°ƒß¿Ì…≥£©","Minty Spire (QoL Compilation)","Permanent Neow","Potion Indicator Mod","Rare Cards Sparkle","StSLib","SuperFastMode"],"gold_per_floor":[117,135,135,85,101,130,130,150,201,201,216,216,230,18,18,123,123,139,157,18,31,43,59,59,59,59],"floor_reached":25,"playtime":1130,"items_purged":["Defend_G","Strike_G"],"score":207,"play_id":"63527867-3278-44d1-b933-ea9c649b9794","local_time":"20210103044107","is_ascension_mode":false,"campfire_choices":[{"data":"Poisoned Stab","floor":7,"key":"SMITH"},{"data":"Neutralize","floor":12,"key":"SMITH"},{"data":"expansioncontent:PrepareCrush","floor":15,"key":"SMITH"},{"data":"Noxious Fumes","floor":24,"key":"SMITH"}],"circlet_count":0,"master_deck":["Strike_G","Strike_G","Defend_G","Defend_G","Defend_G","Defend_G","Survivor","Neutralize+1","Blade Dance","Poisoned Stab+1","Poisoned Stab","Backstab","Dodge and Roll","Calculated Gamble","Distraction","expansioncontent:PrepareCrush+1","Bane","Envenom","Blur","Noxious Fumes+1","Terror","Dash","Bane","Dagger Throw"],"relics":["Coffee Dripper","Meat on the Bone","MealTicket","Sozu"],"acts_visited":["Exordium","TheCity"],"potions_floor_usage":[],"damage_taken":[{"damage":5.0,"enemies":"Jaw Worm","floor":1.0,"turns":6.0},{"damage":2.0,"enemies":"2 Louse","floor":2.0,"turns":3.0},{"damage":0,"enemies":"Cultist","floor":5,"turns":3},{"damage":33,"enemies":"Gremlin Nob","floor":6,"turns":5},{"damage":0,"enemies":"2 Fungi Beasts","floor":8,"turns":3},{"damage":2,"enemies":"Blue Slaver","floor":11,"turns":3},{"damage":5,"enemies":"Looter","floor":13,"turns":3},{"damage":35,"enemies":"The Guardian","floor":16,"turns":9},{"damage":0,"enemies":"2 Thieves","floor":18,"turns":3},{"damage":0,"enemies":"Shell Parasite","floor":19,"turns":4},{"damage":15,"enemies":"Snecko","floor":21,"turns":4},{"damage":19,"enemies":"3 Cultists","floor":22,"turns":5},{"damage":35,"enemies":"Sentry and Sphere","floor":23,"turns":7},{"damage":15,"enemies":"Centurion and Healer","floor":25,"turns":1}],"seed_played":"4185416201662695812","potions_obtained":[{"floor":5,"key":"LiquidMemories"},{"floor":10,"key":"champ:CounterPotion"},{"floor":13,"key":"Fire Potion"}],"is_trial":false,"path_per_floor":["M","M","?","?","M","E","R","M","T","?","M","R","M","$","R","B",null,"M","M","$","M","M","M","R","M"],"character_chosen":"THE_SILENT","items_purchased":["expansioncontent:PrepareCrush","Bane","Terror"],"campfire_rested":0,"item_purchase_floors":[14,14,20],"current_hp_per_floor":[65,63,56,56,56,23,23,35,35,35,45,45,40,55,55,32,70,70,70,70,55,36,13,13,0,0],"gold":59,"neow_bonus":"BOSS_RELIC","is_daily":false,"chose_seed":false,"campfire_upgraded":4,"win_rate":0.0,"timestamp":1609620067,"path_taken":["M","M","?","?","M","E","R","M","T","?","M","R","M","$","R","BOSS","M","M","$","M","M","M","R","?"],"items_purchased_type":["Card","Card","Card"],"build_version":"2020-12-22","purchased_purges":2,"victory":false,"max_hp_per_floor":[70,70,70,70,70,70,70,70,70,70,70,70,70,70,70,70,70,70,70,70,70,70,70,70,70,70],"card_choices":[{"not_picked":["Backflip","Reflex"],"picked":"Blade Dance","floor":1.0},{"not_picked":["Choke","PiercingWail"],"picked":"Poisoned Stab","floor":2},{"not_picked":["Footwork","Acrobatics"],"picked":"Poisoned Stab","floor":5},{"not_picked":["Predator","Slice"],"picked":"Backstab","floor":6},{"not_picked":["Dagger Throw","Acrobatics"],"picked":"Dodge and Roll","floor":8},{"not_picked":["Flechettes","Predator"],"picked":"Calculated Gamble","floor":11},{"not_picked":["Riddle With Holes","All Out Attack"],"picked":"Distraction","floor":13},{"not_picked":["Malaise","Adrenaline"],"picked":"Envenom","floor":16},{"not_picked":["Flechettes","Dodge and Roll"],"picked":"Blur","floor":18},{"not_picked":["PiercingWail","Prepared"],"picked":"Noxious Fumes","floor":19},{"not_picked":["Blur","Leg Sweep"],"picked":"Dash","floor":21},{"not_picked":["Acrobatics","Flying Knee"],"picked":"Bane","floor":22},{"not_picked":["Footwork","Masterful Stab+1"],"picked":"Dagger Throw","floor":23}],"player_experience":13021,"relics_obtained":[{"floor":6,"key":"Meat on the Bone"},{"floor":9,"key":"MealTicket"}],"event_choices":[{"cards_removed":["Strike_G"],"damage_healed":0,"gold_gain":0,"player_choice":"Card Removal","damage_taken":7,"max_hp_gain":0,"max_hp_loss":0,"event_name":"Golden Wing","floor":3,"gold_loss":0},{"cards_removed":["Strike_G"],"damage_healed":0,"gold_gain":0,"player_choice":"Card Removal","damage_taken":0,"max_hp_gain":0,"max_hp_loss":0,"event_name":"The Cleric","floor":4,"gold_loss":50},{"damage_healed":0,"gold_gain":0,"player_choice":"Got Potions","damage_taken":0,"max_hp_gain":0,"max_hp_loss":0,"event_name":"Lab","floor":10,"gold_loss":0}],"is_beta":false,"boss_relics":[{"not_picked":["SlaversCollar","Snecko Eye"],"picked":"Sozu"}],"items_purged_floors":[14,20],"is_endless":false,"potions_floor_spawned":[2,5,13,19,22],"killed_by":"Centurion and Healer","ascension_level":0}}