{"host":"nkolxg4se00n20yf","time":1609619989,"event":{"mods":["BaseMod","CatGirl Mod","Chen","Colored Map","Colored Powertips","Downfall","Friendly Minions","Infinite Spire","Kiyohime????","Marisa????????","Minty Spire (QoL Compilation)","StSLib","Td1madao Mod","The Administrix","The Cursed","The Exalted","The Hierophant","The Servant 0.9.4"],"gold_per_floor":[110,110,125,200,200,200,229,243,318,318,334,367,367,5,5,96,96,107,139,139,139,167,167,167],"floor_reached":23,"playtime":991,"items_purged":[],"score":398,"play_id":"06273b45-1be1-4920-af5b-6d7cc0777d24","local_time":"20210102213949","is_ascension_mode":true,"campfire_choices":[{"data":"MasterSpark","floor":6.0,"key":"SMITH"},{"data":"EnergyFlow","floor":10.0,"key":"SMITH"},{"floor":13.0,"key":"REST"},{"floor":15.0,"key":"REST"}],"circlet_count":0,"master_deck":["AscendersBane","Strike_MRS","Strike_MRS","Strike_MRS","Strike_MRS","Defend_MRS","Defend_MRS","Defend_MRS","Defend_MRS","MasterSpark+1","UpSweep","MagicAbsorber","EnergyFlow+1","Singularity","ChargeUpSpray","WitchOfGreed","PowerUp+1","MagicAbsorber+1","MachineGunSpark","StarDustReverie+1","NonDirectionalLaser","ManaConvection+1","RitualDagger","infinitespire:Pacifist","Guardian:Aged","infinitespire:NeuralNetwork"],"relics":["MiniHakkero","Dream Catcher","Toxic Egg 2","Eternal Feather","StrikeDummy","Thread and Needle","Philosopher\u0027s Stone"],"acts_visited":["Exordium","TheCity"],"potions_floor_usage":[22,23],"damage_taken":[{"damage":0.0,"enemies":"2 Louse","floor":1.0,"turns":2.0},{"damage":0.0,"enemies":"Jaw Worm","floor":3.0,"turns":3.0},{"damage":8.0,"enemies":"Gremlin Nob","floor":7.0,"turns":3.0},{"damage":0.0,"enemies":"Small Slimes","floor":8.0,"turns":3.0},{"damage":13.0,"enemies":"Looter","floor":11.0,"turns":4.0},{"damage":35.0,"enemies":"3 Sentries","floor":12.0,"turns":10.0},{"damage":23.0,"enemies":"Slime Boss","floor":16.0,"turns":6.0},{"damage":16.0,"enemies":"Spheric Guardian","floor":18.0,"turns":4.0},{"damage":21.0,"enemies":"Chosen","floor":19.0,"turns":4.0},{"damage":7,"enemies":"Snake Plant","floor":22,"turns":3},{"damage":20,"enemies":"Gremlin Leader","floor":23,"turns":5}],"seed_played":"-856605740255902722","potions_obtained":[{"floor":3.0,"key":"SteroidPotion"},{"floor":8.0,"key":"DistilledChaos"},{"floor":11.0,"key":"Ancient Potion"},{"floor":19.0,"key":"Energy Potion"},{"floor":19.0,"key":"champ:CounterPotion"},{"floor":22,"key":"Guardian:BlockOnCardUsePotion"}],"is_trial":false,"path_per_floor":["M","?","M","?","?","R","E","M","T","R","M","E","R","$","R","B",null,"M","M","?","?","M","E"],"character_chosen":"MARISA","items_purchased":["Thread and Needle","MagicAbsorber+1"],"campfire_rested":2,"item_purchase_floors":[14,14],"current_hp_per_floor":[70,65,65,54,54,54,46,46,46,52,39,4,36,36,68,45,69,53,32,26,26,19,0,0],"gold":167,"neow_bonus":"TEN_PERCENT_HP_BONUS","is_daily":false,"chose_seed":false,"campfire_upgraded":2,"win_rate":0.0,"timestamp":1609619989,"path_taken":["M","?","M","?","?","R","E","?","T","R","M","E","R","?","R","BOSS","M","?","?","?","M","E"],"items_purchased_type":["Relic","Card"],"build_version":"2020-12-22","purchased_purges":0,"victory":false,"max_hp_per_floor":[77,77,77,77,77,77,77,77,77,77,77,77,77,77,77,77,77,77,77,77,77,77,77,77],"card_choices":[{"not_picked":["UnstableBomb","AsteroidBelt"],"picked":"MagicAbsorber","floor":1.0},{"not_picked":["ShootingEcho","EnergyRecoil"],"picked":"EnergyFlow","floor":3.0},{"not_picked":["6A","DragonMeteor","SuperNova"],"picked":"SKIP","floor":7.0},{"not_picked":["Acceleration+1","ShootingEcho"],"picked":"Singularity","floor":8.0},{"not_picked":["EnergyFlow","StarlightTyphoon+1"],"picked":"ChargeUpSpray","floor":11.0},{"not_picked":["OortCloud","AsteroidBelt+1"],"picked":"WitchOfGreed","floor":12.0},{"not_picked":["Occultation+1","ShootingEcho"],"picked":"PowerUp+1","floor":13.0},{"not_picked":["IllusionStar+1","DC"],"picked":"MachineGunSpark","floor":15.0},{"not_picked":["SuperNova","SatelliteIllusion"],"picked":"StarDustReverie+1","floor":16.0},{"not_picked":["DC","Acceleration+1"],"picked":"NonDirectionalLaser","floor":18.0},{"not_picked":["WitchOfGreed","OpenUniverse+1"],"picked":"ManaConvection+1","floor":19.0},{"not_picked":["infinitespire:DeathsTouch","infinitespire:FutureSight"],"picked":"infinitespire:NeuralNetwork","floor":21.0},{"not_picked":["MysteriousBeam+1","LuminesStrike","GalacticHalo+1"],"picked":"SKIP","floor":22}],"player_experience":1074716,"relics_obtained":[{"floor":7.0,"key":"Toxic Egg 2"},{"floor":9.0,"key":"Eternal Feather"},{"floor":12.0,"key":"StrikeDummy"}],"event_choices":[{"damage_healed":0.0,"max_hp_gain":0.0,"max_hp_loss":0.0,"gold_gain":0.0,"event_name":"Scrap Ooze","player_choice":"Success","floor":2.0,"gold_loss":0.0,"damage_taken":5.0,"relics_obtained":["Dream Catcher"]},{"damage_healed":0.0,"max_hp_gain":0.0,"max_hp_loss":0.0,"gold_gain":75.0,"event_name":"World of Goop","player_choice":"Gather Gold","floor":4.0,"gold_loss":0.0,"damage_taken":11.0},{"damage_healed":0.0,"max_hp_gain":0.0,"max_hp_loss":0.0,"gold_gain":0.0,"event_name":"Match and Keep!","player_choice":"0 cards matched","floor":5.0,"gold_loss":0.0,"damage_taken":0.0,"cards_obtained":[]},{"damage_healed":0.0,"max_hp_gain":0.0,"max_hp_loss":0.0,"gold_gain":0.0,"event_name":"Nest","player_choice":"Joined the Cult","floor":20.0,"gold_loss":0.0,"damage_taken":6.0,"cards_obtained":["RitualDagger"]}],"is_beta":false,"boss_relics":[{"not_picked":["Fusion Hammer","Bromod:ArcaneGrace"],"picked":"Philosopher\u0027s Stone"}],"items_purged_floors":[],"is_endless":false,"potions_floor_spawned":[3,8,11,19,22],"killed_by":"Gremlin Leader","ascension_level":20}}