{"host":"gbop6m4qugddaz18","time":1609609897,"event":{"mods":["2.2 Compatiblity","BaseMod","Better Third Choice","Block Reminder","Downfall","GifTheSpireLib","Highlight Path","Minty Spire (QoL Compilation)","Replay The Spire","StSLib"],"gold_per_floor":[99,99,199,199,199,224,251,251,269,299,299,329,329,339,359,457,557,557,571,581,581,592,592,592,592],"floor_reached":23,"playtime":1253,"items_purged":[],"score":338,"play_id":"27bbcf18-78b7-4c21-a9c9-4a53252b4287","local_time":"20210102125137","is_ascension_mode":true,"campfire_choices":[{"floor":8,"key":"REST"},{"floor":11,"key":"REST"},{"data":"Guardian:FuturePlans","floor":18,"key":"SMITH"}],"circlet_count":0,"master_deck":["Guardian:Strike_Guardian","Guardian:Strike_Guardian","Guardian:Strike_Guardian","Guardian:Strike_Guardian","Guardian:Defend_Guardian","Guardian:Defend_Guardian","Guardian:Defend_Guardian","Guardian:Defend_Guardian","Guardian:CurlUp","Guardian:TwinSlam","Guardian:PrimingBeam","Guardian:PrimingBeam","Guardian:ArmoredProtocol","Guardian:PrimingBeam","Guardian:PrimingBeam","Guardian:Reroute","Guardian:Gem_Orange","Guardian:Gem_Green","Guardian:FuturePlans+1","Guardian:Gem_Blue","Guardian:Gem_Orange","Guardian:PolyBeam","Guardian:Gem_Red","Guardian:SphericShield","Guardian:Reroute"],"relics":["Guardian:ModeShifter","downfall:HeartsMalice","Pen Nib","downfall:ShatteredFragment","Du-Vu Doll","Potion Belt","Mercury Hourglass","Replay:Wanted Poster"],"acts_visited":["Exordium","TheCity"],"potions_floor_usage":[23,23,23,23],"damage_taken":[{"damage":0,"enemies":"Small Slimes","floor":2,"turns":1},{"damage":0,"enemies":"2 Louse","floor":5,"turns":1},{"damage":0,"enemies":"Lagavulin","floor":6,"turns":1},{"damage":0,"enemies":"Cultist","floor":9,"turns":2},{"damage":23,"enemies":"Gremlin Nob","floor":10,"turns":4},{"damage":10,"enemies":"3 Sentries","floor":12,"turns":5},{"damage":6,"enemies":"Exordium Thugs","floor":14,"turns":3},{"damage":14,"enemies":"Red Slaver","floor":15,"turns":2},{"damage":15,"enemies":"downfall:Watcher","floor":16,"turns":6},{"damage":3,"enemies":"Shell Parasite","floor":19,"turns":4},{"damage":11,"enemies":"Spheric Guardian","floor":20,"turns":3},{"damage":27,"enemies":"Snecko","floor":22,"turns":5},{"damage":31,"enemies":"Gremlin Leader","floor":23,"turns":4}],"seed_played":"8471390926056296771","potions_obtained":[{"floor":6,"key":"Adrenaline Potion"},{"floor":9,"key":"EssenceOfSteel"},{"floor":15,"key":"Fire Potion"},{"floor":16,"key":"Explosive Potion"},{"floor":20,"key":"Ancient Potion"},{"floor":22,"key":"BlessingOfTheForge"}],"is_trial":false,"path_per_floor":["R","M","?","?","M","E","T","R","M","E","R","E","?","M","M","B",null,"R","M","M","?","M","E"],"character_chosen":"GUARDIAN","items_purchased":[],"campfire_rested":2,"item_purchase_floors":[],"current_hp_per_floor":[65,65,65,41,41,41,41,65,65,42,66,56,56,50,36,21,65,65,62,51,51,24,0,0,0],"gold":592,"neow_bonus":"THREE_ENEMY_KILL","is_daily":false,"chose_seed":false,"campfire_upgraded":1,"win_rate":0.0,"timestamp":1609609897,"path_taken":["R","M","?","?","M","E","T","R","M","E","R","E","?","?","M","BOSS","R","M","M","?","?","E"],"items_purchased_type":[],"build_version":"2020-12-22","purchased_purges":0,"victory":false,"max_hp_per_floor":[80,80,80,80,80,80,80,80,80,80,80,80,80,80,80,80,80,80,80,80,80,80,80,80,80],"card_choices":[{"not_picked":["Guardian:Gem_Red","Guardian:Gem_Lightblue"],"picked":"Guardian:PrimingBeam","floor":2},{"not_picked":["Guardian:Planning","Guardian:TemporalShield"],"picked":"Guardian:PrimingBeam","floor":5},{"not_picked":["Guardian:ShieldCharger","Guardian:Gem_Lightblue"],"picked":"Guardian:ArmoredProtocol","floor":6},{"not_picked":["Guardian:GuardianWhirl","Guardian:TemporalStrike"],"picked":"Guardian:PrimingBeam","floor":9},{"not_picked":["Guardian:RollAttack","Guardian:RefractedBeam"],"picked":"Guardian:PrimingBeam","floor":10},{"not_picked":["Guardian:Gem_White","Guardian:TemporalShield"],"picked":"Guardian:Reroute","floor":12},{"not_picked":["Guardian:VentSteam","Guardian:TemporalStrike"],"picked":"Guardian:FuturePlans","floor":14},{"not_picked":["Guardian:TemporalShield","Guardian:Gem_Crimson"],"picked":"Guardian:Gem_Blue","floor":15},{"not_picked":["Guardian:BaubleBeam","Guardian:StasisField"],"picked":"Guardian:Gem_Orange","floor":16},{"not_picked":["Guardian:BronzeArmor+1","Guardian:Repulse+1"],"picked":"Guardian:PolyBeam","floor":19},{"not_picked":["Guardian:Emergency","Guardian:Harden"],"picked":"Guardian:Gem_Red","floor":20},{"not_picked":["Guardian:ShieldCharger","Guardian:Gem_Lightblue"],"picked":"Guardian:Reroute","floor":22}],"player_experience":589262,"relics_obtained":[{"floor":6,"key":"Du-Vu Doll"},{"floor":7,"key":"Replay:Wax Seal"},{"floor":10,"key":"Potion Belt"},{"floor":12,"key":"Mercury Hourglass"}],"event_choices":[{"damage_healed":0,"gold_gain":0,"player_choice":"Relic ","damage_taken":7,"max_hp_gain":0,"max_hp_loss":0,"event_name":"betterThird:BetterScrap","floor":1,"gold_loss":0,"cards_obtained":["Immolate"]}],"is_beta":false,"boss_relics":[{"not_picked":["Philosopher\u0027s Stone","ReplayTheSpireMod:DimensionalGlitch"],"picked":"Replay:Wanted Poster"}],"items_purged_floors":[],"is_endless":false,"potions_floor_spawned":[6,9,15,16,20,22],"killed_by":"Gremlin Leader","ascension_level":7}}