{"host":"ryuep8ewa00k39z9","time":1609626858,"event":{"mods":["AchievementEnabler","BaseMod","Best Route Mod","Colored Map","Colored Powertips","Displayed Cursed Tome","Highlight Path","Minty Spire (QoL Compilation)","Quick Restart","SuperFastMode"],"gold_per_floor":[11,21,21,21,21,55,75,89,89,122,297,317,317,327,327,327,327],"floor_reached":16,"playtime":710,"items_purged":[],"score":146,"play_id":"1aaf7d7e-7952-484b-9389-62346ee2a5b1","local_time":"20210102163418","is_ascension_mode":true,"campfire_choices":[{"floor":13,"key":"REST"},{"floor":15,"key":"REST"}],"circlet_count":0,"master_deck":["Strike_B","Strike_B","Strike_B","Defend_B","Defend_B","Defend_B","Defend_B","Zap","Dualcast","Panache","Gash","Chaos","Gash","Gash","Doubt","Conserve Battery","FTL"],"relics":["Cracked Core","Tiny Chest","The Courier","Pear"],"acts_visited":["Exordium"],"potions_floor_usage":[],"damage_taken":[{"damage":6.0,"enemies":"2 Louse","floor":1.0,"turns":3.0},{"damage":1.0,"enemies":"Cultist","floor":2.0,"turns":3.0},{"damage":10.0,"enemies":"3 Sentries","floor":6.0,"turns":4.0},{"damage":0.0,"enemies":"Small Slimes","floor":7.0,"turns":3.0},{"damage":7.0,"enemies":"Looter","floor":8.0,"turns":4.0},{"damage":37.0,"enemies":"Gremlin Nob","floor":10.0,"turns":4.0},{"damage":27,"enemies":"Exordium Wildlife","floor":12,"turns":6},{"damage":9,"enemies":"Blue Slaver","floor":14,"turns":3},{"damage":46,"enemies":"Slime Boss","floor":16,"turns":6}],"seed_played":"6049381677268596095","potions_obtained":[{"floor":2.0,"key":"SneckoOil"},{"floor":3.0,"key":"EssenceOfDarkness"},{"floor":3.0,"key":"FairyPotion"},{"floor":8.0,"key":"LiquidMemories"}],"is_trial":false,"path_per_floor":["M","M","?","$","?","E","M","M","T","E","?","M","R","M","R","B"],"character_chosen":"DEFECT","items_purchased":[],"campfire_rested":2,"item_purchase_floors":[],"current_hp_per_floor":[62,61,61,61,54,44,44,37,37,32,32,5,30,21,46,0,0],"gold":327,"neow_bonus":"RANDOM_COLORLESS_2","is_daily":false,"chose_seed":false,"campfire_upgraded":0,"win_rate":0.0,"timestamp":1609626858,"path_taken":["M","M","?","?","?","E","M","M","T","E","?","M","R","M","R","BOSS"],"items_purchased_type":[],"build_version":"2020-12-22","purchased_purges":0,"victory":false,"max_hp_per_floor":[75,75,75,75,75,75,75,75,75,85,85,85,85,85,85,85,85],"card_choices":[{"not_picked":["Secret Technique","Violence"],"picked":"Panache","floor":0.0},{"not_picked":["Cold Snap","Reinforced Body"],"picked":"Gash","floor":1.0},{"not_picked":["Reinforced Body","Redo","Leap"],"picked":"SKIP","floor":2.0},{"not_picked":["Rebound","Leap"],"picked":"Chaos","floor":6.0},{"not_picked":["Reprogram","Beam Cell"],"picked":"Gash","floor":7.0},{"not_picked":["Sweeping Beam","Barrage","Cold Snap"],"picked":"SKIP","floor":8.0},{"not_picked":["Ball Lightning","Sweeping Beam"],"picked":"Gash","floor":10.0},{"not_picked":["Coolheaded","Redo"],"picked":"Conserve Battery","floor":12},{"not_picked":["Machine Learning","Compile Driver"],"picked":"FTL","floor":14}],"player_experience":3746786,"relics_obtained":[{"floor":6.0,"key":"Tiny Chest"},{"floor":9.0,"key":"The Courier"},{"floor":10.0,"key":"Pear"}],"event_choices":[{"damage_healed":0.0,"max_hp_gain":0.0,"max_hp_loss":0.0,"gold_gain":0.0,"event_name":"Lab","player_choice":"Got Potions","floor":3.0,"gold_loss":0.0,"damage_taken":0.0},{"cards_removed":["Strike_B"],"damage_healed":0.0,"max_hp_gain":0.0,"max_hp_loss":0.0,"gold_gain":0.0,"event_name":"Golden Wing","player_choice":"Card Removal","floor":5.0,"gold_loss":0.0,"damage_taken":7.0},{"damage_healed":0.0,"max_hp_gain":0.0,"max_hp_loss":0.0,"gold_gain":175.0,"event_name":"Liars Game","player_choice":"AGREE","floor":11.0,"gold_loss":0.0,"damage_taken":0.0,"cards_obtained":["Doubt"]}],"is_beta":false,"boss_relics":[],"items_purged_floors":[],"is_endless":false,"potions_floor_spawned":[2,8],"killed_by":"Slime Boss","ascension_level":6}}