{"host":"xazfs2cmso1lkipw","time":1609587010,"event":{"mods":["AchievementEnabler","Arknights The Spire","BaseMod","Bestiary","Better Third Choice","BetterRewards","Clockwork Mod","Colored Map","Colored Powertips","Highlight Path","Infinite Spire","Mad Scientist","Minty Spire (QoL Compilation)","Potionbrewer","Quick Restart","Railgun Mod","Rare Cards Sparkle","Relic Stats","Replay The Spire","Shop Mod","StSLib"],"gold_per_floor":[111,123,123,1,1,30,30,59,59,59,59,88,88,118,118,218,218,240,240,256,256,256,256,281,299,299,299,325,325,425,425,425,525,525,538,555,555,555,555,582,592,592,616,616,183,194,220,231,231,231],"floor_reached":51,"playtime":978,"items_purged":["potionbrewer:AlchemistForm"],"score":965,"play_id":"e6948f9a-aca6-4c2f-9fc3-1427578ee6f9","local_time":"20210102193010","daily_mods":["Vintage","Heirloom","Time Dilation","Flight","Elite Swarm"],"is_ascension_mode":false,"campfire_choices":[{"data":"DevaForm","floor":7,"key":"SMITH"},{"data":"Echo Form","floor":10,"key":"SMITH"},{"data":"TheRailgun:Level_6","floor":15,"key":"SMITH"},{"data":"TheRailgun:Level_6","floor":23,"key":"SMITH"},{"data":"TheRailgun:Rewiring","floor":27,"key":"SMITH"},{"data":"Clockwork:PerfectForm","floor":29,"key":"SMITH"},{"data":"TheRailgun:Thundervolt","floor":32,"key":"SMITH"},{"data":"TheRailgun:Magnetic_Flight","floor":42,"key":"SMITH"},{"data":"TheRailgun:Zap","floor":44,"key":"SMITH"},{"data":"TheRailgun:Thunder","floor":49,"key":"SMITH"}],"circlet_count":0,"master_deck":["Demon Form+1","Wraith Form v2","Echo Form+1","DevaForm+1","TheRailgun:Level_6+1","Clockwork:PerfectForm+1","TheRailgun:Strike","TheRailgun:Strike","TheRailgun:Strike","TheRailgun:Strike","TheRailgun:Defend+1","TheRailgun:Defend","TheRailgun:Defend","TheRailgun:Defend","TheRailgun:Discharge+1","TheRailgun:Static","TheRailgun:Zip","TheRailgun:Thunderbolt","TheRailgun:Level_6+1","TheRailgun:Magnetic_Flight+1","TheRailgun:Scatter_Railgun","TheRailgun:Rewiring+1","TheRailgun:Thundervolt+1","TheRailgun:Railgun","TheRailgun:Railgun","TheRailgun:Battery_Pack+1","TheRailgun:Thundervolt","TheRailgun:Supercharge","TheRailgun:Supercharge","TheRailgun:Zap+1","Secret Technique+1","ReplayTheSpireMod:Private Reserves","TheRailgun:Hypercharge","TheRailgun:Thunder+1"],"relics":["TheRailgun:CoinRelic","replay:Trail_Library","FossilizedHelix","Oddly Smooth Stone","Potion Belt","NeowsBlessing","NeowsBlessing","potionbrewer:MortarAndPestle","Replay:WaspNest","White Beast Statue","infinitespire:Midas Blood","NeowsBlessing","Quantum Egg","SacredBark","Juzu Bracelet","NeowsBlessing","Ancient Tea Set","NeowsBlessing","Gambling Chip","Centennial Puzzle","Pear","Sundial","NeowsBlessing","PreservedInsect","potionbrewer:ToyAutogyro","NeowsBlessing","NeowsBlessing","NeowsBlessing","Kunai","Omamori","Blue Doll","Chemical X","Blood Vial","potionbrewer:RamsHorn","potionbrewer:BottledElixir"],"acts_visited":["Exordium","TheCity","TheBeyond"],"potions_floor_usage":[17,40],"damage_taken":[{"damage":0,"enemies":"Jaw Worm","floor":1,"turns":4},{"damage":12,"enemies":"2 Louse","floor":2,"turns":4},{"damage":0,"enemies":"Gremlin Nob","floor":6,"turns":1},{"damage":0,"enemies":"3 Sentries","floor":8,"turns":1},{"damage":0,"enemies":"Gremlin Nob","floor":12,"turns":1},{"damage":0,"enemies":"Lagavulin","floor":14,"turns":3},{"damage":0,"enemies":"Hexaghost","floor":16,"turns":1},{"damage":20,"enemies":"Spheric Guardian","floor":18,"turns":4},{"damage":0,"enemies":"Shell Parasite","floor":20,"turns":1},{"damage":0,"enemies":"Nightmare","floor":24,"turns":1},{"damage":0,"enemies":"Centurion and Healer","floor":25,"turns":1},{"damage":0,"enemies":"Book of Stabbing","floor":28,"turns":1},{"damage":0,"enemies":"Pondfish","floor":33,"turns":1},{"damage":0,"enemies":"3 Shapes","floor":35,"turns":1},{"damage":0,"enemies":"3 Darklings","floor":36,"turns":2},{"damage":0,"enemies":"R_Hoarder","floor":40,"turns":1},{"damage":0,"enemies":"Maw","floor":41,"turns":1},{"damage":0,"enemies":"Sphere and 2 Shapes","floor":46,"turns":1},{"damage":0,"enemies":"Nightmare","floor":47,"turns":1},{"damage":0,"enemies":"Jaw Worm Horde","floor":48,"turns":3},{"damage":0,"enemies":"infinitespire:MassOfShapes","floor":50,"turns":1}],"seed_played":"-1284535839093543702","potions_obtained":[{"floor":2,"key":"Toxic Potion"},{"floor":6,"key":"potionbrewer:AcidPotion"},{"floor":12,"key":"AttackPotion"},{"floor":14,"key":"ColorlessPotion"},{"floor":16,"key":"potionbrewer:BlacksmithPotion"},{"floor":18,"key":"potionbrewer:EndurancePotion"},{"floor":20,"key":"GamblersBrew"},{"floor":22,"key":"FairyPotion"},{"floor":28,"key":"potionbrewer:AcidPotion"},{"floor":35,"key":"potionbrewer:QuicksilverPotion"},{"floor":40,"key":"potionbrewer:BlacksmithPotion"},{"floor":46,"key":"SteroidPotion"},{"floor":47,"key":"Block Potion"}],"is_trial":true,"path_per_floor":["M","M","WH","$","WH","E","R","E","T","R","?","E","WH","E","R","B",null,"M","WH","M","WH","?","R","NM","M","T","R","E","R","?","WH","R","B",null,"M","M","WH","WH","WH","E","M","R","T","R","$","M","NM","M","R","B",null],"character_chosen":"THE_DEFAULT","items_purchased":["TheRailgun:Thunderbolt","Secret Technique+1","ReplayTheSpireMod:Private Reserves","Chemical X","TheRailgun:Hypercharge"],"campfire_rested":0,"item_purchase_floors":[4,45,45,45,45],"current_hp_per_floor":[70,70,70,70,70,70,70,70,70,70,70,70,70,70,70,70,70,50,50,55,55,60,60,60,60,70,70,75,75,75,75,75,75,80,80,80,80,80,80,80,80,80,80,80,80,80,80,80,80,80],"gold":231,"neow_bonus":"THREE_ENEMY_KILL","is_daily":false,"chose_seed":false,"campfire_upgraded":10,"win_rate":0.0,"timestamp":1609587010,"path_taken":["M","M","WH","$","WH","E","R","E","T","R","?","E","WH","E","R","BOSS","M","WH","M","WH","?","R","NM","M","T","R","E","R","?","WH","R","BOSS","M","M","WH","WH","WH","E","M","R","T","R","$","M","NM","M","R","BOSS"],"items_purchased_type":["Card","Card","Card","Relic","Card"],"build_version":"2020-12-22","purchased_purges":1,"victory":true,"max_hp_per_floor":[70,70,70,70,70,70,70,70,70,70,70,70,70,70,70,70,70,70,70,70,70,70,70,70,70,80,80,80,80,80,80,80,80,80,80,80,80,80,80,80,80,80,80,80,80,80,80,80,80,80],"relic_stats":{"Blood Vial":0,"Centennial Puzzle":[0],"counters":[21,35],"Sundial":[0],"Gambling Chip":[13],"PreservedInsect":150,"Juzu Bracelet":1,"Kunai":[0],"Chemical X":[1],"obtain_stats":[{"SacredBark":17,"Blue Doll":43,"Juzu Bracelet":18,"Ancient Tea Set":20,"Blood Vial":46,"potionbrewer:RamsHorn":47,"Centennial Puzzle":25,"Sundial":28,"Gambling Chip":24,"Kunai":40,"Chemical X":45,"replay:Trail_Library":0,"Potion Belt":2,"Pear":26,"NeowsBlessing":3,"Quantum Egg":14,"Oddly Smooth Stone":1,"potionbrewer:MortarAndPestle":6,"Replay:WaspNest":8,"PreservedInsect":35,"Omamori":41,"potionbrewer:ToyAutogyro":36,"White Beast Statue":9,"TheRailgun:CoinRelic":0,"potionbrewer:BottledElixir":48,"FossilizedHelix":0,"infinitespire:Midas Blood":12},{"SacredBark":7,"Blue Doll":17,"Juzu Bracelet":8,"Ancient Tea Set":9,"Blood Vial":18,"potionbrewer:RamsHorn":19,"Centennial Puzzle":11,"Sundial":12,"Gambling Chip":10,"Kunai":16,"Chemical X":17,"replay:Trail_Library":0,"Potion Belt":2,"Pear":11,"NeowsBlessing":2,"Quantum Egg":6,"Oddly Smooth Stone":1,"potionbrewer:MortarAndPestle":3,"Replay:WaspNest":4,"PreservedInsect":14,"Omamori":17,"potionbrewer:ToyAutogyro":15,"White Beast Statue":4,"TheRailgun:CoinRelic":0,"potionbrewer:BottledElixir":20,"FossilizedHelix":0,"infinitespire:Midas Blood":5},{"SacredBark":15,"Blue Doll":29,"Juzu Bracelet":19,"Ancient Tea Set":20,"Blood Vial":30,"potionbrewer:RamsHorn":31,"Centennial Puzzle":22,"Sundial":23,"Gambling Chip":21,"Kunai":28,"Chemical X":29,"replay:Trail_Library":0,"Potion Belt":8,"Pear":22,"NeowsBlessing":8,"Quantum Egg":14,"Oddly Smooth Stone":4,"potionbrewer:MortarAndPestle":9,"Replay:WaspNest":10,"PreservedInsect":25,"Omamori":29,"potionbrewer:ToyAutogyro":27,"White Beast Statue":10,"TheRailgun:CoinRelic":0,"potionbrewer:BottledElixir":34,"FossilizedHelix":0,"infinitespire:Midas Blood":11}]},"card_choices":[{"not_picked":["TheRailgun:Thundervolt","TheRailgun:Thunder"],"picked":"TheRailgun:Level_6","floor":6},{"not_picked":["TheRailgun:Circuitous","TheRailgun:Judgement_Officer"],"picked":"TheRailgun:Magnetic_Flight","floor":8},{"not_picked":["TheRailgun:Magnetic_Flight","TheRailgun:Thundervolt"],"picked":"TheRailgun:Rewiring","floor":12},{"not_picked":["TheRailgun:Magnetic_Flight","TheRailgun:Judgement_Officer"],"picked":"TheRailgun:Thundervolt","floor":14},{"not_picked":["TheRailgun:Overload","TheRailgun:Thunder"],"picked":"TheRailgun:Railgun","floor":16},{"not_picked":["TheRailgun:Magnetic_Flight","TheRailgun:Judgement_Officer"],"picked":"TheRailgun:Railgun","floor":24},{"not_picked":["TheRailgun:Circuitous","TheRailgun:Judgement_Officer"],"picked":"TheRailgun:Thundervolt","floor":28},{"not_picked":["TheRailgun:Thunder","TheRailgun:Railgun"],"picked":"TheRailgun:Supercharge","floor":33},{"not_picked":["TheRailgun:Rewiring","TheRailgun:Judgement_Officer"],"picked":"TheRailgun:Supercharge","floor":40},{"not_picked":["TheRailgun:Rewiring","TheRailgun:Circuitous"],"picked":"TheRailgun:Thunder","floor":47}],"player_experience":4896,"relics_obtained":[{"floor":1,"key":"Oddly Smooth Stone"},{"floor":2,"key":"Potion Belt"},{"floor":6,"key":"potionbrewer:MortarAndPestle"},{"floor":8,"key":"Replay:WaspNest"},{"floor":9,"key":"White Beast Statue"},{"floor":12,"key":"infinitespire:Midas Blood"},{"floor":14,"key":"Quantum Egg"},{"floor":18,"key":"Juzu Bracelet"},{"floor":20,"key":"Ancient Tea Set"},{"floor":24,"key":"Gambling Chip"},{"floor":25,"key":"Centennial Puzzle"},{"floor":26,"key":"Pear"},{"floor":28,"key":"Sundial"},{"floor":35,"key":"PreservedInsect"},{"floor":36,"key":"potionbrewer:ToyAutogyro"},{"floor":40,"key":"Kunai"},{"floor":41,"key":"Omamori"},{"floor":43,"key":"Blue Doll"},{"floor":46,"key":"Blood Vial"},{"floor":47,"key":"potionbrewer:RamsHorn"},{"floor":48,"key":"potionbrewer:BottledElixir"}],"event_choices":[{"damage_healed":0,"gold_gain":0,"player_choice":"Got Potions","damage_taken":0,"max_hp_gain":0,"max_hp_loss":0,"event_name":"Lab","floor":22,"gold_loss":0},{"damage_healed":0,"gold_gain":100,"player_choice":"Pray","damage_taken":0,"max_hp_gain":0,"max_hp_loss":0,"event_name":"Golden Shrine","floor":30,"gold_loss":0}],"is_beta":false,"boss_relics":[{"not_picked":["Sozu","potionbrewer:BhaskarasWheel"],"picked":"SacredBark"},{"not_picked":["ReplayTheSpireMod:DimensionalGlitch","Snecko Heart","Busted Crown"]}],"items_purged_floors":[4],"is_endless":false,"potions_floor_spawned":[2,6,12,14,16,18,20,24,25,28,33,35,36,40,41,46,47,48],"ascension_level":0}}