{"host":"w36evy4uyf1bcavi","time":1609618047,"event":{"mods":["Act Like it!","Aspiration","BaseMod","Conspire","Hallownest","Jedi Mod","Minty Spire (QoL Compilation)","Replay The Spire","Spicy Shops","StSLib","The Hayseed","The Hierophant"],"gold_per_floor":[212,212,227,237,252,252,285,285,285,301,6,16,43,59,59,158,158,130,146,159,175,193,193,193],"floor_reached":23,"playtime":13306,"items_purged":[],"score":219,"play_id":"70e4f9f4-447e-4975-a361-842a01e5d33a","local_time":"20210103040727","is_ascension_mode":true,"campfire_choices":[{"data":"TheSimpletonMod:BirdFeeder","floor":6,"key":"SMITH"},{"data":"TheSimpletonMod:Photosynthesis","floor":8,"key":"SMITH"},{"data":"TheSimpletonMod:Pruning","floor":15,"key":"SMITH"}],"circlet_count":0,"master_deck":["TheSimpletonMod:Strike_TheSimpleton","TheSimpletonMod:Strike_TheSimpleton","TheSimpletonMod:Strike_TheSimpleton","TheSimpletonMod:Strike_TheSimpleton","TheSimpletonMod:Defend_TheSimpleton","TheSimpletonMod:Defend_TheSimpleton+1","TheSimpletonMod:Defend_TheSimpleton","TheSimpletonMod:Defend_TheSimpleton","TheSimpletonMod:Haymaker","TheSimpletonMod:ReapAndSow","TheSimpletonMod:Aerate","TheSimpletonMod:BirdFeeder+1","Swift Strike","TheSimpletonMod:Onions","TheSimpletonMod:Swelter+1","TheSimpletonMod:Onions","TheSimpletonMod:Photosynthesis+1","TheSimpletonMod:Sunseed","TheSimpletonMod:Coffee","TheSimpletonMod:Fertilaser","TheSimpletonMod:Pruning+1","TheSimpletonMod:DoubleDigging","TheSimpletonMod:Rake","TheSimpletonMod:DoubleBarrel","TheSimpletonMod:ResearchGrant","TheSimpletonMod:Pruning","TheSimpletonMod:Aerate+1"],"relics":["TheSimpletonMod:SpudOfTheInnocent","TheSimpletonMod:NightSoil","TheSimpletonMod:TheHarvester","War Paint","Eternal Feather","Pondfish Scales","StrikeDummy","Coffee Dripper"],"acts_visited":["Exordium","TheCity"],"potions_floor_usage":[10,13,13,16,21,22,23,23],"damage_taken":[{"damage":1,"enemies":"Jaw Worm","floor":1,"turns":5},{"damage":6,"enemies":"Cultist","floor":3,"turns":3},{"damage":1,"enemies":"2 Louse","floor":4,"turns":3},{"damage":8,"enemies":"2 Fungi Beasts","floor":5,"turns":4},{"damage":29,"enemies":"3 Sentries","floor":7,"turns":10},{"damage":1,"enemies":"3 Louse","floor":10,"turns":5},{"damage":4,"enemies":"Blue Slaver","floor":12,"turns":6},{"damage":23,"enemies":"Gremlin Nob","floor":13,"turns":5},{"damage":10,"enemies":"Large Slime","floor":14,"turns":6},{"damage":44,"enemies":"Fading Forest","floor":16,"turns":11},{"damage":27,"enemies":"2 Thieves","floor":18,"turns":5},{"damage":14,"enemies":"Shell Parasite","floor":19,"turns":7},{"damage":51,"enemies":"Snake Plant","floor":20,"turns":6},{"damage":27,"enemies":"Chosen and Byrds","floor":21,"turns":10},{"damage":14,"enemies":"Shelled Parasite and Fungi","floor":22,"turns":6},{"damage":46,"enemies":"Gremlin Leader","floor":23,"turns":7}],"seed_played":"-6865061851000027323","potions_obtained":[{"floor":1,"key":"Block Potion"},{"floor":7,"key":"TheSimpletonMod:MoonshinePotion"},{"floor":10,"key":"Explosive Potion"},{"floor":12,"key":"Explosive Potion"},{"floor":13,"key":"DistilledChaos"},{"floor":18,"key":"Languid Potion"},{"floor":19,"key":"BlessingOfTheForge"},{"floor":21,"key":"Block Potion"},{"floor":22,"key":"conspire:TimeTravelPotion"}],"is_trial":false,"path_per_floor":["M","?","M","M","M","R","E","R","T","M","$","M","E","M","R","B",null,"M","M","M","M","M","E"],"character_chosen":"THE_SIMPLETON","items_purchased":["Pondfish Scales"],"campfire_rested":0,"item_purchase_floors":[11],"current_hp_per_floor":[75,75,69,72,68,68,47,47,47,62,62,62,59,53,65,45,75,60,62,35,24,30,0,0],"gold":193,"neow_bonus":"HUNDRED_GOLD","is_daily":false,"chose_seed":false,"campfire_upgraded":3,"win_rate":0.0,"timestamp":1609618047,"path_taken":["M","?","?","M","M","R","E","R","T","M","?","?","E","M","R","BOSS","M","?","M","?","M","E"],"items_purchased_type":["Relic"],"build_version":"2020-12-22","purchased_purges":0,"victory":false,"max_hp_per_floor":[75,75,75,75,75,75,75,75,75,75,75,75,75,75,75,75,75,75,75,75,75,75,75,75],"card_choices":[{"not_picked":["TheSimpletonMod:Mulch","TheSimpletonMod:Fertilaser"],"picked":"TheSimpletonMod:Aerate","floor":1},{"not_picked":["TheSimpletonMod:OnionBloom","TheSimpletonMod:SaladShooter"],"picked":"TheSimpletonMod:Onions","floor":3},{"not_picked":["TheSimpletonMod:Mulch","TheSimpletonMod:Fertilaser"],"picked":"TheSimpletonMod:Swelter","floor":4},{"not_picked":["TheSimpletonMod:CullingStrike","TheSimpletonMod:Aerate"],"picked":"TheSimpletonMod:Onions","floor":5},{"not_picked":["TheSimpletonMod:CullingStrike","TheSimpletonMod:VineRipen"],"picked":"TheSimpletonMod:Photosynthesis","floor":7},{"not_picked":["TheSimpletonMod:RootDown","TheSimpletonMod:Innovate"],"picked":"TheSimpletonMod:Sunseed","floor":10},{"not_picked":["TheSimpletonMod:KeenEdge","TheSimpletonMod:PestManagement"],"picked":"TheSimpletonMod:Coffee","floor":12},{"not_picked":["TheSimpletonMod:CrackOfDawn","TheSimpletonMod:CullingStrike"],"picked":"TheSimpletonMod:Fertilaser","floor":13},{"not_picked":["TheSimpletonMod:Rototilling","TheSimpletonMod:Sunseed"],"picked":"TheSimpletonMod:Pruning","floor":14},{"not_picked":["TheSimpletonMod:TakeHeart","TheSimpletonMod:HitTheSack"],"picked":"TheSimpletonMod:DoubleDigging","floor":16},{"not_picked":["TheSimpletonMod:GoToMarket","TheSimpletonMod:Aerate"],"picked":"TheSimpletonMod:Rake","floor":18},{"not_picked":["TheSimpletonMod:SaladShooter","TheSimpletonMod:OnionBloom+1"],"picked":"TheSimpletonMod:DoubleBarrel","floor":19},{"not_picked":["TheSimpletonMod:Fertilaser","TheSimpletonMod:CloseScrape"],"picked":"TheSimpletonMod:ResearchGrant","floor":20},{"not_picked":["TheSimpletonMod:Mulch","TheSimpletonMod:ToughenUp"],"picked":"TheSimpletonMod:Pruning","floor":21},{"not_picked":["TheSimpletonMod:SoilSample","TheSimpletonMod:SeedCoat"],"picked":"TheSimpletonMod:Aerate+1","floor":22}],"player_experience":417776,"relics_obtained":[{"floor":7,"key":"War Paint"},{"floor":9,"key":"Eternal Feather"},{"floor":13,"key":"StrikeDummy"}],"event_choices":[{"damage_healed":0,"gold_gain":0,"player_choice":"2 cards matched","damage_taken":0,"max_hp_gain":0,"max_hp_loss":0,"event_name":"Match and Keep!","floor":2,"gold_loss":0,"cards_obtained":["TheSimpletonMod:BirdFeeder","Swift Strike"]}],"is_beta":false,"boss_relics":[{"not_picked":["Ectoplasm","aspiration:SecretTechniqueScroll"],"picked":"Coffee Dripper"}],"items_purged_floors":[],"is_endless":false,"potions_floor_spawned":[1,7,10,12,13,18,19,21,22],"killed_by":"Gremlin Leader","ascension_level":1}}