{"host":"ed5r069i8pdlf9g9","time":1609623765,"event":{"mods":["BaseMod","Hermit","JesterMod","Minty Spire (QoL Compilation)","StSLib"],"gold_per_floor":[119,119,144,154,165,165,90,90,90,40,57,90,104,4,4,101,101,115,115,63,80,96,96,106,106,131,143,184,215,227,95,95,199,199,214,214,233,108,128,128,143,143,143,160,160,3,15,15,15,15],"floor_reached":51,"playtime":2278,"items_purged":["jesterMod:Strike","jesterMod:Strike","jesterMod:Defend"],"score":984,"play_id":"4ba0e1e7-9504-4c42-bf33-48bf324f6ad9","local_time":"20210102224245","is_ascension_mode":true,"campfire_choices":[{"data":"jesterMod:Tinker","floor":6,"key":"SMITH"},{"floor":8,"key":"REST"},{"data":"jesterMod:Precipitation","floor":15,"key":"SMITH"},{"data":"jesterMod:Disposophobia","floor":23,"key":"SMITH"},{"data":"jesterMod:Precipitation","floor":25,"key":"SMITH"},{"data":"jesterMod:Haste","floor":27,"key":"SMITH"},{"floor":30,"key":"REST"},{"floor":32,"key":"REST"},{"floor":40,"key":"REST"},{"floor":42,"key":"REST"},{"floor":49,"key":"REST"}],"circlet_count":0,"master_deck":["jesterMod:Sickle","jesterMod:Defend","jesterMod:Defend","jesterMod:Dodge","jesterMod:Precipitation+1","jesterMod:Tinker+1","jesterMod:Haste+1","jesterMod:Anticipation","jesterMod:Prankster","jesterMod:Trance","jesterMod:Disposophobia+1","jesterMod:Precipitation+1","jesterMod:Anticipation","jesterMod:Anticipation+1","jesterMod:Encore","jesterMod:Haste+1","jesterMod:Precipitation","jesterMod:Procrastination+1"],"relics":["jesterMod:HarlequinCap","Anchor","Lantern","Ginger","jesterMod:JokerCard","MawBank","Tiny Chest","DollysMirror","HornCleat","White Beast Statue","Strange Spoon"],"acts_visited":["Exordium","TheCity","TheBeyond"],"potions_floor_usage":[12,33,50,50],"damage_taken":[{"damage":3,"enemies":"Small Slimes","floor":1,"turns":3},{"damage":0,"enemies":"Jaw Worm","floor":4,"turns":3},{"damage":0,"enemies":"Cultist","floor":5,"turns":3},{"damage":0,"enemies":"Exordium Thugs","floor":11,"turns":3},{"damage":0,"enemies":"3 Sentries","floor":12,"turns":4},{"damage":0,"enemies":"2 Fungi Beasts","floor":13,"turns":3},{"damage":0,"enemies":"The Guardian","floor":16,"turns":6},{"damage":0,"enemies":"2 Thieves","floor":18,"turns":3},{"damage":0,"enemies":"Shell Parasite","floor":21,"turns":3},{"damage":4,"enemies":"Centurion and Healer","floor":22,"turns":4},{"damage":10,"enemies":"Shelled Parasite and Fungi","floor":24,"turns":4},{"damage":14,"enemies":"Book of Stabbing","floor":28,"turns":3},{"damage":24,"enemies":"Snake Plant","floor":29,"turns":3},{"damage":8,"enemies":"Automaton","floor":33,"turns":7},{"damage":1,"enemies":"Orb Walker","floor":35,"turns":3},{"damage":6,"enemies":"3 Shapes","floor":37,"turns":4},{"damage":25,"enemies":"Jaw Worm Horde","floor":39,"turns":3},{"damage":0,"enemies":"Maw","floor":41,"turns":4},{"damage":0,"enemies":"3 Darklings","floor":44,"turns":3},{"damage":23,"enemies":"Sphere and 2 Shapes","floor":47,"turns":5},{"damage":18,"enemies":"Donu and Deca","floor":50,"turns":6}],"seed_played":"-6035926670837460729","potions_obtained":[{"floor":4,"key":"Fire Potion"},{"floor":11,"key":"Strength Potion"},{"floor":16,"key":"PowerPotion"},{"floor":22,"key":"Fire Potion"},{"floor":33,"key":"DuplicationPotion"},{"floor":35,"key":"DuplicationPotion"},{"floor":37,"key":"DistilledChaos"}],"is_trial":false,"path_per_floor":["M","?","T","M","M","R","$","R","T","$","M","E","M","$","R","B",null,"M","?","$","M","M","R","M","R","T","R","E","M","R","$","R","B",null,"M","?","M","$","M","R","M","R","T","M","T","$","M","$","R","B",null],"character_chosen":"THE_JESTER","items_purchased":["jesterMod:Anticipation","jesterMod:Precipitation","DollysMirror","Strange Spoon"],"campfire_rested":6,"item_purchase_floors":[10,20,31,46],"current_hp_per_floor":[42,35,35,35,35,35,35,56,56,56,56,56,56,56,56,56,67,67,67,67,67,63,63,53,53,53,53,39,15,36,36,57,49,65,64,64,58,58,33,54,54,70,70,70,70,70,47,47,68,50],"gold":15,"neow_bonus":"REMOVE_TWO","is_daily":false,"chose_seed":false,"campfire_upgraded":5,"win_rate":0.0,"timestamp":1609623765,"path_taken":["M","?","?","M","M","R","$","R","T","$","M","E","M","?","R","BOSS","M","?","$","M","M","R","M","R","T","R","E","M","R","$","R","BOSS","M","?","M","$","M","R","M","R","T","M","?","$","M","$","R","BOSS"],"items_purchased_type":["Card","Card","Relic","Relic"],"build_version":"2020-12-22","purchased_purges":3,"victory":true,"max_hp_per_floor":[70,70,70,70,70,70,70,70,70,70,70,70,70,70,70,70,70,70,70,70,70,70,70,70,70,70,70,70,70,70,70,70,70,70,70,70,70,70,70,70,70,70,70,70,70,70,70,70,70,70],"card_choices":[{"not_picked":["jesterMod:Illness","jesterMod:SmokeScreen"],"picked":"jesterMod:Precipitation","floor":1},{"not_picked":["jesterMod:Procrastination","jesterMod:Prankster"],"picked":"jesterMod:Tinker","floor":4},{"not_picked":["jesterMod:RecklessStrike","jesterMod:Talion"],"picked":"jesterMod:Haste","floor":5},{"not_picked":["jesterMod:Hide","jesterMod:Illness","jesterMod:Tinker"],"picked":"SKIP","floor":11},{"not_picked":["jesterMod:Schizophrenia","jesterMod:SelfMockery","jesterMod:Tinker"],"picked":"SKIP","floor":12},{"not_picked":["jesterMod:RecklessStrike","jesterMod:Rebuff"],"picked":"jesterMod:Prankster","floor":13},{"not_picked":["jesterMod:HedgehogForm","jesterMod:Juggle"],"picked":"jesterMod:Trance","floor":16},{"not_picked":["jesterMod:Hide","jesterMod:BouncingKnife"],"picked":"jesterMod:Disposophobia","floor":18},{"not_picked":["jesterMod:SelfMockery","jesterMod:Prankster"],"picked":"jesterMod:Anticipation","floor":21},{"not_picked":["jesterMod:RecklessStrike+1","jesterMod:Twirl"],"picked":"jesterMod:Anticipation+1","floor":22},{"not_picked":["jesterMod:Patience","jesterMod:Hide"],"picked":"jesterMod:Encore","floor":24},{"not_picked":["jesterMod:DesperateStrike","jesterMod:JackInTheBox","jesterMod:Rebuff"],"picked":"SKIP","floor":28},{"not_picked":["jesterMod:Feint+1","jesterMod:SmokeScreen+1","jesterMod:Arrythmia"],"picked":"SKIP","floor":29},{"not_picked":["jesterMod:Disposophobia","jesterMod:Feint+1","jesterMod:Rebuff"],"picked":"SKIP","floor":35},{"not_picked":["jesterMod:Schizophrenia+1","jesterMod:HitAndRun+1"],"picked":"jesterMod:Precipitation","floor":37},{"not_picked":["jesterMod:Unleash+1","jesterMod:DaggerRain"],"picked":"jesterMod:Procrastination+1","floor":39},{"not_picked":["jesterMod:Tinker+1","jesterMod:RecklessStrike+1","jesterMod:Schizophrenia"],"picked":"SKIP","floor":41},{"not_picked":["jesterMod:Anticipation+1","jesterMod:Frenzy+1","jesterMod:Pause"],"picked":"SKIP","floor":44},{"not_picked":["jesterMod:QuickStrike+1","jesterMod:Schizophrenia+1","jesterMod:Patience"],"picked":"SKIP","floor":47}],"player_experience":449125,"relics_obtained":[{"floor":3,"key":"Anchor"},{"floor":9,"key":"Lantern"},{"floor":12,"key":"Ginger"},{"floor":26,"key":"MawBank"},{"floor":28,"key":"Tiny Chest"},{"floor":43,"key":"HornCleat"},{"floor":45,"key":"White Beast Statue"}],"event_choices":[{"cards_removed":["jesterMod:Strike"],"damage_healed":0,"gold_gain":0,"player_choice":"Card Removal","damage_taken":7,"max_hp_gain":0,"max_hp_loss":0,"event_name":"Golden Wing","floor":2,"gold_loss":0},{"damage_healed":0,"gold_gain":0,"player_choice":"Bought 0 Potions","damage_taken":0,"max_hp_gain":0,"max_hp_loss":0,"event_name":"The Woman in Blue","floor":19,"gold_loss":0},{"damage_healed":0,"gold_gain":0,"player_choice":"Ignored","damage_taken":0,"max_hp_gain":0,"max_hp_loss":0,"event_name":"Tomb of Lord Red Mask","floor":36,"gold_loss":0}],"is_beta":false,"boss_relics":[{"not_picked":["Cursed Key","Tiny House"],"picked":"jesterMod:JokerCard"},{"not_picked":["Runic Pyramid","Empty Cage"],"picked":"jesterMod:HarlequinCap"}],"items_purged_floors":[7,14,38],"is_endless":false,"potions_floor_spawned":[4,11,16,22,33,35,37,41,47],"ascension_level":7}}