{"host":"10b2ljh1rg6srmxa","time":1609614936,"event":{"mods":["AchievementEnabler","BaseMod","Colored Powertips","Conspire","Downfall","Googly Eyes","Hubris","Infinite Spire","Minty Spire (QoL Compilation)","Replay The Spire","StSLib","The Construct"],"gold_per_floor":[99,115,115,133,143,161,161,192,192,192,208,0,19,31,46,46,46,46],"floor_reached":16,"playtime":3110,"items_purged":[],"score":96,"play_id":"3dec6450-8e17-478f-ac62-f6e1c1669a08","local_time":"20210102201536","is_ascension_mode":false,"campfire_choices":[{"floor":1,"key":"RECALL"}],"circlet_count":0,"master_deck":["hexamod:Strike","hexamod:Strike+1","hexamod:Strike","hexamod:Defend","hexamod:Defend+1","hexamod:Defend","hexamod:Defend","hexamod:Sear","hexamod:Float","hexamod:SoulSteal","hexamod:SpectersWail","hexamod:Firestarter","hexamod:EmpoweredFlame+1","hexamod:BurningTouch","hexamod:Firestarter","hexamod:SixthSeal","hexamod:ChargedBarrage","hexamod:ChargedBarrage","hexamod:SoulSteal"],"relics":["hexamod:SpiritBrand","hubris:AstralHammer","MealTicket","ReplayFunnel"],"acts_visited":["Exordium"],"potions_floor_usage":[8,11,13],"damage_taken":[{"damage":0,"enemies":"Cultist","floor":2,"turns":3},{"damage":0,"enemies":"Jaw Worm","floor":4,"turns":3},{"damage":0,"enemies":"2 Louse","floor":5,"turns":3},{"damage":8,"enemies":"2 Fungi Beasts","floor":6,"turns":4},{"damage":12,"enemies":"conspire:MimicChest","floor":8,"turns":7},{"damage":14,"enemies":"3 Louse","floor":11,"turns":4},{"damage":0,"enemies":"downfall:FleeingMerchant","floor":12,"turns":4},{"damage":16,"enemies":"Exordium Wildlife","floor":13,"turns":3},{"damage":0,"enemies":"2 Fungi Beasts","floor":14,"turns":3},{"damage":3,"enemies":"Blue Slaver","floor":15,"turns":3},{"damage":21,"enemies":"downfall:Silent","floor":16,"turns":2}],"seed_played":"4697549613449515049","potions_obtained":[{"floor":2,"key":"DuplicationPotion"},{"floor":5,"key":"Block Potion"},{"floor":6,"key":"ColorlessPotion"},{"floor":11,"key":"Slimebound:ThreeZeroPotion"}],"is_trial":false,"path_per_floor":["R","M","?","M","M","M","T","?","?","?","M","$","M","M","M","B"],"character_chosen":"THE_SPIRIT","items_purchased":["hexamod:SixthSeal","hexamod:ChargedBarrage"],"campfire_rested":0,"item_purchase_floors":[12,12],"current_hp_per_floor":[49,49,54,54,54,46,46,34,34,34,20,35,19,19,16,0,0,0],"gold":46,"neow_bonus":"ONE_RARE_RELIC","is_daily":false,"chose_seed":false,"campfire_upgraded":0,"win_rate":0.0,"timestamp":1609614936,"path_taken":["R","M","?","M","M","M","T","?","?","?","?","$","M","M","M","BOSS"],"items_purchased_type":["Card","Card"],"build_version":"2020-12-22","purchased_purges":0,"victory":false,"max_hp_per_floor":[70,70,75,75,75,75,75,75,75,75,75,75,75,75,75,75,75,75],"card_choices":[{"not_picked":["hexamod:BacktrackSmack","hexamod:Hexaguard"],"picked":"hexamod:SoulSteal","floor":2},{"not_picked":["hexamod:Firestarter","hexamod:EmpoweredFlame"],"picked":"hexamod:SpectersWail","floor":4},{"not_picked":["hexamod:GhostLash","hexamod:InspiringFlames"],"picked":"hexamod:Firestarter","floor":5},{"not_picked":["hexamod:Hexaguard","hexamod:InspiringFlames"],"picked":"hexamod:EmpoweredFlame","floor":6},{"not_picked":["hexamod:ShieldOfDarkness","hexamod:SpectersWail"],"picked":"hexamod:BurningTouch","floor":8},{"not_picked":["hexamod:CatchUp","hexamod:FastForward","hexamod:SwordOfDarkness"],"picked":"SKIP","floor":11},{"not_picked":["hexamod:CrushingStance","hexamod:ThermalTransfer"],"picked":"hexamod:Firestarter","floor":12},{"not_picked":["hexamod:RecurringNightmare","hexamod:GhostShield","hexamod:AdvancingGuard"],"picked":"SKIP","floor":13},{"not_picked":["hexamod:SecondSeal","hexamod:HauntingEcho","hexamod:NightmareGuise"],"picked":"SKIP","floor":14},{"not_picked":["hexamod:Firestarter","hexamod:GhostLash"],"picked":"hexamod:SoulSteal","floor":15}],"player_experience":311144,"relics_obtained":[{"floor":7,"key":"MealTicket"},{"floor":8,"key":"ReplayFunnel"}],"event_choices":[{"damage_healed":0,"gold_gain":0,"player_choice":"Donut","damage_taken":0,"max_hp_gain":5,"max_hp_loss":0,"event_name":"Big Fish","floor":3,"gold_loss":0},{"damage_healed":0,"gold_gain":0,"player_choice":"Leave","damage_taken":0,"max_hp_gain":0,"max_hp_loss":0,"event_name":"conspire:Investor","floor":10,"gold_loss":0}],"is_beta":false,"boss_relics":[],"items_purged_floors":[],"is_endless":false,"potions_floor_spawned":[2,5,6,11],"killed_by":"downfall:Silent","ascension_level":0}}