{"host":"15dd7v8o90xso62x","time":1609609723,"event":{"mods":["BaseMod","Minty Spire (QoL Compilation)","Quick Restart","StSLib","SuperFastMode"],"gold_per_floor":[111,131,147,167,167,198,215,233,256,288,288,317,331,27,27,98,98,117,133,133,133,145,145,145],"floor_reached":23,"playtime":746,"items_purged":["Strike_R"],"score":430,"play_id":"59bfb3d5-fab4-43cf-afa2-a6bcb6a2cdd0","local_time":"20210103024843","is_ascension_mode":true,"campfire_choices":[{"data":"1","floor":11.0,"key":"LIFT"},{"data":"2","floor":15.0,"key":"LIFT"}],"circlet_count":0,"master_deck":["AscendersBane","Strike_R","Strike_R","Strike_R","Defend_R","Defend_R","Defend_R","Bash","Pommel Strike","Anger","Shockwave","Flame Barrier","Cleave","Shrug It Off","Spot Weakness","Flame Barrier","Clothesline","Headbutt","Barricade","Offering","Perfected Strike","Battle Trance","Dark Embrace","Feel No Pain","Shrug It Off"],"relics":["Burning Blood","NeowsBlessing","Girya","Lantern","Potion Belt","Juzu Bracelet","Black Star"],"acts_visited":["Exordium","TheCity"],"potions_floor_usage":[19,23,23],"damage_taken":[{"damage":0.0,"enemies":"Jaw Worm","floor":1.0,"turns":1.0},{"damage":0.0,"enemies":"Cultist","floor":2.0,"turns":1.0},{"damage":0.0,"enemies":"Small Slimes","floor":3.0,"turns":1.0},{"damage":10.0,"enemies":"Exordium Wildlife","floor":4.0,"turns":2.0},{"damage":48.0,"enemies":"Gremlin Nob","floor":6.0,"turns":5.0},{"damage":4.0,"enemies":"2 Fungi Beasts","floor":7.0,"turns":3.0},{"damage":4.0,"enemies":"Blue Slaver","floor":8.0,"turns":4.0},{"damage":25.0,"enemies":"3 Sentries","floor":10.0,"turns":5.0},{"damage":23.0,"enemies":"Lagavulin","floor":12.0,"turns":6.0},{"damage":0.0,"enemies":"Looter","floor":13.0,"turns":2.0},{"damage":25.0,"enemies":"Slime Boss","floor":16.0,"turns":8.0},{"damage":17.0,"enemies":"Spheric Guardian","floor":18.0,"turns":3.0},{"damage":22,"enemies":"2 Thieves","floor":19,"turns":4},{"damage":16,"enemies":"Centurion and Healer","floor":22,"turns":5},{"damage":34,"enemies":"Book of Stabbing","floor":23,"turns":6}],"seed_played":"2785531621142663745","potions_obtained":[{"floor":2.0,"key":"EntropicBrew"},{"floor":3.0,"key":"FairyPotion"},{"floor":12.0,"key":"EssenceOfSteel"},{"floor":18.0,"key":"Swift Potion"},{"floor":19,"key":"GamblersBrew"}],"is_trial":false,"path_per_floor":["M","M","M","M","?","E","M","M","T","E","R","E","M","$","R","B",null,"M","M","?","?","M","E"],"character_chosen":"IRONCLAD","items_purchased":["Headbutt","Barricade"],"campfire_rested":0,"item_purchase_floors":[14,14],"current_hp_per_floor":[74,75,75,71,71,29,31,33,33,14,14,25,31,31,31,12,59,48,32,32,32,22,12,12],"gold":145,"neow_bonus":"THREE_ENEMY_KILL","is_daily":false,"chose_seed":false,"campfire_upgraded":0,"win_rate":0.0,"timestamp":1609609723,"path_taken":["M","M","M","M","?","E","?","M","T","E","R","E","M","?","R","BOSS","M","M","?","?","M","E"],"items_purchased_type":["Card","Card"],"build_version":"2020-12-22","purchased_purges":1,"victory":false,"max_hp_per_floor":[75,75,75,75,75,75,75,75,75,75,75,75,75,75,75,75,75,75,75,75,75,75,75,75],"card_choices":[{"not_picked":["Headbutt","Cleave"],"picked":"Pommel Strike","floor":1.0},{"not_picked":["Havoc","Intimidate"],"picked":"Anger","floor":2.0},{"not_picked":["Sword Boomerang","Thunderclap"],"picked":"Shockwave","floor":3.0},{"not_picked":["Clash","Pommel Strike"],"picked":"Flame Barrier","floor":4.0},{"not_picked":["Flame Barrier","Blood for Blood"],"picked":"Cleave","floor":6.0},{"not_picked":["Berserk","Heavy Blade"],"picked":"Shrug It Off","floor":7.0},{"not_picked":["Flame Barrier","Seeing Red"],"picked":"Spot Weakness","floor":8.0},{"not_picked":["Combust","Rupture"],"picked":"Flame Barrier","floor":10.0},{"not_picked":["Sever Soul","Body Slam"],"picked":"Clothesline","floor":12.0},{"not_picked":["Shockwave","Cleave","Twin Strike"],"picked":"SKIP","floor":13.0},{"not_picked":["Fiend Fire","Immolate"],"picked":"Offering","floor":16.0},{"not_picked":["Rupture","Pommel Strike"],"picked":"Perfected Strike","floor":18.0},{"not_picked":["Rupture","True Grit","Clothesline+1"],"picked":"SKIP","floor":19},{"not_picked":["Clash","Clothesline"],"picked":"Shrug It Off","floor":22}],"player_experience":989451,"relics_obtained":[{"floor":6.0,"key":"Girya"},{"floor":9.0,"key":"Lantern"},{"floor":10.0,"key":"Potion Belt"},{"floor":12.0,"key":"Juzu Bracelet"}],"event_choices":[{"damage_healed":0.0,"max_hp_gain":0.0,"max_hp_loss":0.0,"gold_gain":0.0,"event_name":"Lab","player_choice":"Got Potions","floor":5.0,"gold_loss":0.0,"damage_taken":0.0},{"damage_healed":0,"gold_gain":0,"cards_transformed":["Strike_R","Defend_R"],"player_choice":"Became Test Subject","damage_taken":0,"max_hp_gain":0,"max_hp_loss":0,"event_name":"Drug Dealer","floor":20,"gold_loss":0,"cards_obtained":["Battle Trance","Dark Embrace"]},{"damage_healed":0,"gold_gain":0,"player_choice":"Read","damage_taken":0,"max_hp_gain":0,"max_hp_loss":0,"event_name":"The Library","floor":21,"gold_loss":0,"cards_obtained":["Feel No Pain"]}],"is_beta":false,"boss_relics":[{"not_picked":["Sozu","Black Blood"],"picked":"Black Star"}],"items_purged_floors":[14],"is_endless":false,"potions_floor_spawned":[2,3,7,12,18,19],"killed_by":"Book of Stabbing","ascension_level":20}}