{"host":"0cgp910o8339lr91","time":1609557840,"event":{"mods":["BaseMod","Block Reminder","Colored Map","Colored Powertips","Filter the Spire","Minty Spire (QoL Compilation)","Relic Stats","Slay-I","ojb\u0027s Better Paths Mod","ojb\u0027s Info Mod"],"gold_per_floor":[115,115,115,12,24,56,56,71,71,71,83,99,130,147,147,147,147],"floor_reached":16,"playtime":1098,"items_purged":["Defend_P"],"score":274,"play_id":"b0bc1c68-5e7f-42a0-aaab-9a844c51c3be","local_time":"20210102042400","is_ascension_mode":true,"campfire_choices":[{"data":"ForeignInfluence","floor":7.0,"key":"SMITH"},{"data":"WaveOfTheHand","floor":15.0,"key":"SMITH"}],"circlet_count":0,"master_deck":["AscendersBane","Strike_P","Strike_P","Strike_P","Strike_P","Defend_P","Eruption","Vigilance","TalkToTheHand","ForeignInfluence+1","Consecrate","WaveOfTheHand+1","EmptyFist","JustLucky","FlurryOfBlows"],"relics":["Sozu","Shuriken","Mummified Hand","Lantern"],"acts_visited":["Exordium"],"potions_floor_usage":[],"damage_taken":[{"damage":0.0,"enemies":"2 Louse","floor":1.0,"turns":3.0},{"damage":1.0,"enemies":"Jaw Worm","floor":5.0,"turns":3.0},{"damage":33.0,"enemies":"Gremlin Nob","floor":6.0,"turns":4.0},{"damage":0.0,"enemies":"Small Slimes","floor":8.0,"turns":2.0},{"damage":2.0,"enemies":"Exordium Thugs","floor":11.0,"turns":3.0},{"damage":0.0,"enemies":"Lots of Slimes","floor":12.0,"turns":3.0},{"damage":0.0,"enemies":"Lagavulin","floor":13.0,"turns":6.0},{"damage":0.0,"enemies":"Blue Slaver","floor":14.0,"turns":1.0},{"damage":20,"enemies":"The Guardian","floor":16,"turns":5}],"seed_played":"-1039245844302901388","potions_obtained":[],"is_trial":false,"path_per_floor":["M","?","?","$","M","E","R","M","T","?","M","M","E","M","R","B"],"character_chosen":"WATCHER","items_purchased":["Consecrate"],"campfire_rested":0,"item_purchase_floors":[4],"current_hp_per_floor":[61,61,66,66,65,32,32,32,32,32,30,30,30,30,30,10,10],"gold":147,"neow_bonus":"BOSS_RELIC","is_daily":false,"chose_seed":false,"campfire_upgraded":2,"win_rate":0.0,"timestamp":1609557840,"path_taken":["M","?","?","?","M","E","R","M","T","?","?","?","E","M","R","BOSS"],"items_purchased_type":["Card"],"build_version":"2020-12-22","purchased_purges":1,"victory":false,"max_hp_per_floor":[68,68,73,73,73,73,73,73,73,73,73,73,73,73,73,73,73],"relic_stats":{"Sozu":4,"counters":[9,30],"Shuriken":[9],"Mummified Hand":[0],"obtain_stats":[{"Sozu":0,"Lantern":13,"Shuriken":6,"Mummified Hand":9,"PureWater":0},{"Sozu":0,"Lantern":7,"Shuriken":3,"Mummified Hand":4,"PureWater":0},{"Sozu":0,"Lantern":24,"Shuriken":10,"Mummified Hand":12,"PureWater":0}]},"card_choices":[{"not_picked":["CutThroughFate","ReachHeaven"],"picked":"TalkToTheHand","floor":1.0},{"not_picked":["LikeWater","Crescendo"],"picked":"WaveOfTheHand","floor":5.0},{"not_picked":["LikeWater","CarveReality"],"picked":"EmptyFist","floor":6.0},{"not_picked":["Weave","Collect","EmptyFist"],"picked":"SKIP","floor":8.0},{"not_picked":["Halt","Pray","Conclude"],"picked":"SKIP","floor":11.0},{"not_picked":["EmptyBody","JustLucky","Evaluate"],"picked":"SKIP","floor":12.0},{"not_picked":["EmptyBody","Blasphemy"],"picked":"JustLucky","floor":13.0},{"not_picked":["Evaluate","Wallop"],"picked":"FlurryOfBlows","floor":14.0}],"player_experience":1350602,"relics_obtained":[{"floor":6.0,"key":"Shuriken"},{"floor":9.0,"key":"Mummified Hand"},{"floor":13.0,"key":"Lantern"}],"event_choices":[{"damage_healed":0.0,"max_hp_gain":0.0,"max_hp_loss":0.0,"gold_gain":0.0,"cards_transformed":["Defend_P"],"event_name":"Living Wall","player_choice":"Change","floor":2.0,"gold_loss":0.0,"damage_taken":0.0,"cards_obtained":["ForeignInfluence"]},{"damage_healed":0.0,"max_hp_gain":5.0,"max_hp_loss":0.0,"gold_gain":0.0,"event_name":"Big Fish","player_choice":"Donut","floor":3.0,"gold_loss":0.0,"damage_taken":0.0},{"cards_removed":["Defend_P"],"damage_healed":0.0,"max_hp_gain":0.0,"max_hp_loss":0.0,"gold_gain":0.0,"event_name":"Purifier","player_choice":"Purged","floor":10.0,"gold_loss":0.0,"damage_taken":0.0}],"is_beta":false,"boss_relics":[],"items_purged_floors":[4],"is_endless":false,"potions_floor_spawned":[8,11,13,14],"killed_by":"The Guardian","ascension_level":20}}