{"host":"10b2ljh1rg6srmxa","time":1609625850,"event":{"mods":["AchievementEnabler","BaseMod","Colored Powertips","Conspire","Downfall","Googly Eyes","Hubris","Infinite Spire","Minty Spire (QoL Compilation)","Replay The Spire","StSLib","The Construct"],"gold_per_floor":[99,99,99,145,145,129,155,80,91,101,116,116,116,136,155,257,257,182,194,194,194,212,241,267,349,7,21,21,32,44,44,58,163,163,88,98,132,142,158,258,283,283,296,296,314,331,351,19,39,39],"floor_reached":51,"playtime":5728,"items_purged":["champ:Execute"],"score":1123,"play_id":"f9922044-7ac3-48d2-a23e-3df3a9eeab1e","local_time":"20210102231730","is_ascension_mode":false,"campfire_choices":[{"data":"champ:Taunt","floor":1,"key":"SMITH"},{"data":"Flame Barrier","floor":8,"key":"SMITH"},{"floor":18,"key":"RECALL"},{"data":"Conserve Battery","floor":42,"key":"SMITH"}],"circlet_count":0,"master_deck":["champ:Strike","champ:Strike","champ:Strike","champ:Strike","champ:Defend","champ:Defend","champ:Defend","champ:Defend","champ:Taunt+1","Flame Barrier+1","champ:DefensiveShout","Caltrops+1","Shrug It Off","Well Laid Plans","Turbo","hubris:SlightOfHand","Conserve Battery+1","Conserve Battery+1","Darkness+1","Venomology","Self Repair","Dagger Throw+1","champ:Circumvent","Malaise","Redo+1","ReplayReversal+1","Sucker Punch","expansioncontent:Chronoboost","champ:Riposte+1"],"relics":["champ:ChampionCrown","downfall:HeartsMalice","hubris:Icosahedron","Blue Candle","hubris:ToyBattleship","downfall:HeartBlessingGreen","construct:WeddingRing","downfall:HeartBlessingBlue","ReplayTheSpireMod:Ring of Exchange","Centennial Puzzle","Bag of Marbles","hubris:SphereOfDissonance","ReplayTheSpireMod:Shallot","hubris:PeanutButter","conspire:SpecialSausage","downfall:HeartBlessingRed","Replay:Bottled Flurry","hubris:FunFungus","Replay:Wax Seal","Art of War"],"acts_visited":["Exordium","TheCity","TheBeyond"],"potions_floor_usage":[14,14,16,27,30,32,33,33,37,38,43,45,46,47,48,49,50],"damage_taken":[{"damage":0,"enemies":"2 Louse","floor":2,"turns":1},{"damage":0,"enemies":"Jaw Worm","floor":5,"turns":1},{"damage":0,"enemies":"3 Sentries","floor":6,"turns":1},{"damage":3,"enemies":"Cultist","floor":9,"turns":4},{"damage":2,"enemies":"2 Fungi Beasts","floor":10,"turns":4},{"damage":6,"enemies":"Blue Slaver","floor":11,"turns":5},{"damage":5,"enemies":"Exordium Thugs","floor":14,"turns":5},{"damage":17,"enemies":"Large Slime","floor":15,"turns":8},{"damage":19,"enemies":"downfall:Ironclad","floor":16,"turns":9},{"damage":0,"enemies":"3 Byrds","floor":19,"turns":3},{"damage":9,"enemies":"Chosen","floor":22,"turns":7},{"damage":36,"enemies":"Book of Stabbing","floor":23,"turns":7},{"damage":5,"enemies":"downfall:FleeingMerchant","floor":26,"turns":4},{"damage":14,"enemies":"Centurion and Healer","floor":27,"turns":12},{"damage":24,"enemies":"Cultist and Chosen","floor":29,"turns":7},{"damage":18,"enemies":"3 Cultists","floor":30,"turns":7},{"damage":7,"enemies":"Shelled Parasite and Fungi","floor":32,"turns":5},{"damage":10,"enemies":"downfall:Silent","floor":33,"turns":6},{"damage":0,"enemies":"3 Shapes","floor":36,"turns":7},{"damage":27,"enemies":"conspire:MimicChest","floor":37,"turns":8},{"damage":8,"enemies":"3 Darklings","floor":38,"turns":8},{"damage":6,"enemies":"Writhing Mass","floor":39,"turns":7},{"damage":19,"enemies":"Spire Growth","floor":43,"turns":6},{"damage":36,"enemies":"Maw","floor":45,"turns":10},{"damage":25,"enemies":"Transient","floor":46,"turns":5},{"damage":0,"enemies":"Sphere and 2 Shapes","floor":47,"turns":8},{"damage":0,"enemies":"downfall:FleeingMerchant","floor":48,"turns":4},{"damage":0,"enemies":"3 Darklings","floor":49,"turns":8},{"damage":2,"enemies":"downfall:Watcher","floor":50,"turns":11}],"seed_played":"2479601074013522724","potions_obtained":[{"floor":10,"key":"Fire Potion"},{"floor":13,"key":"EssenceOfSteel"},{"floor":13,"key":"LiquidBronze"},{"floor":13,"key":"EssenceOfSteel"},{"floor":14,"key":"SkillPotion"},{"floor":15,"key":"Reflective Coating"},{"floor":19,"key":"Fire Potion"},{"floor":27,"key":"champ:TechniquePotion"},{"floor":32,"key":"champ:CounterPotion"},{"floor":33,"key":"construct:ShiftPotion"},{"floor":37,"key":"Languid Potion"},{"floor":47,"key":"champ:UltimateStancePotion"},{"floor":49,"key":"Dexterity Potion"}],"is_trial":false,"path_per_floor":["R","M","?","T","M","E","T","R","M","M","M","?","?","M","M","B",null,"R","M","?","?","M","E","T","T","$","M","?","M","M","AVR","M","B",null,"R","M","?","M","M","?","T","R","M","?","M","M","M","$","M","B",null],"character_chosen":"THE_CHAMP","items_purchased":["ReplayTheSpireMod:Shallot","Self Repair","Art of War","expansioncontent:Chronoboost"],"campfire_rested":0,"item_purchase_floors":[26,26,48,48],"current_hp_per_floor":[90,90,90,90,90,90,90,90,87,85,79,79,79,79,67,53,90,100,100,100,100,96,82,82,82,82,84,84,67,61,61,66,61,100,100,100,85,89,96,96,96,96,96,96,71,62,75,82,91,90],"gold":39,"neow_bonus":"THREE_ENEMY_KILL","is_daily":false,"chose_seed":false,"campfire_upgraded":3,"win_rate":0.0,"timestamp":1609625850,"path_taken":["R","M","?","?","M","E","T","R","M","?","M","?","?","?","M","BOSS","R","M","?","?","M","E","T","?","?","M","?","M","M","AVR","M","BOSS","R","M","?","M","?","?","T","R","?","?","M","M","M","$","M","BOSS"],"items_purchased_type":["Relic","Card","Relic","Card"],"build_version":"2020-12-22","purchased_purges":1,"victory":true,"max_hp_per_floor":[90,90,90,90,90,90,90,90,90,90,90,90,90,90,90,90,90,100,100,100,100,100,100,100,100,100,100,100,100,100,100,100,100,100,100,100,100,100,100,100,100,100,100,100,100,100,100,100,100,100],"card_choices":[{"not_picked":["ReplayTheSpireMod:Strike From Hell","Steam"],"picked":"Flame Barrier","floor":2},{"not_picked":["Flying Knee","Dual Wield"],"picked":"champ:DefensiveShout","floor":5},{"not_picked":["champ:FocusedGladiator","Fiend Fire"],"picked":"Caltrops","floor":6},{"not_picked":["Clash","champ:ShieldWall"],"picked":"Shrug It Off","floor":9},{"not_picked":["champ:RecklessLeap","Dagger Spray"],"picked":"Well Laid Plans","floor":10},{"not_picked":["Heatsinks","Streamline"],"picked":"Turbo","floor":11},{"not_picked":["ReplaySort","Stack"],"picked":"hubris:SlightOfHand","floor":14},{"not_picked":["champ:TornadoPunch","Perfected Strike"],"picked":"Conserve Battery","floor":15},{"not_picked":["champ:LastStand","Brutality"],"picked":"Hemogenesis","floor":16},{"not_picked":["champ:BerserkersShout","Underhanded Strike+1"],"picked":"Conserve Battery+1","floor":19},{"not_picked":["Draining Mist","Compile Driver"],"picked":"Darkness+1","floor":22},{"not_picked":["Draining Mist","Ball Lightning","champ:GutPunch"],"picked":"SKIP","floor":23},{"not_picked":["Fusion+1","Wild Strike"],"picked":"Venomology","floor":26},{"not_picked":["champ:CrookedStrike","ReplayTheSpireMod:Speed Training+1"],"picked":"Dagger Throw+1","floor":27},{"not_picked":["Rebound","Coolheaded","Glacier"],"picked":"SKIP","floor":29},{"not_picked":["Sweeping Beam+1","Spot Weakness+1","Quick Slash+1"],"picked":"SKIP","floor":30},{"not_picked":["hubris:ReadiedAction+1","conspire:Charge+1"],"picked":"champ:Circumvent","floor":32},{"not_picked":["champ:HeavySlash","champ:IgnorePain"],"picked":"Malaise","floor":33},{"not_picked":["champ:GutPunch+1","Armaments"],"picked":"Redo+1","floor":36},{"not_picked":["Thunderclap","Recycle+1","ReplayTheSpireMod:Dual Polarity"],"picked":"SKIP","floor":38},{"not_picked":["champ:RisingSlash","champ:GladiatorStyle+1","champ:CrookedStrike"],"picked":"SKIP","floor":39},{"not_picked":["Dodge and Roll","Ball Lightning","Exhume"],"picked":"SKIP","floor":43},{"not_picked":["Coolheaded+1","Backflip"],"picked":"ReplayReversal+1","floor":45},{"not_picked":["Chaos","champ:BringItOn+1"],"picked":"Sucker Punch","floor":46},{"not_picked":["Crippling Poison","Draining Mist","Blade Dance"],"picked":"SKIP","floor":47},{"not_picked":["Abandon+1","Bane","Compile Driver+1"],"picked":"SKIP","floor":48},{"not_picked":["Aggregate","Steam"],"picked":"champ:Riposte+1","floor":49}],"player_experience":319285,"relics_obtained":[{"floor":6,"key":"Blue Candle"},{"floor":7,"key":"hubris:ToyBattleship"},{"floor":21,"key":"ReplayTheSpireMod:Ring of Exchange"},{"floor":23,"key":"Centennial Puzzle"},{"floor":24,"key":"Bag of Marbles"},{"floor":25,"key":"hubris:SphereOfDissonance"},{"floor":35,"key":"Replay:Bottled Flurry"},{"floor":37,"key":"hubris:FunFungus"},{"floor":41,"key":"Replay:Wax Seal"}],"event_choices":[{"damage_healed":0,"gold_gain":0,"player_choice":"Grow","damage_taken":0,"max_hp_gain":0,"max_hp_loss":0,"event_name":"Living Wall","floor":12,"gold_loss":0,"cards_upgraded":["Caltrops"]},{"damage_healed":0,"gold_gain":0,"player_choice":"Got Potions","damage_taken":0,"max_hp_gain":0,"max_hp_loss":0,"event_name":"Lab","floor":13,"gold_loss":0},{"damage_healed":0,"gold_gain":0,"player_choice":"Ignored","damage_taken":0,"max_hp_gain":0,"max_hp_loss":0,"event_name":"Ghosts","floor":20,"gold_loss":0},{"cards_removed":["Hemogenesis"],"damage_healed":0,"gold_gain":0,"player_choice":"Removed Attack","damage_taken":0,"max_hp_gain":0,"max_hp_loss":0,"event_name":"Falling","floor":44,"gold_loss":0}],"is_beta":false,"boss_relics":[{"not_picked":["Busted Crown","Fusion Hammer"],"picked":"construct:WeddingRing"},{"not_picked":["Snecko Eye","TheAbacus"],"picked":"conspire:SpecialSausage"}],"items_purged_floors":[48],"is_endless":false,"potions_floor_spawned":[10,14,15,19,27,29,32,33,37,43,47,49],"ascension_level":0}}