{"host":"640uue19m79c7wbt","time":1609571955,"event":{"mods":["BaseMod","Colored Map","Googly Eyes","Highlight Path","Minty Spire (QoL Compilation)","Quick Restart","StSLib"],"gold_per_floor":[117,117,141,19,29,61,61,39,85,101,119,146,157,185,185,280,330,349,10,109,109,109,109,109],"floor_reached":23,"playtime":816,"items_purged":["Strike_G","Strike_G"],"score":290,"play_id":"c93aa06f-cb13-405d-8032-941134e06007","local_time":"20210102021915","is_ascension_mode":true,"campfire_choices":[{"data":"Skewer","floor":7.0,"key":"SMITH"},{"floor":15.0,"key":"REST"}],"circlet_count":0,"master_deck":["Strike_G","Strike_G","Defend_G","Defend_G","Defend_G","Defend_G","Defend_G","Survivor+1","Neutralize","Infinite Blades","Dagger Spray","Underhanded Strike","Skewer+1","Cloak And Dagger","Noxious Fumes","Dagger Throw","Footwork","After Image","Finisher","Tools of the Trade","Underhanded Strike","Tactician","Blade Dance"],"relics":["Ring of the Snake","NeowsBlessing","Lantern","Gremlin Horn","Bronze Scales","Matryoshka","Omamori","Tiny House","Membership Card","Nunchaku","Regal Pillow"],"acts_visited":["Exordium","TheCity"],"potions_floor_usage":[23,23],"damage_taken":[{"damage":0.0,"enemies":"Small Slimes","floor":1.0,"turns":1.0},{"damage":0.0,"enemies":"Jaw Worm","floor":5.0,"turns":1.0},{"damage":0.0,"enemies":"Lagavulin","floor":6.0,"turns":1.0},{"damage":1.0,"enemies":"Cultist","floor":10.0,"turns":3.0},{"damage":0.0,"enemies":"Looter","floor":11.0,"turns":2.0},{"damage":16.0,"enemies":"Gremlin Nob","floor":12.0,"turns":3.0},{"damage":3.0,"enemies":"3 Louse","floor":13.0,"turns":3.0},{"damage":20.0,"enemies":"3 Sentries","floor":14.0,"turns":5.0},{"damage":13.0,"enemies":"Hexaghost","floor":16.0,"turns":9.0},{"damage":26.0,"enemies":"2 Thieves","floor":18.0,"turns":3.0},{"damage":39,"enemies":"Book of Stabbing","floor":23,"turns":4}],"seed_played":"360640769219201806","potions_obtained":[{"floor":6.0,"key":"CunningPotion"},{"floor":10.0,"key":"ColorlessPotion"},{"floor":14.0,"key":"LiquidMemories"},{"floor":16.0,"key":"FearPotion"},{"floor":17.0,"key":"GamblersBrew"},{"floor":18.0,"key":"AttackPotion"}],"is_trial":false,"path_per_floor":["M","?","T","$","M","E","R","$","T","M","M","E","M","E","R","B",null,"M","$","?","?","?","E"],"character_chosen":"THE_SILENT","items_purchased":["Dagger Spray","Cloak And Dagger","Membership Card","Tactician","Blade Dance","Nunchaku"],"campfire_rested":1,"item_purchase_floors":[4,8,19,19,19,19],"current_hp_per_floor":[70,63,63,63,63,63,63,63,63,62,62,46,43,23,44,31,65,39,39,39,39,39,0,0],"gold":109,"neow_bonus":"THREE_ENEMY_KILL","is_daily":false,"chose_seed":false,"campfire_upgraded":1,"win_rate":0.0,"timestamp":1609571955,"path_taken":["M","?","?","$","M","E","R","?","T","M","M","E","M","E","R","BOSS","M","$","?","?","?","E"],"items_purchased_type":["Card","Card","Relic","Card","Card","Relic"],"build_version":"2020-12-22","purchased_purges":2,"victory":false,"max_hp_per_floor":[70,70,70,70,70,70,70,70,70,70,70,70,70,70,70,70,75,75,75,75,75,75,75,75],"card_choices":[{"not_picked":["Deadly Poison","Footwork"],"picked":"Infinite Blades","floor":1.0},{"not_picked":["Endless Agony","Heel Hook"],"picked":"Underhanded Strike","floor":5.0},{"not_picked":["Distraction","Prepared"],"picked":"Skewer","floor":6.0},{"not_picked":["Finisher","Deflect"],"picked":"Noxious Fumes","floor":10.0},{"not_picked":["Deflect","Dagger Spray"],"picked":"Dagger Throw","floor":11.0},{"not_picked":["Heel Hook","Bane"],"picked":"Footwork","floor":12.0},{"not_picked":["Dodge and Roll","Backflip"],"picked":"After Image","floor":13.0},{"not_picked":["Backflip","Catalyst"],"picked":"Finisher","floor":14.0},{"not_picked":["Unload","Storm of Steel"],"picked":"Tools of the Trade","floor":16.0},{"not_picked":["Catalyst","Dagger Throw+1"],"picked":"Underhanded Strike","floor":18.0}],"player_experience":547825,"relics_obtained":[{"floor":3.0,"key":"Lantern"},{"floor":6.0,"key":"Gremlin Horn"},{"floor":9.0,"key":"Bronze Scales"},{"floor":12.0,"key":"Matryoshka"},{"floor":14.0,"key":"Omamori"}],"event_choices":[{"cards_removed":["Strike_G"],"damage_healed":0.0,"max_hp_gain":0.0,"max_hp_loss":0.0,"gold_gain":0.0,"event_name":"Golden Wing","player_choice":"Card Removal","floor":2.0,"gold_loss":0.0,"damage_taken":7.0},{"damage_healed":0.0,"max_hp_gain":0.0,"max_hp_loss":0.0,"gold_gain":99.0,"event_name":"Nest","player_choice":"Stole From Cult","floor":20.0,"gold_loss":0.0,"damage_taken":0.0},{"damage_healed":0.0,"max_hp_gain":0.0,"max_hp_loss":0.0,"gold_gain":0.0,"event_name":"Forgotten Altar","player_choice":"Smashed Altar","floor":21.0,"gold_loss":0.0,"damage_taken":0.0,"cards_obtained":["Decay"]},{"damage_healed":0.0,"max_hp_gain":0.0,"max_hp_loss":0.0,"gold_gain":0.0,"event_name":"Addict","player_choice":"Stole Relic","floor":22.0,"gold_loss":0.0,"damage_taken":0.0,"relics_obtained":["Regal Pillow"],"cards_obtained":["Shame"]}],"is_beta":false,"boss_relics":[{"not_picked":["Sozu","Cursed Key"],"picked":"Tiny House"}],"items_purged_floors":[4,19],"is_endless":false,"potions_floor_spawned":[6,10,14,16,18],"killed_by":"Book of Stabbing","ascension_level":5}}