{"host":"TheHustler","time":1609591352,"event":{"mods":["BaseMod","Block Reminder","Colored Map","Colored Powertips","Minty Spire (QoL Compilation)","Quick Restart","StSLib","SuperFastMode","Unceasing Turn Reminder"],"gold_per_floor":[114,129,144,159,159,159,189,204,204,219,249,12,27,42,42,142,142,157,157,157,172,187,217,217,6,6,21,21,21,21,21,21,121,121,136,86,101,101,116,116,191,191,216,16,31,61,61,61,61,61],"floor_reached":51,"playtime":1328,"items_purged":["Parasite","Pain"],"score":859,"play_id":"766d699a-a4f7-41fb-addb-ad7a9611dd87","local_time":"20210102134232","daily_mods":["Insanity","Time Dilation","Binary"],"is_ascension_mode":false,"campfire_choices":[{"data":"Demon Form","floor":6.0,"key":"SMITH"},{"data":"Dark Embrace","floor":15.0,"key":"SMITH"},{"data":"Body Slam","floor":24.0,"key":"SMITH"},{"data":"Uppercut","floor":29.0,"key":"SMITH"},{"floor":32.0,"key":"REST"},{"floor":40.0,"key":"REST"},{"data":"Limit Break","floor":49,"key":"SMITH"}],"circlet_count":0,"master_deck":["Uppercut+1","Shrug It Off","Anger","Perfected Strike","Headbutt","Flame Barrier","Armaments","Sentinel","Heavy Blade","Havoc","Rage","Dropkick","Cleave","Havoc","Dark Embrace+1","Twin Strike","Battle Trance","Bloodletting","Twin Strike","Cleave","Inflame","True Grit","Burning Pact","Searing Blow","Spot Weakness","Bloodletting","Twin Strike","Twin Strike","Heavy Blade","True Grit","Warcry","True Grit","Cleave","Searing Blow","Shrug It Off","Body Slam+1","Thunderclap","Wild Strike","Havoc","Flex","Dual Wield","Wild Strike+1","Sentinel","Clothesline","Perfected Strike","Anger","Flex","Rampage","Warcry","Clash","Perfected Strike","Twin Strike+1","Demon Form+1","Flame Barrier","Inflame","Thunderclap","Finesse","True Grit","Limit Break+1","Warcry+1","Inflame+1","Flame Barrier","Body Slam","Mayhem","Power Through","Havoc","Fiend Fire","Disarm","Parasite","Clumsy","Perfected Strike+1","Pummel+1","Doubt","Normality"],"relics":["Burning Blood","Bag of Preparation","Kunai","Happy Flower","Tiny Chest","Cursed Key","Smiling Mask","Pear","SlaversCollar","Shuriken","WarpedTongs","Strawberry","Regal Pillow","Bronze Scales","Ornamental Fan"],"acts_visited":["Exordium","TheCity","TheBeyond"],"potions_floor_usage":[50,50],"damage_taken":[{"damage":0.0,"enemies":"Cultist","floor":1.0,"turns":2.0},{"damage":0.0,"enemies":"Jaw Worm","floor":2.0,"turns":2.0},{"damage":0.0,"enemies":"2 Louse","floor":3.0,"turns":3.0},{"damage":5.0,"enemies":"Blue Slaver","floor":4.0,"turns":2.0},{"damage":16.0,"enemies":"Gremlin Nob","floor":7.0,"turns":3.0},{"damage":0.0,"enemies":"2 Fungi Beasts","floor":8.0,"turns":2.0},{"damage":3.0,"enemies":"Lots of Slimes","floor":10.0,"turns":1.0},{"damage":24.0,"enemies":"Lagavulin","floor":11.0,"turns":4.0},{"damage":8.0,"enemies":"Looter","floor":13.0,"turns":2.0},{"damage":0.0,"enemies":"Blue Slaver","floor":14.0,"turns":2.0},{"damage":32.0,"enemies":"Hexaghost","floor":16.0,"turns":8.0},{"damage":20.0,"enemies":"2 Thieves","floor":18.0,"turns":3.0},{"damage":0.0,"enemies":"Shell Parasite","floor":21.0,"turns":3.0},{"damage":3.0,"enemies":"Centurion and Healer","floor":22.0,"turns":1.0},{"damage":37.0,"enemies":"Slavers","floor":23.0,"turns":4.0},{"damage":23.0,"enemies":"Sentry and Sphere","floor":27.0,"turns":4.0},{"damage":0.0,"enemies":"Snake Plant","floor":31.0,"turns":1.0},{"damage":52.0,"enemies":"Collector","floor":33.0,"turns":7.0},{"damage":14.0,"enemies":"Orb Walker","floor":35.0,"turns":3.0},{"damage":26.0,"enemies":"3 Darklings","floor":37.0,"turns":6.0},{"damage":42.0,"enemies":"Spire Growth","floor":39.0,"turns":4.0},{"damage":8.0,"enemies":"Transient","floor":45.0,"turns":5.0},{"damage":50,"enemies":"Nemesis","floor":46,"turns":5},{"damage":18,"enemies":"Donu and Deca","floor":50,"turns":8}],"seed_played":"-4486375853315586652","potions_obtained":[{"floor":1.0,"key":"SmokeBomb"},{"floor":2.0,"key":"Weak Potion"},{"floor":4.0,"key":"Fire Potion"},{"floor":10.0,"key":"FearPotion"},{"floor":16.0,"key":"SneckoOil"},{"floor":19.0,"key":"PowerPotion"},{"floor":19.0,"key":"DistilledChaos"},{"floor":23.0,"key":"GamblersBrew"},{"floor":35.0,"key":"EssenceOfSteel"}],"is_trial":false,"path_per_floor":["M","M","M","M","?","R","E","M","T","M","E","$","M","M","R","B",null,"M","?","$","M","M","E","R","$","T","M","$","R","$","M","R","B",null,"M","$","M","?","M","R","T","?","T","$","M","E","?","T","R","B",null],"character_chosen":"IRONCLAD","items_purchased":["Tiny Chest","Finesse","Mayhem","Power Through","Regal Pillow"],"campfire_rested":2,"item_purchase_floors":[12,12,25,25,44],"current_hp_per_floor":[80,80,80,80,64,64,54,60,60,63,45,45,43,49,49,23,80,66,66,66,72,75,44,44,44,54,37,37,37,37,43,70,24,90,82,82,62,62,26,52,52,52,59,59,57,13,94,94,94,82],"gold":61,"neow_bonus":"","is_daily":true,"chose_seed":false,"campfire_upgraded":5,"win_rate":0.0,"timestamp":1609591352,"path_taken":["M","?","M","M","?","R","E","M","T","M","E","$","M","M","R","BOSS","M","?","$","M","M","E","R","$","T","M","?","R","$","M","R","BOSS","M","$","M","?","M","R","?","?","T","$","?","E","?","?","R","BOSS"],"items_purchased_type":["Relic","Card","Card","Card","Relic"],"build_version":"2020-12-18","purchased_purges":2,"victory":true,"max_hp_per_floor":[80,80,80,80,80,80,80,80,80,80,80,80,80,80,80,80,80,80,80,80,80,80,80,80,80,90,90,90,90,90,90,90,90,90,90,87,87,87,87,87,87,87,94,94,94,94,94,94,94,94],"card_choices":[{"not_picked":["Warcry"],"picked":"Perfected Strike","floor":1.0},{"not_picked":["Sentinel"],"picked":"Twin Strike","floor":2.0},{"not_picked":["Cleave","Headbutt"],"picked":"SKIP","floor":3.0},{"not_picked":["Clothesline"],"picked":"Demon Form","floor":4.0},{"not_picked":["Heavy Blade"],"picked":"Flame Barrier","floor":7.0},{"not_picked":["Perfected Strike"],"picked":"Inflame","floor":8.0},{"not_picked":["Armaments"],"picked":"Thunderclap","floor":10.0},{"not_picked":["Thunderclap","Clothesline"],"picked":"SKIP","floor":11.0},{"not_picked":["Cleave"],"picked":"True Grit","floor":13.0},{"not_picked":["Clothesline","Cleave"],"picked":"SKIP","floor":14.0},{"not_picked":["Reaper"],"picked":"Limit Break","floor":16.0},{"not_picked":["Pommel Strike"],"picked":"Warcry+1","floor":18.0},{"not_picked":["Armaments"],"picked":"Inflame+1","floor":21.0},{"not_picked":["Bloodletting"],"picked":"Flame Barrier","floor":22.0},{"not_picked":["Twin Strike"],"picked":"Body Slam","floor":23.0},{"not_picked":["Exhume"],"picked":"Havoc","floor":27.0},{"not_picked":["Juggernaut"],"picked":"Fiend Fire","floor":33.0},{"not_picked":["Searing Blow+1"],"picked":"Disarm","floor":35.0},{"not_picked":["Blood for Blood+1","Thunderclap"],"picked":"SKIP","floor":37.0},{"not_picked":["Headbutt+1","Disarm"],"picked":"SKIP","floor":39.0},{"not_picked":["Searing Blow+1"],"picked":"Perfected Strike+1","floor":45.0},{"not_picked":["Rupture"],"picked":"Pummel+1","floor":46}],"player_experience":614746,"relics_obtained":[{"floor":7.0,"key":"Bag of Preparation"},{"floor":9.0,"key":"Kunai"},{"floor":11.0,"key":"Happy Flower"},{"floor":23.0,"key":"Smiling Mask"},{"floor":26.0,"key":"Pear"},{"floor":41.0,"key":"Shuriken"},{"floor":43.0,"key":"Strawberry"},{"floor":46,"key":"Bronze Scales"},{"floor":48,"key":"Ornamental Fan"}],"event_choices":[{"damage_healed":0.0,"max_hp_gain":0.0,"max_hp_loss":0.0,"gold_gain":0.0,"event_name":"Shining Light","player_choice":"Entered Light","floor":5.0,"gold_loss":0.0,"damage_taken":16.0,"cards_upgraded":["Wild Strike","Twin Strike"]},{"damage_healed":0.0,"max_hp_gain":0.0,"max_hp_loss":0.0,"gold_gain":0.0,"event_name":"Lab","player_choice":"Got Potions","floor":19.0,"gold_loss":0.0,"damage_taken":0.0},{"damage_healed":0.0,"max_hp_gain":0.0,"max_hp_loss":0.0,"gold_gain":0.0,"event_name":"Mysterious Sphere","player_choice":"Ignored","floor":38.0,"gold_loss":0.0,"damage_taken":0.0},{"damage_healed":0.0,"max_hp_gain":0.0,"max_hp_loss":0.0,"gold_gain":0.0,"event_name":"Accursed Blacksmith","player_choice":"Rummage","floor":42.0,"gold_loss":0.0,"damage_taken":0.0,"relics_obtained":["WarpedTongs"],"cards_obtained":["Pain"]},{"damage_healed":81,"gold_gain":0,"player_choice":"Heal","damage_taken":0,"max_hp_gain":0,"max_hp_loss":0,"event_name":"MindBloom","floor":47,"gold_loss":0,"cards_obtained":["Doubt"]}],"is_beta":true,"boss_relics":[{"not_picked":["Sozu","Busted Crown"],"picked":"Cursed Key"},{"not_picked":["Calling Bell","Black Star"],"picked":"SlaversCollar"}],"items_purged_floors":[36,44],"is_endless":false,"potions_floor_spawned":[1,2,4,10,16,23,31,35],"ascension_level":0}}