{"host":"svwqvw2il1zfkkg0","time":1609561855,"event":{"mods":["AchievementEnabler","BaseMod","BetterRewards","Colored Map","Colored Powertips","Custom Start","Downfall","GifTheSpireLib","Highlight Path","Hubris","Infinite Spire","Minty Spire (QoL Compilation)","Quick Restart","Replay The Spire","Shop Mod","StSLib","SuperFastMode"],"gold_per_floor":[114,114,114,134,152,152,176,204,204,0,26,38,53,82,82,181,181,193,193,210,210,210,210,241,241,241,261,271,287,305,323,323,426,426,437,487,504,523,20,20,49,49,49,49,49,125,125,137,137,137],"floor_reached":51,"playtime":2204,"items_purged":["Regret"],"score":757,"play_id":"f2907fb8-ac1a-480e-aeec-541db5e1ed92","local_time":"20210101203055","is_ascension_mode":false,"campfire_choices":[{"data":"Blade Dance","floor":6,"key":"SMITH"},{"floor":15,"key":"REST"},{"data":"A Thousand Cuts","floor":23,"key":"SMITH"},{"floor":32,"key":"REST"},{"data":"MasterReality","floor":32,"key":"SMITH"},{"data":"Backstab","floor":40,"key":"SMITH"},{"floor":45,"key":"REST"},{"data":"Riddle With Holes","floor":45,"key":"SMITH"},{"floor":47,"key":"REST"},{"data":"Endless Agony","floor":47,"key":"SMITH"},{"data":"Sucker Punch","floor":49,"key":"SMITH"}],"circlet_count":0,"master_deck":["Strike_G","Strike_G","Strike_G","Strike_G","Strike_G","Defend_G","Defend_G","Defend_G","Defend_G","Defend_G","Neutralize","Blade Dance+1","m_Survivalism","Blur","PiercingWail","Sucker Punch+1","Riddle With Holes+1","Endless Agony+1","Dagger Throw","Crippling Poison+1","A Thousand Cuts+1","Backstab+1","Cloak And Dagger+1","Prepared+1","Slimebound:SamplingLick+1","hexamod:Hexaguard+1","expansioncontent:SuperHexaguard+1","MasterReality+1","expansioncontent:SuperHexaguard+1","Flying Knee+1","Quick Slash","hexamod:SpectersWail+1"],"relics":["Ring of the Snake","Matryoshka","Darkstone Periapt","Art of War","Nunchaku","Bronze Scales","Thread and Needle","Chemical X","Toxic Egg 2","Odd Mushroom","Sozu","infinitespire:Magic Flask","PrismaticShard","SlaversCollar","hubris:CrystalStatue","HoveringKite","Ice Cream","infinitespire:CursedDice","Strange Spoon","Ninja Scroll","Replay:WaspNest","Molten Egg 2"],"acts_visited":["Exordium","TheCity","TheBeyond"],"potions_floor_usage":[1,8,8,11,11,14,16,29],"damage_taken":[{"damage":2,"enemies":"Small Slimes","floor":1,"turns":4},{"damage":3,"enemies":"Jaw Worm","floor":4,"turns":4},{"damage":9,"enemies":"Cultist","floor":5,"turns":4},{"damage":0,"enemies":"Gremlin Nob","floor":8,"turns":2},{"damage":8,"enemies":"Lagavulin","floor":11,"turns":5},{"damage":2,"enemies":"Blue Slaver","floor":12,"turns":2},{"damage":8,"enemies":"3 Louse","floor":13,"turns":3},{"damage":0,"enemies":"The Mushroom Lair","floor":14,"turns":4},{"damage":19,"enemies":"Slime Boss","floor":16,"turns":4},{"damage":0,"enemies":"Chosen","floor":18,"turns":4},{"damage":3,"enemies":"Shell Parasite","floor":20,"turns":3},{"damage":19,"enemies":"Gremlin Leader","floor":24,"turns":6},{"damage":0,"enemies":"Snake Plant","floor":27,"turns":3},{"damage":0,"enemies":"Chosen and Byrds","floor":28,"turns":3},{"damage":0,"enemies":"3 Cultists","floor":29,"turns":4},{"damage":1,"enemies":"Snake Plant","floor":30,"turns":4},{"damage":0,"enemies":"Shelled Parasite and Fungi","floor":31,"turns":3},{"damage":55,"enemies":"hubris:MusketHawk","floor":33,"turns":8},{"damage":0,"enemies":"3 Darklings","floor":35,"turns":5},{"damage":2,"enemies":"Mind Bloom Boss Battle","floor":36,"turns":7},{"damage":0,"enemies":"Orb Walker","floor":37,"turns":3},{"damage":6,"enemies":"Transient","floor":38,"turns":5},{"damage":32,"enemies":"Giant Head","floor":41,"turns":9},{"damage":0,"enemies":"3 Darklings","floor":48,"turns":3},{"damage":67,"enemies":"infinitespire:MassOfShapes","floor":50,"turns":12}],"seed_played":"8589084155340230801","potions_obtained":[{"floor":0,"key":"Venom Potion"},{"floor":0,"key":"AttackPotion"},{"floor":0,"key":"Swift Potion"},{"floor":1,"key":"Strength Potion"},{"floor":11,"key":"Energy Potion"},{"floor":13,"key":"DuplicationPotion"},{"floor":14,"key":"Cursed Concoction"}],"is_trial":false,"path_per_floor":["M","?","?","M","M","R","T","E","T","$","E","M","M","?","R","B",null,"M","?","M","?","?","R","E","AVR","T","M","M","M","M","M","R","B",null,"M","?","M","M","$","R","E","?","T","$","R","T","R","M","R","B",null],"character_chosen":"THE_SILENT","items_purchased":["Chemical X","ColorlessPotion","infinitespire:CursedDice","Strange Spoon","Quick Slash"],"campfire_rested":4,"item_purchase_floors":[10,10,39,39,39],"current_hp_per_floor":[68,68,68,65,56,56,56,56,56,56,48,46,38,38,59,40,70,70,70,67,67,67,67,48,48,48,48,48,48,47,47,68,13,70,70,68,68,62,62,62,30,30,30,30,49,49,66,66,66,40],"gold":137,"neow_bonus":"THREE_SMALL_POTIONS","is_daily":false,"chose_seed":false,"campfire_upgraded":7,"win_rate":0.0,"timestamp":1609561855,"path_taken":["M","?","?","M","M","R","?","E","T","?","E","?","M","?","R","BOSS","M","?","M","?","?","R","E","AVR","T","M","M","M","?","M","R","BOSS","M","?","M","M","$","R","E","?","T","?","R","?","R","?","R","BOSS"],"items_purchased_type":["Relic","Potion","Relic","Relic","Card"],"build_version":"2020-12-22","purchased_purges":1,"victory":true,"max_hp_per_floor":[70,70,70,70,70,70,70,70,70,70,70,70,70,70,70,70,70,70,70,70,70,70,70,70,70,70,70,70,70,70,70,70,70,70,70,70,70,70,70,70,70,66,66,66,66,66,66,66,66,66],"card_choices":[{"not_picked":["Bane","hubris:SlightOfHand"],"picked":"Blade Dance","floor":1},{"not_picked":["Outmaneuver","Crippling Poison"],"picked":"Blur","floor":4},{"not_picked":["Distraction","Draining Mist"],"picked":"PiercingWail","floor":5},{"not_picked":["Caltrops","Catalyst"],"picked":"Sucker Punch","floor":8},{"not_picked":["Flying Knee","ReplayTheSpireMod:Scrap Shanks"],"picked":"Riddle With Holes","floor":11},{"not_picked":["Sucker Punch","hubris:SlightOfHand+1"],"picked":"Endless Agony","floor":12},{"not_picked":["Deflect+1","Crippling Poison+1"],"picked":"Dagger Throw","floor":13},{"not_picked":["hubris:SlightOfHand+1","Slice"],"picked":"Crippling Poison+1","floor":14},{"not_picked":["Unload","Die Die Die"],"picked":"A Thousand Cuts","floor":16},{"not_picked":["Dodge and Roll+1","hubris:Counter","Caltrops"],"picked":"SKIP","floor":18},{"not_picked":["Dagger Spray","Dagger Throw"],"picked":"Backstab","floor":20},{"not_picked":["Footwork","Atom Bomb"],"picked":"Prepared+1","floor":24},{"not_picked":["Guardian:TemporalShield+1","Slimebound:Equalize"],"picked":"Slimebound:SamplingLick+1","floor":27},{"not_picked":["expansioncontent:YouAreMine+1","Reflex+1","Slimebound:SplitMire+1"],"picked":"SKIP","floor":28},{"not_picked":["Slimebound:SplitMire+1","Doom and Gloom"],"picked":"hexamod:Hexaguard+1","floor":29},{"not_picked":["hexamod:RainOfEmbers","Dagger Throw"],"picked":"expansioncontent:SuperHexaguard+1","floor":30},{"not_picked":["hexamod:HauntingEcho","Guardian:Incinerate"],"picked":"MasterReality","floor":31},{"not_picked":["Skewer+1","FlyingSleeves"],"picked":"expansioncontent:SuperHexaguard+1","floor":35},{"not_picked":["champ:CrookedStrike","champ:DefensiveStyle"],"picked":"Flying Knee+1","floor":36},{"not_picked":["Go for the Eyes","Metamorphosis+1","Compile Driver"],"picked":"SKIP","floor":37},{"not_picked":["Dodge and Roll+1","Sever Soul","Fusion+1"],"picked":"SKIP","floor":38},{"not_picked":["sneckomod:UnknownUncommonAttack","Slimebound:PressTheAttack+1","hexamod:FourthSeal"],"picked":"SKIP","floor":41},{"not_picked":["Guardian:Gem_Cyan","sneckomod:IronFang+1"],"picked":"hexamod:SpectersWail+1","floor":48}],"player_experience":441138,"relics_obtained":[{"floor":7,"key":"Darkstone Periapt"},{"floor":7,"key":"Art of War"},{"floor":8,"key":"Nunchaku"},{"floor":9,"key":"Bronze Scales"},{"floor":9,"key":"Thread and Needle"},{"floor":11,"key":"Toxic Egg 2"},{"floor":14,"key":"Odd Mushroom"},{"floor":24,"key":"infinitespire:Magic Flask"},{"floor":26,"key":"hubris:CrystalStatue"},{"floor":36,"key":"Ice Cream"},{"floor":41,"key":"Ninja Scroll"},{"floor":43,"key":"Replay:WaspNest"},{"floor":46,"key":"Molten Egg 2"}],"event_choices":[{"damage_healed":0,"gold_gain":0,"player_choice":"Box","damage_taken":0,"relics_obtained":["Matryoshka"],"max_hp_gain":0,"max_hp_loss":0,"event_name":"Big Fish","floor":2,"gold_loss":0,"cards_obtained":["Regret"]},{"damage_healed":0,"gold_gain":0,"player_choice":"Fought Mushrooms","damage_taken":0,"max_hp_gain":0,"max_hp_loss":0,"event_name":"Mushrooms","floor":14,"gold_loss":0},{"damage_healed":0,"gold_gain":0,"player_choice":"Ignored","damage_taken":0,"max_hp_gain":0,"max_hp_loss":0,"event_name":"Cursed Tome","floor":19,"gold_loss":0},{"damage_healed":0,"gold_gain":0,"player_choice":"Read","damage_taken":0,"max_hp_gain":0,"max_hp_loss":0,"event_name":"The Library","floor":22,"gold_loss":0,"cards_obtained":["Cloak And Dagger"]},{"damage_healed":0,"gold_gain":0,"player_choice":"Fight","damage_taken":0,"max_hp_gain":0,"max_hp_loss":0,"event_name":"MindBloom","floor":36,"gold_loss":0},{"damage_healed":0,"gold_gain":0,"player_choice":"Max HP","damage_taken":0,"max_hp_gain":0,"max_hp_loss":4,"event_name":"Winding Halls","floor":42,"gold_loss":0}],"is_beta":false,"boss_relics":[{"not_picked":["Replay:Ancient Bell","hubris:BlackHole"],"picked":"Sozu"},{"not_picked":["Coffee Dripper","Honey Jar"],"picked":"HoveringKite"}],"items_purged_floors":[25],"is_endless":false,"potions_floor_spawned":[1,11,13,14,24,27,29,30,33,38],"ascension_level":0}}