{"host":"0vddpc4i8wl9ps1v","time":1609569304,"event":{"mods":["Arknights The Spire","BaseMod","Minty Spire (QoL Compilation)","Replay The Spire","Shop Mod","StSLib","[IsaacMod]ÒÔÈö¼âËþ","noobMod"],"gold_per_floor":[132,168,210,210,210,300,399,492,516,516,618,14,14,121,121,346,346,407,407,461,543,543,642,720,807,831,831,523,384,327,282,282,237,237,295,295,295,295,295,385,475,475,552,657,657,741,741,819,819,819,39],"floor_reached":52,"playtime":1600,"items_purged":[],"score":2788,"play_id":"5ede7b50-e183-4224-a028-d86a24c642a5","local_time":"20210102143504","daily_mods":["Vintage","ControlledChaos","Heirloom","Time Dilation","Flight","DeadlyEvents","Elite Swarm","Midas"],"is_ascension_mode":true,"campfire_choices":[{"floor":15.0,"key":"DIG"},{"floor":32.0,"key":"DIG"},{"floor":45.0,"key":"DIG"},{"floor":49,"key":"DIG"}],"circlet_count":0,"master_deck":["AscendersBane","ats:Strike C","ats:Strike G","ats:Strike S","ats:Strike V","ats:Armor Crushing Shot","ats:Defend","ats:Defend","ats:Defend","ats:Defend","ats:Emotion Absorption","ats:Dogmatic Field","ats:Roar Of Ursus","ats:Volcano","ats:Rat Pack","ats:Hook Shot+1","ats:Rat Pack","ats:Ambush","Mind Blast","ats:Poison Spread","ats:Closed Bolt Burst Fire","ats:Dogmatic Field","ats:Shadow Assault","ats:Rat Pack","ats:Durian","ats:Shadow Assault","ats:Calcification","ats:Disruption Kick","ats:Fractured Body","ats:Disruption Kick","ats:Wolf Pack","ats:Shadow Assault"],"relics":["ats:Sanity Plus","Frozen Eye","ice","HushsDoor","TuHaoJin","GuppysHead","Mercury Hourglass","NeowsBlessing","ats:Originium","Replay:Mystery Machine","Shovel","SalivaCoin","NeowsBlessing","Orichalcum","Replay:Bandana","Void","NeowsBlessing","ats:Berate","Quantum Egg","Akabeko","ats:Rhine Circuitry","NeowsBlessing","Turnip","Replay:Bottled Flurry","PillsDrop","ReplayTheSpireMod:Lightbulb","Replay:Arrowhead","Vajra","Torii","Bottled Tornado","EdensBlessing","ChampionBelt","GuppysTail","GuppysCollar","Omamori","NeowsBlessing","ats:Ability Aura","Mirror","NeowsBlessing","DeadEye","Happy Flower","ats:Lavender","Counterbalance","NeowsBlessing","PreservedInsect","PokeGo"],"acts_visited":["Exordium","TheCity","TheBeyond"],"potions_floor_usage":[],"damage_taken":[{"damage":2.0,"enemies":"Jaw Worm","floor":1.0,"turns":2.0},{"damage":1.0,"enemies":"Cultist","floor":2.0,"turns":3.0},{"damage":7.0,"enemies":"2 Louse","floor":3.0,"turns":2.0},{"damage":0.0,"enemies":"3 Sentries","floor":6.0,"turns":1.0},{"damage":0.0,"enemies":"Gremlin Nob","floor":7.0,"turns":1.0},{"damage":0.0,"enemies":"Lagavulin","floor":8.0,"turns":1.0},{"damage":0.0,"enemies":"3 Sentries","floor":11.0,"turns":1.0},{"damage":0.0,"enemies":"Lagavulin","floor":14.0,"turns":1.0},{"damage":0.0,"enemies":"Hexaghost","floor":16.0,"turns":1.0},{"damage":0.0,"enemies":"Shell Parasite","floor":18.0,"turns":1.0},{"damage":0.0,"enemies":"3 Byrds","floor":20.0,"turns":1.0},{"damage":0.0,"enemies":"Slavers","floor":23.0,"turns":1.0},{"damage":0.0,"enemies":"Book of Stabbing","floor":24.0,"turns":1.0},{"damage":0.0,"enemies":"Replay:Snechameleon","floor":25.0,"turns":1.0},{"damage":41.0,"enemies":"Book of Stabbing","floor":28.0,"turns":5.0},{"damage":8.0,"enemies":"Centurion and Healer","floor":29.0,"turns":3.0},{"damage":0.0,"enemies":"Gremlin Leader","floor":30.0,"turns":1.0},{"damage":0.0,"enemies":"Slavers","floor":31.0,"turns":1.0},{"damage":69.0,"enemies":"Champ","floor":33.0,"turns":6.0},{"damage":3.0,"enemies":"3 Shapes","floor":35.0,"turns":3.0},{"damage":0.0,"enemies":"R_Hoarder","floor":40.0,"turns":1.0},{"damage":0.0,"enemies":"Nemesis","floor":41.0,"turns":1.0},{"damage":0.0,"enemies":"R_Hoarder","floor":44.0,"turns":1.0},{"damage":0.0,"enemies":"Nemesis","floor":46.0,"turns":1.0},{"damage":0.0,"enemies":"R_Hoarder","floor":48.0,"turns":1.0},{"damage":0,"enemies":"Donu and Deca","floor":50,"turns":1},{"damage":0,"enemies":"Awakened One","floor":51,"turns":2}],"seed_played":"-6216483431139569474","potions_obtained":[{"floor":3.0,"key":"Weak Potion"},{"floor":8.0,"key":"Dexterity Potion"},{"floor":24.0,"key":"Flashbang"},{"floor":33.0,"key":"Cursed Concoction"},{"floor":40.0,"key":"Elixir"}],"is_trial":true,"path_per_floor":["M","M","M","WH","?","E","E","E","T","WH","E","$","WH","E","R","B",null,"M","WH","M","?","WH","E","E","E","T","?","E","M","E","E","R","B",null,"M","WH","WH","WH","WH","E","E","WH","T","E","R","E","WH","E","R","B","B",null],"character_chosen":"DOCTOR_CLASS","items_purchased":["MerchantsRug","Replay:Bandana","Void","ats:Hook Shot+1","Mind Blast","GuppysTail","GuppysCollar"],"campfire_rested":0,"item_purchase_floors":[12,12,12,12,17,34,34],"current_hp_per_floor":[62,61,54,54,54,54,54,54,54,54,54,54,54,54,54,54,65,65,71,71,47,47,47,47,47,47,47,75,70,70,70,70,84,61,59,59,65,72,79,79,79,79,79,79,79,79,79,79,79,79,80],"gold":39,"neow_bonus":"THREE_ENEMY_KILL","is_daily":false,"chose_seed":false,"campfire_upgraded":0,"win_rate":0.0,"timestamp":1609569304,"path_taken":["M","M","M","WH","?","E","E","E","T","WH","E","$","WH","E","R","BOSS","M","WH","M","?","WH","E","E","E","T","?","E","?","E","E","R","BOSS","M","WH","WH","WH","WH","E","E","WH","T","E","R","E","WH","E","R","BOSS","BOSS"],"items_purchased_type":["Relic","Relic","Card","Card","Card","Relic","Relic"],"build_version":"2020-12-22","purchased_purges":0,"victory":true,"max_hp_per_floor":[71,71,71,71,71,71,71,71,71,71,71,71,71,71,71,71,69,69,75,75,75,75,75,75,75,75,75,75,81,81,81,81,84,61,66,66,72,79,86,86,86,86,86,86,86,86,86,86,86,86,86],"card_choices":[{"not_picked":[],"picked":"Bomb","floor":0.0},{"not_picked":["ats:Disruption Kick","ats:Roar Of Ursus"],"picked":"ats:Dogmatic Field","floor":6.0},{"not_picked":["ats:Disruption Kick","ats:Wolf Pack"],"picked":"ats:Roar Of Ursus","floor":7.0},{"not_picked":["ats:Disruption Kick","ats:Nebulous Foxfire"],"picked":"ats:Volcano","floor":8.0},{"not_picked":["ats:Dogmatic Field","ats:Echo Reverb"],"picked":"ats:Rat Pack","floor":11.0},{"not_picked":["ats:Roar Of Ursus","ats:Soul Rend"],"picked":"ats:Rat Pack","floor":14.0},{"not_picked":["ats:Rat Pack","ats:Roar Of Ursus"],"picked":"ats:Ambush","floor":16.0},{"not_picked":["ats:Part Time Job","ats:Counter Healing Mode"],"picked":"ats:Poison Spread","floor":21.0},{"not_picked":["ats:Apocalypse","ats:Explosion Area Strengthen"],"picked":"ats:Closed Bolt Burst Fire","floor":21.0},{"not_picked":["ats:Nebulous Foxfire","ats:Ambush"],"picked":"ats:Dogmatic Field","floor":23.0},{"not_picked":["ats:Nebulous Foxfire","ats:Ambush"],"picked":"ats:Shadow Assault","floor":24.0},{"not_picked":["ats:Wolf Pack","ats:Fractured Body"],"picked":"ats:Rat Pack","floor":25.0},{"not_picked":["ats:Dogmatic Field","ats:Calcification"],"picked":"ats:Durian","floor":28.0},{"not_picked":["ats:Wolf Pack","ats:Soul Rend"],"picked":"ats:Shadow Assault","floor":30.0},{"not_picked":["ats:Wolf Pack","ats:Shadow Assault"],"picked":"ats:Calcification","floor":31.0},{"not_picked":["ats:Echo Reverb","ats:Dogmatic Field"],"picked":"ats:Disruption Kick","floor":33.0},{"not_picked":["ats:Soul Rend","ats:Echo Reverb"],"picked":"ats:Fractured Body","floor":40.0},{"not_picked":["ats:Rat Pack","ats:Nebulous Foxfire"],"picked":"ats:Disruption Kick","floor":41.0},{"not_picked":["ats:Echo Reverb","ats:Shadow Assault","ats:Volcano"],"picked":"SKIP","floor":44.0},{"not_picked":["ats:Disruption Kick","ats:Roar Of Ursus"],"picked":"ats:Wolf Pack","floor":46.0},{"not_picked":["ats:Soul Rend","ats:Roar Of Ursus"],"picked":"ats:Shadow Assault","floor":48.0}],"player_experience":77230,"relics_obtained":[{"floor":1.0,"key":"Mercury Hourglass"},{"floor":2.0,"key":"Pet Ghost"},{"floor":3.0,"key":"StoneCalendar"},{"floor":6.0,"key":"ats:Originium"},{"floor":6.0,"key":"Replay:Mystery Machine"},{"floor":7.0,"key":"ats:Originium"},{"floor":7.0,"key":"Shovel"},{"floor":8.0,"key":"ats:Originium"},{"floor":8.0,"key":"SalivaCoin"},{"floor":9.0,"key":"DeathBook"},{"floor":11.0,"key":"Orichalcum"},{"floor":14.0,"key":"ats:Berate"},{"floor":15.0,"key":"Quantum Egg"},{"floor":18.0,"key":"BookOfRevelations"},{"floor":20.0,"key":"Akabeko"},{"floor":21.0,"key":"ats:Rhine Circuitry"},{"floor":23.0,"key":"ats:Originium"},{"floor":23.0,"key":"Turnip"},{"floor":24.0,"key":"Replay:Bottled Flurry"},{"floor":25.0,"key":"PillsDrop"},{"floor":26.0,"key":"ReplayTheSpireMod:Lightbulb"},{"floor":28.0,"key":"Replay:Arrowhead"},{"floor":29.0,"key":"Vajra"},{"floor":30.0,"key":"Torii"},{"floor":31.0,"key":"Bottled Tornado"},{"floor":32.0,"key":"EdensBlessing"},{"floor":35.0,"key":"Omamori"},{"floor":40.0,"key":"ats:Ability Aura"},{"floor":41.0,"key":"Mirror"},{"floor":43.0,"key":"DeadEye"},{"floor":44.0,"key":"Happy Flower"},{"floor":45.0,"key":"ats:Lavender"},{"floor":46.0,"key":"Counterbalance"},{"floor":48.0,"key":"PreservedInsect"},{"floor":49,"key":"PokeGo"}],"event_choices":[],"is_beta":false,"boss_relics":[{"not_picked":["Honey Jar","Velvet Choker"],"picked":"ats:Sanity Plus"},{"not_picked":[]},{"not_picked":["Replay:Wanted Poster","Runic Dome"],"picked":"ChampionBelt"},{"not_picked":[]}],"items_purged_floors":[],"is_endless":false,"potions_floor_spawned":[3,8,11,16,23,24,30,31,33,35,40,44],"ascension_level":20}}