{"host":"2qv44oxt58ptq59r","time":1609600887,"event":{"mods":["AchievementEnabler","BaseMod","Colored Powertips","Highlight Path","Minty Spire (QoL Compilation)","Permanent Neow","StSLib"],"gold_per_floor":[114,114,114,132,148,148,158,158,183,163,163,180,199,225,225,322,322,342,357,374,385,1,11,29,29,99,127,32,32,32,32,32,32,32],"floor_reached":33,"playtime":3449,"items_purged":[],"score":294,"play_id":"84210692-3dae-471c-b22b-6b3e9e818ec2","local_time":"20210102152127","is_ascension_mode":false,"campfire_choices":[{"data":"Bash","floor":6.0,"key":"SMITH"},{"floor":11.0,"key":"RECALL"},{"data":"Perfected Strike","floor":15.0,"key":"SMITH"},{"floor":25,"key":"REST"},{"floor":29,"key":"REST"},{"data":"Demon Form","floor":32,"key":"SMITH"}],"circlet_count":0,"master_deck":["Strike_R","Strike_R","Strike_R","Strike_R","Strike_R","Defend_R","Defend_R","Defend_R","Defend_R","Bash+1","Clothesline+1","Disarm","Perfected Strike+1","Exhume","CurseOfTheBell","Heavy Blade","Twin Strike+1","Inflame+1","Metallicize+1","Good Instincts","Shockwave","Demon Form+1","Armaments+1","Panacea"],"relics":["Burning Blood","Blood Vial","Nunchaku","Tiny Chest","Calling Bell","Centennial Puzzle","Question Card","TungstenRod","Ice Cream","Orichalcum","Oddly Smooth Stone"],"acts_visited":["Exordium","TheCity"],"potions_floor_usage":[27,27,27],"damage_taken":[{"damage":6.0,"enemies":"Cultist","floor":1.0,"turns":3.0},{"damage":1.0,"enemies":"Jaw Worm","floor":4.0,"turns":3.0},{"damage":0.0,"enemies":"Small Slimes","floor":5.0,"turns":3.0},{"damage":12.0,"enemies":"Gremlin Gang","floor":7.0,"turns":5.0},{"damage":12.0,"enemies":"Exordium Thugs","floor":12.0,"turns":5.0},{"damage":7.0,"enemies":"Looter","floor":13.0,"turns":3.0},{"damage":23.0,"enemies":"Gremlin Nob","floor":14.0,"turns":5.0},{"damage":44.0,"enemies":"The Guardian","floor":16.0,"turns":14.0},{"damage":8.0,"enemies":"Shell Parasite","floor":18.0,"turns":7.0},{"damage":22.0,"enemies":"Spheric Guardian","floor":19.0,"turns":5.0},{"damage":10.0,"enemies":"Snecko","floor":20.0,"turns":4.0},{"damage":17.0,"enemies":"Centurion and Healer","floor":21.0,"turns":7.0},{"damage":33,"enemies":"Chosen and Byrds","floor":23,"turns":7},{"damage":17,"enemies":"Snake Plant","floor":24,"turns":5},{"damage":51,"enemies":"Gremlin Leader","floor":27,"turns":9},{"damage":49,"enemies":"Automaton","floor":33,"turns":6}],"seed_played":"-5893431103644021210","potions_obtained":[{"floor":0.0,"key":"Energy Potion"},{"floor":0.0,"key":"Regen Potion"},{"floor":0.0,"key":"Fruit Juice"},{"floor":1.0,"key":"Swift Potion"},{"floor":4.0,"key":"Strength Potion"},{"floor":5.0,"key":"EssenceOfSteel"},{"floor":10.0,"key":"GamblersBrew"},{"floor":16.0,"key":"BlessingOfTheForge"},{"floor":19.0,"key":"SpeedPotion"},{"floor":23,"key":"FearPotion"}],"is_trial":false,"path_per_floor":["M","$","?","M","M","R","M","?","T","?","R","M","M","E","R","B",null,"M","M","M","M","$","M","M","R","T","E","$","R","?","?","R","B"],"character_chosen":"IRONCLAD","items_purchased":["Ice Cream","Good Instincts","Panacea"],"campfire_rested":2,"item_purchase_floors":[22,22,28],"current_hp_per_floor":[85,85,82,85,85,85,79,79,79,79,79,75,76,61,61,25,85,83,69,67,58,58,33,24,49,49,21,21,46,46,46,46,0,0],"gold":32,"neow_bonus":"THREE_SMALL_POTIONS","is_daily":false,"chose_seed":false,"campfire_upgraded":3,"win_rate":0.0,"timestamp":1609600887,"path_taken":["M","?","?","M","M","R","M","?","T","?","R","M","M","E","R","BOSS","M","?","M","M","$","M","M","R","T","E","$","R","?","?","R","BOSS"],"items_purchased_type":["Relic","Card","Card"],"build_version":"2020-12-22","purchased_purges":0,"victory":false,"max_hp_per_floor":[85,85,85,85,85,85,85,85,85,85,85,85,85,85,85,85,85,85,85,85,85,85,85,85,85,85,85,85,85,85,85,85,85,85],"card_choices":[{"not_picked":["Body Slam","Armaments"],"picked":"Clothesline","floor":1.0},{"not_picked":["Headbutt","Shrug It Off","Havoc"],"picked":"SKIP","floor":4.0},{"not_picked":["Havoc","Wild Strike"],"picked":"Disarm","floor":5.0},{"not_picked":["Cleave","Havoc"],"picked":"Perfected Strike","floor":7.0},{"not_picked":["Pommel Strike","Clothesline","Dropkick"],"picked":"SKIP","floor":12.0},{"not_picked":["Anger","Sever Soul","Shrug It Off"],"picked":"SKIP","floor":13.0},{"not_picked":["Warcry","Thunderclap","Anger"],"picked":"SKIP","floor":14.0},{"not_picked":["Immolate","Bludgeon"],"picked":"Exhume","floor":16.0},{"not_picked":["Anger","Shrug It Off","Thunderclap"],"picked":"Heavy Blade","floor":18.0},{"not_picked":["Havoc","Double Tap","Feel No Pain"],"picked":"Twin Strike+1","floor":19.0},{"not_picked":["Disarm","Feel No Pain+1","Anger+1"],"picked":"Inflame+1","floor":20.0},{"not_picked":["Headbutt+1","Heavy Blade+1","Clothesline"],"picked":"Metallicize+1","floor":21.0},{"not_picked":["Inflame","Anger","Havoc"],"picked":"Shockwave","floor":23},{"not_picked":["Heavy Blade","Perfected Strike","Shrug It Off"],"picked":"Demon Form","floor":24},{"not_picked":["Flex","Spot Weakness+1","Clothesline+1"],"picked":"Armaments+1","floor":27}],"player_experience":5157385,"relics_obtained":[{"floor":9.0,"key":"Nunchaku"},{"floor":14.0,"key":"Tiny Chest"},{"floor":17.0,"key":"Centennial Puzzle"},{"floor":17.0,"key":"Question Card"},{"floor":17.0,"key":"TungstenRod"},{"floor":27,"key":"Orichalcum"}],"event_choices":[{"damage_healed":0.0,"max_hp_gain":0.0,"max_hp_loss":0.0,"gold_gain":0.0,"event_name":"Scrap Ooze","player_choice":"Success","floor":3.0,"gold_loss":0.0,"damage_taken":3.0,"relics_obtained":["Blood Vial"]},{"damage_healed":0.0,"max_hp_gain":0.0,"max_hp_loss":0.0,"gold_gain":0.0,"event_name":"Living Wall","player_choice":"Grow","floor":8.0,"gold_loss":0.0,"damage_taken":0.0,"cards_upgraded":["Clothesline"]},{"damage_healed":0.0,"max_hp_gain":0.0,"max_hp_loss":0.0,"gold_gain":0.0,"event_name":"The Woman in Blue","player_choice":"Bought 1 Potion","floor":10.0,"gold_loss":0.0,"damage_taken":0.0},{"damage_healed":0,"gold_gain":0,"player_choice":"Ignored","damage_taken":0,"max_hp_gain":0,"max_hp_loss":0,"event_name":"Ghosts","floor":30,"gold_loss":0},{"damage_healed":0,"gold_gain":0,"player_choice":"Opened","damage_taken":0,"relics_obtained":["Oddly Smooth Stone"],"max_hp_gain":0,"max_hp_loss":0,"event_name":"The Mausoleum","floor":31,"gold_loss":0}],"is_beta":false,"boss_relics":[{"not_picked":["Runic Pyramid","Cursed Key"],"picked":"Calling Bell"}],"items_purged_floors":[],"is_endless":false,"potions_floor_spawned":[1,4,5,16,19,20,23],"killed_by":"Automaton","ascension_level":0}}