{"host":"uy3vg6glkp8m6iit","time":1609601020,"event":{"mods":["AchievementEnabler","BaseMod","Colored Map","DeckTracker","Highlight Path","Keyboard Shortcuts","Minty Spire (QoL Compilation)","Quick Restart","Random Character Button","Rare Cards Sparkle","Relic Stats","StSLib","SuperFastMode","everything is the same but u backflip on backflip"],"gold_per_floor":[11,30,30,53,53,53,91,91,114,114,137,137,153,169,169,289,289,307,327,327,348,372,372,77,98,98,129,179,192,192,207,207,327,327,352,368,188,207,232,232,255,255,255,39,63,396,412,441,441,441,441,441,17,43,43],"floor_reached":56,"playtime":4004,"items_purged":["Defend_G","Strike_G","Decay","Defend_G"],"score":1717,"play_id":"3e8bc4b5-43f8-4e33-8f83-3362d0b73482","local_time":"20210103002340","is_ascension_mode":true,"campfire_choices":[{"data":"Deadly Poison","floor":6.0,"key":"SMITH"},{"data":"Acrobatics","floor":10.0,"key":"SMITH"},{"data":"Leg Sweep","floor":12.0,"key":"SMITH"},{"data":"Calculated Gamble","floor":15.0,"key":"SMITH"},{"data":"Tactician","floor":23.0,"key":"SMITH"},{"data":"Tactician","floor":30.0,"key":"SMITH"},{"floor":32.0,"key":"REST"},{"data":"Reflex","floor":40.0,"key":"SMITH"},{"floor":42.0,"key":"RECALL"},{"data":"Calculated Gamble","floor":49,"key":"SMITH"},{"data":"Wraith Form v2","floor":52,"key":"SMITH"}],"circlet_count":0,"master_deck":["Strike_G+1","Defend_G","Survivor","Neutralize+1","Backflip","Deadly Poison+1","Bane","Acrobatics+1","Leg Sweep+1","Calculated Gamble+1","PiercingWail","Wraith Form v2+1","Tactician+1","Footwork","Crippling Poison","Tactician+1","Well Laid Plans+1","Corpse Explosion","Prepared+1","Reflex+1","Acrobatics","Calculated Gamble+1"],"relics":["Ring of the Snake","Whetstone","Orichalcum","Cursed Key","TheAbacus","Ancient Tea Set","Empty Cage","Toy Ornithopter","Membership Card","Happy Flower","Paper Crane","PrismaticShard","Kunai","Pocketwatch"],"acts_visited":["Exordium","TheCity","TheBeyond","TheEnding"],"potions_floor_usage":[55,55],"damage_taken":[{"damage":0.0,"enemies":"2 Louse","floor":1.0,"turns":3.0},{"damage":0.0,"enemies":"Jaw Worm","floor":2.0,"turns":6.0},{"damage":0.0,"enemies":"Small Slimes","floor":4.0,"turns":3.0},{"damage":27.0,"enemies":"Lagavulin","floor":7.0,"turns":7.0},{"damage":0.0,"enemies":"Exordium Thugs","floor":11.0,"turns":5.0},{"damage":0.0,"enemies":"Looter","floor":13.0,"turns":4.0},{"damage":0.0,"enemies":"Gremlin Gang","floor":14.0,"turns":1.0},{"damage":2.0,"enemies":"The Guardian","floor":16.0,"turns":9.0},{"damage":5.0,"enemies":"Shell Parasite","floor":18.0,"turns":7.0},{"damage":0.0,"enemies":"Spheric Guardian","floor":19.0,"turns":4.0},{"damage":0.0,"enemies":"Snecko","floor":21.0,"turns":5.0},{"damage":1.0,"enemies":"Shelled Parasite and Fungi","floor":22.0,"turns":6.0},{"damage":0.0,"enemies":"Centurion and Healer","floor":25.0,"turns":9.0},{"damage":8.0,"enemies":"Slavers","floor":27.0,"turns":7.0},{"damage":2.0,"enemies":"Snake Plant","floor":29.0,"turns":5.0},{"damage":12.0,"enemies":"Snecko","floor":31.0,"turns":7.0},{"damage":12.0,"enemies":"Automaton","floor":33.0,"turns":15.0},{"damage":0.0,"enemies":"3 Shapes","floor":35.0,"turns":8.0},{"damage":0.0,"enemies":"Orb Walker","floor":36.0,"turns":5.0},{"damage":11.0,"enemies":"Writhing Mass","floor":38.0,"turns":5.0},{"damage":0.0,"enemies":"Maw","floor":39.0,"turns":4.0},{"damage":0.0,"enemies":"Transient","floor":41.0,"turns":5.0},{"damage":0.0,"enemies":"3 Darklings","floor":45.0,"turns":2.0},{"damage":3.0,"enemies":"4 Shapes","floor":47.0,"turns":5.0},{"damage":0.0,"enemies":"Giant Head","floor":48.0,"turns":4.0},{"damage":6,"enemies":"Time Eater","floor":50,"turns":12},{"damage":0,"enemies":"Shield and Spear","floor":54,"turns":2},{"damage":0,"enemies":"The Heart","floor":55,"turns":6}],"seed_played":"-6471185767776927831","potions_obtained":[{"floor":11.0,"key":"Explosive Potion"},{"floor":13.0,"key":"SneckoOil"},{"floor":14.0,"key":"PowerPotion"},{"floor":22.0,"key":"Energy Potion"},{"floor":29.0,"key":"SteroidPotion"},{"floor":36.0,"key":"AttackPotion"},{"floor":39.0,"key":"Poison Potion"}],"is_trial":false,"path_per_floor":["M","M","?","M","?","R","E","?","T","R","M","R","M","M","R","B",null,"M","M","?","M","M","R","$","M","T","E","?","M","R","M","R","B",null,"M","M","$","M","M","R","M","R","T","$","M","?","M","E","R","B",null,"R","$","E","B",null],"character_chosen":"THE_SILENT","items_purchased":["TheAbacus","Tactician","Reflex","Membership Card","Paper Crane","SkillPotion","PrismaticShard","Kunai"],"campfire_rested":1,"item_purchase_floors":[24,24,37,44,53,53,53,53],"current_hp_per_floor":[63,63,63,63,63,63,36,36,36,36,36,36,36,36,36,34,57,52,52,52,52,51,51,51,51,51,43,43,41,41,29,48,36,58,58,58,58,47,47,47,47,47,47,47,47,47,44,44,44,38,58,58,58,58,65],"gold":43,"neow_bonus":"REMOVE_TWO","is_daily":false,"chose_seed":false,"campfire_upgraded":9,"win_rate":0.0,"timestamp":1609601020,"path_taken":["M","M","?","M","?","R","E","?","T","R","?","R","M","M","R","BOSS","M","M","?","M","M","R","$","M","T","E","?","M","R","M","R","BOSS","M","M","$","M","?","R","M","R","T","$","M","?","M","E","R","BOSS","R","$","E","BOSS"],"items_purchased_type":["Relic","Card","Card","Relic","Relic","Potion","Relic","Relic"],"build_version":"2020-12-22","purchased_purges":4,"victory":true,"max_hp_per_floor":[70,70,65,65,65,65,65,65,65,65,65,65,65,65,65,65,65,65,65,65,65,65,65,65,65,65,65,65,65,65,65,65,65,65,65,65,65,65,65,65,65,65,65,65,65,65,65,65,65,65,65,65,65,65,65],"relic_stats":{"TheAbacus":[1242],"Happy Flower":[6],"counters":[28,161],"Whetstone":["Strike_G","Neutralize"],"Kunai":[6],"Orichalcum":[168],"Cursed Key":2,"obtain_stats":[{"Happy Flower":48,"Golden Idol":3,"Whetstone":7,"Orichalcum":9,"Paper Crane":53,"Cursed Key":17,"Ancient Tea Set":27,"Empty Cage":34,"PrismaticShard":53,"TheAbacus":24,"Membership Card":44,"Kunai":53,"Toy Ornithopter":43,"Ring of the Snake":0,"Pocketwatch":54},{"Happy Flower":25,"Golden Idol":2,"Whetstone":4,"Orichalcum":4,"Paper Crane":26,"Cursed Key":8,"Ancient Tea Set":14,"Empty Cage":17,"PrismaticShard":26,"TheAbacus":12,"Membership Card":22,"Kunai":26,"Toy Ornithopter":22,"Ring of the Snake":0,"Pocketwatch":27},{"Happy Flower":141,"Golden Idol":9,"Whetstone":19,"Orichalcum":19,"Paper Crane":153,"Cursed Key":38,"Ancient Tea Set":76,"Empty Cage":103,"PrismaticShard":153,"TheAbacus":60,"Membership Card":130,"Kunai":153,"Toy Ornithopter":130,"Ring of the Snake":0,"Pocketwatch":155}],"Toy Ornithopter":7,"Ring of the Snake":[56],"Pocketwatch":[0]},"card_choices":[{"not_picked":["Acrobatics","Terror"],"picked":"Backflip","floor":1.0},{"not_picked":["Dodge and Roll","A Thousand Cuts"],"picked":"Deadly Poison","floor":2.0},{"not_picked":["Outmaneuver","Cloak And Dagger"],"picked":"Bane","floor":4.0},{"not_picked":["Cloak And Dagger","Dodge and Roll"],"picked":"Acrobatics","floor":7.0},{"not_picked":["Dagger Throw","Underhanded Strike"],"picked":"Leg Sweep","floor":11.0},{"not_picked":["Poisoned Stab","Underhanded Strike"],"picked":"Calculated Gamble","floor":13.0},{"not_picked":["Prepared","Backflip"],"picked":"PiercingWail","floor":14.0},{"not_picked":["A Thousand Cuts","Envenom"],"picked":"Wraith Form v2","floor":16.0},{"not_picked":["Infinite Blades","Predator+1","Dodge and Roll"],"picked":"SKIP","floor":18.0},{"not_picked":["Blur","Bane"],"picked":"Tactician","floor":19.0},{"not_picked":["Expertise","Dagger Spray+1"],"picked":"Crippling Poison","floor":21.0},{"not_picked":["Noxious Fumes","Storm of Steel","Footwork+1"],"picked":"SKIP","floor":22.0},{"not_picked":["Backstab","Slice+1","Poisoned Stab"],"picked":"SKIP","floor":25.0},{"not_picked":["Flying Knee+1","Noxious Fumes","Phantasmal Killer"],"picked":"SKIP","floor":27.0},{"not_picked":["Backflip","Predator"],"picked":"Well Laid Plans+1","floor":29.0},{"not_picked":["PiercingWail","Prepared","Blade Dance"],"picked":"SKIP","floor":31.0},{"not_picked":["Phantasmal Killer","Envenom"],"picked":"Corpse Explosion","floor":33.0},{"not_picked":["PiercingWail+1","Accuracy+1"],"picked":"Prepared+1","floor":35.0},{"not_picked":["Slice","Deflect","Poisoned Stab+1"],"picked":"SKIP","floor":36.0},{"not_picked":["Dodge and Roll+1","Predator+1"],"picked":"Acrobatics","floor":38.0},{"not_picked":["Poisoned Stab+1","PiercingWail","Finisher"],"picked":"SKIP","floor":39.0},{"not_picked":["Poisoned Stab","Cloak And Dagger+1","Dagger Spray"],"picked":"SKIP","floor":41.0},{"not_picked":["Dodge and Roll+1","Sucker Punch+1","Corpse Explosion"],"picked":"SKIP","floor":45.0},{"not_picked":["Dagger Spray","PiercingWail+1","Backflip"],"picked":"SKIP","floor":47.0},{"not_picked":["Backstab+1","Acrobatics+1"],"picked":"Calculated Gamble","floor":48.0},{"not_picked":["Sucker Punch","Sword Boomerang","Secret Weapon"],"picked":"SKIP","floor":54}],"player_experience":1450162,"relics_obtained":[{"floor":7.0,"key":"Whetstone"},{"floor":9.0,"key":"Orichalcum"},{"floor":27.0,"key":"Ancient Tea Set"},{"floor":43.0,"key":"Toy Ornithopter"},{"floor":48.0,"key":"Happy Flower"},{"floor":54,"key":"Pocketwatch"}],"event_choices":[{"damage_healed":0.0,"max_hp_gain":0.0,"max_hp_loss":5.0,"gold_gain":0.0,"event_name":"Golden Idol","player_choice":"Lose Max HP","floor":3.0,"gold_loss":0.0,"damage_taken":0.0,"relics_obtained":["Golden Idol"]},{"cards_removed":["Strike_G"],"damage_healed":0.0,"max_hp_gain":0.0,"max_hp_loss":0.0,"gold_gain":0.0,"event_name":"Living Wall","player_choice":"Forget","floor":5.0,"gold_loss":0.0,"damage_taken":0.0},{"cards_removed":["Strike_G"],"damage_healed":0.0,"max_hp_gain":0.0,"max_hp_loss":0.0,"gold_gain":0.0,"event_name":"Bonfire Elementals","player_choice":"Offered Basic","floor":8.0,"gold_loss":0.0,"damage_taken":0.0},{"damage_healed":0.0,"max_hp_gain":0.0,"max_hp_loss":0.0,"gold_gain":0.0,"event_name":"The Library","player_choice":"Read","floor":20.0,"gold_loss":0.0,"damage_taken":0.0,"cards_obtained":["Footwork"]},{"damage_healed":0.0,"max_hp_gain":0.0,"max_hp_loss":0.0,"gold_gain":100.0,"event_name":"The Joust","player_choice":"Bet on Murderer","floor":28.0,"gold_loss":50.0,"damage_taken":0.0},{"damage_healed":0.0,"max_hp_gain":0.0,"max_hp_loss":0.0,"gold_gain":333.0,"event_name":"The Moai Head","player_choice":"Gave Idol","floor":46.0,"relics_lost":["Golden Idol"],"gold_loss":0.0,"damage_taken":0.0}],"is_beta":false,"boss_relics":[{"not_picked":["Ring of the Serpent","Black Star"],"picked":"Cursed Key"},{"not_picked":["Velvet Choker","HoveringKite"],"picked":"Empty Cage"}],"items_purged_floors":[24,37,44,53],"is_endless":false,"potions_floor_spawned":[11,13,14,22,25,29,36,39,45,47,54],"ascension_level":8}}