{"host":"qwttrqaysb380yri","time":1609614401,"event":{"mods":["BaseMod","Custom Start","Minty Spire (QoL Compilation)","Permanent Neow","Puzzle Mod","Relic Stats","StSLib","The Hierophant"],"gold_per_floor":[118,118,136,151,167,167,167,177,177,212,212,230,260,276,276,351,351,371,390,402,327,242,242,242,242],"floor_reached":24,"playtime":959,"items_purged":[],"score":368,"play_id":"9d89d922-16ec-4dda-8639-92358666fb07","local_time":"20210102200641","is_ascension_mode":true,"campfire_choices":[{"data":"Dash","floor":7,"key":"SMITH"},{"floor":11,"key":"REST"},{"data":"Tactician","floor":15,"key":"SMITH"},{"data":"Acrobatics","floor":23,"key":"SMITH"}],"circlet_count":0,"master_deck":["AscendersBane","Strike_G","Strike_G","Strike_G","Strike_G","Defend_G","Defend_G","Defend_G","Defend_G","Survivor","Neutralize","Tactician+1","Deadly Poison","Acrobatics+1","Dash+1","Dagger Throw","Blade Dance","Crippling Poison","Backstab","Predator","Terror","Night Terror","Tactician","PiercingWail","Deflect"],"relics":["Ring of the Snake","Blood Vial","Centennial Puzzle","Sundial","Blue Candle","Meat on the Bone","SacredBark","Dream Catcher"],"acts_visited":["Exordium","TheCity"],"potions_floor_usage":[10,13,16,18,20],"damage_taken":[{"damage":0,"enemies":"2 Louse","floor":1,"turns":2},{"damage":5,"enemies":"Small Slimes","floor":3,"turns":3},{"damage":10,"enemies":"Cultist","floor":4,"turns":5},{"damage":15,"enemies":"Blue Slaver","floor":5,"turns":4},{"damage":0,"enemies":"3 Louse","floor":8,"turns":3},{"damage":17,"enemies":"3 Sentries","floor":10,"turns":7},{"damage":1,"enemies":"Large Slime","floor":12,"turns":6},{"damage":15,"enemies":"Lagavulin","floor":13,"turns":5},{"damage":2,"enemies":"Red Slaver","floor":14,"turns":3},{"damage":33,"enemies":"Slime Boss","floor":16,"turns":12},{"damage":3,"enemies":"2 Thieves","floor":18,"turns":4},{"damage":16,"enemies":"Spheric Guardian","floor":19,"turns":4},{"damage":0,"enemies":"Centurion and Healer","floor":20,"turns":5},{"damage":35,"enemies":"Gremlin Leader","floor":24,"turns":8}],"seed_played":"2416987009119963243","potions_obtained":[{"floor":4,"key":"Poison Potion"},{"floor":8,"key":"SpeedPotion"},{"floor":10,"key":"Strength Potion"},{"floor":14,"key":"FearPotion"},{"floor":16,"key":"SkillPotion"},{"floor":19,"key":"Swift Potion"}],"is_trial":false,"path_per_floor":["M","?","M","M","M","?","R","M","T","E","R","M","E","M","R","B",null,"M","M","M","?","?","R","E"],"character_chosen":"THE_SILENT","items_purchased":[],"campfire_rested":1,"item_purchase_floors":[],"current_hp_per_floor":[61,56,53,45,32,32,32,34,34,19,38,39,26,38,38,19,54,53,39,41,41,41,41,8,8],"gold":242,"neow_bonus":"RANDOM_COMMON_RELIC","is_daily":false,"chose_seed":false,"campfire_upgraded":3,"win_rate":0.0,"timestamp":1609614401,"path_taken":["M","?","M","M","M","?","R","?","T","E","R","M","E","M","R","BOSS","M","M","M","?","?","R","E"],"items_purchased_type":[],"build_version":"2020-12-22","purchased_purges":0,"victory":false,"max_hp_per_floor":[66,66,66,66,66,66,66,66,66,66,66,66,66,66,66,66,66,66,66,66,66,66,66,66,66],"relic_stats":{"Blood Vial":28,"Centennial Puzzle":[33],"Dream Catcher":0,"counters":[14,71],"Sundial":[10],"Blue Candle":[0],"obtain_stats":[{"Blood Vial":0,"Centennial Puzzle":2,"Dream Catcher":22,"Sundial":9,"Blue Candle":10,"SacredBark":17,"Ring of the Snake":0,"Meat on the Bone":13},{"Blood Vial":0,"Centennial Puzzle":1,"Dream Catcher":13,"Sundial":5,"Blue Candle":6,"SacredBark":10,"Ring of the Snake":0,"Meat on the Bone":8},{"Blood Vial":0,"Centennial Puzzle":2,"Dream Catcher":63,"Sundial":17,"Blue Candle":24,"SacredBark":50,"Ring of the Snake":0,"Meat on the Bone":35}],"Ring of the Snake":[28],"Meat on the Bone":24},"card_choices":[{"not_picked":["Dagger Throw","Escape Plan"],"picked":"Tactician","floor":1},{"not_picked":["Tactician","Finisher"],"picked":"Deadly Poison","floor":3},{"not_picked":["Blur","Choke"],"picked":"Acrobatics","floor":4},{"not_picked":["Setup","Footwork"],"picked":"Dash","floor":5},{"not_picked":["Heel Hook","Bane"],"picked":"Blade Dance","floor":8},{"not_picked":["Choke","Caltrops"],"picked":"Crippling Poison","floor":10},{"not_picked":["Deflect","Dagger Spray"],"picked":"Backstab","floor":12},{"not_picked":["Poisoned Stab","Adrenaline"],"picked":"Predator","floor":13},{"not_picked":["Catalyst","Expertise"],"picked":"Terror","floor":14},{"not_picked":["Unload","Envenom"],"picked":"Night Terror","floor":16},{"not_picked":["Blade Dance","Outmaneuver"],"picked":"Tactician","floor":18},{"not_picked":["Poisoned Stab","Escape Plan"],"picked":"PiercingWail","floor":19},{"not_picked":["Infinite Blades","Dagger Throw"],"picked":"Deflect","floor":20}],"player_experience":1976596,"relics_obtained":[{"floor":9,"key":"Sundial"},{"floor":10,"key":"Blue Candle"},{"floor":13,"key":"Meat on the Bone"}],"event_choices":[{"damage_healed":0,"gold_gain":0,"player_choice":"Success","damage_taken":5,"relics_obtained":["Centennial Puzzle"],"max_hp_gain":0,"max_hp_loss":0,"event_name":"Scrap Ooze","floor":2,"gold_loss":0},{"damage_healed":0,"gold_gain":0,"cards_transformed":["Defend_G"],"player_choice":"Transformed","damage_taken":0,"max_hp_gain":0,"max_hp_loss":0,"event_name":"Transmorgrifier","floor":6,"gold_loss":0,"cards_obtained":["Dagger Throw"]},{"cards_removed":["Strike_G"],"damage_healed":0,"gold_gain":0,"player_choice":"Gave Gold","damage_taken":0,"max_hp_gain":0,"max_hp_loss":0,"event_name":"Beggar","floor":21,"gold_loss":75},{"damage_healed":0,"gold_gain":0,"player_choice":"Obtained Relic","damage_taken":0,"relics_obtained":["Dream Catcher"],"max_hp_gain":0,"max_hp_loss":0,"event_name":"Addict","floor":22,"gold_loss":85}],"is_beta":false,"boss_relics":[{"not_picked":["Runic Pyramid","Ring of the Serpent"],"picked":"SacredBark"}],"items_purged_floors":[],"is_endless":false,"potions_floor_spawned":[4,8,10,14,16,19],"killed_by":"Gremlin Leader","ascension_level":15}}