{"host":"fhq3k2nq5elnbks3","time":1609583797,"event":{"mods":["2.2 Compatiblity","AchievementEnabler","Act Like it!","AlwaysNeverKeys","Aspiration","BaseMod","Better Altar","Better Vampires","Better-Laid Plans","Block Reminder","CCEM","Card Filter","Colored Powertips","Displayed Cursed Tome","Downfall","Ekko","Fireblade Mod","Friendly Minions","GifTheSpireLib","Gremlin Skip","HololiveMod","Jorbs\u0027s Wanderer Trilogy","Koishi","Marisa????????","Mathemortician","Minty Spire (QoL Compilation)","Onozuka Komachi Mod","Pale of the Ancients","Permanent Neow","Prisma Mod","Quick Restart","Reimu??????","Relic Filter","Robot Space Explorer","Shop Mod","Spikes Relics","StSLib","SuperFastMode","The Animator","The Blackbeard","The Cursed","The Gatherer","The Hierophant","The Runesmith","The Servant 0.9.4","The Trickster","The Wild Card","TheBandit","Trackpad","Transform Curses","Uncapped","Unknown Chances","thorton","vexMod"],"gold_per_floor":[24,38,51,69,79,79,79,79],"floor_reached":6,"playtime":643,"items_purged":[],"score":38,"play_id":"5d14a3cd-9455-443c-bc65-eb4220d4faf8","local_time":"20210102043637","is_ascension_mode":false,"campfire_choices":[{"data":"champ:Execute","floor":1,"key":"SMITH"}],"circlet_count":0,"master_deck":["champ:Strike","champ:Strike","champ:Strike","champ:Strike","champ:Defend","champ:Defend","champ:Defend","champ:Defend","champ:Execute+1","champ:Taunt","champ:IronFortress"],"relics":["champ:ChampionCrown","trackpad:PetRock","downfall:HeartBlessingRed"],"acts_visited":["Exordium"],"potions_floor_usage":[],"damage_taken":[{"damage":8,"enemies":"Jaw Worm","floor":2,"turns":2},{"damage":0,"enemies":"2 Louse","floor":3,"turns":2},{"damage":6,"enemies":"Cultist","floor":4,"turns":3},{"damage":12,"enemies":"Lots of Slimes","floor":5,"turns":4},{"damage":94,"enemies":"Gremlin Nob","floor":6,"turns":8}],"seed_played":"5993779646973523136","potions_obtained":[{"floor":4,"key":"Weak Potion"},{"floor":5,"key":"LiquidMemories"}],"is_trial":false,"path_per_floor":["R","M","M","M","M","E"],"character_chosen":"THE_CHAMP","items_purchased":[],"campfire_rested":0,"item_purchase_floors":[],"current_hp_per_floor":[90,87,87,86,79,0,0,0],"gold":79,"neow_bonus":"RANDOM_COMMON_RELIC","is_daily":false,"chose_seed":false,"campfire_upgraded":1,"win_rate":0.0,"timestamp":1609583797,"path_taken":["R","M","M","M","M","E"],"items_purchased_type":[],"build_version":"2020-12-22","purchased_purges":0,"victory":false,"max_hp_per_floor":[90,90,90,90,90,90,90,90],"card_choices":[{"not_picked":["champ:DefensiveShout","champ:Lariat","champ:GladiatorStyle"],"picked":"SKIP","floor":2},{"not_picked":["champ:BerserkersShout","champ:BringItOn","champ:Shatter"],"picked":"SKIP","floor":3},{"not_picked":["champ:CrookedStrike","champ:GutPunch"],"picked":"champ:IronFortress","floor":4},{"not_picked":["champ:BerserkersShout","champ:IronFortress","champ:AdrenalArmor"],"picked":"SKIP","floor":5}],"player_experience":574221,"relics_obtained":[],"event_choices":[],"is_beta":false,"boss_relics":[],"items_purged_floors":[],"is_endless":false,"potions_floor_spawned":[4,5],"killed_by":"Gremlin Nob","ascension_level":0}}