{"host":"j204k34h42bd6fas","time":1609567885,"event":{"mods":["Aspiration","BaseMod","Colored Map","Colored Powertips","Conspire","Energized Spire","Hubris","Infinite Spire","JesterMod","Mimic Mod","Minty Spire (QoL Compilation)","Rare Cards Sparkle","Relic Stats","Replay The Spire","Say the Spire","StSLib","The Cursed","The Marked"],"gold_per_floor":[112,112,41,57,81,81,97,125,125,125,125,125,137,149,149,244,244,255,101,115,126,126,152,152,167,200,211,227,227,247,262,262,357,357,373,373,75,131,146,146,176,176,176,192,192,192,206,254,254,254,254],"floor_reached":50,"playtime":7568,"items_purged":["Strike_R"],"score":707,"play_id":"d349749f-760b-4115-b5a1-87830957c2e9","local_time":"20210102011125","is_ascension_mode":true,"campfire_choices":[{"data":"Demon Form","floor":6,"key":"SMITH"},{"data":"Heavy Blade","floor":10,"key":"SMITH"},{"floor":12,"key":"REST"},{"data":"Infernal Blade","floor":15,"key":"SMITH"},{"data":"Barricade","floor":29,"key":"SMITH"},{"floor":32,"key":"REST"},{"data":"Fiend Fire","floor":40,"key":"SMITH"},{"data":"hubris:DuctTapeCard","floor":42,"key":"SMITH"},{"floor":45,"key":"REST"},{"data":"Battle Trance","floor":49,"key":"SMITH"}],"circlet_count":0,"master_deck":["Strike_R","Strike_R","Strike_R","Strike_R","Defend_R","Defend_R","Defend_R","Bash","Demon Form+1","Heavy Blade+1","Defy Death","ReplayTheSpireMod:Strike From Hell","Infernal Blade+1","Barricade+1","Shockwave+1","Metallicize","Heavy Blade","Warcry","Sentinel","Eclipse","Ghostly Armor","Whirlwind+1","Thunderclap+1","Fiend Fire+1","CurseOfTheBell","Battle Trance+1","Defy Death","hubris:DuctTapeCard+2","Body Slam+1","Cleave+1","Power Through"],"relics":["Burning Blood","aspiration:HummingbirdHeart","ReplayFunnel","ReplayTheSpireMod:TigerMarble","Red Skull","Vajra","Runic Dome","MutagenicStrength","Replay:WaspNest","Pear","Calling Bell","hubris:ToyBattleship","conspire:DecoderRing","conspire:GlowingRock","hubris:Towel","aspiration:AnachronicSnailShell","Replay:Bottled Flurry","hubris:DuctTape","Toy Ornithopter","StoneCalendar"],"acts_visited":["Exordium","TheCity","TheBeyond"],"potions_floor_usage":[23,33,41,48,48,50],"damage_taken":[{"damage":9,"enemies":"Small Slimes","floor":1,"turns":5},{"damage":3,"enemies":"Jaw Worm","floor":4,"turns":6},{"damage":0,"enemies":"Cultist","floor":7,"turns":4},{"damage":35,"enemies":"Lagavulin","floor":8,"turns":6},{"damage":7,"enemies":"Exordium Wildlife","floor":13,"turns":4},{"damage":1,"enemies":"Looter","floor":14,"turns":3},{"damage":33,"enemies":"Hexaghost","floor":16,"turns":7},{"damage":6,"enemies":"Shell Parasite","floor":18,"turns":3},{"damage":6,"enemies":"Spheric Guardian","floor":20,"turns":6},{"damage":9,"enemies":"conspire:HollyBat","floor":21,"turns":5},{"damage":62,"enemies":"Gremlin Leader","floor":23,"turns":5},{"damage":0,"enemies":"Sentry and Sphere","floor":25,"turns":3},{"damage":0,"enemies":"Centurion and Healer","floor":26,"turns":4},{"damage":5,"enemies":"Centurion and Healer","floor":27,"turns":3},{"damage":9,"enemies":"Snake Plant","floor":28,"turns":4},{"damage":15,"enemies":"Cultist and Chosen","floor":30,"turns":4},{"damage":5,"enemies":"Centurion and Healer","floor":31,"turns":2},{"damage":47,"enemies":"conspire:MysteriousRune","floor":33,"turns":7},{"damage":5,"enemies":"Orb Walker","floor":35,"turns":2},{"damage":16,"enemies":"3 Shapes","floor":39,"turns":4},{"damage":0,"enemies":"Nemesis","floor":41,"turns":5},{"damage":6,"enemies":"Sphere and 2 Shapes","floor":44,"turns":3},{"damage":28,"enemies":"4 Shapes","floor":47,"turns":4},{"damage":3,"enemies":"2 Orb Walkers","floor":48,"turns":3},{"damage":84,"enemies":"infinitespire:MassOfShapes","floor":50,"turns":8}],"seed_played":"3616405970578479677","potions_obtained":[{"floor":1,"key":"Elixir"},{"floor":4,"key":"Block Potion"},{"floor":13,"key":"SteroidPotion"},{"floor":16,"key":"FairyPotion"},{"floor":27,"key":"SpeedPotion"},{"floor":31,"key":"conspire:TimeTravelPotion"},{"floor":38,"key":"Reflective Coating"},{"floor":41,"key":"HeartOfIron"},{"floor":47,"key":"AttackPotion"}],"is_trial":false,"path_per_floor":["M","?","$","M","T","R","M","E","T","R","$","R","M","M","R","B",null,"M","$","M","M","?","E","?","M","MIM","M","M","R","M","M","R","B",null,"M","?","$","?","M","R","E","R","T","M","R","?","M","?","R","B"],"character_chosen":"IRONCLAD","items_purchased":["Feel No Pain","Vajra","Metallicize","aspiration:AnachronicSnailShell"],"campfire_rested":3,"item_purchase_floors":[3,11,19,37],"current_hp_per_floor":[69,69,69,72,72,72,72,43,43,43,33,54,53,58,58,31,62,62,62,62,59,59,27,21,28,44,45,42,42,33,34,58,17,67,68,68,68,68,58,58,64,64,64,64,83,83,61,75,75,0,0],"gold":254,"neow_bonus":"THREE_RARE_CARDS","is_daily":false,"chose_seed":false,"campfire_upgraded":7,"win_rate":0.0,"timestamp":1609567885,"path_taken":["M","?","$","M","?","R","M","E","T","R","?","R","M","M","R","BOSS","M","$","M","M","?","E","?","M","MIM","M","?","R","M","M","R","BOSS","M","?","$","?","?","R","E","R","T","M","R","?","M","?","R","BOSS"],"items_purchased_type":["Card","Relic","Card","Relic"],"build_version":"2020-12-22","purchased_purges":1,"victory":false,"max_hp_per_floor":[72,72,72,72,72,72,72,72,72,72,72,72,72,72,72,72,72,72,72,72,72,72,72,72,73,83,83,83,83,83,83,83,83,83,83,83,83,83,83,83,83,83,83,83,83,83,83,84,84,84,84],"relic_stats":{"counters":[25,110],"StoneCalendar":[64],"obtain_stats":[{"ReplayFunnel":5,"Pear":26,"hubris:DuctTape":41,"Vajra":11,"StoneCalendar":48,"Replay:WaspNest":23,"aspiration:HummingbirdHeart":2,"hubris:Towel":36,"Burning Blood":0,"Calling Bell":34,"Runic Dome":17,"conspire:GlowingRock":34,"MutagenicStrength":22,"conspire:DecoderRing":34,"aspiration:AnachronicSnailShell":37,"ReplayTheSpireMod:TigerMarble":8,"hubris:ToyBattleship":34,"Replay:Bottled Flurry":38,"Red Skull":9,"Toy Ornithopter":43},{"ReplayFunnel":2,"Pear":13,"hubris:DuctTape":21,"Vajra":4,"StoneCalendar":24,"Replay:WaspNest":11,"aspiration:HummingbirdHeart":1,"hubris:Towel":19,"Burning Blood":0,"Calling Bell":18,"Runic Dome":7,"conspire:GlowingRock":18,"MutagenicStrength":10,"conspire:DecoderRing":18,"aspiration:AnachronicSnailShell":19,"ReplayTheSpireMod:TigerMarble":4,"hubris:ToyBattleship":18,"Replay:Bottled Flurry":19,"Red Skull":4,"Toy Ornithopter":21},{"ReplayFunnel":11,"Pear":61,"hubris:DuctTape":92,"Vajra":21,"StoneCalendar":102,"Replay:WaspNest":54,"aspiration:HummingbirdHeart":5,"hubris:Towel":83,"Burning Blood":0,"Calling Bell":81,"Runic Dome":35,"conspire:GlowingRock":81,"MutagenicStrength":49,"conspire:DecoderRing":81,"aspiration:AnachronicSnailShell":83,"ReplayTheSpireMod:TigerMarble":21,"hubris:ToyBattleship":81,"Replay:Bottled Flurry":83,"Red Skull":21,"Toy Ornithopter":92}],"Burning Blood":138,"Toy Ornithopter":15},"card_choices":[{"not_picked":["Brutality","Feed"],"picked":"Demon Form","floor":0},{"not_picked":["Dropkick","Armaments"],"picked":"Feel No Pain","floor":1},{"not_picked":["hubris:CleavingFinish","Run Through","Clash"],"picked":"SKIP","floor":4},{"not_picked":["Anger","Blood for Blood"],"picked":"Heavy Blade","floor":7},{"not_picked":["Dark Embrace","Clothesline"],"picked":"Defy Death","floor":8},{"not_picked":["Headbutt","Iron Wave"],"picked":"ReplayTheSpireMod:Strike From Hell","floor":13},{"not_picked":["Run Through","Rampage"],"picked":"Infernal Blade","floor":14},{"not_picked":["Replay:Many Hands","Bludgeon"],"picked":"Barricade","floor":16},{"not_picked":["Defy Death+1","Dropkick"],"picked":"Shockwave+1","floor":18},{"not_picked":["Clash","Armaments","Flex"],"picked":"SKIP","floor":20},{"not_picked":["Wild Strike","Demonic Infusion"],"picked":"Heavy Blade","floor":21},{"not_picked":["Flex","Wild Strike+1"],"picked":"Warcry","floor":23},{"not_picked":["Warcry","hubris:ReadiedAction"],"picked":"Sentinel","floor":25},{"not_picked":["Flex+1","Flame Barrier"],"picked":"Eclipse","floor":26},{"not_picked":["Shrug It Off+1","Warcry+1"],"picked":"Ghostly Armor","floor":27},{"not_picked":["Sentinel","Cleave"],"picked":"Whirlwind+1","floor":28},{"not_picked":["Run Through+1","Shrug It Off","Wild Strike"],"picked":"SKIP","floor":30},{"not_picked":["Shrug It Off","Evolve"],"picked":"Thunderclap+1","floor":31},{"not_picked":["Immolate","Demonic Infusion"],"picked":"Fiend Fire","floor":33},{"not_picked":["ReplayReversal+1","Replay:Undeath\u0027s Touch+1"],"picked":"Battle Trance","floor":35},{"not_picked":["Inflame+1","Run Through+1"],"picked":"Defy Death","floor":38},{"not_picked":["Defy Death","Flex+1","Perfected Strike"],"picked":"SKIP","floor":39},{"not_picked":["Dark Embrace+1","Replay:Undeath\u0027s Touch+1"],"picked":"Body Slam+1","floor":41},{"not_picked":["Intimidate+1","Dropkick","Rupture"],"picked":"SKIP","floor":44},{"not_picked":["Whirlwind","Clothesline"],"picked":"Cleave+1","floor":47},{"not_picked":["Replay:Undeath\u0027s Touch","Abandon"],"picked":"Power Through","floor":48}],"player_experience":316673,"relics_obtained":[{"floor":2,"key":"aspiration:HummingbirdHeart"},{"floor":5,"key":"ReplayFunnel"},{"floor":8,"key":"ReplayTheSpireMod:TigerMarble"},{"floor":9,"key":"Red Skull"},{"floor":23,"key":"Replay:WaspNest"},{"floor":26,"key":"Pear"},{"floor":34,"key":"hubris:ToyBattleship"},{"floor":34,"key":"conspire:DecoderRing"},{"floor":34,"key":"conspire:GlowingRock"},{"floor":38,"key":"Replay:Bottled Flurry"},{"floor":41,"key":"hubris:DuctTape"},{"floor":43,"key":"Toy Ornithopter"},{"floor":48,"key":"StoneCalendar"}],"event_choices":[{"damage_healed":0,"gold_gain":0,"player_choice":"Inject Mutagens","damage_taken":0,"relics_obtained":["MutagenicStrength"],"max_hp_gain":0,"max_hp_loss":0,"event_name":"Drug Dealer","floor":22,"gold_loss":0},{"damage_healed":0,"gold_gain":0,"player_choice":"","damage_taken":6,"max_hp_gain":0,"max_hp_loss":0,"event_name":"Knowing Skull","floor":24,"potions_obtained":[],"gold_loss":0,"cards_obtained":[]},{"damage_healed":0,"gold_gain":0,"player_choice":"Fight","damage_taken":0,"max_hp_gain":0,"max_hp_loss":0,"event_name":"Mysterious Sphere","floor":48,"gold_loss":0}],"is_beta":false,"boss_relics":[{"not_picked":["SlaversCollar","SacredBark"],"picked":"Runic Dome"},{"not_picked":["Tiny House","energizedSpire:HugeHouse"],"picked":"Calling Bell"}],"items_purged_floors":[19],"is_endless":false,"potions_floor_spawned":[1,4,13,14,16,20,21,27,31,41,47],"killed_by":"infinitespire:MassOfShapes","ascension_level":6}}