{"host":"56ghxnzsglgdq727","time":1609579197,"event":{"mods":["AchievementEnabler","BaseMod","Downfall","Minty Spire (QoL Compilation)","StSLib"],"gold_per_floor":[99,109,109,129,140,159,159,159,170,182,16,16,32,45,56,56,56,56],"floor_reached":16,"playtime":1064,"items_purged":["champ:Strike"],"score":98,"play_id":"bf9b7f9f-9646-4938-bd2e-6325f59fa6ee","local_time":"20210102041957","is_ascension_mode":false,"campfire_choices":[{"data":"champ:Execute","floor":1,"key":"SMITH"},{"data":"champ:PreciseThrust","floor":8,"key":"SMITH"}],"circlet_count":0,"master_deck":["champ:Strike","champ:Strike","champ:Strike","champ:Defend","champ:Defend","champ:Defend","champ:Defend","champ:Execute+1","champ:Taunt","champ:StanceDance+1","champ:PreciseThrust+1","champ:PreciseThrust","champ:StanceDance","champ:DeathBlow","champ:FlashCut","champ:FightOn","champ:GladiatorStyle","champ:GladiatorsShout","champ:HoldFirm"],"relics":["champ:ChampionCrown","Thread and Needle"],"acts_visited":["Exordium"],"potions_floor_usage":[10,11,16,16],"damage_taken":[{"damage":7,"enemies":"Small Slimes","floor":2,"turns":3},{"damage":18,"enemies":"Cultist","floor":4,"turns":4},{"damage":2,"enemies":"Jaw Worm","floor":5,"turns":4},{"damage":10,"enemies":"Large Slime","floor":6,"turns":4},{"damage":17,"enemies":"Exordium Thugs","floor":9,"turns":7},{"damage":24,"enemies":"Large Slime","floor":10,"turns":4},{"damage":34,"enemies":"downfall:FleeingMerchant","floor":11,"turns":4},{"damage":11,"enemies":"Exordium Thugs","floor":13,"turns":6},{"damage":16,"enemies":"Lots of Slimes","floor":14,"turns":5},{"damage":24,"enemies":"Blue Slaver","floor":15,"turns":3},{"damage":37,"enemies":"downfall:Silent","floor":16,"turns":4}],"seed_played":"-1738252184457285230","potions_obtained":[{"floor":2,"key":"sneckomod:MuddlingPotion"},{"floor":9,"key":"LiquidMemories"},{"floor":10,"key":"SteroidPotion"},{"floor":14,"key":"FearPotion"}],"is_trial":false,"path_per_floor":["R","M","?","M","M","M","T","R","M","M","$","?","M","M","M","B"],"character_chosen":"THE_CHAMP","items_purchased":["champ:GladiatorStyle"],"campfire_rested":0,"item_purchase_floors":[11],"current_hp_per_floor":[99,97,97,92,90,90,90,90,76,70,64,49,41,41,33,0,0,0],"gold":56,"neow_bonus":"TEN_PERCENT_HP_BONUS","is_daily":false,"chose_seed":false,"campfire_upgraded":2,"win_rate":0.0,"timestamp":1609579197,"path_taken":["R","M","?","M","M","M","T","R","M","?","$","?","?","M","M","BOSS"],"items_purchased_type":["Card"],"build_version":"2020-12-22","purchased_purges":1,"victory":false,"max_hp_per_floor":[99,99,99,99,99,99,99,99,99,99,99,99,99,99,99,99,99,99],"card_choices":[{"not_picked":["champ:BerserkersShout","champ:CrookedStrike"],"picked":"champ:StanceDance","floor":2},{"not_picked":["champ:ArenaPreparation","champ:TornadoPunch"],"picked":"champ:PreciseThrust","floor":4},{"not_picked":["champ:PerfectedStrike","champ:HeartStrike"],"picked":"champ:PreciseThrust","floor":5},{"not_picked":["champ:TornadoPunch","champ:AdrenalArmor"],"picked":"champ:StanceDance","floor":6},{"not_picked":["champ:RapidStrikes","champ:PerfectedStrike"],"picked":"champ:DeathBlow","floor":9},{"not_picked":["champ:ShieldWall","champ:EndlessRage"],"picked":"champ:FlashCut","floor":10},{"not_picked":["champ:IronFortress","champ:ShieldSlam"],"picked":"champ:FightOn","floor":11},{"not_picked":["champ:FlashCut","champ:BringItOn","champ:DefensiveShout"],"picked":"SKIP","floor":13},{"not_picked":["champ:AdrenalArmor","champ:Backstep"],"picked":"champ:GladiatorsShout","floor":14},{"not_picked":["champ:ViciousMockery","champ:StanceDance"],"picked":"champ:HoldFirm","floor":15}],"player_experience":88433,"relics_obtained":[{"floor":7,"key":"Thread and Needle"}],"event_choices":[{"damage_healed":0,"gold_gain":0,"player_choice":"Upgraded","damage_taken":0,"max_hp_gain":0,"max_hp_loss":0,"event_name":"Upgrade Shrine","floor":3,"gold_loss":0,"cards_upgraded":["champ:StanceDance"]}],"is_beta":false,"boss_relics":[],"items_purged_floors":[11],"is_endless":false,"potions_floor_spawned":[2,9,10,14],"killed_by":"downfall:Silent","ascension_level":0}}