{"host":"g7trc0x2teqyd8ye","time":1609579914,"event":{"mods":["BaseMod","Key Reminder","Minty Spire (QoL Compilation)","Relic Stats"],"gold_per_floor":[119,135,135,152,170,201,219,219,293,324,324,19,31,31,31,127,127,137,12,12,12,39,67,67,83,83,109,128,81,97,111,111,213,213,226,501,501,21,35,35,65,65,65,65,65],"floor_reached":44,"playtime":2361,"items_purged":["Strike_B","Regret"],"score":656,"play_id":"cf0031f3-23b3-47ec-9922-53ea4a06504a","local_time":"20210102103154","is_ascension_mode":true,"campfire_choices":[{"floor":8,"key":"REST"},{"floor":11,"key":"REST"},{"floor":15,"key":"REST"},{"data":"Creative AI","floor":24,"key":"SMITH"},{"floor":32,"key":"REST"},{"floor":40,"key":"REST"}],"circlet_count":0,"master_deck":["Strike_B+1","Strike_B+1","Defend_B","Defend_B","Defend_B","Defend_B","Zap","Dualcast","Tempest","Static Discharge+1","Loop","Redo","Force Field","Defragment","Sweeping Beam+1","Creative AI+1","Self Repair","Echo Form","Turbo+1","Coolheaded","Shame","Loop","Heatsinks","Glacier","Leap","Cold Snap+1","Loop","Defragment","Storm","Conserve Battery+1","Static Discharge+1"],"relics":["Cracked Core","Whetstone","Molten Egg 2","Turnip","Tiny Chest","Philosopher\u0027s Stone","Happy Flower","MealTicket","PreservedInsect","keyreminder:keyreminder","Bottled Tornado","Bottled Lightning","Fusion Hammer","The Courier","Gremlin Horn","DataDisk","InkBottle"],"acts_visited":["Exordium","TheCity","TheBeyond"],"potions_floor_usage":[6,16,16,27,28,28,30,33],"damage_taken":[{"damage":1,"enemies":"Cultist","floor":1,"turns":3},{"damage":7,"enemies":"Small Slimes","floor":2,"turns":3},{"damage":7,"enemies":"Jaw Worm","floor":4,"turns":3},{"damage":10,"enemies":"3 Louse","floor":5,"turns":3},{"damage":30,"enemies":"3 Sentries","floor":6,"turns":4},{"damage":9,"enemies":"Exordium Wildlife","floor":7,"turns":5},{"damage":30,"enemies":"Lagavulin","floor":10,"turns":6},{"damage":16,"enemies":"Blue Slaver","floor":13,"turns":4},{"damage":33,"enemies":"Slime Boss","floor":16,"turns":6},{"damage":9,"enemies":"Chosen","floor":18,"turns":4},{"damage":36,"enemies":"Gremlin Leader","floor":23,"turns":7},{"damage":16,"enemies":"Spheric Guardian","floor":25,"turns":3},{"damage":28,"enemies":"Book of Stabbing","floor":27,"turns":7},{"damage":11,"enemies":"Chosen and Byrds","floor":28,"turns":7},{"damage":14,"enemies":"Cultist and Chosen","floor":30,"turns":4},{"damage":24,"enemies":"Centurion and Healer","floor":31,"turns":6},{"damage":12,"enemies":"Champ","floor":33,"turns":10},{"damage":44,"enemies":"3 Shapes","floor":35,"turns":10},{"damage":5,"enemies":"Orb Walker","floor":39,"turns":4},{"damage":46,"enemies":"Reptomancer","floor":41,"turns":5},{"damage":56,"enemies":"4 Shapes","floor":44,"turns":3}],"seed_played":"-4365484339379971755","potions_obtained":[{"floor":1,"key":"Fire Potion"},{"floor":4,"key":"Fire Potion"},{"floor":5,"key":"SkillPotion"},{"floor":10,"key":"SpeedPotion"},{"floor":18,"key":"LiquidBronze"},{"floor":25,"key":"EssenceOfSteel"},{"floor":27,"key":"Fire Potion"},{"floor":31,"key":"DuplicationPotion"},{"floor":35,"key":"Ancient Potion"},{"floor":41,"key":"Energy Potion"}],"is_trial":false,"path_per_floor":["M","M","?","M","M","E","M","R","T","E","R","$","M","?","R","B",null,"M","$","?","?","T","E","R","M","T","E","M","$","M","M","R","B",null,"M","?","T","$","M","R","E","?","T","M"],"character_chosen":"DEFECT","items_purchased":["Creative AI","Tiny Chest","Coolheaded","Cold Snap+1","Gremlin Horn","DataDisk","Storm","FocusPotion"],"campfire_rested":5,"item_purchase_floors":[12,12,19,29,38,38,38,38],"current_hp_per_floor":[74,67,67,60,50,20,11,35,35,5,29,29,13,13,37,11,64,55,55,55,82,82,53,53,37,37,16,19,34,34,24,48,50,74,44,44,44,59,61,82,50,50,50,0,0],"gold":65,"neow_bonus":"TEN_PERCENT_HP_BONUS","is_daily":false,"chose_seed":false,"campfire_upgraded":1,"win_rate":0.0,"timestamp":1609579914,"path_taken":["M","?","?","M","?","E","M","R","T","E","R","$","M","?","R","BOSS","M","$","?","?","?","E","R","M","T","E","M","?","?","M","R","BOSS","M","?","?","$","M","R","E","?","T","?"],"items_purchased_type":["Card","Relic","Card","Card","Relic","Relic","Card","Potion"],"build_version":"2020-12-22","purchased_purges":2,"victory":false,"max_hp_per_floor":[82,82,82,82,82,82,82,82,82,82,82,82,82,82,82,82,82,82,82,82,82,82,82,82,82,82,82,82,82,82,82,82,82,82,82,82,82,82,82,82,82,82,82,82,82],"relic_stats":{"Happy Flower":[22],"Gremlin Horn":[6,6],"counters":[21,106],"Tiny Chest":2,"MealTicket":30,"Turnip":[30],"PreservedInsect":98,"Whetstone":["Strike_B","Strike_B"],"obtain_stats":[{"Happy Flower":20,"Gremlin Horn":38,"PreservedInsect":23,"The Courier":37,"Whetstone":6,"Bottled Tornado":26,"keyreminder:keyreminder":23,"DataDisk":38,"Molten Egg 2":9,"Tiny Chest":12,"Philosopher\u0027s Stone":17,"MealTicket":22,"Turnip":10,"Fusion Hammer":34,"Bottled Lightning":27,"Cracked Core":0,"InkBottle":41},{"Happy Flower":10,"Gremlin Horn":18,"PreservedInsect":11,"The Courier":18,"Whetstone":5,"Bottled Tornado":12,"keyreminder:keyreminder":11,"DataDisk":18,"Molten Egg 2":6,"Tiny Chest":7,"Philosopher\u0027s Stone":9,"MealTicket":10,"Turnip":7,"Fusion Hammer":17,"Bottled Lightning":13,"Cracked Core":0,"InkBottle":20},{"Happy Flower":41,"Gremlin Horn":94,"PreservedInsect":48,"The Courier":94,"Whetstone":16,"Bottled Tornado":51,"keyreminder:keyreminder":48,"DataDisk":94,"Molten Egg 2":21,"Tiny Chest":27,"Philosopher\u0027s Stone":37,"MealTicket":41,"Turnip":27,"Fusion Hammer":84,"Bottled Lightning":57,"Cracked Core":0,"InkBottle":103}],"InkBottle":[1]},"card_choices":[{"not_picked":["Compile Driver","Hello World"],"picked":"Tempest","floor":1},{"not_picked":["Turbo","Gash"],"picked":"Static Discharge","floor":2},{"not_picked":["Melter","Sunder"],"picked":"Loop","floor":4},{"not_picked":["Sweeping Beam","Genetic Algorithm"],"picked":"Redo","floor":5},{"not_picked":["Hologram","Rebound"],"picked":"Force Field","floor":6},{"not_picked":["Beam Cell","Force Field"],"picked":"Defragment","floor":7},{"not_picked":["Conserve Battery","Storm"],"picked":"Sweeping Beam+1","floor":10},{"not_picked":["Compile Driver+1","Go for the Eyes+1"],"picked":"Self Repair","floor":13},{"not_picked":["Fission","Amplify"],"picked":"Echo Form","floor":16},{"not_picked":["Rip and Tear+1","Conserve Battery"],"picked":"Turbo+1","floor":18},{"not_picked":["Hello World","Stack"],"picked":"Loop","floor":23},{"not_picked":["Static Discharge","Hologram"],"picked":"Heatsinks","floor":25},{"not_picked":["Seek","Stack"],"picked":"Glacier","floor":27},{"not_picked":["Doom and Gloom+1","Compile Driver+1"],"picked":"Leap","floor":28},{"not_picked":["Undo","Compile Driver+1"],"picked":"Loop","floor":30},{"not_picked":["Go for the Eyes+1","Barrage+1"],"picked":"Defragment","floor":31},{"not_picked":["Leap+1","Hologram","Go for the Eyes+1"],"picked":"SKIP","floor":35},{"not_picked":["Rebound+1","Gash+1"],"picked":"Conserve Battery+1","floor":39},{"not_picked":["Conserve Battery+1","Coolheaded"],"picked":"Static Discharge+1","floor":41}],"player_experience":867665,"relics_obtained":[{"floor":6,"key":"Whetstone"},{"floor":9,"key":"Molten Egg 2"},{"floor":10,"key":"Turnip"},{"floor":22,"key":"MealTicket"},{"floor":23,"key":"PreservedInsect"},{"floor":26,"key":"Bottled Tornado"},{"floor":27,"key":"Bottled Lightning"},{"floor":37,"key":"The Courier"},{"floor":41,"key":"InkBottle"}],"event_choices":[{"damage_healed":0,"gold_gain":0,"player_choice":"Upgraded","damage_taken":0,"max_hp_gain":0,"max_hp_loss":0,"event_name":"Upgrade Shrine","floor":3,"gold_loss":0,"cards_upgraded":["Static Discharge"]},{"damage_healed":0,"gold_gain":0,"player_choice":"Ignored","damage_taken":0,"max_hp_gain":0,"max_hp_loss":0,"event_name":"Shining Light","floor":14,"gold_loss":0},{"damage_healed":0,"gold_gain":0,"player_choice":"Stole Relic","damage_taken":0,"relics_obtained":["Happy Flower"],"max_hp_gain":0,"max_hp_loss":0,"event_name":"Addict","floor":20,"gold_loss":0,"cards_obtained":["Shame"]},{"damage_healed":27,"gold_gain":0,"player_choice":"Heal","damage_taken":0,"max_hp_gain":0,"max_hp_loss":0,"event_name":"The Library","floor":21,"gold_loss":0},{"damage_healed":0,"gold_gain":275,"player_choice":"Desecrate","damage_taken":0,"max_hp_gain":0,"max_hp_loss":0,"event_name":"Golden Shrine","floor":36,"gold_loss":0,"cards_obtained":["Regret"]},{"cards_removed":["Strike_B"],"damage_healed":0,"gold_gain":0,"player_choice":"Offered Basic","damage_taken":0,"max_hp_gain":0,"max_hp_loss":0,"event_name":"Bonfire Elementals","floor":42,"gold_loss":0}],"is_beta":false,"boss_relics":[{"not_picked":["Busted Crown","Sozu"],"picked":"Philosopher\u0027s Stone"},{"not_picked":["Empty Cage","SacredBark"],"picked":"Fusion Hammer"}],"items_purged_floors":[19,38],"is_endless":false,"potions_floor_spawned":[1,4,5,10,18,25,27,31,35,41],"killed_by":"4 Shapes","ascension_level":7}}