{"host":"xwqwvmlzre68xjvm","time":1609571216,"event":{"mods":["BaseMod","Colored Map","Colored Powertips","Hermit","Minty Spire (QoL Compilation)","Replay The Spire","StSLib","SuperFastMode","Td1madao Mod","The Bug Knight","The Cursed","The Hierophant","The Runesmith"],"gold_per_floor":[113,113,38,38,52,52,72,102,126,17,42,68,99,31,31,133,133,146,165,177,195,195,195,195],"floor_reached":23,"playtime":973,"items_purged":["Defend_G"],"score":219,"play_id":"6a27bb1a-87e1-4754-ba42-2c69add08229","local_time":"20210102160656","is_ascension_mode":true,"campfire_choices":[{"floor":6,"key":"RECALL"},{"floor":15,"key":"REST"}],"circlet_count":0,"master_deck":["Strike_G","Strike_G","Strike_G","Strike_G","Defend_G","Defend_G","Defend_G","Defend_G","Survivor","Neutralize","Catalyst","Quick Slash","Sickly","Noxious Fumes","Outmaneuver","Hidden Blade","Poisoned Stab+1","Replay:Poison Smokescreen","Deadly Poison","Bullet Time","Noxious Fumes","Malaise","Leg Sweep+1","Deadly Poison+1","Sickly"],"relics":["Ring of the Snake","NeowsBlessing","Ring of Peace","ReplayTheSpireMod:Ring of Exchange","Replay:Bottled Snecko","Ancient Tea Set","Regal Pillow","Juzu Bracelet","Black Star","Meat on the Bone"],"acts_visited":["Exordium","TheCity"],"potions_floor_usage":[13,13,13,20,21,23],"damage_taken":[{"damage":0,"enemies":"Small Slimes","floor":1,"turns":1},{"damage":0,"enemies":"Cultist","floor":5,"turns":1},{"damage":0,"enemies":"2 Louse","floor":7,"turns":1},{"damage":31,"enemies":"3 Sentries","floor":8,"turns":8},{"damage":2,"enemies":"Lagavulin","floor":11,"turns":6},{"damage":14,"enemies":"Gremlin Nob","floor":13,"turns":4},{"damage":21,"enemies":"The Guardian","floor":16,"turns":7},{"damage":4,"enemies":"Spheric Guardian","floor":18,"turns":4},{"damage":0,"enemies":"3 Byrds","floor":19,"turns":5},{"damage":7,"enemies":"Centurion and Healer","floor":20,"turns":7},{"damage":25,"enemies":"Shelled Parasite and Fungi","floor":21,"turns":6},{"damage":34,"enemies":"Book of Stabbing","floor":23,"turns":6}],"seed_played":"-6954224742269418983","potions_obtained":[{"floor":1,"key":"Milkshake"},{"floor":7,"key":"Dexterity Potion"},{"floor":11,"key":"Adrenaline Potion"},{"floor":16,"key":"Energy Potion"},{"floor":18,"key":"CultistPotion"},{"floor":19,"key":"Energy Potion"}],"is_trial":false,"path_per_floor":["M","?","$","?","M","R","M","E","T","$","E","T","E","$","R","B",null,"M","M","M","M","?","E"],"character_chosen":"THE_SILENT","items_purchased":["Poisoned Stab+1","Replay:Poison Smokescreen","Noxious Fumes"],"campfire_rested":1,"item_purchase_floors":[10,10,14],"current_hp_per_floor":[70,70,70,70,70,70,70,39,39,39,37,37,23,23,59,38,70,66,66,59,34,34,0,0],"gold":195,"neow_bonus":"THREE_ENEMY_KILL","is_daily":false,"chose_seed":false,"campfire_upgraded":0,"win_rate":0.0,"timestamp":1609571216,"path_taken":["M","?","?","?","M","R","M","E","T","$","E","?","E","$","R","BOSS","M","M","M","M","?","E"],"items_purchased_type":["Card","Card","Card"],"build_version":"2020-12-22","purchased_purges":1,"victory":false,"max_hp_per_floor":[70,70,70,70,70,70,70,70,70,70,70,70,70,70,70,70,70,70,70,70,70,70,70,70],"card_choices":[{"not_picked":["Heel Hook","Sucker Punch"],"picked":"Catalyst","floor":1},{"not_picked":["Riddle With Holes","Reflex"],"picked":"Noxious Fumes","floor":5},{"not_picked":["Bane","Deflect"],"picked":"Outmaneuver","floor":7},{"not_picked":["Backflip","Unload"],"picked":"Hidden Blade","floor":8},{"not_picked":["Hidden Blade","Backflip"],"picked":"Deadly Poison","floor":11},{"not_picked":["Hidden Blade","Underhanded Strike"],"picked":"Bullet Time","floor":13},{"not_picked":["Unload","Envenom"],"picked":"Malaise","floor":16},{"not_picked":["Heel Hook","Dagger Spray"],"picked":"Leg Sweep+1","floor":18},{"not_picked":["Underhanded Strike","Deflect"],"picked":"Deadly Poison+1","floor":19},{"not_picked":["Heel Hook","Blade Dance+1","Bane"],"picked":"SKIP","floor":20},{"not_picked":["Dagger Spray","Dash","Blade Dance+1"],"picked":"SKIP","floor":21}],"player_experience":30404,"relics_obtained":[{"floor":4,"key":"Ring of Peace"},{"floor":4,"key":"ReplayTheSpireMod:Ring of Exchange"},{"floor":8,"key":"Replay:Bottled Snecko"},{"floor":11,"key":"Ancient Tea Set"},{"floor":12,"key":"Regal Pillow"},{"floor":13,"key":"Juzu Bracelet"}],"event_choices":[{"damage_healed":0,"gold_gain":0,"cards_transformed":["Strike_G"],"player_choice":"Transformed","damage_taken":0,"max_hp_gain":0,"max_hp_loss":0,"event_name":"Transmorgrifier","floor":2,"gold_loss":0,"cards_obtained":["Quick Slash"]}],"is_beta":false,"boss_relics":[{"not_picked":["Runic Pyramid","Abe\u0027s Treasure"],"picked":"Black Star"}],"items_purged_floors":[3],"is_endless":false,"potions_floor_spawned":[1,7,11,16,18,19],"killed_by":"Book of Stabbing","ascension_level":1}}