{"host":"1bnrkmg0bmhwam8n","time":1609554952,"event":{"mods":["2.2 Compatiblity","BaseMod","Colored Map","Hermit","Infinite Spire","Minty Spire (QoL Compilation)","Quick Restart","StSLib"],"gold_per_floor":[115,132,132,148,163,163,190,190,214,243,418,418,418],"floor_reached":12,"playtime":319,"items_purged":[],"score":106,"play_id":"4ac8c871-2b6b-458c-abbc-c1507447a4ae","local_time":"20210101203552","is_ascension_mode":true,"campfire_choices":[{"data":"Infinite Blades","floor":6,"key":"SMITH"},{"floor":8,"key":"REST"}],"circlet_count":0,"master_deck":["Strike_G","Strike_G","Strike_G+1","Strike_G","Strike_G+1","Defend_G","Defend_G","Defend_G","Defend_G","Defend_G","Survivor","Neutralize","Infinite Blades+1","Dodge and Roll","Doubt"],"relics":["Ring of the Snake","NeowsBlessing","Potion Belt","Whetstone","Anchor"],"acts_visited":["Exordium"],"potions_floor_usage":[7,10,12],"damage_taken":[{"damage":0,"enemies":"Cultist","floor":1,"turns":1},{"damage":0,"enemies":"Jaw Worm","floor":2,"turns":1},{"damage":0,"enemies":"Small Slimes","floor":4,"turns":1},{"damage":2,"enemies":"2 Fungi Beasts","floor":5,"turns":5},{"damage":36,"enemies":"Lagavulin","floor":7,"turns":11},{"damage":33,"enemies":"3 Sentries","floor":10,"turns":13},{"damage":15,"enemies":"Gremlin Nob","floor":12,"turns":4}],"seed_played":"-7598021232259273010","potions_obtained":[{"floor":5,"key":"Energy Potion"},{"floor":7,"key":"SpeedPotion"},{"floor":10,"key":"SpeedPotion"}],"is_trial":false,"path_per_floor":["M","M","?","M","M","R","E","R","T","E","?","E"],"character_chosen":"THE_SILENT","items_purchased":[],"campfire_rested":1,"item_purchase_floors":[],"current_hp_per_floor":[70,70,63,63,61,61,25,46,46,13,13,0,0],"gold":418,"neow_bonus":"THREE_ENEMY_KILL","is_daily":false,"chose_seed":false,"campfire_upgraded":1,"win_rate":0.0,"timestamp":1609554952,"path_taken":["M","M","?","?","M","R","E","R","T","E","?","E"],"items_purchased_type":[],"build_version":"2020-12-22","purchased_purges":0,"victory":false,"max_hp_per_floor":[70,70,70,70,70,70,70,70,70,70,70,70,70],"card_choices":[{"not_picked":["Bane","Catalyst","Flying Knee"],"picked":"SKIP","floor":1},{"not_picked":["Dash","Bouncing Flask"],"picked":"Infinite Blades","floor":2},{"not_picked":["Flying Knee","Poisoned Stab","Prepared"],"picked":"SKIP","floor":4},{"not_picked":["Bane","Choke"],"picked":"Dodge and Roll","floor":5},{"not_picked":["Escape Plan","Acrobatics","Quick Slash"],"picked":"SKIP","floor":7},{"not_picked":["Envenom","Predator","Escape Plan"],"picked":"SKIP","floor":10}],"player_experience":402867,"relics_obtained":[{"floor":7,"key":"Potion Belt"},{"floor":9,"key":"Whetstone"},{"floor":10,"key":"Anchor"}],"event_choices":[{"damage_healed":0,"gold_gain":0,"player_choice":"Damaged","damage_taken":7,"max_hp_gain":0,"max_hp_loss":0,"event_name":"Wheel of Change","floor":3,"gold_loss":0},{"damage_healed":0,"gold_gain":175,"player_choice":"AGREE","damage_taken":0,"max_hp_gain":0,"max_hp_loss":0,"event_name":"Liars Game","floor":11,"gold_loss":0,"cards_obtained":["Doubt"]}],"is_beta":false,"boss_relics":[],"items_purged_floors":[],"is_endless":false,"potions_floor_spawned":[5,7,10],"killed_by":"Gremlin Nob","ascension_level":4}}