{"host":"bu0lvejwxlz725fi","time":1609582791,"event":{"mods":["AchievementEnabler","BaseMod","Colored Powertips","Downfall","Hermit","Minty Spire (QoL Compilation)","Quick Restart","Robot Space Explorer","StSLib","The Bug Knight","The Disciple","The Hierophant","The Necromancer","The Servant 0.9.4","The Wild Card"],"gold_per_floor":[111,111,129,145,165,165,181,181,208,220,220,254,272,290,290,389,389,405,405,255,255,354,388,399,426,452,478,578,591,591,921,921,1018,1018,1031,1046,1063,1063,244,260,271,271,298,325,325,325,325,380,380,380],"floor_reached":51,"playtime":6966,"items_purged":["Reap_The_Weak"],"score":757,"play_id":"965706eb-0e7f-49e0-ad62-551fb0fb1cf5","local_time":"20210102111951","is_ascension_mode":false,"campfire_choices":[{"data":"Negative_Energy_Burst","floor":6.0,"key":"SMITH"},{"data":"Negative_Energy_Mist","floor":8.0,"key":"SMITH"},{"data":"Life_Drain","floor":11.0,"key":"SMITH"},{"data":"Toxic_Smoke_Screen","floor":15.0,"key":"SMITH"},{"data":"Bone_Armory","floor":30.0,"key":"SMITH"},{"data":"Summon_Undead","floor":32.0,"key":"SMITH"},{"data":"Summon_Undead","floor":42,"key":"SMITH"},{"data":"Summon_Undead_Army","floor":45,"key":"SMITH"},{"data":"Cloudkill","floor":47,"key":"SMITH"},{"data":"Summon_Death_Knight","floor":49,"key":"SMITH"}],"circlet_count":0,"master_deck":["Strike_W","Strike_W","Strike_W+1","Strike_W","Defend_W","Defend_W","Defend_W","Defend_W+1","Negative_Energy_Arrows","Bone_Wall","Summon_Vampire_Lady+1","Negative_Energy_Burst+1","Death_March_Dance","Necrotic_Claws","Spectral_Armor+1","Negative_Energy_Mist+1","Life_Drain+1","Stop_Heart","Bone_Shift","Toxic_Smoke_Screen+1","Summon_Death_Knight+1","Negative_Energy_Javelin+1","Summon_Undead+1","Life_Drain","Summon_Undead_Army+1","Spectral_Armor+1","Uncharnel","Skeleton_Dragon","Thousand_Bone_Knives","Pandemic","Grasp_Heart","Acid_Javelin","Bone_Armory+1","Summon_Undead+1","Grasp_Heart","Bone_Prison+1","Bones_to_Steel+1","Cloudkill+1","Negative_Energy_Mist","Summon_Death_Knight","Exploit+1","Uncharnel+1","expansioncontent:DarkVoid","Toxic_Smoke_Screen+1"],"relics":["Vampire_Amulet","Bag of Marbles","Juzu Bracelet","Coffee Dripper","Orrery","Bag of Preparation","War Paint","Orichalcum","FossilizedHelix","Lizard Tail","Question Card","Old Coin","Black Star","Pear","HandDrill","MealTicket","Toxic Egg 2","Kunai","Calipers"],"acts_visited":["Exordium","TheCity","TheBeyond"],"potions_floor_usage":[44,48,50],"damage_taken":[{"damage":0.0,"enemies":"2 Louse","floor":1.0,"turns":3.0},{"damage":8.0,"enemies":"Jaw Worm","floor":3.0,"turns":4.0},{"damage":3.0,"enemies":"Cultist","floor":4.0,"turns":4.0},{"damage":25.0,"enemies":"Gremlin Gang","floor":5.0,"turns":4.0},{"damage":0.0,"enemies":"3 Louse","floor":7.0,"turns":2.0},{"damage":2.0,"enemies":"Blue Slaver","floor":10.0,"turns":4.0},{"damage":30.0,"enemies":"Lagavulin","floor":12.0,"turns":7.0},{"damage":4.0,"enemies":"Large Slime","floor":13.0,"turns":6.0},{"damage":4.0,"enemies":"2 Fungi Beasts","floor":14.0,"turns":2.0},{"damage":15.0,"enemies":"The Guardian","floor":16.0,"turns":9.0},{"damage":3.0,"enemies":"Spheric Guardian","floor":18.0,"turns":5.0},{"damage":8.0,"enemies":"Gremlin Leader","floor":23.0,"turns":6.0},{"damage":14.0,"enemies":"2 Thieves","floor":24.0,"turns":4.0},{"damage":12.0,"enemies":"HollowMod:Nosk","floor":25.0,"turns":7.0},{"damage":1.0,"enemies":"Gremlin Leader","floor":27.0,"turns":7.0},{"damage":19.0,"enemies":"Colosseum Slavers","floor":28.0,"turns":5.0},{"damage":3.0,"enemies":"Colosseum Nobs","floor":28.0,"turns":6.0},{"damage":6.0,"enemies":"Sentry and Sphere","floor":29.0,"turns":5.0},{"damage":19.0,"enemies":"Book of Stabbing","floor":31.0,"turns":7.0},{"damage":86,"enemies":"Automaton","floor":33,"turns":10},{"damage":12,"enemies":"3 Shapes","floor":35,"turns":3},{"damage":0,"enemies":"Orb Walker","floor":36,"turns":4},{"damage":19,"enemies":"3 Darklings","floor":37,"turns":6},{"damage":37,"enemies":"Jaw Worm Horde","floor":40,"turns":5},{"damage":0,"enemies":"Transient","floor":41,"turns":5},{"damage":86,"enemies":"Giant Head","floor":44,"turns":11},{"damage":97,"enemies":"2 Orb Walkers","floor":48,"turns":6},{"damage":12,"enemies":"Time Eater","floor":50,"turns":11}],"seed_played":"-3670859072101285659","potions_obtained":[{"floor":1.0,"key":"FearPotion"},{"floor":4.0,"key":"FearPotion"},{"floor":12.0,"key":"Energy Potion"},{"floor":13.0,"key":"Energy Potion"},{"floor":16.0,"key":"LiquidBronze"},{"floor":23.0,"key":"hexamod:EctoCoolerPotion"},{"floor":24.0,"key":"SteroidPotion"},{"floor":25.0,"key":"Ancient Potion"},{"floor":28.0,"key":"Swift Potion"},{"floor":33,"key":"Energy Potion"},{"floor":35,"key":"Strength Potion"},{"floor":48,"key":"ColorlessPotion"}],"is_trial":false,"path_per_floor":["M","?","M","M","M","R","M","R","T","M","R","E","M","M","R","B",null,"M","?","$","?","?","E","M","E","T","E","?","M","R","E","R","B",null,"M","M","M","?","$","M","M","R","T","E","R","?","R","?","R","B",null],"character_chosen":"NECROMANCER","items_purchased":["Orrery","Cloudkill","Negative_Energy_Mist","Summon_Death_Knight","Pear","HandDrill"],"campfire_rested":0,"item_purchase_floors":[20,39,39,39,39,39],"current_hp_per_floor":[75,60,54,59,51,51,57,57,57,66,66,66,75,75,75,75,75,74,74,74,74,74,75,74,75,75,75,70,75,75,75,75,47,75,73,75,67,67,77,64,85,85,85,29,29,29,29,10,10,45],"gold":380,"neow_bonus":"ONE_RANDOM_RARE_CARD","is_daily":false,"chose_seed":false,"campfire_upgraded":10,"win_rate":0.0,"timestamp":1609582791,"path_taken":["M","?","M","M","M","R","M","R","T","M","R","E","M","M","R","BOSS","M","?","$","?","?","E","M","E","T","E","?","M","R","E","R","BOSS","M","M","M","?","$","M","M","R","T","E","R","?","R","?","R","BOSS"],"items_purchased_type":["Relic","Card","Card","Card","Relic","Relic"],"build_version":"2020-12-22","purchased_purges":1,"victory":true,"max_hp_per_floor":[75,75,75,75,75,75,75,75,75,75,75,75,75,75,75,75,75,75,75,75,75,75,75,75,75,75,75,75,75,75,75,75,75,75,75,75,75,75,85,85,85,85,85,85,85,85,85,85,85,85],"card_choices":[{"not_picked":["Blood_for_Blood","Bone_Prison"],"picked":"Negative_Energy_Burst","floor":1.0},{"not_picked":["Vampiric_Strike","Blood_Shield"],"picked":"Death_March_Dance","floor":3.0},{"not_picked":["Blood_Curse","Chill_Blood"],"picked":"Necrotic_Claws","floor":4.0},{"not_picked":["Death_Knell","Negative_Energy_Javelin"],"picked":"Spectral_Armor","floor":5.0},{"not_picked":["Negative_Energy_Javelin","Blood_Whip"],"picked":"Negative_Energy_Mist","floor":7.0},{"not_picked":["Blood_Whip","Chill_Blood"],"picked":"Life_Drain","floor":10.0},{"not_picked":["Negative_Energy_Shield","Corrupt"],"picked":"Stop_Heart","floor":12.0},{"not_picked":["Bone_Armor","Spectral_Walk"],"picked":"Bone_Shift","floor":13.0},{"not_picked":["Death_Coil","Bone_Bullets"],"picked":"Toxic_Smoke_Screen","floor":14.0},{"not_picked":["Reap_The_Weak","Negative_Energy_Bomb"],"picked":"Summon_Death_Knight","floor":16.0},{"not_picked":["Shackles_Of_Pain","Bone_Armor"],"picked":"Negative_Energy_Javelin+1","floor":18.0},{"not_picked":["Vampiric_Strike","Death_Coil"],"picked":"Life_Drain","floor":20.0},{"not_picked":["Consume_Illness","Plague_Bolt"],"picked":"Summon_Undead_Army","floor":20.0},{"not_picked":["Consume_Illness+1","Death_March_Dance"],"picked":"Spectral_Armor+1","floor":20.0},{"not_picked":["Death_Coil","Plague_Bolt+1"],"picked":"Uncharnel","floor":20.0},{"not_picked":["Chill_Blood","Scare"],"picked":"Skeleton_Dragon","floor":20.0},{"not_picked":["Death_Knell","Violent_Necrosis"],"picked":"Thousand_Bone_Knives","floor":23.0},{"not_picked":["Negative_Energy_Mist","Death_Coil"],"picked":"Pandemic","floor":24.0},{"not_picked":["Chill_Blood","Bone_Spikes"],"picked":"Reap_The_Weak","floor":25.0},{"not_picked":["Thousand_Bone_Knives","Blood_Shield"],"picked":"Grasp_Heart","floor":27.0},{"not_picked":["Negative_Energy_Javelin","Consume_Illness"],"picked":"Acid_Javelin","floor":28.0},{"not_picked":["Blood_Curse","Shackles_Of_Pain","Blood_Wake"],"picked":"Bone_Armory","floor":29.0},{"not_picked":["Negative_Energy_Mist","Bone_Armor","Negative_Energy_Shield"],"picked":"Summon_Undead","floor":31.0},{"not_picked":["Hellfire","Negative_Energy_Bomb","Blood_Magic"],"picked":"Grasp_Heart","floor":33},{"not_picked":["Summon_Undead","Death_Knell","Strike_from_Beyond+1"],"picked":"Bone_Prison+1","floor":35},{"not_picked":["Shackles_Of_Pain","Bone_Armor+1","Vampiric_Strike+1","Negative_Energy_Javelin+1"],"picked":"SKIP","floor":36},{"not_picked":["Vampiric_Strike+1","Summon_Lich","Scare"],"picked":"Bones_to_Steel+1","floor":37},{"not_picked":["Acid_Javelin+1","Scare+1","Blood_Shield+1","Negative_Energy_Javelin+1"],"picked":"SKIP","floor":40},{"not_picked":["Negative_Energy_Mist","Chill_Blood+1","Toxic_Smoke_Screen+1"],"picked":"Exploit+1","floor":41},{"not_picked":["Bone_Armor+1","Blood_Wake","Life_Drain+1"],"picked":"Uncharnel+1","floor":44},{"not_picked":["Mind Blast","Chrysalis+1","expansioncontent:CaCaw"],"picked":"expansioncontent:DarkVoid","floor":46},{"not_picked":["Vampiric_Strike+1","Bone_Bullets+1","Death_Coil"],"picked":"Toxic_Smoke_Screen+1","floor":48}],"player_experience":146613,"relics_obtained":[{"floor":9.0,"key":"Bag of Marbles"},{"floor":12.0,"key":"Juzu Bracelet"},{"floor":23.0,"key":"Bag of Preparation"},{"floor":25.0,"key":"War Paint"},{"floor":26.0,"key":"Orichalcum"},{"floor":27.0,"key":"FossilizedHelix"},{"floor":28.0,"key":"Lizard Tail"},{"floor":28.0,"key":"Question Card"},{"floor":31.0,"key":"Old Coin"},{"floor":43,"key":"MealTicket"},{"floor":44,"key":"Toxic Egg 2"},{"floor":44,"key":"Kunai"},{"floor":48,"key":"Calipers"}],"event_choices":[{"damage_healed":0.0,"max_hp_gain":0.0,"max_hp_loss":0.0,"gold_gain":0.0,"event_name":"Shining Light","player_choice":"Entered Light","floor":2.0,"gold_loss":0.0,"damage_taken":15.0,"cards_upgraded":["Summon_Vampire_Lady","Strike_W"]},{"damage_healed":0.0,"max_hp_gain":0.0,"max_hp_loss":0.0,"gold_gain":0.0,"event_name":"Match and Keep!","player_choice":"1 cards matched","floor":19.0,"gold_loss":0.0,"damage_taken":0.0,"cards_obtained":["Summon_Undead"]},{"damage_healed":0.0,"max_hp_gain":0.0,"max_hp_loss":0.0,"gold_gain":0.0,"event_name":"NoteForYourself","player_choice":"Ignored","floor":21.0,"gold_loss":0.0,"damage_taken":0.0},{"damage_healed":0.0,"max_hp_gain":0.0,"max_hp_loss":0.0,"gold_gain":99.0,"event_name":"Nest","player_choice":"Stole From Cult","floor":22.0,"gold_loss":0.0,"damage_taken":0.0},{"damage_healed":0.0,"max_hp_gain":0.0,"max_hp_loss":0.0,"gold_gain":0.0,"event_name":"Colosseum","player_choice":"Fight","floor":28.0,"gold_loss":0.0,"damage_taken":0.0},{"damage_healed":0.0,"max_hp_gain":0.0,"max_hp_loss":0.0,"gold_gain":0.0,"event_name":"Colosseum","player_choice":"Fought Nobs","floor":28.0,"gold_loss":0.0,"damage_taken":0.0},{"damage_healed":0,"gold_gain":0,"player_choice":"Ignored","damage_taken":0,"max_hp_gain":0,"max_hp_loss":0,"event_name":"Tomb of Lord Red Mask","floor":38,"gold_loss":0},{"damage_healed":0,"gold_gain":0,"player_choice":"Memory 1","damage_taken":0,"max_hp_gain":0,"max_hp_loss":0,"event_name":"SensoryStone","floor":46,"gold_loss":0},{"damage_healed":0,"gold_gain":0,"player_choice":"Fight","damage_taken":0,"max_hp_gain":0,"max_hp_loss":0,"event_name":"Mysterious Sphere","floor":48,"gold_loss":0}],"is_beta":false,"boss_relics":[{"not_picked":["Runic Pyramid","Fusion Hammer"],"picked":"Coffee Dripper"},{"not_picked":["SlaversCollar","Velvet Choker"],"picked":"Black Star"}],"items_purged_floors":[39],"is_endless":false,"potions_floor_spawned":[1,4,12,13,16,23,24,25,28,29,33,35,40,48],"ascension_level":0}}