{"host":"ixqzyafodex1tsi5","time":1609592933,"event":{"mods":["ATMod(°¢èªMod)","AchievementEnabler","Act Like it!","BaseMod","Gensokyo","GifTheSpireLib","Lobotomy","LobotomyExtend","Minty Spire (QoL Compilation)","Relic Stats","Replay The Spire","RumiaBox-Â¶Ã×æ«µÄÉñÃØºÐ×Ó","Spicy Shops","StSLib","The Cursed","[IsaacMod]ÒÔÈö¼âËþ","¡¾¹¦ÄÜMod¡¿»ìãçÖ®»·ÐÞ¸´²¹¶¡","¡¾ÒÅÎï¿¨ÅÆ¡¿REMEMod"],"gold_per_floor":[100,142,184,232,286,286,286,391,391,421,523,523,619,661,686,942,992,1028,98,156,201,231,231,231,231,231,340,483,483,531,662,662,893,893,938,996,1063,1063,100,218,302,402,454,545,673,673,781,900,925,1194,1456,1606,1643,1717,1862,1862,1929,1951,2076,2098,2232,2232,1630,1681,1822,1822,1822,1886,1886],"floor_reached":68,"playtime":3776,"items_purged":["SpecialBullet","BodiesMountain"],"score":16242,"play_id":"a5ffe1d1-5d36-407a-be6f-e980b6f1474b","local_time":"20210102210853","daily_mods":["Vintage","Heirloom","Time Dilation","Flight","DeadlyEvents","Elite Swarm","Lethality","Midas"],"is_ascension_mode":true,"campfire_choices":[],"circlet_count":0,"master_deck":["LongBird","Funeral","BlueStar","Woodsman","ApocalypseBird","PunishingBird","BigBird","HereticApostle","Mercenary","SpecialBullet","SpecialBullet","SpecialBullet","SpecialBullet","SpecialBullet","SpecialBullet","SpecialBullet","DoctorFetus+1","Core Surge+1","SecurityCode","MHz","GoldRush+1","GoldRush+1","RecordCode","Twilight+1","GoldRush+1","TrainingCode","ControlCode","TT2Protocol","RedEyes+1","GoldRush+1","Christmas+1","SummonCall","CentralCode","WhiteNight"],"relics":["CogitoBucket","RabbitCall","HushsDoor","Void","Art of War","AT_RedTearstoneRing","Replay:Rubber Ducky","Gremlin Horn","Smiling Mask","AT_BellowingDragoncrestRing","Centennial Puzzle","Bag of Marbles","ChaoDraw","GuppysHairball","SkinProphecy","ReplayTheSpireMod:Shallot","PunchingBag","ReplayTheSpireMod:Ninjato","Chameleon Ring","Lantern","MagicDraw4","GodSword1","Replay:Bottled Steam","WantedRequest","TheSmile_r","Ccalipers","AtMidnight","ChangeAnything","Toy Ornithopter","CrimsonScar_r","AT_EbonyIvory","Black Star","GuppysPaw","Anchor","War Paint","Dream Catcher","MealTicket","White Beast Statue","TheBattery","NineVolt","BookofShadows","ZombieArmy","Lamp_r","AT_RabadonDeathcap","LastBattle","GodSword3","Replay:Bandana","AT_BellDemon","AT_ArchangelStaff","HowToJump","Happy Flower","TungstenRod","SwordSharpenedByTears_r","CENSORED_r","InTheNameOfLoveAndHate_r","The Courier","Diplopia","Letter Opener","Replay:WaspNest","AT_Manta","Pet Ghost","Oddly Smooth Stone","Theresia","Bronze Scales","Akabeko","Astrolabe","Replay:Arrowhead","Pondfish Scales","Ornamental Fan","Durian","Frozen Egg 2","PokeGo","AT_GuinsooRageblade","LetterFromLob","Twilight","Whetstone","FossilizedHelix","CeramicFish","Logging_r","SoundOfStar_r","Chaos","BFFS","OrangePellets","Guide Book","TuHaoJin","AT_BladeRuinedKing","SolemnVow_r","Pear","Justitia_r"],"acts_visited":["Exordium","TheCity","TheBeyond","Gensokyo:Gensokyo"],"potions_floor_usage":[],"damage_taken":[{"damage":11.0,"enemies":"2 Louse","floor":2.0,"turns":2.0},{"damage":24.0,"enemies":"Small Slimes","floor":3.0,"turns":2.0},{"damage":0.0,"enemies":"Cultist","floor":4.0,"turns":2.0},{"damage":31.0,"enemies":"2 Fungi Beasts","floor":5.0,"turns":3.0},{"damage":13.0,"enemies":"3 Sentries","floor":8.0,"turns":2.0},{"damage":24.0,"enemies":"Lots of Slimes","floor":10.0,"turns":2.0},{"damage":0.0,"enemies":"Gremlin Nob","floor":11.0,"turns":1.0},{"damage":0.0,"enemies":"Lagavulin","floor":13.0,"turns":3.0},{"damage":0.0,"enemies":"Large Slime","floor":14.0,"turns":2.0},{"damage":0.0,"enemies":"Slime Boss","floor":16.0,"turns":1.0},{"damage":34.0,"enemies":"2 Thieves","floor":18.0,"turns":2.0},{"damage":0.0,"enemies":"3 Byrds","floor":20.0,"turns":1.0},{"damage":0.0,"enemies":"Centurion and Healer","floor":21.0,"turns":1.0},{"damage":0.0,"enemies":"Snake Plant","floor":22.0,"turns":1.0},{"damage":0.0,"enemies":"Gremlin Leader","floor":27.0,"turns":1.0},{"damage":0.0,"enemies":"Book of Stabbing","floor":28.0,"turns":1.0},{"damage":0.0,"enemies":"Snecko","floor":30.0,"turns":1.0},{"damage":10.0,"enemies":"Gremlin Leader","floor":31.0,"turns":1.0},{"damage":0.0,"enemies":"Automaton","floor":33.0,"turns":2.0},{"damage":0.0,"enemies":"3 Darklings","floor":35.0,"turns":1.0},{"damage":0.0,"enemies":"Orb Walker","floor":36.0,"turns":1.0},{"damage":0.0,"enemies":"4 Shapes","floor":37.0,"turns":1.0},{"damage":34.0,"enemies":"Nemesis","floor":40.0,"turns":1.0},{"damage":0.0,"enemies":"R_Hoarder","floor":41.0,"turns":1.0},{"damage":0.0,"enemies":"Giant Head","floor":42.0,"turns":1.0},{"damage":0.0,"enemies":"R_Hoarder","floor":44.0,"turns":1.0},{"damage":100.0,"enemies":"Giant Head","floor":45.0,"turns":3.0},{"damage":0.0,"enemies":"R_Hoarder","floor":47.0,"turns":1.0},{"damage":0.0,"enemies":"Giant Head","floor":48.0,"turns":1.0},{"damage":0.0,"enemies":"Replay:Hell Engine","floor":50.0,"turns":1.0},{"damage":0.0,"enemies":"Donu and Deca","floor":51.0,"turns":1.0},{"damage":0.0,"enemies":"Gensokyo:2_Kodama","floor":53.0,"turns":1.0},{"damage":0.0,"enemies":"Gensokyo:3_Fairies","floor":54.0,"turns":2.0},{"damage":12.0,"enemies":"Gensokyo:Cirno","floor":55.0,"turns":5.0},{"damage":0,"enemies":"Gensokyo:Gryphon","floor":57,"turns":1},{"damage":0,"enemies":"Gensokyo:Aya","floor":58,"turns":1},{"damage":0,"enemies":"Gensokyo:Aya","floor":59,"turns":1},{"damage":0,"enemies":"Gensokyo:Mamizou","floor":60,"turns":1},{"damage":73,"enemies":"Gensokyo:Mamizou","floor":61,"turns":6},{"damage":0,"enemies":"Gensokyo:3_Kodama","floor":64,"turns":1},{"damage":0,"enemies":"Gensokyo:Aya","floor":65,"turns":1},{"damage":373,"enemies":"Delirium","floor":68,"turns":2}],"seed_played":"4979504903963965011","potions_obtained":[{"floor":16.0,"key":"Flashbang"},{"floor":33.0,"key":"Swift Potion"},{"floor":60,"key":"Regen Potion"}],"is_trial":true,"path_per_floor":["?","M","M","M","M","R","R","E","T","M","E","R","E","M","R","B",null,"M","$","M","M","M","R","R","R","T","E","E","R","M","E","R","B",null,"M","M","M","?","$","E","E","E","T","E","E","R","E","E","R","B","B",null,"M","M","?","?","M","E","E","E","E","R","COS","M","E","?","R","B"],"character_chosen":"Angela","items_purchased":["GuppysHairball","Vajra","PunchingBag","ReplayTheSpireMod:Ninjato","Chameleon Ring","GuppysPaw","MealTicket","Fruit Juice","White Beast Statue","TheBattery","NineVolt"],"campfire_rested":0,"item_purchase_floors":[17,19,19,19,19,34,39,39,39,39,39],"current_hp_per_floor":[62,59,43,51,28,28,28,27,27,25,37,37,49,61,61,73,69,47,47,55,63,71,71,71,71,71,81,87,87,91,97,97,99,89,91,97,103,103,113,97,112,127,127,129,47,47,79,96,102,119,153,153,155,162,164,164,170,172,178,182,138,144,150,186,192,173,173,0,0],"gold":1886,"neow_bonus":"","is_daily":false,"chose_seed":false,"campfire_upgraded":0,"win_rate":0.0,"timestamp":1609592933,"path_taken":["?","M","M","M","M","R","R","E","T","M","E","R","E","M","R","BOSS","M","$","M","M","M","R","R","R","T","E","E","R","M","E","R","BOSS","M","M","M","?","$","E","E","E","T","E","E","R","E","E","R","BOSS","BOSS","M","?","?","?","M","E","E","E","E","R","COS","?","?","?","R","BOSS"],"items_purchased_type":["Relic","Relic","Relic","Relic","Relic","Relic","Relic","Potion","Relic","Relic","Relic"],"build_version":"2020-12-22","purchased_purges":2,"victory":false,"max_hp_per_floor":[69,69,69,69,69,69,69,69,69,79,79,79,79,79,79,79,69,69,69,71,73,75,75,75,75,75,81,87,87,91,97,97,99,89,91,97,103,103,113,119,121,127,127,129,135,135,137,139,139,147,153,153,155,162,164,164,170,172,178,182,184,184,184,186,192,202,202,204,204],"relic_stats":{"Gremlin Horn":[59,95],"Happy Flower":[10],"counters":[47,72],"Astrolabe":["RedEyes","GoldRush","Christmas"],"CeramicFish":18,"Letter Opener":[0],"Whetstone":["GoldRush","Core Surge"],"War Paint":[],"Smiling Mask":75,"OrangePellets":[0],"Centennial Puzzle":[12],"Dream Catcher":0,"Ornamental Fan":[72],"Bronze Scales":[30],"MealTicket":0,"Art of War":[10],"Black Star":11,"obtain_stats":[{"AT_ATBox":0,"Whetstone":58,"MagicDraw4":21,"BFFS":63,"TheBean":26,"MealTicket":39,"Diplopia":45,"TuHaoJin":64,"Replay:Bottled Steam":27,"WantedRequest":28,"KeepersGift":0,"Logging_r":61,"AT_RedTearstoneRing":3,"BookofShadows":40,"PunchingBag":19,"Pear":66,"AT_Manta":47,"AT_EbonyIvory":31,"Akabeko":51,"TheSmile_r":28,"SoundOfStar_r":61,"HushsDoor":0,"Theresia":50,"AT_BellDemon":43,"Lantern":20,"InTheNameOfLoveAndHate_r":45,"TheBattery":39,"Smiling Mask":8,"Pet Ghost":48,"Replay:Rubber Ducky":4,"Matryoshka":22,"PokeGo":57,"ZombieArmy":40,"The Courier":45,"LastBattle":41,"Frozen Egg 2":55,"ChaoDraw":13,"Replay:Arrowhead":53,"SwordSharpenedByTears_r":45,"D4":0,"AT_BellowingDragoncrestRing":9,"TheBible":14,"Ornamental Fan":54,"Art of War":2,"Durian":54,"Toy Ornithopter":30,"Justitia_r":59,"REME_ComplimentaryCards":0,"Chaos":63,"Gremlin Horn":5,"NineVolt":39,"CeramicFish":60,"Vajra":19,"Twilight":58,"SkinProphecy":18,"AT_ArchangelStaff":43,"Centennial Puzzle":10,"Ccalipers":28,"Void":0,"AT_GuinsooRageblade":57,"AT_RabadonDeathcap":41,"Happy Flower":44,"Astrolabe":52,"AspirationHeart":10,"Oddly Smooth Stone":48,"Letter Opener":45,"War Paint":36,"OrangePellets":63,"ReplayTheSpireMod:Shallot":18,"Bronze Scales":50,"PlanX":61,"Black Star":34,"GodSword3":42,"GodSword1":26,"RabbitCall":0,"CENSORED_r":45,"SolemnVow_r":41,"GuppysPaw":34,"Empty Cage":17,"Lamp_r":41,"CogitoBucket":0,"Dream Catcher":37,"Replay:Bandana":42,"Chameleon Ring":19,"CrimsonScar_r":31,"ReplayTheSpireMod:Ninjato":19,"HowToJump":44,"Guide Book":63,"Replay:WaspNest":47,"AT_BladeRuinedKing":64,"White Beast Statue":39,"Anchor":35,"Pondfish Scales":53,"AtMidnight":30,"LetterFromLob":2,"Bag of Marbles":11,"GuppysHairball":17,"ChangeAnything":30,"TungstenRod":44,"FossilizedHelix":59},{"AT_ATBox":0,"Whetstone":40,"MagicDraw4":15,"BFFS":44,"TheBean":16,"MealTicket":25,"Diplopia":30,"TuHaoJin":45,"Replay:Bottled Steam":17,"WantedRequest":18,"KeepersGift":0,"Logging_r":44,"AT_RedTearstoneRing":2,"BookofShadows":26,"PunchingBag":13,"Pear":46,"AT_Manta":31,"AT_EbonyIvory":21,"Akabeko":35,"TheSmile_r":18,"SoundOfStar_r":44,"HushsDoor":0,"Theresia":34,"AT_BellDemon":28,"Lantern":14,"InTheNameOfLoveAndHate_r":30,"TheBattery":25,"Smiling Mask":5,"Pet Ghost":32,"Replay:Rubber Ducky":3,"Matryoshka":16,"PokeGo":39,"ZombieArmy":26,"The Courier":30,"LastBattle":27,"Frozen Egg 2":38,"ChaoDraw":9,"Replay:Arrowhead":36,"SwordSharpenedByTears_r":30,"D4":0,"AT_BellowingDragoncrestRing":5,"TheBible":10,"Ornamental Fan":37,"Art of War":1,"Durian":37,"Toy Ornithopter":20,"Justitia_r":41,"REME_ComplimentaryCards":0,"Chaos":44,"Gremlin Horn":4,"NineVolt":25,"CeramicFish":43,"Vajra":13,"Twilight":40,"SkinProphecy":13,"AT_ArchangelStaff":28,"Centennial Puzzle":7,"Ccalipers":18,"Void":0,"AT_GuinsooRageblade":39,"AT_RabadonDeathcap":27,"Happy Flower":29,"Astrolabe":35,"AspirationHeart":7,"Oddly Smooth Stone":32,"Letter Opener":30,"War Paint":24,"OrangePellets":44,"ReplayTheSpireMod:Shallot":13,"Bronze Scales":34,"PlanX":44,"Black Star":22,"GodSword3":28,"GodSword1":16,"RabbitCall":0,"CENSORED_r":30,"SolemnVow_r":27,"GuppysPaw":22,"Empty Cage":11,"Lamp_r":27,"CogitoBucket":0,"Dream Catcher":25,"Replay:Bandana":28,"Chameleon Ring":13,"CrimsonScar_r":21,"ReplayTheSpireMod:Ninjato":13,"HowToJump":29,"Guide Book":44,"Replay:WaspNest":31,"AT_BladeRuinedKing":45,"White Beast Statue":25,"Anchor":23,"Pondfish Scales":36,"AtMidnight":20,"LetterFromLob":1,"Bag of Marbles":8,"GuppysHairball":11,"ChangeAnything":20,"TungstenRod":29,"FossilizedHelix":41},{"AT_ATBox":0,"Whetstone":59,"MagicDraw4":26,"BFFS":68,"TheBean":27,"MealTicket":37,"Diplopia":44,"TuHaoJin":69,"Replay:Bottled Steam":28,"WantedRequest":29,"KeepersGift":0,"Logging_r":66,"AT_RedTearstoneRing":4,"BookofShadows":38,"PunchingBag":24,"Pear":70,"AT_Manta":45,"AT_EbonyIvory":32,"Akabeko":49,"TheSmile_r":29,"SoundOfStar_r":68,"HushsDoor":0,"Theresia":48,"AT_BellDemon":40,"Lantern":25,"InTheNameOfLoveAndHate_r":44,"TheBattery":37,"Smiling Mask":11,"Pet Ghost":46,"Replay:Rubber Ducky":6,"Matryoshka":27,"PokeGo":58,"ZombieArmy":38,"The Courier":44,"LastBattle":39,"Frozen Egg 2":57,"ChaoDraw":18,"Replay:Arrowhead":50,"SwordSharpenedByTears_r":43,"D4":0,"AT_BellowingDragoncrestRing":11,"TheBible":20,"Ornamental Fan":52,"Art of War":2,"Durian":52,"Toy Ornithopter":31,"Justitia_r":60,"REME_ComplimentaryCards":0,"Chaos":68,"Gremlin Horn":9,"NineVolt":37,"CeramicFish":62,"Vajra":24,"Twilight":59,"SkinProphecy":24,"AT_ArchangelStaff":40,"Centennial Puzzle":14,"Ccalipers":29,"Void":0,"AT_GuinsooRageblade":58,"AT_RabadonDeathcap":39,"Happy Flower":41,"Astrolabe":49,"AspirationHeart":14,"Oddly Smooth Stone":46,"Letter Opener":44,"War Paint":36,"OrangePellets":68,"ReplayTheSpireMod:Shallot":24,"Bronze Scales":48,"PlanX":68,"Black Star":34,"GodSword3":40,"GodSword1":27,"RabbitCall":0,"CENSORED_r":44,"SolemnVow_r":39,"GuppysPaw":34,"Empty Cage":21,"Lamp_r":39,"CogitoBucket":0,"Dream Catcher":37,"Replay:Bandana":40,"Chameleon Ring":24,"CrimsonScar_r":32,"ReplayTheSpireMod:Ninjato":24,"HowToJump":41,"Guide Book":68,"Replay:WaspNest":45,"AT_BladeRuinedKing":69,"White Beast Statue":37,"Anchor":35,"Pondfish Scales":50,"AtMidnight":31,"LetterFromLob":2,"Bag of Marbles":15,"GuppysHairball":21,"ChangeAnything":31,"TungstenRod":41,"FossilizedHelix":60}],"Toy Ornithopter":0,"TungstenRod":21},"card_choices":[{"not_picked":[],"picked":"DoctorFetus","floor":0.0},{"not_picked":["Freischutz","Murderer"],"picked":"MHz","floor":4.0},{"not_picked":["Beak","SomewhereSpear","Lantern"],"picked":"SKIP","floor":5.0},{"not_picked":["ParadiseLost","Pinks"],"picked":"GoldRush","floor":8.0},{"not_picked":["FairyFestival","OSAHOGD","Bloodbath"],"picked":"Singing Bowl","floor":10.0},{"not_picked":["HeroicMonk","MeatLantern"],"picked":"Mercenary","floor":10.0},{"not_picked":["Bloodbath","ShyLook","Scorched"],"picked":"Singing Bowl","floor":11.0},{"not_picked":["SoundOfStar","DaCapo"],"picked":"GoldRush","floor":11.0},{"not_picked":["BlackSwan","SnowQueen","Scorched"],"picked":"Singing Bowl","floor":13.0},{"not_picked":["TheSmile+1","Justitia+1","CENSORED_ego+1"],"picked":"SKIP","floor":13.0},{"not_picked":["FairyFestival","LittleHelper","DreamingCurrent"],"picked":"Singing Bowl","floor":14.0},{"not_picked":["RedEyes+1","Reverberation+1","Galaxy+1"],"picked":"SKIP","floor":14.0},{"not_picked":["Scorched","BeautyBeast","LittleHelper"],"picked":"Singing Bowl","floor":16.0},{"not_picked":["TheSmile+1","CENSORED_ego+1"],"picked":"Twilight+1","floor":16.0},{"not_picked":["BeautyBeast","WallGazer","Scarecrow"],"picked":"Singing Bowl","floor":18.0},{"not_picked":["OldLady","Scarecrow","Yin"],"picked":"Singing Bowl","floor":20.0},{"not_picked":["Freischutz","LaLuna"],"picked":"QueenOfHatred","floor":20.0},{"not_picked":["Bloodbath","BeautyBeast","FairyFestival"],"picked":"Singing Bowl","floor":21.0},{"not_picked":["MeatLantern","PunishingBird","BigBadWolf"],"picked":"Singing Bowl","floor":22.0},{"not_picked":["FairyFestival","BeautyBeast"],"picked":"BodiesMountain","floor":27.0},{"not_picked":["Justitia+1","ParadiseLost+1","DaCapo+1"],"picked":"SKIP","floor":27.0},{"not_picked":["Scorched","CrumblingArmor"],"picked":"Woodsman","floor":28.0},{"not_picked":["TheSmile+1","Pinks+1"],"picked":"GoldRush+1","floor":28.0},{"not_picked":["Variant","FairyFestival","NakedNest"],"picked":"Singing Bowl","floor":30.0},{"not_picked":["VoidDream","MeatLantern"],"picked":"DespairKnight","floor":31.0},{"not_picked":["Pinks+1","CENSORED_ego+1","TheSmile+1"],"picked":"SKIP","floor":31.0},{"not_picked":["Variant","LittlePrince","FairyFestival"],"picked":"Singing Bowl","floor":33.0},{"not_picked":["Scorched","Laetitia","LaLuna"],"picked":"Singing Bowl","floor":35.0},{"not_picked":["BigBadWolf","Porccubus","LittleHelper"],"picked":"Singing Bowl","floor":36.0},{"not_picked":["ShyLook","MeltingLove"],"picked":"BigBird","floor":36.0},{"not_picked":["GreedKing","Bloodbath"],"picked":"CENSORED","floor":37.0},{"not_picked":["BodiesMountain","Murderer"],"picked":"Funeral","floor":40.0},{"not_picked":["CENSORED_ego+1","Justitia+1","SoundOfStar+1"],"picked":"SKIP","floor":40.0},{"not_picked":["BlackArmy","RedShoes","Scarecrow"],"picked":"Singing Bowl","floor":41.0},{"not_picked":["GoldRush+1","ParadiseLost+1","CENSORED_ego+1"],"picked":"SKIP","floor":41.0},{"not_picked":["Alriune","WhitesApple"],"picked":"PunishingBird","floor":42.0},{"not_picked":["ParadiseLost+1","Twilight+1","Mimicry+1"],"picked":"SKIP","floor":42.0},{"not_picked":["Murderer","NothingThere","SpiderBud"],"picked":"Singing Bowl","floor":44.0},{"not_picked":["CENSORED_ego+1","SoundOfStar+1","GoldRush+1"],"picked":"SKIP","floor":44.0},{"not_picked":["Alriune","Bloodbath"],"picked":"MeltingLove","floor":45.0},{"not_picked":["Justitia+1","DaCapo+1","GoldRush+1"],"picked":"SKIP","floor":45.0},{"not_picked":["HeroicMonk","HappyTeddy","UniverseFragment"],"picked":"Singing Bowl","floor":47.0},{"not_picked":["ParadiseLost+1","Mimicry+1","CENSORED_ego+1"],"picked":"SKIP","floor":47.0},{"not_picked":["HappyTeddy","BodiesMountain","Porccubus"],"picked":"Singing Bowl","floor":48.0},{"not_picked":["Twilight+1","TheSmile+1","ParadiseLost+1"],"picked":"SKIP","floor":48.0},{"not_picked":["Variant","Rudolta"],"picked":"BlueStar","floor":50.0},{"not_picked":["Scarecrow","Variant","Porccubus"],"picked":"Singing Bowl","floor":51.0},{"not_picked":["SingingMachine","WhitesApple"],"picked":"Woodsman","floor":51.0},{"not_picked":["DreamingCurrent","CENSORED","Freischutz"],"picked":"Singing Bowl","floor":53.0},{"not_picked":["BlackArmy","GreedKing","HappyTeddy"],"picked":"Singing Bowl","floor":54.0},{"not_picked":["LittlePrince","NothingThere","SingingMachine"],"picked":"Singing Bowl","floor":55.0},{"not_picked":["CENSORED_ego+1","ParadiseLost+1","Twilight+1"],"picked":"SKIP","floor":55.0},{"not_picked":["Variant","BodiesMountain"],"picked":"LongBird","floor":57},{"not_picked":["HeroicMonk","LaLuna","Porccubus"],"picked":"Singing Bowl","floor":58},{"not_picked":["LaLuna","NothingThere"],"picked":"WhiteNight","floor":59},{"not_picked":["Adoration+1","TheSmile+1","Justitia+1"],"picked":"SKIP","floor":59},{"not_picked":["LaLuna","GreedKing","NothingThere"],"picked":"Singing Bowl","floor":60},{"not_picked":["Alriune","LittleHelper","SilentOrchestra"],"picked":"Singing Bowl","floor":61},{"not_picked":["GoldRush+1","DaCapo+1","Twilight+1"],"picked":"SKIP","floor":61},{"not_picked":["GreedKing","DespairKnight","BodiesMountain"],"picked":"Singing Bowl","floor":64},{"not_picked":["HeroicMonk","RedShoes"],"picked":"WhiteNight","floor":65},{"not_picked":["CENSORED_ego+1","Pinks+1","Adoration+1"],"picked":"SKIP","floor":65}],"player_experience":194183,"relics_obtained":[{"floor":2.0,"key":"LetterFromLob"},{"floor":2.0,"key":"Art of War"},{"floor":3.0,"key":"AT_RedTearstoneRing"},{"floor":4.0,"key":"Replay:Rubber Ducky"},{"floor":5.0,"key":"Gremlin Horn"},{"floor":8.0,"key":"LetterFromLob"},{"floor":8.0,"key":"Smiling Mask"},{"floor":9.0,"key":"AT_BellowingDragoncrestRing"},{"floor":10.0,"key":"Centennial Puzzle"},{"floor":10.0,"key":"LetterFromLob"},{"floor":11.0,"key":"Bag of Marbles"},{"floor":11.0,"key":"LetterFromLob"},{"floor":13.0,"key":"ChaoDraw"},{"floor":13.0,"key":"LetterFromLob"},{"floor":14.0,"key":"TheBible"},{"floor":14.0,"key":"LetterFromLob"},{"floor":16.0,"key":"LetterFromLob"},{"floor":18.0,"key":"LetterFromLob"},{"floor":18.0,"key":"ReplayTheSpireMod:Shallot"},{"floor":20.0,"key":"Lantern"},{"floor":20.0,"key":"LetterFromLob"},{"floor":21.0,"key":"MagicDraw4"},{"floor":21.0,"key":"LetterFromLob"},{"floor":22.0,"key":"Matryoshka"},{"floor":22.0,"key":"LetterFromLob"},{"floor":26.0,"key":"GodSword1"},{"floor":26.0,"key":"TheBean"},{"floor":27.0,"key":"LetterFromLob"},{"floor":27.0,"key":"Replay:Bottled Steam"},{"floor":28.0,"key":"LetterFromLob"},{"floor":28.0,"key":"Ccalipers"},{"floor":30.0,"key":"AtMidnight"},{"floor":30.0,"key":"Toy Ornithopter"},{"floor":30.0,"key":"LetterFromLob"},{"floor":31.0,"key":"AT_EbonyIvory"},{"floor":31.0,"key":"LetterFromLob"},{"floor":33.0,"key":"LetterFromLob"},{"floor":35.0,"key":"Anchor"},{"floor":35.0,"key":"LetterFromLob"},{"floor":36.0,"key":"LetterFromLob"},{"floor":36.0,"key":"War Paint"},{"floor":37.0,"key":"Dream Catcher"},{"floor":37.0,"key":"LetterFromLob"},{"floor":40.0,"key":"BookofShadows"},{"floor":40.0,"key":"LetterFromLob"},{"floor":40.0,"key":"ZombieArmy"},{"floor":41.0,"key":"AT_RabadonDeathcap"},{"floor":41.0,"key":"LastBattle"},{"floor":41.0,"key":"LetterFromLob"},{"floor":42.0,"key":"GodSword3"},{"floor":42.0,"key":"Replay:Bandana"},{"floor":43.0,"key":"AT_BellDemon"},{"floor":43.0,"key":"AT_ArchangelStaff"},{"floor":44.0,"key":"HowToJump"},{"floor":44.0,"key":"Happy Flower"},{"floor":44.0,"key":"TungstenRod"},{"floor":45.0,"key":"The Courier"},{"floor":45.0,"key":"Diplopia"},{"floor":45.0,"key":"Letter Opener"},{"floor":47.0,"key":"Replay:WaspNest"},{"floor":47.0,"key":"AT_Manta"},{"floor":48.0,"key":"Pet Ghost"},{"floor":48.0,"key":"Oddly Smooth Stone"},{"floor":50.0,"key":"Bronze Scales"},{"floor":50.0,"key":"LetterFromLob"},{"floor":51.0,"key":"Akabeko"},{"floor":53.0,"key":"Replay:Arrowhead"},{"floor":53.0,"key":"Pondfish Scales"},{"floor":54.0,"key":"Ornamental Fan"},{"floor":54.0,"key":"Durian"},{"floor":55.0,"key":"Frozen Egg 2"},{"floor":57,"key":"PokeGo"},{"floor":57,"key":"AT_GuinsooRageblade"},{"floor":57,"key":"LetterFromLob"},{"floor":58,"key":"Twilight"},{"floor":58,"key":"Whetstone"},{"floor":59,"key":"FossilizedHelix"},{"floor":60,"key":"CeramicFish"},{"floor":61,"key":"PlanX"},{"floor":64,"key":"TuHaoJin"},{"floor":64,"key":"AT_BladeRuinedKing"}],"event_choices":[],"is_beta":false,"boss_relics":[{"not_picked":["Snecko Eye","Replay:Grab Bag"],"picked":"Empty Cage"},{"not_picked":[]},{"not_picked":["Ring of Chaos","Tiny House"],"picked":"Black Star"},{"not_picked":[]},{"not_picked":["SacredBark","Velvet Choker"],"picked":"Astrolabe"},{"not_picked":[]}],"items_purged_floors":[19,39],"is_endless":true,"potions_floor_spawned":[16,33,60],"killed_by":"Delirium","ascension_level":20}}