{"host":"ixqzyafodex1tsi5","time":1609563556,"event":{"mods":["ATMod(°¢èªMod)","AchievementEnabler","Act Like it!","BaseMod","Gensokyo","GifTheSpireLib","Lobotomy","LobotomyExtend","Minty Spire (QoL Compilation)","Relic Stats","Replay The Spire","RumiaBox-Â¶Ã×æ«µÄÉñÃØºÐ×Ó","Spicy Shops","StSLib","The Cursed","[IsaacMod]ÒÔÈö¼âËþ","¡¾¹¦ÄÜMod¡¿»ìãçÖ®»·ÐÞ¸´²¹¶¡","¡¾ÒÅÎï¿¨ÅÆ¡¿REMEMod"],"gold_per_floor":[113,113,1,14,30,30,180,180],"floor_reached":7,"playtime":381,"items_purged":[],"score":47,"play_id":"a28b04d4-d0aa-4707-ad73-0a0bfa1a2bd6","local_time":"20210102125916","is_ascension_mode":true,"campfire_choices":[],"circlet_count":0,"master_deck":["SpecialBullet","SpecialBullet","SpecialBullet","SpecialBullet","SpecialBullet","SpecialBullet","SpecialBullet","AT_MyraUnstableElement","REME_CopyPotion","SecurityCode","DaCapo","Ecstasy","Lamp"],"relics":["CogitoBucket","RabbitCall","REME_ComplimentaryCards","HushsDoor","AT_ATBox","MoneyPower","LetterFromLob","Anchor","TheBible"],"acts_visited":["Gensokyo:Gensokyo"],"potions_floor_usage":[7,7],"damage_taken":[{"damage":12,"enemies":"Gensokyo:Python","floor":1,"turns":3},{"damage":20,"enemies":"Gensokyo:2_Kodama","floor":4,"turns":4},{"damage":6,"enemies":"Gensokyo:3_Fairies","floor":5,"turns":4},{"damage":39,"enemies":"Gensokyo:Cirno","floor":7,"turns":6}],"seed_played":"1855416755434936413","potions_obtained":[{"floor":4,"key":"EssenceOfSteel"},{"floor":5,"key":"DuplicationPotion"}],"is_trial":false,"path_per_floor":["M","?","COS","M","M","R","E"],"character_chosen":"Angela","items_purchased":[],"campfire_rested":0,"item_purchase_floors":[],"current_hp_per_floor":[66,38,38,26,28,28,0,0],"gold":180,"neow_bonus":"ONE_RANDOM_RARE_CARD","is_daily":false,"chose_seed":false,"campfire_upgraded":0,"win_rate":0.0,"timestamp":1609563556,"path_taken":["M","?","COS","M","?","R","E"],"items_purchased_type":[],"build_version":"2020-12-22","purchased_purges":0,"victory":false,"max_hp_per_floor":[70,70,70,70,70,70,70,70],"relic_stats":{"counters":[4,17],"obtain_stats":[{"KeepersGift":0,"RabbitCall":0,"CogitoBucket":0,"Anchor":5,"AT_ATBox":0,"TheBible":7,"MoneyPower":0,"LetterFromLob":1,"HushsDoor":0,"REME_ComplimentaryCards":0},{"KeepersGift":0,"RabbitCall":0,"CogitoBucket":0,"Anchor":3,"AT_ATBox":0,"TheBible":4,"MoneyPower":0,"LetterFromLob":1,"HushsDoor":0,"REME_ComplimentaryCards":0},{"KeepersGift":0,"RabbitCall":0,"CogitoBucket":0,"Anchor":10,"AT_ATBox":0,"TheBible":13,"MoneyPower":0,"LetterFromLob":3,"HushsDoor":0,"REME_ComplimentaryCards":0}]},"card_choices":[{"not_picked":[],"picked":"ChaosCard","floor":0},{"not_picked":["SomewhereSpear"],"picked":"Ecstasy","floor":1},{"not_picked":["Penitence","GreenStem"],"picked":"SKIP","floor":4},{"not_picked":["SolemnVow"],"picked":"Lamp","floor":5}],"player_experience":185250,"relics_obtained":[{"floor":1,"key":"LetterFromLob"}],"event_choices":[],"is_beta":false,"boss_relics":[],"items_purged_floors":[],"is_endless":false,"potions_floor_spawned":[4,5],"killed_by":"Gensokyo:Cirno","ascension_level":3}}