{"host":"3a1ypf1irl30q4k8","time":1609593357,"event":{"mods":["AchievementEnabler","BaseMod","Bestiary","Colored Map","Minty Spire (QoL Compilation)","Relic Stats"],"gold_per_floor":[109,128,203,58,72,72,98,110,156,156,185,252,264,264,264,369,369,387,387,407,418,42,42,74,86,86,86,120,130,130,155,155,259,259,270,280,280,67,67,100,120,131,131,131,131,161,0,18,18,18,18,18,18,52,52,52],"floor_reached":55,"playtime":6682,"items_purged":["Doubt","Cloak And Dagger"],"score":912,"play_id":"cb006e32-67f4-4de5-8619-1fe6beeb6401","local_time":"20210102131557","is_ascension_mode":true,"campfire_choices":[{"data":"Leg Sweep","floor":6,"key":"SMITH"},{"data":"Dash","floor":10,"key":"SMITH"},{"data":"Night Terror","floor":15,"key":"SMITH"},{"data":"Tactician","floor":23,"key":"SMITH"},{"floor":27,"key":"REST"},{"data":"Wraith Form v2","floor":30,"key":"SMITH"},{"data":"Blur","floor":32,"key":"SMITH"},{"floor":44,"key":"RECALL"},{"data":"Footwork","floor":49,"key":"SMITH"},{"data":"Sadistic Nature","floor":52,"key":"SMITH"}],"circlet_count":0,"master_deck":["Survivor","Neutralize","Choke+1","Wraith Form v2+1","Setup","Dodge and Roll","Outmaneuver","Underhanded Strike","Riddle With Holes+1","Phantasmal Killer","Dash+1","Dodge and Roll","Leg Sweep+1","Dagger Throw","Well Laid Plans","Blur+1","All Out Attack","Masterful Stab","Prepared","Night Terror+1","Corpse Explosion","Backflip","Prepared","Noxious Fumes","Tactician+1","Reflex","Dark Shackles","PiercingWail+1","Footwork+1","Backflip+1","Dagger Throw+1","After Image","PiercingWail+1","Underhanded Strike","Decay","Secret Technique","Apotheosis","Sadistic Nature+1","Footwork"],"relics":["Pandora\u0027s Box","HornCleat","Anchor","Lantern","Cursed Key","Membership Card","Pear","Whetstone","Ginger","Tingsha","Snecko Eye","Bottled Tornado","Bag of Marbles","Ancient Tea Set","Potion Belt","Regal Pillow","Boot"],"acts_visited":["Exordium","TheCity","TheBeyond","TheEnding"],"potions_floor_usage":[7,16,16,18,24,24,28,31,31,35,38,40,41,48,54,54,55,55],"damage_taken":[{"damage":0,"enemies":"2 Louse","floor":1,"turns":2},{"damage":6,"enemies":"Small Slimes","floor":2,"turns":5},{"damage":0,"enemies":"Cultist","floor":5,"turns":3},{"damage":1,"enemies":"Gremlin Nob","floor":7,"turns":6},{"damage":0,"enemies":"Blue Slaver","floor":8,"turns":3},{"damage":0,"enemies":"Lagavulin","floor":11,"turns":5},{"damage":0,"enemies":"Exordium Thugs","floor":13,"turns":3},{"damage":22,"enemies":"Hexaghost","floor":16,"turns":10},{"damage":0,"enemies":"Shell Parasite","floor":18,"turns":4},{"damage":0,"enemies":"Spheric Guardian","floor":20,"turns":3},{"damage":0,"enemies":"Cultist and Chosen","floor":21,"turns":6},{"damage":29,"enemies":"Gremlin Leader","floor":24,"turns":7},{"damage":0,"enemies":"Snake Plant","floor":25,"turns":4},{"damage":0,"enemies":"Book of Stabbing","floor":28,"turns":5},{"damage":0,"enemies":"Snecko","floor":29,"turns":5},{"damage":0,"enemies":"Gremlin Leader","floor":31,"turns":7},{"damage":2,"enemies":"Automaton","floor":33,"turns":12},{"damage":0,"enemies":"Orb Walker","floor":35,"turns":3},{"damage":0,"enemies":"3 Shapes","floor":36,"turns":2},{"damage":1,"enemies":"Giant Head","floor":40,"turns":9},{"damage":7,"enemies":"Maw","floor":41,"turns":7},{"damage":0,"enemies":"Writhing Mass","floor":42,"turns":7},{"damage":3,"enemies":"Reptomancer","floor":46,"turns":7},{"damage":0,"enemies":"Spire Growth","floor":48,"turns":5},{"damage":11,"enemies":"Time Eater","floor":50,"turns":16},{"damage":61,"enemies":"Shield and Spear","floor":54,"turns":7},{"damage":45,"enemies":"The Heart","floor":55,"turns":6}],"seed_played":"8829290975395244672","potions_obtained":[{"floor":1,"key":"Dexterity Potion"},{"floor":5,"key":"BlessingOfTheForge"},{"floor":8,"key":"Poison Potion"},{"floor":16,"key":"Energy Potion"},{"floor":19,"key":"LiquidMemories"},{"floor":19,"key":"Explosive Potion"},{"floor":24,"key":"Fire Potion"},{"floor":25,"key":"Ancient Potion"},{"floor":29,"key":"AttackPotion"},{"floor":31,"key":"Weak Potion"},{"floor":33,"key":"Explosive Potion"},{"floor":35,"key":"DistilledChaos"},{"floor":36,"key":"Fruit Juice"},{"floor":40,"key":"FearPotion"},{"floor":42,"key":"GamblersBrew"},{"floor":48,"key":"CunningPotion"},{"floor":54,"key":"BlessingOfTheForge"}],"is_trial":false,"path_per_floor":["M","M","?","$","M","R","E","M","T","R","E","?","M","?","R","B",null,"M","?","M","M","$","R","E","M","T","R","E","M","R","E","R","B",null,"M","M","?","$","?","E","M","M","T","R","?","E","$","M","R","B",null,"R","$","E","B"],"character_chosen":"THE_SILENT","items_purchased":["Dagger Throw","Well Laid Plans","Poison Potion","Membership Card","Tactician","Reflex","Pear","Dark Shackles","Underhanded Strike","Bottled Tornado","PowerPotion","Footwork","Regal Pillow"],"campfire_rested":1,"item_purchase_floors":[4,4,4,22,22,22,22,22,38,38,38,47,47],"current_hp_per_floor":[70,64,53,53,53,53,52,52,52,52,52,52,52,52,52,30,70,70,70,70,70,80,80,51,51,51,75,75,75,75,75,75,73,80,80,80,76,81,81,80,73,73,73,73,63,60,60,60,60,49,81,81,81,20,0,0],"gold":52,"neow_bonus":"BOSS_RELIC","is_daily":false,"chose_seed":false,"campfire_upgraded":8,"win_rate":0.0,"timestamp":1609593357,"path_taken":["M","M","?","$","M","R","E","M","T","R","E","?","M","?","R","BOSS","M","?","?","M","$","R","E","M","T","R","E","M","R","E","R","BOSS","M","M","?","$","?","E","?","M","T","R","?","E","$","M","R","BOSS","R","$","E","BOSS"],"items_purchased_type":["Card","Card","Potion","Relic","Card","Card","Relic","Card","Card","Relic","Potion","Card","Relic"],"build_version":"2020-12-22","purchased_purges":2,"victory":false,"max_hp_per_floor":[70,70,70,70,70,70,70,70,70,70,70,70,70,70,70,70,70,70,70,70,70,80,80,80,80,80,80,80,80,80,80,80,80,80,80,80,76,81,81,81,81,81,81,81,81,81,81,81,81,81,81,81,81,81,81,81],"relic_stats":{"Regal Pillow":0,"counters":[27,159],"Snecko Eye":[137,120,120,130],"Pandora\u0027s Box":["Choke","Wraith Form v2","Setup","Dodge and Roll","Outmaneuver","Underhanded Strike","Riddle With Holes","Phantasmal Killer","Dash","Dodge and Roll"],"Tingsha":[204],"Whetstone":["Riddle With Holes","Choke"],"Ginger":[21],"Cursed Key":2,"Boot":[2],"obtain_stats":[{"Potion Belt":46,"Lantern":11,"Regal Pillow":47,"Pear":22,"Tingsha":31,"Whetstone":24,"Ginger":28,"Bottled Tornado":38,"Cursed Key":17,"Ancient Tea Set":43,"Boot":54,"Anchor":9,"HornCleat":7,"Snecko Eye":34,"Pandora\u0027s Box":0,"Bag of Marbles":40,"Membership Card":22,"Ring of the Snake":0},{"Potion Belt":23,"Lantern":6,"Regal Pillow":23,"Pear":11,"Tingsha":16,"Whetstone":12,"Ginger":14,"Bottled Tornado":19,"Cursed Key":8,"Ancient Tea Set":22,"Boot":26,"Anchor":5,"HornCleat":4,"Snecko Eye":17,"Pandora\u0027s Box":0,"Bag of Marbles":20,"Membership Card":11,"Ring of the Snake":0},{"Potion Belt":125,"Lantern":24,"Regal Pillow":125,"Pear":50,"Tingsha":78,"Whetstone":57,"Ginger":66,"Bottled Tornado":95,"Cursed Key":37,"Ancient Tea Set":118,"Boot":153,"Anchor":19,"HornCleat":16,"Snecko Eye":90,"Pandora\u0027s Box":0,"Bag of Marbles":104,"Membership Card":50,"Ring of the Snake":0}]},"card_choices":[{"not_picked":["Endless Agony","Crippling Poison"],"picked":"Leg Sweep","floor":1},{"not_picked":["Deflect","Backstab"],"picked":"Cloak And Dagger","floor":2},{"not_picked":["Caltrops","Cloak And Dagger"],"picked":"Blur","floor":5},{"not_picked":["PiercingWail","Skewer"],"picked":"All Out Attack","floor":7},{"not_picked":["Outmaneuver","Dodge and Roll"],"picked":"Masterful Stab","floor":8},{"not_picked":["Riddle With Holes","Predator"],"picked":"Prepared","floor":11},{"not_picked":["Flying Knee","Sucker Punch"],"picked":"Night Terror","floor":13},{"not_picked":["Die Die Die","Phantasmal Killer"],"picked":"Corpse Explosion","floor":16},{"not_picked":["Slice","Blade Dance"],"picked":"Backflip","floor":18},{"not_picked":["Backstab","Deflect"],"picked":"Prepared","floor":20},{"not_picked":["Cloak And Dagger","Eviscerate+1"],"picked":"Noxious Fumes","floor":21},{"not_picked":["Dash+1","Cloak And Dagger","Setup+1"],"picked":"SKIP","floor":24},{"not_picked":["Acrobatics+1","Flechettes"],"picked":"PiercingWail+1","floor":25},{"not_picked":["Deflect+1","Quick Slash"],"picked":"Footwork","floor":28},{"not_picked":["Catalyst+1","Dodge and Roll"],"picked":"Backflip+1","floor":29},{"not_picked":["Prepared","Outmaneuver"],"picked":"Dagger Throw+1","floor":31},{"not_picked":["Bullet Time","Storm of Steel"],"picked":"After Image","floor":33},{"not_picked":["Acrobatics","Quick Slash","Riddle With Holes+1"],"picked":"SKIP","floor":35},{"not_picked":["Bane","Flying Knee"],"picked":"PiercingWail+1","floor":36},{"not_picked":["Dagger Throw+1","Backflip","Eviscerate+1"],"picked":"SKIP","floor":40},{"not_picked":["Prepared","Poisoned Stab+1","Dagger Throw"],"picked":"SKIP","floor":41},{"not_picked":["Poisoned Stab+1","Blade Dance","Cloak And Dagger+1"],"picked":"SKIP","floor":42},{"not_picked":["Impatience","Madness"],"picked":"Secret Technique","floor":45},{"not_picked":["Madness","Swift Strike"],"picked":"Apotheosis","floor":45},{"not_picked":["Good Instincts","Forethought"],"picked":"Sadistic Nature","floor":45},{"not_picked":["Quick Slash","Dagger Throw+1","Blade Dance"],"picked":"SKIP","floor":46},{"not_picked":["Reflex","Outmaneuver","Cloak And Dagger+1"],"picked":"SKIP","floor":48},{"not_picked":["Underhanded Strike+1","Acrobatics","Prepared"],"picked":"SKIP","floor":54}],"player_experience":944405,"relics_obtained":[{"floor":7,"key":"HornCleat"},{"floor":9,"key":"Anchor"},{"floor":11,"key":"Lantern"},{"floor":24,"key":"Whetstone"},{"floor":28,"key":"Ginger"},{"floor":31,"key":"Tingsha"},{"floor":40,"key":"Bag of Marbles"},{"floor":43,"key":"Ancient Tea Set"},{"floor":46,"key":"Potion Belt"},{"floor":54,"key":"Boot"}],"event_choices":[{"damage_healed":0,"gold_gain":75,"player_choice":"Gather Gold","damage_taken":11,"max_hp_gain":0,"max_hp_loss":0,"event_name":"World of Goop","floor":3,"gold_loss":0},{"damage_healed":0,"gold_gain":67,"player_choice":"Gained Gold","damage_taken":0,"max_hp_gain":0,"max_hp_loss":0,"event_name":"Golden Wing","floor":12,"gold_loss":0},{"damage_healed":0,"gold_gain":0,"player_choice":"Ignored","damage_taken":0,"max_hp_gain":0,"max_hp_loss":0,"event_name":"Shining Light","floor":14,"gold_loss":0},{"damage_healed":0,"gold_gain":0,"player_choice":"Got Potions","damage_taken":0,"max_hp_gain":0,"max_hp_loss":0,"event_name":"Lab","floor":19,"gold_loss":0},{"damage_healed":0,"gold_gain":0,"player_choice":"Max HP","damage_taken":0,"max_hp_gain":0,"max_hp_loss":4,"event_name":"Winding Halls","floor":37,"gold_loss":0},{"damage_healed":0,"gold_gain":0,"player_choice":"Bought 0 Potions","damage_taken":0,"max_hp_gain":0,"max_hp_loss":0,"event_name":"The Woman in Blue","floor":39,"gold_loss":0},{"damage_healed":0,"gold_gain":0,"player_choice":"Memory 3","damage_taken":10,"max_hp_gain":0,"max_hp_loss":0,"event_name":"SensoryStone","floor":45,"gold_loss":0}],"is_beta":false,"boss_relics":[{"not_picked":["Empty Cage","Calling Bell"],"picked":"Cursed Key"},{"not_picked":["Velvet Choker","Coffee Dripper"],"picked":"Snecko Eye"}],"items_purged_floors":[38,47],"is_endless":false,"potions_floor_spawned":[1,5,8,16,24,25,29,31,33,35,36,40,42,48,54],"killed_by":"The Heart","ascension_level":1}}