{"host":"Rich","time":1609559561,"event":{"mods":["AchievementEnabler","BaseMod","Highlight Path","Minty Spire (QoL Compilation)","Relic Stats"],"gold_per_floor":[117,117,130,19,19,44,44,69,69,69,95,95,95,109,109,184,184,198,248,264,189,207,207,207],"floor_reached":23,"playtime":599,"items_purged":[],"score":464,"play_id":"3f31499c-0876-408b-be7f-45ddbe885e64","local_time":"20210101225241","is_ascension_mode":true,"campfire_choices":[{"data":"ForeignInfluence","floor":7,"key":"SMITH"},{"floor":10,"key":"REST"},{"data":"Fasting2","floor":12,"key":"SMITH"},{"data":"Eruption","floor":15,"key":"SMITH"}],"circlet_count":0,"master_deck":["AscendersBane","Strike_P","Strike_P","Strike_P","Defend_P","Defend_P","Defend_P","Eruption+1","Vigilance","SashWhip","Fasting2+1","CutThroughFate","Halt","ForeignInfluence+1","Consecrate","Meditate","DeusExMachina","CutThroughFate","Worship+1","FlurryOfBlows"],"relics":["PureWater","NeowsBlessing","Turnip","InkBottle","Pear","StrikeDummy","Black Star"],"acts_visited":["Exordium","TheCity"],"potions_floor_usage":[8,23],"damage_taken":[{"damage":0,"enemies":"2 Louse","floor":1,"turns":1},{"damage":0,"enemies":"Cultist","floor":3,"turns":1},{"damage":0,"enemies":"Gremlin Nob","floor":6,"turns":1},{"damage":56,"enemies":"3 Sentries","floor":8,"turns":8},{"damage":4,"enemies":"Gremlin Nob","floor":11,"turns":3},{"damage":0,"enemies":"Jaw Worm","floor":14,"turns":3},{"damage":32,"enemies":"Hexaghost","floor":16,"turns":7},{"damage":0,"enemies":"2 Thieves","floor":18,"turns":1},{"damage":16,"enemies":"Shell Parasite","floor":20,"turns":4},{"damage":6,"enemies":"Centurion and Healer","floor":22,"turns":5},{"damage":45,"enemies":"Book of Stabbing","floor":23,"turns":4}],"seed_played":"2360241639875418064","potions_obtained":[{"floor":3,"key":"Dexterity Potion"},{"floor":11,"key":"Regen Potion"},{"floor":16,"key":"PowerPotion"}],"is_trial":false,"path_per_floor":["M","?","M","$","T","E","R","E","T","R","E","R","?","M","R","B",null,"M","?","M","?","M","E"],"character_chosen":"WATCHER","items_purchased":["CutThroughFate","Halt"],"campfire_rested":1,"item_purchase_floors":[4,4],"current_hp_per_floor":[61,61,61,61,61,61,61,5,15,38,34,34,39,39,39,7,64,64,64,48,48,42,0,0],"gold":207,"neow_bonus":"THREE_ENEMY_KILL","is_daily":false,"chose_seed":false,"campfire_upgraded":3,"win_rate":0.0,"timestamp":1609559561,"path_taken":["M","?","?","$","?","E","R","E","T","R","E","R","?","M","R","BOSS","M","?","M","?","M","E"],"items_purchased_type":["Card","Card"],"build_version":"2020-12-18","purchased_purges":0,"victory":false,"max_hp_per_floor":[68,68,68,68,68,68,68,68,78,78,78,78,83,83,83,83,83,83,83,83,83,83,83,83],"relic_stats":{"counters":[11,38],"Turnip":[4],"Black Star":0,"obtain_stats":[{"Pear":9,"NeowsBlessing":0,"Turnip":6,"Black Star":17,"PureWater":0,"StrikeDummy":11,"InkBottle":8},{"Pear":4,"NeowsBlessing":0,"Turnip":3,"Black Star":7,"PureWater":0,"StrikeDummy":5,"InkBottle":4},{"Pear":11,"NeowsBlessing":0,"Turnip":3,"Black Star":24,"PureWater":0,"StrikeDummy":14,"InkBottle":11}],"InkBottle":[10]},"card_choices":[{"not_picked":["Crescendo","FollowUp"],"picked":"SashWhip","floor":1},{"not_picked":["CarveReality","FollowUp"],"picked":"Fasting2","floor":3},{"not_picked":["BattleHymn","SignatureMove"],"picked":"ForeignInfluence","floor":6},{"not_picked":["FollowUp","BattleHymn","Swivel"],"picked":"SKIP","floor":8},{"not_picked":["PathToVictory","Prostrate"],"picked":"Consecrate","floor":11},{"not_picked":["Protect","WreathOfFlame"],"picked":"Meditate","floor":14},{"not_picked":["Wish","SpiritShield"],"picked":"DeusExMachina","floor":16},{"not_picked":["FollowUp","EmptyFist"],"picked":"CutThroughFate","floor":18},{"not_picked":["FlurryOfBlows","InnerPeace"],"picked":"Worship+1","floor":20},{"not_picked":["EmptyBody","WheelKick"],"picked":"FlurryOfBlows","floor":22}],"player_experience":1952456,"relics_obtained":[{"floor":6,"key":"Turnip"},{"floor":8,"key":"InkBottle"},{"floor":9,"key":"Pear"},{"floor":11,"key":"StrikeDummy"}],"event_choices":[{"cards_removed":["Strike_P"],"damage_healed":0,"gold_gain":0,"player_choice":"Purged","damage_taken":0,"max_hp_gain":0,"max_hp_loss":0,"event_name":"Purifier","floor":2,"gold_loss":0},{"damage_healed":0,"gold_gain":0,"player_choice":"Donut","damage_taken":0,"max_hp_gain":5,"max_hp_loss":0,"event_name":"Big Fish","floor":13,"gold_loss":0},{"damage_healed":0,"gold_gain":50,"player_choice":"Stole From Cult","damage_taken":0,"max_hp_gain":0,"max_hp_loss":0,"event_name":"Nest","floor":19,"gold_loss":0},{"cards_removed":["Defend_P"],"damage_healed":0,"gold_gain":0,"player_choice":"Gave Gold","damage_taken":0,"max_hp_gain":0,"max_hp_loss":0,"event_name":"Beggar","floor":21,"gold_loss":75}],"is_beta":true,"boss_relics":[{"not_picked":["Velvet Choker","Snecko Eye"],"picked":"Black Star"}],"items_purged_floors":[],"is_endless":false,"potions_floor_spawned":[3,11,16],"killed_by":"Book of Stabbing","ascension_level":20}}