{"host":"6azrrw3tf7wb0f4b","time":1609571315,"event":{"mods":["BaseMod","DeckTracker","Minty Spire (QoL Compilation)","SuperFastMode"],"gold_per_floor":[114,114,114,114,132,132,150,150,150,150,46,57,57,75,75,178,178,195,260,271,114,134,134,40,74,74,124,136,136],"floor_reached":28,"playtime":667,"items_purged":["Strike_G"],"score":353,"play_id":"b60320e7-f2f6-47e2-a346-1841bcbbde28","local_time":"20210102160835","is_ascension_mode":true,"campfire_choices":[{"data":"A Thousand Cuts","floor":6,"key":"SMITH"},{"floor":15,"key":"REST"},{"floor":23,"key":"REST"}],"circlet_count":0,"master_deck":["AscendersBane","Strike_G","Strike_G+1","Defend_G+1","Defend_G","Defend_G","Defend_G","Survivor","Neutralize","A Thousand Cuts+1","Deflect","Dagger Throw","Predator","Backflip","Caltrops+1","Backstab","Dodge and Roll","Doppelganger","Cloak And Dagger","Sucker Punch+1","Cloak And Dagger","Blade Dance","Blade Dance+1","Well Laid Plans+1","Blur+1","Acrobatics","Accuracy+1","Dodge and Roll+1"],"relics":["Ring of the Snake","InkBottle","Frozen Egg 2","Bottled Lightning","SsserpentHead","Empty Cage","Orrery","Snake Skull","Meat on the Bone","MawBank"],"acts_visited":["Exordium","TheCity"],"potions_floor_usage":[16,16,19,22,25],"damage_taken":[{"damage":2,"enemies":"Small Slimes","floor":1,"turns":7},{"damage":4,"enemies":"2 Louse","floor":5,"turns":2},{"damage":4,"enemies":"Jaw Worm","floor":7,"turns":4},{"damage":8,"enemies":"Large Slime","floor":12,"turns":6},{"damage":8,"enemies":"Lots of Slimes","floor":14,"turns":3},{"damage":1,"enemies":"The Guardian","floor":16,"turns":12},{"damage":16,"enemies":"Spheric Guardian","floor":18,"turns":5},{"damage":32,"enemies":"2 Thieves","floor":19,"turns":5},{"damage":1,"enemies":"Chosen and Byrds","floor":20,"turns":6},{"damage":2,"enemies":"Centurion and Healer","floor":22,"turns":7},{"damage":30,"enemies":"Slavers","floor":25,"turns":4},{"damage":14,"enemies":"Cultist and Chosen","floor":28,"turns":4}],"seed_played":"907906640330946036","potions_obtained":[{"floor":7,"key":"EssenceOfSteel"},{"floor":12,"key":"Poison Potion"},{"floor":16,"key":"Explosive Potion"},{"floor":20,"key":"DuplicationPotion"},{"floor":22,"key":"PowerPotion"}],"is_trial":false,"path_per_floor":["M","?","?","?","M","R","M","T","T","?","$","M","?","M","R","B",null,"M","M","M","$","M","R","$","E","T","?","M"],"character_chosen":"THE_SILENT","items_purchased":["Backflip","Caltrops+1","Orrery","Accuracy+1"],"campfire_rested":2,"item_purchase_floors":[11,11,21,24],"current_hp_per_floor":[61,66,48,48,44,44,40,40,40,25,25,17,17,9,31,30,64,48,16,15,15,13,35,35,5,5,5,0,0],"gold":136,"neow_bonus":"ONE_RANDOM_RARE_CARD","is_daily":false,"chose_seed":false,"campfire_upgraded":1,"win_rate":0.0,"timestamp":1609571315,"path_taken":["M","?","?","?","M","R","M","?","T","?","$","?","?","M","R","BOSS","M","?","M","$","M","R","?","E","T","?","M"],"items_purchased_type":["Card","Card","Relic","Card"],"build_version":"2020-12-22","purchased_purges":1,"victory":false,"max_hp_per_floor":[70,75,75,75,75,75,75,75,75,75,75,75,75,75,75,75,75,75,75,75,75,75,75,75,75,75,75,75,75],"card_choices":[{"not_picked":["Setup","Underhanded Strike"],"picked":"Deflect","floor":1},{"not_picked":["Sucker Punch","Setup"],"picked":"Predator","floor":5},{"not_picked":["Dagger Throw","Setup","Riddle With Holes"],"picked":"SKIP","floor":7},{"not_picked":["Calculated Gamble","Sucker Punch"],"picked":"Backstab","floor":12},{"not_picked":["Flechettes","Outmaneuver"],"picked":"Dodge and Roll","floor":14},{"not_picked":["Venomology","Glass Knife"],"picked":"Doppelganger","floor":16},{"not_picked":["Dodge and Roll","Terror"],"picked":"Cloak And Dagger","floor":18},{"not_picked":["Dagger Spray","Underhanded Strike"],"picked":"Sucker Punch+1","floor":19},{"not_picked":["Deflect","Poisoned Stab"],"picked":"Cloak And Dagger","floor":20},{"not_picked":["Bane","PiercingWail"],"picked":"Blade Dance","floor":21},{"not_picked":["Dagger Spray","Outmaneuver"],"picked":"Blade Dance+1","floor":21},{"not_picked":["Burst","Blade Dance"],"picked":"Well Laid Plans+1","floor":21},{"not_picked":["Crippling Poison","Prepared+1"],"picked":"Blur+1","floor":21},{"not_picked":["Poisoned Stab","Deadly Poison"],"picked":"Acrobatics","floor":22},{"not_picked":["Poisoned Stab","Wraith Form v2+1"],"picked":"Dodge and Roll+1","floor":25}],"player_experience":660699,"relics_obtained":[{"floor":8,"key":"Frozen Egg 2"},{"floor":9,"key":"Bottled Lightning"},{"floor":25,"key":"Snake Skull"},{"floor":26,"key":"Meat on the Bone"}],"event_choices":[{"damage_healed":0,"gold_gain":0,"player_choice":"Donut","damage_taken":0,"max_hp_gain":5,"max_hp_loss":0,"event_name":"Big Fish","floor":2,"gold_loss":0},{"damage_healed":0,"gold_gain":0,"player_choice":"Success","damage_taken":18,"relics_obtained":["InkBottle"],"max_hp_gain":0,"max_hp_loss":0,"event_name":"Scrap Ooze","floor":3,"gold_loss":0},{"damage_healed":0,"gold_gain":0,"cards_transformed":["Strike_G"],"player_choice":"Change","damage_taken":0,"max_hp_gain":0,"max_hp_loss":0,"event_name":"Living Wall","floor":4,"gold_loss":0,"cards_obtained":["Dagger Throw"]},{"damage_healed":0,"gold_gain":0,"player_choice":"Entered Light","damage_taken":15,"max_hp_gain":0,"max_hp_loss":0,"event_name":"Shining Light","floor":10,"gold_loss":0,"cards_upgraded":["Defend_G","Strike_G"]},{"damage_healed":0,"gold_gain":0,"player_choice":"Trade","damage_taken":0,"relics_obtained":["SsserpentHead"],"max_hp_gain":0,"max_hp_loss":0,"event_name":"FaceTrader","floor":13,"gold_loss":0},{"damage_healed":0,"gold_gain":0,"player_choice":"Opened","damage_taken":0,"relics_obtained":["MawBank"],"max_hp_gain":0,"max_hp_loss":0,"event_name":"The Mausoleum","floor":27,"gold_loss":0}],"is_beta":false,"boss_relics":[{"not_picked":["WristBlade","Snecko Eye"],"picked":"Empty Cage"}],"items_purged_floors":[24],"is_endless":false,"potions_floor_spawned":[7,12,16,20,22],"killed_by":"Cultist and Chosen","ascension_level":11}}