{"host":"whyfdmrq1ty0e9zp","time":1609601427,"event":{"mods":["Act Like it!","BaseMod","Colored Map","Colored Powertips","Conspire","Gensokyo","LagranYue(拉格朗・月)","Marisa（F雨　魔理沙）","Minty Spire (QoL Compilation)","MostiFishMod","Prisma Mod","Quick Restart","Relic Stats","Remilia（蕾米莉亚）","Replay The Spire","StSLib","TestMod","vexMod","【遗物卡牌】REMEMod"],"gold_per_floor":[112,124,124,124,145,174,174,200,200,200,275,287,287,287,287,391,391,412,425,439,439,439,439,568,647,647,671,1071,1021,1054,1116,1116,1262,1262,1281,1281,1231,1286,1236,1285,1311,1311,1393,1393,1343,1414,1364,1385,1385,1430],"floor_reached":51,"playtime":3107,"items_purged":["Strike_P","Strike_P","conspire:GhostlyStrike","conspire:GhostlyStrike","Envy_TH","Vigilance","BowlingBash","WheelKick","conspire:GhostlyDefend"],"score":1017,"play_id":"3b887073-a3f0-4d78-8d30-fea6d86ef811","local_time":"20210102233027","is_ascension_mode":true,"campfire_choices":[{"data":"ThirdEye","floor":15.0,"key":"SMITH"},{"data":"MostiFishMod:FlowState","floor":23.0,"key":"SMITH"},{"data":"Eruption","floor":32.0,"key":"SMITH"},{"data":"JustLucky","floor":42,"key":"SMITH"},{"data":"testmod-EternalityOfKhronos","floor":49,"key":"SMITH"}],"circlet_count":0,"master_deck":["conspire:GhostlyDefend+1","conspire:GhostlyDefend+1","Eruption+1","MostiFishMod:KingOfFree+1","ThirdEye+1","Meditate","ReplayTheSpireMod:Private Reserves+1","Judgement","CutThroughFate","MostiFishMod:JungleRules+1","ThirdEye+1","MostiFishMod:KingOfFree","MostiFishMod:ScryFuture+1","MostiFishMod:FlowState+1","Study","testmod-EternalityOfKhronos+1","Vault+1","Perseverance","LessonLearned","MostiFishMod:PathToVictory","Replay:ManipulateFuture+1","MostiFishMod:Adaptation+1","MostiFishMod:CyberBuddha+1","ThirdEye+1","Establishment","Adaptation","Adaptation","JustLucky+1","Weave","TalkToTheHand+1","Wireheading+1","MostiFishMod:LegendTransform","Protect+1"],"relics":["PureWater","testmod-TestBox","REME_ComplimentaryCards","DiscerningMonocle","testmod-Hope","LagranYue:RandomDrawCardRelic","NeowsBlessing","SynthV:TestCard","TimeFreeze","Vajra","conspire:BottledYoYo","Blue Candle","Regal Pillow","Shuriken","ReplayTheSpireMod:TigerMarble","vexMod:FocusSash","vexMod:RedPlottingStone","Bronze Scales","DollysMirror","testmod-CardMagician","Dodecahedron","REME_ArchaeologicalTools","Iron Hammer","vexMod:ScavengeHelm","Smiling Mask","conspire:TreasureMap","SentryEyes","Boot","testmod-Antiphasic","xbg","Ying","vexMod:CardConverter","Onion Ring","War Paint","Frozen Eye","Replay:Bottled Eggs","vexMod:BarristanHead","ArrowTower","REME_LimitBreaker","Ice Cream","testmod-AssaultLearning","Strange Spoon","Bird Faced Urn","Lee\u0027s Waffle","Art of War","LagranYue:WskJewelryRelic"],"acts_visited":["Exordium","TheCity","TheBeyond"],"potions_floor_usage":[50,50,50],"damage_taken":[{"damage":0.0,"enemies":"Jaw Worm","floor":1.0,"turns":1.0},{"damage":0.0,"enemies":"2 Louse","floor":2.0,"turns":1.0},{"damage":0.0,"enemies":"Small Slimes","floor":5.0,"turns":1.0},{"damage":15.0,"enemies":"3 Sentries","floor":6.0,"turns":6.0},{"damage":16.0,"enemies":"Gremlin Nob","floor":8.0,"turns":3.0},{"damage":0.0,"enemies":"2 Fungi Beasts","floor":12.0,"turns":1.0},{"damage":13.0,"enemies":"The Guardian","floor":16.0,"turns":5.0},{"damage":15.0,"enemies":"Shell Parasite","floor":18.0,"turns":4.0},{"damage":0.0,"enemies":"Spheric Guardian","floor":19.0,"turns":3.0},{"damage":13.0,"enemies":"Snecko","floor":20.0,"turns":5.0},{"damage":19.0,"enemies":"conspire:SneckoGhost","floor":24.0,"turns":4.0},{"damage":1.0,"enemies":"conspire:HollyBat","floor":25.0,"turns":5.0},{"damage":1.0,"enemies":"Sentry and Sphere","floor":27.0,"turns":2.0},{"damage":0.0,"enemies":"Centurion and Healer","floor":30.0,"turns":3.0},{"damage":15.0,"enemies":"Book of Stabbing","floor":31.0,"turns":4.0},{"damage":0.0,"enemies":"Automaton","floor":33.0,"turns":6.0},{"damage":0.0,"enemies":"3 Darklings","floor":35.0,"turns":2.0},{"damage":30,"enemies":"conspire:MimicChest","floor":38,"turns":7},{"damage":22,"enemies":"Nemesis","floor":40,"turns":4},{"damage":3,"enemies":"Orb Walker","floor":41,"turns":2},{"damage":0,"enemies":"R_Hoarder","floor":46,"turns":5},{"damage":18,"enemies":"Spire Growth","floor":48,"turns":3},{"damage":78,"enemies":"Time Eater","floor":50,"turns":7}],"seed_played":"-3793651539363162016","potions_obtained":[{"floor":6.0,"key":"DistilledChaos"},{"floor":8.0,"key":"DistilledChaos"},{"floor":19.0,"key":"SpeedPotion"},{"floor":25.0,"key":"testmod-TestPotion"},{"floor":30.0,"key":"PowerPotion"}],"is_trial":false,"path_per_floor":["M","M","$","?","M","E","?","E","T","$","?","M","?","$","R","B",null,"M","M","M","$","?","R","E","M","T","M","?","$","M","E","R","B",null,"M","?","$","?","$","E","M","R","T","?","$","E","$","M","R","B",null],"character_chosen":"WATCHER","items_purchased":["TimeFreeze","Vajra","Dexterity Potion","SkillPotion","FearPotion","ReplayTheSpireMod:Private Reserves","conspire:BottledYoYo","Judgement","ReplayTheSpireMod:TigerMarble","vexMod:FocusSash","BottledMiracle","SkillPotion","MostiFishMod:JungleRules","ThirdEye","vexMod:RedPlottingStone","Bronze Scales","testmod-TestPotion","DollysMirror","Dodecahedron","REME_ArchaeologicalTools","Iron Hammer","testmod-EternalityOfKhronos","Toxic Potion","FearPotion","WheelKick","conspire:TreasureMap","SentryEyes","Boot","LessonLearned","LiquidMemories","MostiFishMod:PathToVictory","Ying","vexMod:CardConverter","Onion Ring","Ambrosia","Frozen Eye","Replay:Bottled Eggs","vexMod:BarristanHead","Adaptation","JustLucky","Ice Cream","testmod-AssaultLearning","Strange Spoon","Lee\u0027s Waffle","Art of War","LagranYue:WskJewelryRelic","MostiFishMod:LegendTransform"],"campfire_rested":0,"item_purchase_floors":[3,3,3,3,3,3,3,3,10,10,10,10,10,14,14,14,14,14,21,21,21,21,21,21,21,29,29,29,29,29,29,37,37,37,37,39,39,39,39,39,45,45,45,47,47,47,47],"current_hp_per_floor":[72,72,72,65,66,53,53,38,38,38,27,27,27,27,27,72,72,65,67,60,60,60,60,44,51,51,52,52,52,65,53,53,59,72,72,72,72,45,51,42,44,44,44,44,44,89,98,93,93,36],"gold":1430,"neow_bonus":"THREE_ENEMY_KILL","is_daily":false,"chose_seed":false,"campfire_upgraded":5,"win_rate":0.0,"timestamp":1609601427,"path_taken":["M","M","$","?","M","E","?","E","T","$","?","M","?","$","R","BOSS","M","M","M","$","?","R","E","M","T","M","?","$","M","E","R","BOSS","M","?","?","?","$","E","?","R","T","?","$","E","$","?","R","BOSS"],"items_purchased_type":["Relic","Relic","Potion","Potion","Potion","Card","Relic","Card","Relic","Relic","Potion","Potion","Card","Card","Relic","Relic","Potion","Relic","Relic","Relic","Relic","Card","Potion","Potion","Card","Relic","Relic","Relic","Card","Potion","Card","Relic","Relic","Relic","Potion","Relic","Relic","Relic","Card","Card","Relic","Relic","Relic","Relic","Relic","Relic","Card"],"build_version":"2020-12-22","purchased_purges":9,"victory":true,"max_hp_per_floor":[72,72,72,72,72,72,72,72,72,72,72,72,72,72,72,72,72,72,72,72,72,72,72,72,72,72,72,72,72,72,72,72,72,72,72,72,72,72,78,85,87,87,87,87,87,89,98,100,100,100],"relic_stats":{"Regal Pillow":0,"Lee\u0027s Waffle":7,"counters":[23,84],"Blue Candle":[3],"War Paint":["conspire:GhostlyDefend","ReplayTheSpireMod:Private Reserves"],"Smiling Mask":875,"Boot":[29],"Strange Spoon":[18],"Shuriken":[30],"Bronze Scales":[124],"Bird Faced Urn":[28],"Art of War":[2],"obtain_stats":[{"Ice Cream":45,"Regal Pillow":8,"Ying":37,"DaveBox":0,"LagranYue:RandomDrawCardRelic":0,"DiscerningMonocle":0,"Vajra":3,"Smiling Mask":26,"Boot":29,"Frozen Eye":39,"vexMod:CardConverter":37,"DollysMirror":14,"vexMod:RedPlottingStone":14,"Iron Hammer":21,"REME_ArchaeologicalTools":21,"Replay:Bottled Eggs":39,"conspire:TreasureMap":29,"Lee\u0027s Waffle":47,"testmod-TestBox":0,"NeowsBlessing":0,"Dodecahedron":21,"vexMod:ScavengeHelm":24,"Blue Candle":6,"testmod-CardMagician":17,"vexMod:FocusSash":10,"War Paint":38,"REME_LimitBreaker":43,"TimeFreeze":3,"testmod-Antiphasic":31,"Strange Spoon":45,"LagranYue:WskJewelryRelic":47,"SynthV:TestCard":1,"vexMod:BarristanHead":39,"Shuriken":9,"Bronze Scales":14,"testmod-AssaultLearning":45,"Bird Faced Urn":46,"testmod-Hope":0,"SentryEyes":29,"Onion Ring":37,"conspire:BottledYoYo":3,"ReplayTheSpireMod:TigerMarble":10,"Art of War":47,"PureWater":0,"xbg":34,"ArrowTower":40,"REME_ComplimentaryCards":0},{"Ice Cream":20,"Regal Pillow":5,"Ying":17,"DaveBox":0,"LagranYue:RandomDrawCardRelic":0,"DiscerningMonocle":0,"Vajra":2,"Smiling Mask":12,"Boot":13,"Frozen Eye":18,"vexMod:CardConverter":17,"DollysMirror":6,"vexMod:RedPlottingStone":6,"Iron Hammer":10,"REME_ArchaeologicalTools":10,"Replay:Bottled Eggs":18,"conspire:TreasureMap":13,"Lee\u0027s Waffle":21,"testmod-TestBox":0,"NeowsBlessing":0,"Dodecahedron":10,"vexMod:ScavengeHelm":11,"Blue Candle":4,"testmod-CardMagician":7,"vexMod:FocusSash":5,"War Paint":18,"REME_LimitBreaker":20,"TimeFreeze":2,"testmod-Antiphasic":15,"Strange Spoon":20,"LagranYue:WskJewelryRelic":21,"SynthV:TestCard":1,"vexMod:BarristanHead":18,"Shuriken":5,"Bronze Scales":6,"testmod-AssaultLearning":20,"Bird Faced Urn":21,"testmod-Hope":0,"SentryEyes":13,"Onion Ring":17,"conspire:BottledYoYo":2,"ReplayTheSpireMod:TigerMarble":5,"Art of War":21,"PureWater":0,"xbg":16,"ArrowTower":19,"REME_ComplimentaryCards":0},{"Ice Cream":69,"Regal Pillow":12,"Ying":56,"DaveBox":0,"LagranYue:RandomDrawCardRelic":0,"DiscerningMonocle":0,"Vajra":2,"Smiling Mask":39,"Boot":41,"Frozen Eye":63,"vexMod:CardConverter":56,"DollysMirror":13,"vexMod:RedPlottingStone":13,"Iron Hammer":30,"REME_ArchaeologicalTools":30,"Replay:Bottled Eggs":63,"conspire:TreasureMap":41,"Lee\u0027s Waffle":74,"testmod-TestBox":0,"NeowsBlessing":0,"Dodecahedron":30,"vexMod:ScavengeHelm":34,"Blue Candle":9,"testmod-CardMagician":18,"vexMod:FocusSash":12,"War Paint":63,"REME_LimitBreaker":69,"TimeFreeze":2,"testmod-Antiphasic":48,"Strange Spoon":69,"LagranYue:WskJewelryRelic":74,"SynthV:TestCard":1,"vexMod:BarristanHead":63,"Shuriken":12,"Bronze Scales":13,"testmod-AssaultLearning":69,"Bird Faced Urn":74,"testmod-Hope":0,"SentryEyes":41,"Onion Ring":56,"conspire:BottledYoYo":2,"ReplayTheSpireMod:TigerMarble":12,"Art of War":74,"PureWater":0,"xbg":54,"ArrowTower":67,"REME_ComplimentaryCards":0}]},"card_choices":[{"not_picked":["Swivel","EmptyBody"],"picked":"ThirdEye","floor":1.0},{"not_picked":["Halt","FollowUp","DeceiveReality","MostiFishMod:Disappear"],"picked":"Meditate","floor":2.0},{"not_picked":["Crescendo","Replay:ManipulateFuture","EmptyFist","Replay:BluntJabs"],"picked":"CutThroughFate","floor":5.0},{"not_picked":["Crescendo","SashWhip","PathToVictory","CutThroughFate"],"picked":"BowlingBash","floor":6.0},{"not_picked":["Crescendo","Replay:AtTheReady","Replay:ManipulateFuture","Prostrate"],"picked":"MostiFishMod:Moonprays","floor":8.0},{"not_picked":["Replay:Hum","CutThroughFate","InnerPeace","Halt"],"picked":"ThirdEye","floor":12.0},{"not_picked":["MostiFishMod:DustFall","Brilliance","Ragnarok","MostiFishMod:KamiSmash"],"picked":"MostiFishMod:ScryFuture","floor":16.0},{"not_picked":["BowlingBash","EmptyFist","Replay:DivineShield","Meditate","FlyingSleeves"],"picked":"SKIP","floor":18.0},{"not_picked":["FlurryOfBlows","ThirdEye+1","BattleHymn","Replay:BluntJabs"],"picked":"MostiFishMod:FlowState","floor":19.0},{"not_picked":["FlyingSleeves","EmptyFist","MostiFishMod:Nomercy","EmptyBody"],"picked":"Study","floor":20.0},{"not_picked":["ClearTheMind","Consecrate","Replay:AllIn","Crescendo"],"picked":"Vault","floor":24.0},{"not_picked":["SignatureMove","Halt","MostiFishMod:Speedup","CrushJoints","Crescendo"],"picked":"SKIP","floor":25.0},{"not_picked":["Meditate","BattleHymn","SashWhip","Replay:Battleflow"],"picked":"Perseverance","floor":27.0},{"not_picked":["Replay:BluntJabs","Protect+1","FlyingSleeves","JustLucky"],"picked":"Replay:ManipulateFuture+1","floor":30.0},{"not_picked":["ThirdEye","SignatureMove","Evaluate","Tantrum"],"picked":"MostiFishMod:Adaptation","floor":31.0},{"not_picked":["REME_WorshipGod","MasterReality","MostiFishMod:StarLaLaLa","Judgement"],"picked":"MostiFishMod:CyberBuddha","floor":33.0},{"not_picked":["Prostrate+1","MentalFortress","Fasting2+1","ClearTheMind+1"],"picked":"ThirdEye+1","floor":35.0},{"not_picked":["BattleHymn","Evaluate+1","ThirdEye+1","FollowUp"],"picked":"Weave","floor":40},{"not_picked":["DeceiveReality","DeusExMachina","Consecrate","Evaluate+1"],"picked":"TalkToTheHand","floor":41},{"not_picked":["Consecrate+1","Replay:AtTheReady+1","EmptyBody+1","CutThroughFate+1"],"picked":"Wireheading+1","floor":46},{"not_picked":["MostiFishMod:Clarity+1","WindmillStrike+1","Perseverance+1","EmptyFist"],"picked":"Protect+1","floor":48}],"player_experience":424504,"relics_obtained":[{"floor":1.0,"key":"SynthV:TestCard"},{"floor":6.0,"key":"Blue Candle"},{"floor":8.0,"key":"Regal Pillow"},{"floor":9.0,"key":"Shuriken"},{"floor":24.0,"key":"vexMod:ScavengeHelm"},{"floor":26.0,"key":"Smiling Mask"},{"floor":31.0,"key":"testmod-Antiphasic"},{"floor":38,"key":"War Paint"},{"floor":40,"key":"ArrowTower"},{"floor":43,"key":"REME_LimitBreaker"},{"floor":46,"key":"Bird Faced Urn"}],"event_choices":[{"cards_removed":["Defend_P"],"damage_healed":0.0,"max_hp_gain":0.0,"max_hp_loss":0.0,"gold_gain":0.0,"event_name":"Golden Wing","player_choice":"Card Removal","floor":4.0,"gold_loss":0.0,"damage_taken":7.0},{"damage_healed":0.0,"max_hp_gain":0.0,"max_hp_loss":0.0,"gold_gain":0.0,"event_name":"Liars Game","player_choice":"Ignored","floor":7.0,"gold_loss":0.0,"damage_taken":0.0},{"damage_healed":0.0,"max_hp_gain":0.0,"max_hp_loss":0.0,"gold_gain":75.0,"event_name":"World of Goop","player_choice":"Gather Gold","floor":11.0,"gold_loss":0.0,"damage_taken":11.0},{"damage_healed":0.0,"max_hp_gain":0.0,"max_hp_loss":0.0,"gold_gain":0.0,"event_name":"conspire:LoneGhost","player_choice":"Agree","floor":13.0,"gold_loss":0.0,"damage_taken":0.0},{"damage_healed":0.0,"max_hp_gain":0.0,"max_hp_loss":0.0,"gold_gain":400.0,"event_name":"恩洛斯的盘子","player_choice":"Sell","floor":28.0,"relics_lost":["DaveBox"],"gold_loss":0.0,"damage_taken":0.0},{"damage_healed":0,"gold_gain":0,"player_choice":"1 cards matched","damage_taken":0,"max_hp_gain":0,"max_hp_loss":0,"event_name":"Match and Keep!","floor":36,"gold_loss":0,"cards_obtained":["Establishment"]},{"damage_healed":0,"gold_gain":0,"player_choice":"Upgraded","damage_taken":0,"max_hp_gain":0,"max_hp_loss":0,"event_name":"Upgrade Shrine","floor":44,"gold_loss":0,"cards_upgraded":["TalkToTheHand"]}],"is_beta":false,"boss_relics":[{"not_picked":["testmod-IncinerationGenerator","testmod-Nine"],"picked":"testmod-CardMagician"},{"not_picked":["MostiFishMod:Hod","Honey Jar"],"picked":"xbg"}],"items_purged_floors":[3,10,14,21,29,37,39,45,47],"is_endless":false,"potions_floor_spawned":[5,6,8,19,25,30,31,33,35,41,48],"ascension_level":3}}