{"host":"6pcojuaa041y50xg","time":1609598484,"event":{"mods":["2.2 Compatiblity","Act Like it!","Arknights The Spire","BaseMod","Better Match","Better Third Choice","BetterRewards","ChefMod","Colored Powertips","Conspire","Ekko","GifTheSpireLib","Halation","Hallownest","Hermit","Hubris","Infinite Spire","Mad Scientist","Minty Spire (QoL Compilation)","Pale of the Ancients","Rare Cards Sparkle","StSLib","Stuff the Spire","SuperFastMode","The Animator","The Bladedancer","The Bug Knight","The Factory","The Gatherer","The IronCluck","The Judge","The Jungle","The Marked","The Runesmith","The Servant 0.9.4","The Valiant","The Witch","TheSwordswoman","Trackpad","Wandering Minibosses","everything is the same but u backflip on backflip","vexMod"],"gold_per_floor":[115,115,115,133,153,153,178,191,191,203,231,243,263,276,276,375,375,395,138,138,155,172,205,223,123,149,149,149,149,164,190,190,190,190],"floor_reached":33,"playtime":1685,"items_purged":["hermit:Strike_Hermit","hermit:Strike_Hermit"],"score":326,"play_id":"eddf5a89-5fee-45dc-a77f-5726001aba3f","local_time":"20210102064124","is_ascension_mode":false,"campfire_choices":[{"data":"hermit:NoHoldsBarred","floor":6,"key":"SMITH"},{"floor":15,"key":"REST"},{"floor":27,"key":"REST"},{"floor":28,"key":"REST"},{"data":"hermit:Quickdraw","floor":32,"key":"SMITH"}],"circlet_count":0,"master_deck":["hermit:Strike_Hermit","hermit:Defend_Hermit","hermit:Defend_Hermit","hermit:Defend_Hermit","hermit:Defend_Hermit","hermit:Snapshot","hermit:Covet+1","hermit:PistolWhip+1","hermit:NoHoldsBarred+1","hermit:Quickdraw+1","hermit:Gambit","hermit:Glare","hermit:PistolWhip+1","hermit:Feint+1","hermit:GoldenBullet+1"],"relics":["hermit:Momento","halation:QuantumPhysicsTextbook","Peace Pipe","Shuriken","Blue Candle","hermit:BartenderGlass","Blood Vial","trackpad:SappingStone","hubris:Towel","hubris:SphereOfDissonance"],"acts_visited":["Exordium","TheCity"],"potions_floor_usage":[7,7,7,11,11,11,12,16,18,18,21,21,22,23,23,23,23,31,31],"damage_taken":[{"damage":6,"enemies":"Jaw Worm","floor":1,"turns":3},{"damage":0,"enemies":"Cultist","floor":4,"turns":3},{"damage":0,"enemies":"2 Louse","floor":5,"turns":1},{"damage":0,"enemies":"HollowMod:MossKnight","floor":7,"turns":3},{"damage":0,"enemies":"2 Fungi Beasts","floor":8,"turns":1},{"damage":0,"enemies":"Exordium Wildlife","floor":10,"turns":2},{"damage":26,"enemies":"Lagavulin","floor":11,"turns":4},{"damage":0,"enemies":"Looter","floor":12,"turns":1},{"damage":0,"enemies":"Lots of Slimes","floor":13,"turns":1},{"damage":0,"enemies":"3 Louse","floor":14,"turns":1},{"damage":21,"enemies":"Hexaghost","floor":16,"turns":8},{"damage":29,"enemies":"Shell Parasite","floor":18,"turns":6},{"damage":1,"enemies":"Chosen","floor":21,"turns":3},{"damage":2,"enemies":"Snake Plant","floor":22,"turns":3},{"damage":26,"enemies":"Nightmare","floor":23,"turns":5},{"damage":8,"enemies":"Cultist and Chosen","floor":24,"turns":4},{"damage":7,"enemies":"Shelled Parasite and Fungi","floor":30,"turns":4},{"damage":31,"enemies":"Slavers","floor":31,"turns":8},{"damage":36,"enemies":"conspire:MysteriousRune","floor":33,"turns":8}],"seed_played":"-7343500901538688350","potions_obtained":[{"floor":5,"key":"EntropicBrew"},{"floor":7,"key":"AttackPotion"},{"floor":10,"key":"hermit:BlackBile"},{"floor":12,"key":"Fruit Juice"},{"floor":13,"key":"ColorlessPotion"},{"floor":14,"key":"hermit:Eclipse"},{"floor":21,"key":"SteroidPotion"},{"floor":23,"key":"Dexterity Potion"}],"is_trial":false,"path_per_floor":["M","?","?","M","M","R","E","M","T","M","E","M","M","M","R","B",null,"M","$","?","M","M","NM","M","$","T","R","R","?","M","E","R","B"],"character_chosen":"HERMIT","items_purchased":["hermit:PistolWhip","infinitespire:BlackPotion"],"campfire_rested":3,"item_purchase_floors":[19,19],"current_hp_per_floor":[48,48,44,44,44,44,44,44,44,44,18,23,23,23,47,26,80,51,51,51,50,48,22,16,16,16,40,64,64,59,30,30,0,0],"gold":190,"neow_bonus":"ONE_RARE_RELIC","is_daily":false,"chose_seed":false,"campfire_upgraded":2,"win_rate":0.0,"timestamp":1609598484,"path_taken":["M","?","?","M","M","R","E","M","T","M","E","M","M","M","R","BOSS","M","$","?","M","M","NM","?","?","T","R","R","?","M","E","R","BOSS"],"items_purchased_type":["Card","Potion"],"build_version":"2020-12-22","purchased_purges":2,"victory":false,"max_hp_per_floor":[75,75,75,75,75,75,75,75,75,75,75,80,80,80,80,80,80,80,80,80,80,80,80,80,80,80,80,80,80,80,80,80,80,80],"card_choices":[{"not_picked":["hermit:Gestalt","hermit:FullyLoaded"],"picked":"hermit:PistolWhip","floor":1},{"not_picked":["hermit:Manifest","hermit:Cheat"],"picked":"hermit:NoHoldsBarred","floor":4},{"not_picked":["hermit:Misfire","hermit:Desperado"],"picked":"hermit:Quickdraw","floor":5},{"not_picked":["hermit:Coalescence","hermit:TrackingShot","hermit:Malice"],"picked":"SKIP","floor":7},{"not_picked":["hermit:TakeAim","hermit:CalledShot","hermit:Quickdraw"],"picked":"SKIP","floor":8},{"not_picked":["hermit:Spite","hermit:TakeCover","hermit:Reprieve"],"picked":"SKIP","floor":10},{"not_picked":["hermit:Vantage","hermit:Showdown","hermit:ItchyTrigger"],"picked":"SKIP","floor":11},{"not_picked":["hermit:Feint","hermit:Dive","hermit:Desperado"],"picked":"SKIP","floor":12},{"not_picked":["hermit:Misfire","hermit:Scavenge","hermit:SprayPray"],"picked":"SKIP","floor":13},{"not_picked":["hermit:Deadeye","hermit:Malice","hermit:ShadowCloak"],"picked":"SKIP","floor":14},{"not_picked":["hermit:HeroicBravado","hermit:FromBeyond"],"picked":"hermit:Gambit","floor":16},{"not_picked":["hermit:BodyArmor","hermit:Combo"],"picked":"hermit:Glare","floor":18},{"not_picked":["hermit:Roulette","hermit:LowProfile","hermit:WideOpen+1"],"picked":"SKIP","floor":21},{"not_picked":["hermit:LowProfile","hermit:Roulette+1","hermit:Cheat"],"picked":"SKIP","floor":22},{"not_picked":["hermit:Dive","hermit:Shortfuse+1","hermit:Misfire"],"picked":"SKIP","floor":23},{"not_picked":["hermit:Midnight+1","hermit:BodyArmor"],"picked":"hermit:Feint+1","floor":24},{"not_picked":["hermit:ItchyTrigger","hermit:BodyArmor+1"],"picked":"hermit:GoldenBullet+1","floor":30},{"not_picked":["hermit:Roulette","hermit:Purgatory","hermit:BigShot"],"picked":"SKIP","floor":31}],"player_experience":494643,"relics_obtained":[{"floor":7,"key":"Peace Pipe"},{"floor":9,"key":"Shuriken"},{"floor":11,"key":"Blue Candle"},{"floor":23,"key":"Blood Vial"},{"floor":26,"key":"trackpad:SappingStone"},{"floor":31,"key":"hubris:SphereOfDissonance"}],"event_choices":[{"damage_healed":0,"gold_gain":0,"player_choice":"Upgraded","damage_taken":0,"max_hp_gain":0,"max_hp_loss":0,"event_name":"Upgrade Shrine","floor":20,"gold_loss":0,"cards_upgraded":["hermit:PistolWhip"]}],"is_beta":false,"boss_relics":[{"not_picked":["hermit:DentedPlate","halation:MonkeysPaw"],"picked":"hermit:BartenderGlass"}],"items_purged_floors":[19,25],"is_endless":true,"potions_floor_spawned":[5,7,10,12,13,14,21,23],"killed_by":"conspire:MysteriousRune","ascension_level":0}}