{"host":"6pfj0wha12yu6wq3","time":1609574502,"event":{"mods":["BaseMod","Colored Map","Colored Powertips","Curses Come First","DeckTracker","Minty Spire (QoL Compilation)","RNG Fix","Relic Sorter","Relic Stats","StSLib","ojb\u0027s Better Paths Mod","ojb\u0027s Info Mod"],"gold_per_floor":[10,27,46,64,83,114,114,137,137,172,189,18,18,18,18,114,114,134,152,168,168,168,199,199,159,159,199,212,225,150,171,171,270,270,288,39,314,16,29,69,89,128,128,128,148,148,192,109,109,109,109,109,109,20,51,51],"floor_reached":57,"playtime":5769,"items_purged":["Pain","Regret","Strike_G"],"score":3234,"play_id":"e7ae6c47-9c1b-4359-ac8e-628a9bf005f0","local_time":"20210102030142","is_ascension_mode":true,"campfire_choices":[{"data":"Glass Knife","floor":7.0,"key":"SMITH"},{"data":"Glass Knife","floor":13.0,"key":"SMITH"},{"data":"Malaise","floor":15.0,"key":"SMITH"},{"data":"Well Laid Plans","floor":32.0,"key":"SMITH"},{"data":"Wraith Form v2","floor":44.0,"key":"SMITH"},{"floor":49.0,"key":"RECALL"},{"data":"Night Terror","floor":53.0,"key":"SMITH"}],"circlet_count":0,"master_deck":["AscendersBane","Strike_G","Strike_G","Strike_G","Defend_G","Defend_G","Defend_G","Defend_G","Survivor","Neutralize","Glass Knife+1","All Out Attack","Blade Dance","Malaise+1","Blur","Backstab","Glass Knife+1","Backflip","Malaise","Escape Plan","Acrobatics+1","Blur","After Image+1","Well Laid Plans+1","Outmaneuver","Backflip","Blade Dance","Backflip+1","Adrenaline","Accuracy+1","Burst","Wraith Form v2+1","Night Terror+1","Acrobatics+1","Acrobatics","Concentrate","Corpse Explosion","Wraith Form v2+1","PiercingWail","Outmaneuver+1"],"relics":["Ring of the Snake","InkBottle","Eternal Feather","Odd Mushroom","Blood Vial","Bag of Marbles","Golden Idol","Coffee Dripper","WarpedTongs","MutagenicStrength","Ornamental Fan","Gambling Chip","Black Star","Membership Card","ClockworkSouvenir","Bag of Preparation","MealTicket","Dead Branch","Ginger","Vajra","PreservedInsect","DollysMirror","Happy Flower","Pen Nib"],"acts_visited":["Exordium","TheCity","TheBeyond","TheEnding"],"potions_floor_usage":[56,56],"damage_taken":[{"damage":0.0,"enemies":"Cultist","floor":1.0,"turns":3.0},{"damage":1.0,"enemies":"Jaw Worm","floor":2.0,"turns":4.0},{"damage":0.0,"enemies":"Small Slimes","floor":3.0,"turns":1.0},{"damage":1.0,"enemies":"Red Slaver","floor":4.0,"turns":3.0},{"damage":14.0,"enemies":"3 Louse","floor":5.0,"turns":2.0},{"damage":28.0,"enemies":"Gremlin Nob","floor":6.0,"turns":4.0},{"damage":4.0,"enemies":"The Mushroom Lair","floor":8.0,"turns":3.0},{"damage":10.0,"enemies":"3 Sentries","floor":10.0,"turns":6.0},{"damage":4.0,"enemies":"Exordium Thugs","floor":11.0,"turns":4.0},{"damage":4.0,"enemies":"Hexaghost","floor":16.0,"turns":8.0},{"damage":0.0,"enemies":"Spheric Guardian","floor":18.0,"turns":1.0},{"damage":1.0,"enemies":"2 Thieves","floor":19.0,"turns":3.0},{"damage":0.0,"enemies":"Snecko","floor":20.0,"turns":3.0},{"damage":8.0,"enemies":"Book of Stabbing","floor":23.0,"turns":7.0},{"damage":10.0,"enemies":"Slavers","floor":27.0,"turns":6.0},{"damage":6.0,"enemies":"Cultist and Chosen","floor":28.0,"turns":8.0},{"damage":5.0,"enemies":"Snake Plant","floor":29.0,"turns":5.0},{"damage":0.0,"enemies":"Centurion and Healer","floor":31.0,"turns":2.0},{"damage":0.0,"enemies":"Champ","floor":33.0,"turns":38.0},{"damage":0.0,"enemies":"Orb Walker","floor":35.0,"turns":1.0},{"damage":0.0,"enemies":"3 Shapes","floor":39.0,"turns":3.0},{"damage":0.0,"enemies":"Nemesis","floor":40.0,"turns":6.0},{"damage":0.0,"enemies":"3 Darklings","floor":41.0,"turns":6.0},{"damage":0.0,"enemies":"Giant Head","floor":42.0,"turns":7.0},{"damage":0.0,"enemies":"Spire Growth","floor":45.0,"turns":3.0},{"damage":0.0,"enemies":"Reptomancer","floor":47.0,"turns":3.0},{"damage":0.0,"enemies":"Donu and Deca","floor":50.0,"turns":7.0},{"damage":18.0,"enemies":"Time Eater","floor":51.0,"turns":15.0},{"damage":0.0,"enemies":"Shield and Spear","floor":55.0,"turns":1.0},{"damage":50,"enemies":"The Heart","floor":56,"turns":7}],"seed_played":"-7153678656381221968","potions_obtained":[{"floor":4.0,"key":"DuplicationPotion"},{"floor":6.0,"key":"Strength Potion"},{"floor":8.0,"key":"Explosive Potion"},{"floor":10.0,"key":"FearPotion"},{"floor":16.0,"key":"Block Potion"},{"floor":27.0,"key":"SteroidPotion"},{"floor":31.0,"key":"Fruit Juice"},{"floor":45.0,"key":"Explosive Potion"},{"floor":47.0,"key":"Weak Potion"},{"floor":55.0,"key":"CultistPotion"}],"is_trial":false,"path_per_floor":["M","M","M","M","M","E","R","?","T","E","M","$","R","?","R","B",null,"M","M","M","?","?","E","?","$","T","E","M","M","$","M","R","B",null,"M","$","?","$","M","E","M","E","T","R","M","$","E","$","R","B","B",null,"R","$","E","B",null],"character_chosen":"THE_SILENT","items_purchased":["Bag of Marbles","Well Laid Plans","Membership Card","Burst","Wraith Form v2","Night Terror","ClockworkSouvenir","DollysMirror","PiercingWail"],"campfire_rested":0,"item_purchase_floors":[12,25,36,36,38,38,38,48,54],"current_hp_per_floor":[59,58,58,57,43,15,24,20,20,10,8,8,17,17,26,24,51,53,54,56,56,56,50,50,50,50,42,38,35,35,37,52,54,59,60,60,60,60,60,60,60,60,60,60,65,65,65,65,65,65,47,61,65,65,65,15],"gold":51,"neow_bonus":"TRANSFORM_TWO_CARDS","is_daily":false,"chose_seed":false,"campfire_upgraded":6,"win_rate":0.0,"timestamp":1609574502,"path_taken":["M","M","M","M","M","E","R","?","T","E","M","$","R","?","R","BOSS","M","M","M","?","?","E","?","$","T","E","?","M","?","M","R","BOSS","M","$","?","?","?","E","M","E","T","R","M","?","E","$","R","BOSS","BOSS","R","$","E","BOSS"],"items_purchased_type":["Relic","Card","Relic","Card","Card","Card","Relic","Relic","Card"],"build_version":"2020-12-22","purchased_purges":3,"victory":true,"max_hp_per_floor":[66,66,66,66,66,66,66,66,66,66,66,66,66,60,60,60,60,60,60,60,60,60,60,60,60,60,60,60,60,60,60,60,60,60,60,60,60,60,60,60,60,60,60,60,65,65,65,65,65,65,65,65,65,65,65,65],"relic_stats":{"Happy Flower":[2],"counters":[30,170],"Golden Idol":175,"Dead Branch":[94],"Eternal Feather":46,"PreservedInsect":77,"Pen Nib":[2],"Bag of Preparation":[16],"Ginger":[4],"WarpedTongs":[108],"Blood Vial":23,"Ornamental Fan":[344],"Gambling Chip":[53],"MealTicket":0,"Black Star":4,"obtain_stats":[{"Happy Flower":55,"Golden Idol":14,"Dead Branch":42,"Vajra":47,"Eternal Feather":6,"PreservedInsect":47,"Pen Nib":55,"Bag of Preparation":40,"Ginger":43,"Odd Mushroom":8,"WarpedTongs":21,"ClockworkSouvenir":38,"Blood Vial":10,"Ornamental Fan":23,"DollysMirror":48,"MutagenicStrength":22,"Gambling Chip":27,"MealTicket":42,"Bag of Marbles":12,"Coffee Dripper":17,"Black Star":34,"Membership Card":36,"InkBottle":9,"Ring of the Snake":0},{"Happy Flower":29,"Golden Idol":9,"Dead Branch":24,"Vajra":26,"Eternal Feather":6,"PreservedInsect":26,"Pen Nib":29,"Bag of Preparation":22,"Ginger":24,"Odd Mushroom":7,"WarpedTongs":13,"ClockworkSouvenir":20,"Blood Vial":8,"Ornamental Fan":14,"DollysMirror":26,"MutagenicStrength":13,"Gambling Chip":15,"MealTicket":24,"Bag of Marbles":9,"Coffee Dripper":10,"Black Star":19,"Membership Card":20,"InkBottle":7,"Ring of the Snake":0},{"Happy Flower":163,"Golden Idol":30,"Dead Branch":134,"Vajra":140,"Eternal Feather":17,"PreservedInsect":140,"Pen Nib":163,"Bag of Preparation":121,"Ginger":134,"Odd Mushroom":20,"WarpedTongs":45,"ClockworkSouvenir":112,"Blood Vial":26,"Ornamental Fan":52,"DollysMirror":140,"MutagenicStrength":45,"Gambling Chip":58,"MealTicket":134,"Bag of Marbles":30,"Coffee Dripper":38,"Black Star":111,"Membership Card":112,"InkBottle":20,"Ring of the Snake":0}],"InkBottle":[94],"Ring of the Snake":[60]},"card_choices":[{"not_picked":["Finisher","Prepared","Dodge and Roll"],"picked":"SKIP","floor":1.0},{"not_picked":["Dodge and Roll","Quick Slash"],"picked":"Blade Dance","floor":2.0},{"not_picked":["PiercingWail","Underhanded Strike","Sucker Punch"],"picked":"SKIP","floor":3.0},{"not_picked":["Tactician","Masterful Stab"],"picked":"Malaise","floor":4.0},{"not_picked":["Outmaneuver","Quick Slash","Prepared"],"picked":"SKIP","floor":5.0},{"not_picked":["PiercingWail","Dagger Throw"],"picked":"Blur","floor":6.0},{"not_picked":["Acrobatics","Well Laid Plans"],"picked":"Backstab","floor":8.0},{"not_picked":["Dagger Throw","Poisoned Stab"],"picked":"Glass Knife","floor":10.0},{"not_picked":["Deflect","PiercingWail"],"picked":"Backflip","floor":11.0},{"not_picked":["Envenom","Doppelganger"],"picked":"Malaise","floor":16.0},{"not_picked":["Dagger Spray","Deflect"],"picked":"Escape Plan","floor":18.0},{"not_picked":["Eviscerate","Dodge and Roll"],"picked":"Acrobatics+1","floor":19.0},{"not_picked":["Underhanded Strike+1","Setup"],"picked":"Blur","floor":20.0},{"not_picked":["Backflip","Blur"],"picked":"After Image","floor":23.0},{"not_picked":["Flying Knee","Sucker Punch+1"],"picked":"Outmaneuver","floor":27.0},{"not_picked":["Dagger Throw","Dagger Spray+1"],"picked":"Backflip","floor":28.0},{"not_picked":["Deadly Poison","Slice"],"picked":"Blade Dance","floor":29.0},{"not_picked":["Heel Hook","Riddle With Holes"],"picked":"Backflip+1","floor":31.0},{"not_picked":["Bullet Time","Glass Knife"],"picked":"Adrenaline","floor":33.0},{"not_picked":["Underhanded Strike+1","Cloak And Dagger+1"],"picked":"Accuracy+1","floor":35.0},{"not_picked":["Accuracy","Reflex"],"picked":"Acrobatics+1","floor":39.0},{"not_picked":["Backflip","Riddle With Holes+1"],"picked":"Acrobatics","floor":40.0},{"not_picked":["Deflect","Deadly Poison"],"picked":"Concentrate","floor":41.0},{"not_picked":["Reflex","Bane","Dagger Spray"],"picked":"SKIP","floor":42.0},{"not_picked":["Underhanded Strike","Finisher+1"],"picked":"Corpse Explosion","floor":45.0},{"not_picked":["Bouncing Flask","Deflect","Caltrops"],"picked":"SKIP","floor":47.0},{"not_picked":["Flying Knee","Escape Plan"],"picked":"Outmaneuver+1","floor":55.0}],"player_experience":75640,"relics_obtained":[{"floor":6.0,"key":"Eternal Feather"},{"floor":8.0,"key":"Odd Mushroom"},{"floor":9.0,"key":"InkBottle"},{"floor":10.0,"key":"Blood Vial"},{"floor":23.0,"key":"Ornamental Fan"},{"floor":27.0,"key":"Gambling Chip"},{"floor":40.0,"key":"Bag of Preparation"},{"floor":42.0,"key":"MealTicket"},{"floor":42.0,"key":"Dead Branch"},{"floor":43.0,"key":"Ginger"},{"floor":47.0,"key":"Vajra"},{"floor":47.0,"key":"PreservedInsect"},{"floor":55.0,"key":"Happy Flower"},{"floor":55.0,"key":"Pen Nib"}],"event_choices":[{"damage_healed":0.0,"max_hp_gain":0.0,"max_hp_loss":0.0,"gold_gain":0.0,"event_name":"Mushrooms","player_choice":"Fought Mushrooms","floor":8.0,"gold_loss":0.0,"damage_taken":0.0},{"damage_healed":0.0,"max_hp_gain":0.0,"max_hp_loss":6.0,"gold_gain":0.0,"event_name":"Golden Idol","player_choice":"Lose Max HP","floor":14.0,"gold_loss":0.0,"damage_taken":0.0,"relics_obtained":["Golden Idol"]},{"damage_healed":0.0,"max_hp_gain":0.0,"max_hp_loss":0.0,"gold_gain":0.0,"event_name":"Accursed Blacksmith","player_choice":"Rummage","floor":21.0,"gold_loss":0.0,"damage_taken":0.0,"relics_obtained":["WarpedTongs"],"cards_obtained":["Pain"]},{"damage_healed":0.0,"max_hp_gain":0.0,"max_hp_loss":0.0,"gold_gain":0.0,"event_name":"Drug Dealer","player_choice":"Inject Mutagens","floor":22.0,"gold_loss":0.0,"damage_taken":0.0,"relics_obtained":["MutagenicStrength"]},{"damage_healed":0.0,"max_hp_gain":0.0,"max_hp_loss":0.0,"gold_gain":0.0,"event_name":"Upgrade Shrine","player_choice":"Upgraded","floor":24.0,"gold_loss":0.0,"damage_taken":0.0,"cards_upgraded":["After Image"]},{"damage_healed":0.0,"max_hp_gain":0.0,"max_hp_loss":0.0,"gold_gain":275.0,"event_name":"Golden Shrine","player_choice":"Desecrate","floor":37.0,"gold_loss":0.0,"damage_taken":0.0,"cards_obtained":["Regret"]}],"is_beta":false,"boss_relics":[{"not_picked":["Ring of the Serpent","WristBlade"],"picked":"Coffee Dripper"},{"not_picked":["Sozu","Calling Bell"],"picked":"Black Star"}],"items_purged_floors":[30,38,54],"is_endless":false,"potions_floor_spawned":[4,6,8,10,16,18,27,31,45,47,55],"ascension_level":20}}