{"host":"p9t7qd83igtcp2bh","time":1609604726,"event":{"mods":["2.2 Compatiblity","AchievementEnabler","BaseMod","Colored Map","Colored Powertips","Custom Start","DeckTracker","Hermit","Keyboard Shortcuts","Minty Spire (QoL Compilation)","Permanent Neow","StSLib","SuperFastMode","everything is the same but u backflip on backflip"],"gold_per_floor":[114,129,207,207,224,224,242,254,309,18,29,29,64,80,80,80,80],"floor_reached":16,"playtime":689,"items_purged":[],"score":104,"play_id":"a7f808df-d7c7-4982-a745-6dee4731582a","local_time":"20210103012526","is_ascension_mode":false,"campfire_choices":[{"data":"hermit:Covet","floor":6,"key":"SMITH"},{"data":"hermit:HighNoon","floor":15,"key":"SMITH"}],"circlet_count":0,"master_deck":["hermit:Strike_Hermit","hermit:Strike_Hermit","hermit:Strike_Hermit","hermit:Strike_Hermit","hermit:Defend_Hermit","hermit:Defend_Hermit","hermit:Snapshot+1","hermit:Covet+1","hermit:Coalescence","hermit:GhostlyPresence","hermit:LuckOfTheDraw","hermit:WideOpen","hermit:Dive","hermit:HighNoon+1","hermit:SprayPray","hermit:Malice"],"relics":["hermit:Momento","hermit:RyeStalk","Ginger","InkBottle"],"acts_visited":["Exordium"],"potions_floor_usage":[8,13],"damage_taken":[{"damage":11,"enemies":"Jaw Worm","floor":1,"turns":3},{"damage":0,"enemies":"Small Slimes","floor":2,"turns":4},{"damage":0,"enemies":"Cultist","floor":5,"turns":4},{"damage":4,"enemies":"Exordium Wildlife","floor":7,"turns":4},{"damage":15,"enemies":"Large Slime","floor":8,"turns":7},{"damage":5,"enemies":"Lots of Slimes","floor":11,"turns":3},{"damage":28,"enemies":"Gremlin Nob","floor":13,"turns":4},{"damage":0,"enemies":"Blue Slaver","floor":14,"turns":2},{"damage":16,"enemies":"The Guardian","floor":16,"turns":2}],"seed_played":"2617553493538144348","potions_obtained":[{"floor":1,"key":"Energy Potion"},{"floor":5,"key":"Swift Potion"},{"floor":11,"key":"BlessingOfTheForge"}],"is_trial":false,"path_per_floor":["M","M","?","?","M","R","M","M","T","$","M","?","E","M","R","B"],"character_chosen":"HERMIT","items_purchased":["Ginger"],"campfire_rested":0,"item_purchase_floors":[10],"current_hp_per_floor":[64,64,64,64,64,64,60,45,45,45,40,40,12,12,12,0,0],"gold":80,"neow_bonus":"UPGRADE_CARD","is_daily":false,"chose_seed":false,"campfire_upgraded":2,"win_rate":0.0,"timestamp":1609604726,"path_taken":["M","M","?","?","M","R","M","?","T","$","M","?","E","M","R","BOSS"],"items_purchased_type":["Relic"],"build_version":"2020-12-22","purchased_purges":0,"victory":false,"max_hp_per_floor":[75,75,75,75,75,75,75,75,75,75,75,75,75,75,75,75,75],"card_choices":[{"not_picked":["hermit:BodyArmor","hermit:TakeCover","hermit:Midnight"],"picked":"SKIP","floor":1},{"not_picked":["hermit:HoleUp","hermit:Manifest"],"picked":"hermit:Coalescence","floor":2},{"not_picked":["hermit:ItchyTrigger","hermit:EyeOfTheStorm"],"picked":"hermit:GhostlyPresence","floor":5},{"not_picked":["hermit:ItchyTrigger","hermit:Combo"],"picked":"hermit:LuckOfTheDraw","floor":7},{"not_picked":["hermit:DeadMansHand","hermit:Malice"],"picked":"hermit:WideOpen","floor":8},{"not_picked":["hermit:EyeOfTheStorm","hermit:LowProfile"],"picked":"hermit:Dive","floor":11},{"not_picked":["hermit:LowProfile","hermit:Quickdraw"],"picked":"hermit:SprayPray","floor":13},{"not_picked":["hermit:Dive","hermit:Ricochet"],"picked":"hermit:Malice","floor":14}],"player_experience":595689,"relics_obtained":[{"floor":9,"key":"hermit:RyeStalk"},{"floor":13,"key":"InkBottle"}],"event_choices":[{"damage_healed":0,"gold_gain":78,"player_choice":"Gained Gold","damage_taken":0,"max_hp_gain":0,"max_hp_loss":0,"event_name":"Golden Wing","floor":3,"gold_loss":0},{"cards_removed":["hermit:Defend_Hermit"],"damage_healed":0,"gold_gain":0,"player_choice":"Offered Basic","damage_taken":0,"max_hp_gain":0,"max_hp_loss":0,"event_name":"Bonfire Elementals","floor":4,"gold_loss":0},{"damage_healed":0,"gold_gain":0,"cards_transformed":["hermit:Defend_Hermit"],"player_choice":"Change","damage_taken":0,"max_hp_gain":0,"max_hp_loss":0,"event_name":"Living Wall","floor":12,"gold_loss":0,"cards_obtained":["hermit:HighNoon"]}],"is_beta":false,"boss_relics":[],"items_purged_floors":[],"is_endless":false,"potions_floor_spawned":[1,5,11],"killed_by":"The Guardian","ascension_level":0}}