{"host":"dotv02c0y60nxx9g","time":1609550750,"event":{"mods":["BaseMod","Colored Powertips","Minty Spire (QoL Compilation)","Quick Restart","StSLib"],"gold_per_floor":[119,85,85,97,7,19,19,19,19,46,72,72,85,85,85,85,85],"floor_reached":16,"playtime":401,"items_purged":[],"score":113,"play_id":"26528f4d-49cd-401b-b5c2-c4327ecb347e","local_time":"20210101182550","is_ascension_mode":true,"campfire_choices":[{"data":"Bandage Up","floor":7,"key":"SMITH"},{"floor":12,"key":"REST"},{"floor":15,"key":"REST"}],"circlet_count":0,"master_deck":["Strike_G","Strike_G+1","Strike_G","Strike_G","Defend_G","Defend_G","Defend_G","Survivor","Neutralize+1","Bullet Time+1","Backstab+1","Dash+1","Endless Agony","Masterful Stab","Bandage Up+1","Slice"],"relics":["Astrolabe","Nunchaku","Whetstone","Smiling Mask","Happy Flower"],"acts_visited":["Exordium"],"potions_floor_usage":[10],"damage_taken":[{"damage":0,"enemies":"Cultist","floor":1,"turns":3},{"damage":4,"enemies":"Jaw Worm","floor":4,"turns":2},{"damage":0,"enemies":"2 Louse","floor":6,"turns":1},{"damage":45,"enemies":"Lagavulin","floor":10,"turns":7},{"damage":6,"enemies":"2 Fungi Beasts","floor":13,"turns":3},{"damage":75,"enemies":"Slime Boss","floor":16,"turns":10}],"seed_played":"3680463647969139651","potions_obtained":[{"floor":4,"key":"PowerPotion"}],"is_trial":false,"path_per_floor":["M","$","?","M","$","M","R","$","T","E","T","R","M","$","R","B"],"character_chosen":"THE_SILENT","items_purchased":["Endless Agony","Bandage Up"],"campfire_rested":2,"item_purchase_floors":[2,5],"current_hp_per_floor":[70,70,63,59,59,59,59,59,59,20,20,41,41,41,62,0,0],"gold":85,"neow_bonus":"BOSS_RELIC","is_daily":false,"chose_seed":false,"campfire_upgraded":1,"win_rate":0.0,"timestamp":1609550750,"path_taken":["M","?","?","M","$","M","R","$","T","E","?","R","?","?","R","BOSS"],"items_purchased_type":["Card","Card"],"build_version":"2020-12-22","purchased_purges":0,"victory":false,"max_hp_per_floor":[70,70,70,70,70,70,70,70,70,70,70,70,70,70,70,70,70],"card_choices":[{"not_picked":["Underhanded Strike","Outmaneuver","Acrobatics"],"picked":"SKIP","floor":1},{"not_picked":["Choke","Bane"],"picked":"Masterful Stab","floor":4},{"not_picked":["Heel Hook","Sucker Punch","Reflex"],"picked":"SKIP","floor":6},{"not_picked":["Leg Sweep","Burst","Prepared"],"picked":"SKIP","floor":10},{"not_picked":["Predator","Reflex"],"picked":"Slice","floor":13}],"player_experience":151336,"relics_obtained":[{"floor":9,"key":"Whetstone"},{"floor":10,"key":"Smiling Mask"},{"floor":11,"key":"Happy Flower"}],"event_choices":[{"damage_healed":0,"gold_gain":0,"player_choice":"Success","damage_taken":7,"relics_obtained":["Nunchaku"],"max_hp_gain":0,"max_hp_loss":0,"event_name":"Scrap Ooze","floor":3,"gold_loss":0}],"is_beta":false,"boss_relics":[],"items_purged_floors":[],"is_endless":false,"potions_floor_spawned":[4],"killed_by":"Slime Boss","ascension_level":3}}