{"host":"yks98ofmy52hj7my","time":1609622351,"event":{"mods":["BaseMod","Block Reminder","Colored Powertips","Hubris","Minty Spire (QoL Compilation)","Rare Cards Sparkle","Replay The Spire","StSLib"],"gold_per_floor":[111,286,211,211,221,248,248,281,281,281,354,383,427,461,551,567,567],"floor_reached":16,"playtime":703,"items_purged":["Doubt"],"score":215,"play_id":"cd04c964-44bb-488f-9b65-e7d87fc44ebe","local_time":"20210102191911","is_ascension_mode":true,"campfire_choices":[{"floor":10,"key":"RECALL"}],"circlet_count":0,"master_deck":["AscendersBane","Strike_R","Strike_R","Strike_R","Strike_R","Strike_R","Defend_R","Defend_R","Defend_R","Defend_R","Bash","Carnage","Feel No Pain","Metallicize","Sword Boomerang","Combust","Whirlwind","Replay:Many Hands","Replay:Many Hands"],"relics":["Burning Blood","NeowsBlessing","hubris:Icosahedron","Replay:Bandana","hubris:FunFungus","hubris:SlimyHat","Pet Ghost","Matryoshka"],"acts_visited":["Exordium"],"potions_floor_usage":[8,13,14,14,16,16],"damage_taken":[{"damage":0,"enemies":"Cultist","floor":1,"turns":1},{"damage":6,"enemies":"Small Slimes","floor":5,"turns":2},{"damage":0,"enemies":"Gremlin Nob","floor":6,"turns":1},{"damage":22,"enemies":"3 Sentries","floor":8,"turns":13},{"damage":14,"enemies":"2 Louse","floor":12,"turns":2},{"damage":19,"enemies":"Lagavulin","floor":13,"turns":5},{"damage":9,"enemies":"2 Fungi Beasts","floor":14,"turns":2},{"damage":51,"enemies":"Slime Boss","floor":16,"turns":6}],"seed_played":"-970174288003852193","potions_obtained":[{"floor":1,"key":"Fire Potion"},{"floor":5,"key":"LiquidMemories"},{"floor":8,"key":"PowerPotion"},{"floor":13,"key":"EntropicBrew"}],"is_trial":false,"path_per_floor":["M","?","$","?","M","E","$","E","T","R","?","M","E","M","R","B"],"character_chosen":"IRONCLAD","items_purchased":[],"campfire_rested":0,"item_purchase_floors":[],"current_hp_per_floor":[78,78,78,78,78,80,80,64,64,64,64,56,43,40,40,0,0],"gold":567,"neow_bonus":"THREE_ENEMY_KILL","is_daily":false,"chose_seed":false,"campfire_upgraded":0,"win_rate":0.0,"timestamp":1609622351,"path_taken":["M","?","$","?","M","E","$","E","T","R","?","M","E","M","R","BOSS"],"items_purchased_type":[],"build_version":"2020-12-22","purchased_purges":1,"victory":false,"max_hp_per_floor":[80,80,80,80,80,80,80,80,80,80,80,80,80,80,80,80,80],"card_choices":[{"not_picked":["Flex","Second Wind"],"picked":"Carnage","floor":1},{"not_picked":["True Grit","Heavy Blade"],"picked":"Feel No Pain","floor":5},{"not_picked":["Intimidate","Flex"],"picked":"Metallicize","floor":6},{"not_picked":["True Grit","Armaments"],"picked":"Sword Boomerang","floor":8},{"not_picked":["hubris:SharpeningStone","Wild Strike"],"picked":"Combust","floor":11},{"not_picked":["Thunderclap","Warcry"],"picked":"Whirlwind","floor":11},{"not_picked":["Havoc","Perfected Strike"],"picked":"Replay:Many Hands","floor":12},{"not_picked":["Abandon","Flex"],"picked":"Replay:Many Hands","floor":13},{"not_picked":["Headbutt","hubris:ReadiedAction","Warcry"],"picked":"SKIP","floor":14}],"player_experience":465489,"relics_obtained":[{"floor":6,"key":"Replay:Bandana"},{"floor":8,"key":"hubris:FunFungus"},{"floor":9,"key":"hubris:SlimyHat"},{"floor":11,"key":"Pet Ghost"},{"floor":13,"key":"Matryoshka"}],"event_choices":[{"damage_healed":0,"gold_gain":175,"player_choice":"AGREE","damage_taken":0,"max_hp_gain":0,"max_hp_loss":0,"event_name":"Liars Game","floor":2,"gold_loss":0,"cards_obtained":["Doubt"]}],"is_beta":false,"boss_relics":[],"items_purged_floors":[3],"is_endless":false,"potions_floor_spawned":[1,5,8,12,13],"killed_by":"Slime Boss","ascension_level":10}}