{"host":"p7xnybcl7rtshmbr","time":1609598468,"event":{"mods":["AchievementEnabler","AlwaysNeverKeys","Aspiration","BaseMod","Hermit","Hubris","Minty Spire (QoL Compilation)","Replay The Spire","StSLib","The Hierophant","The Marked"],"gold_per_floor":[112,62,62,12,30,30,58,58,58,58,21,21,39,57,57,153,253,253,253],"floor_reached":18,"playtime":398,"items_purged":[],"score":268,"play_id":"ceca4848-2f0d-4910-8bbd-a59d44303f15","local_time":"20210102174108","is_ascension_mode":true,"campfire_choices":[{"data":"Eruption","floor":6,"key":"SMITH"},{"data":"Crescendo","floor":8,"key":"SMITH"},{"data":"SashWhip","floor":10,"key":"SMITH"},{"data":"Protect","floor":12,"key":"SMITH"},{"data":"FollowUp","floor":15,"key":"SMITH"}],"circlet_count":0,"master_deck":["Strike_P","Strike_P","Strike_P","Defend_P","Defend_P","Defend_P","Defend_P","Eruption+1","Vigilance","SashWhip+1","EmptyFist","Crescendo+1","Protect","Protect+1","FollowUp+1","Establishment"],"relics":["PureWater","NeowsBlessing","Replay:Baseball","hubris:TenFootPole","Eternal Feather","Replay:Wanted Poster"],"acts_visited":["Exordium","TheCity"],"potions_floor_usage":[16],"damage_taken":[{"damage":0,"enemies":"Small Slimes","floor":1,"turns":1},{"damage":0,"enemies":"2 Louse","floor":5,"turns":1},{"damage":0,"enemies":"Gremlin Nob","floor":7,"turns":1},{"damage":0,"enemies":"Cultist","floor":13,"turns":2},{"damage":17,"enemies":"Large Slime","floor":14,"turns":5},{"damage":0,"enemies":"Slime Boss","floor":16,"turns":9},{"damage":0,"enemies":"3 Byrds","floor":18,"turns":1}],"seed_played":"-8654816504505789957","potions_obtained":[{"floor":1,"key":"StancePotion"},{"floor":5,"key":"ColorlessPotion"},{"floor":14,"key":"SpeedPotion"}],"is_trial":false,"path_per_floor":["M","?","?","$","M","R","E","R","T","R","$","R","M","M","R","B",null,"M"],"character_chosen":"WATCHER","items_purchased":["SashWhip","Protect"],"campfire_rested":0,"item_purchase_floors":[4,11],"current_hp_per_floor":[72,72,72,72,72,72,72,72,72,72,72,72,72,55,64,64,72,72,72],"gold":253,"neow_bonus":"THREE_ENEMY_KILL","is_daily":false,"chose_seed":false,"campfire_upgraded":5,"win_rate":0.0,"timestamp":1609598468,"path_taken":["M","?","?","$","M","R","E","R","T","R","$","R","M","?","R","BOSS","M"],"items_purchased_type":["Card","Card"],"build_version":"2020-12-22","purchased_purges":0,"victory":false,"max_hp_per_floor":[72,72,72,72,72,72,72,72,72,72,72,72,72,72,72,72,72,72,72],"card_choices":[{"not_picked":["InnerPeace","Vengeance","Replay:BluntJabs"],"picked":"SKIP","floor":1},{"not_picked":["CutThroughFate","WheelKick"],"picked":"EmptyFist","floor":5},{"not_picked":["ClearTheMind","WaveOfTheHand"],"picked":"Crescendo","floor":7},{"not_picked":["Meditate","WreathOfFlame","Crescendo"],"picked":"SKIP","floor":13},{"not_picked":["MentalFortress","BowlingBash"],"picked":"FollowUp","floor":14},{"not_picked":["Blasphemy","Wish"],"picked":"Establishment","floor":16}],"player_experience":305161,"relics_obtained":[{"floor":7,"key":"hubris:TenFootPole"},{"floor":9,"key":"Eternal Feather"}],"event_choices":[{"cards_removed":["Strike_P"],"damage_healed":0,"gold_gain":0,"player_choice":"Card Removal","damage_taken":0,"max_hp_gain":0,"max_hp_loss":0,"event_name":"The Cleric","floor":2,"gold_loss":50},{"damage_healed":0,"gold_gain":0,"player_choice":"Gave Potion","damage_taken":0,"relics_obtained":["Replay:Baseball"],"max_hp_gain":0,"max_hp_loss":0,"event_name":"WeMeetAgain","floor":3,"gold_loss":0}],"is_beta":false,"boss_relics":[{"not_picked":["hubris:RunicObelisk","Runic Dome"],"picked":"Replay:Wanted Poster"}],"items_purged_floors":[],"is_endless":false,"potions_floor_spawned":[1,5,14],"killed_by":"3 Byrds","ascension_level":3}}