{"host":"4tvw26huhik99q5r","time":1609602584,"event":{"mods":["BaseMod","Colored Powertips","Custom Start","Friendly Minions","HornydragonMod","Kiyohime¡]²M®V¡^","Marisa¡]Ãú«B¡@Å]²z¨F¡^","Minty Spire (QoL Compilation)","StSLib","The Animator","The Servant 0.9.4","The Wild Card","Waifu the Spire"],"gold_per_floor":[421,433,459,471,496,537,584,596,635,674,720,750,762,794,806,892,904,927,989,1029,1053,1096,1138,1176,1217,1229,1241,1269,1310,1322,1361,1373,1459,1471,1496,1508,1534,1591,1628,1673,1712,1758,1770,1782,1827,1868,1906,1949,1961,1973,1985,1997,2009,999,1049,1104,1104,1104,1104,1179,1259,1259,1259,1259,1259],"floor_reached":64,"playtime":1357,"items_purged":[],"score":3836,"play_id":"facd522a-c26d-4f69-9aa2-8edac6651c54","local_time":"20210102234944","is_ascension_mode":true,"campfire_choices":[{"data":"1","floor":8,"key":"LIFT"},{"data":"2","floor":15,"key":"LIFT"},{"floor":27,"key":"RECALL"},{"data":"3","floor":30,"key":"LIFT"},{"floor":32,"key":"REST"},{"floor":44,"key":"REST"},{"floor":49,"key":"REST"},{"floor":53,"key":"REST"},{"floor":63,"key":"REST"}],"circlet_count":0,"master_deck":["After Image+1","After Image+1","After Image+1","Backstab+1","Grand Finale+1"],"relics":["animator:TheEruzaStone","animator:AncientMedallion"],"acts_visited":["Exordium","TheCity","TheBeyond","TheEnding","EYB:TheUnnamedReign"],"potions_floor_usage":[48,64,64],"damage_taken":[{"damage":0,"enemies":"Jaw Worm","floor":1,"turns":1},{"damage":0,"enemies":"2 Louse","floor":3,"turns":1},{"damage":0,"enemies":"Cultist","floor":5,"turns":1},{"damage":0,"enemies":"Lagavulin","floor":6,"turns":1},{"damage":0,"enemies":"3 Sentries","floor":7,"turns":1},{"damage":0,"enemies":"Gremlin Nob","floor":10,"turns":1},{"damage":0,"enemies":"3 Sentries","floor":11,"turns":1},{"damage":0,"enemies":"Exordium Thugs","floor":12,"turns":1},{"damage":0,"enemies":"Lots of Slimes","floor":14,"turns":1},{"damage":0,"enemies":"The Guardian","floor":16,"turns":1},{"damage":0,"enemies":"Chosen","floor":18,"turns":1},{"damage":0,"enemies":"Gremlin Leader","floor":20,"turns":1},{"damage":0,"enemies":"3 Byrds","floor":21,"turns":1},{"damage":0,"enemies":"Slavers","floor":22,"turns":1},{"damage":0,"enemies":"Book of Stabbing","floor":23,"turns":1},{"damage":0,"enemies":"Gremlin Leader","floor":25,"turns":1},{"damage":0,"enemies":"Snake Plant","floor":28,"turns":1},{"damage":0,"enemies":"Slavers","floor":29,"turns":1},{"damage":0,"enemies":"Book of Stabbing","floor":31,"turns":1},{"damage":0,"enemies":"Champ","floor":33,"turns":1},{"damage":0,"enemies":"Orb Walker","floor":35,"turns":1},{"damage":0,"enemies":"3 Shapes","floor":37,"turns":1},{"damage":0,"enemies":"2 Orb Walkers","floor":38,"turns":1},{"damage":0,"enemies":"Giant Head","floor":40,"turns":1},{"damage":0,"enemies":"Nemesis","floor":41,"turns":1},{"damage":0,"enemies":"Reptomancer","floor":42,"turns":1},{"damage":0,"enemies":"Giant Head","floor":45,"turns":1},{"damage":0,"enemies":"Nemesis","floor":46,"turns":1},{"damage":0,"enemies":"Giant Head","floor":47,"turns":1},{"damage":0,"enemies":"Nemesis","floor":48,"turns":1},{"damage":0,"enemies":"Awakened One","floor":50,"turns":2},{"damage":0,"enemies":"Donu and Deca","floor":51,"turns":1},{"damage":0,"enemies":"animator:UNNAMED_HAT","floor":55,"turns":1},{"damage":0,"enemies":"animator:UNNAMED_CULTIST_1","floor":56,"turns":1},{"damage":0,"enemies":"animator:UNNAMED_CULTIST_2","floor":60,"turns":1},{"damage":7,"enemies":"animator:LARGE_CRYSTAL","floor":61,"turns":1},{"damage":0,"enemies":"animator:ULTIMATE_WISP","floor":64,"turns":3}],"seed_played":"1844746064443741416","potions_obtained":[{"floor":10,"key":"FearPotion"},{"floor":11,"key":"Explosive Potion"},{"floor":20,"key":"Fire Potion"},{"floor":29,"key":"EntropicBrew"},{"floor":42,"key":"Fire Potion"},{"floor":45,"key":"CultistPotion"},{"floor":48,"key":"Fruit Juice"},{"floor":55,"key":"animator:FalseLifePotion"},{"floor":56,"key":"animator:FalseLifePotion"}],"is_trial":true,"path_per_floor":["M","?","M","?","M","E","E","R","T","E","E","M","T","M","R","B",null,"M","?","E","M","E","E","T","E","T","R","M","E","R","E","R","B",null,"M","?","M","?","T","E","E","E","T","R","E","E","E","E","R","B","B",null,"R","??","M","M","T","?","$","M","M","?","R","E"],"character_chosen":"THE_SILENT","items_purchased":[],"campfire_rested":5,"item_purchase_floors":[],"current_hp_per_floor":[77,77,79,79,80,90,95,95,95,98,103,105,105,110,110,113,113,114,114,117,120,125,128,128,131,131,131,132,137,137,154,156,159,159,160,152,155,159,159,162,165,168,168,170,173,176,179,187,189,193,195,195,197,93,93,93,93,93,93,93,86,86,93,93,93],"gold":1259,"neow_bonus":"","is_daily":false,"chose_seed":false,"campfire_upgraded":0,"win_rate":0.0,"timestamp":1609602584,"path_taken":["M","?","M","?","M","E","E","R","T","E","E","?","?","M","R","BOSS","M","?","?","M","?","E","?","E","T","R","?","E","R","E","R","BOSS","M","?","M","?","?","E","E","E","T","R","E","?","E","?","R","BOSS","BOSS","R","??","M","M","T","?","$","M","M","?","R","E"],"items_purchased_type":[],"build_version":"2020-12-22","purchased_purges":0,"victory":false,"max_hp_per_floor":[77,77,79,79,80,90,95,95,95,98,103,105,105,110,110,113,113,114,114,117,120,125,128,128,131,131,131,132,137,137,154,156,159,159,160,152,155,159,159,162,165,168,168,170,173,176,179,187,189,193,195,195,197,93,93,93,93,93,93,93,93,93,93,93,93],"card_choices":[{"not_picked":["Deflect","Bane+1","animator:Ciel"],"picked":"Singing Bowl","floor":6},{"not_picked":["animator:DolaStephanie","Predator+1","Tools of the Trade+1"],"picked":"Singing Bowl","floor":7},{"not_picked":["Cloak And Dagger","animator:YachiyoNanami+1","animator:Sloth+1"],"picked":"Singing Bowl","floor":10},{"not_picked":["animator:DolaRiku","animator:AcuraAkari","animator:Lu+1"],"picked":"Singing Bowl","floor":11},{"not_picked":["animator:Albedo+1","Grand Finale+1","Malaise"],"picked":"Singing Bowl","floor":16},{"not_picked":["animator:DolaCouronne","animator:Tet","Tactician"],"picked":"Singing Bowl","floor":20},{"not_picked":["animator:NarberalGamma","animator:Spearman+1","animator:Viivi+1"],"picked":"Singing Bowl","floor":22},{"not_picked":["animator:Elsword+1","Cloak And Dagger","animator:Laby+1"],"picked":"Singing Bowl","floor":23},{"not_picked":["animator:Aqua","animator:Arpeggio+1","animator:Guy"],"picked":"Singing Bowl","floor":25},{"not_picked":["animator:Illya","animator:Viivi+1","Night Terror","animator:Hakurou+1"],"picked":"Singing Bowl","floor":29},{"not_picked":["animator:YuiTsuruno+1","animator:MaesHughes","animator:LizardPriest","animator:Entoma+1"],"picked":"Singing Bowl","floor":31},{"not_picked":["PiercingWail","animator:Laby+1","Catalyst","animator:Tatsumaki"],"picked":"Singing Bowl","floor":32},{"not_picked":["Storm of Steel","animator:Elesis+1","animator:Gilgamesh+1","animator:Envy+1"],"picked":"Singing Bowl","floor":33},{"not_picked":["animator:Rena+1","Blade Dance","animator:Megumin+1","animator:Chung"],"picked":"Singing Bowl","floor":38},{"not_picked":["animator:Tatsumaki","Flechettes+1","animator:Berserker+1","animator:Kuribayashi+1"],"picked":"Singing Bowl","floor":40},{"not_picked":["Glass Knife+1","animator:PinaCoLada+1","animator:DolaCouronne","animator:Chung"],"picked":"Singing Bowl","floor":41},{"not_picked":["animator:Elsword+1","Bane+1","animator:Benimaru+1","animator:Kaijin+1"],"picked":"Singing Bowl","floor":42},{"not_picked":["animator:Mikaela+1","animator:DolaStephanie","animator:Benimaru+1","Deflect"],"picked":"Singing Bowl","floor":44},{"not_picked":["animator:ZankiKiguchi+1","animator:DolaStephanie","Slice+1","Outmaneuver"],"picked":"Singing Bowl","floor":45},{"not_picked":["animator:Shinoa","Deadly Poison+1","animator:HomuraAkemi","animator:Aisha+1"],"picked":"Singing Bowl","floor":46},{"not_picked":["Predator+1","animator:Yuuichirou+1","animator:DolaCouronne","Flying Knee+1"],"picked":"Singing Bowl","floor":47},{"not_picked":["animator:Vesta+1","animator:Add+1","Outmaneuver+1","animator:Darkness+1"],"picked":"Singing Bowl","floor":48},{"not_picked":["animator:ChaikaBohdan+1","animator:Demiurge+1","animator:Nanami+1","animator:Rena+1"],"picked":"Singing Bowl","floor":49},{"not_picked":["Underhanded Strike+1","animator:RoryMercury+1","animator:Shigure+1","animator:Kazuma+1"],"picked":"Singing Bowl","floor":53},{"not_picked":["Poisoned Stab","animator:RinTohsaka+1","Expertise"],"picked":"SKIP","floor":55},{"not_picked":["animator:Saber","animator:Caster","Expertise"],"picked":"SKIP","floor":56},{"not_picked":["animator:Togame","animator:Mitsuba+1","Flying Knee"],"picked":"SKIP","floor":60},{"not_picked":["animator:TukaLunaMarceau","Distraction","animator:Konayuki"],"picked":"SKIP","floor":61}],"player_experience":1048166,"relics_obtained":[{"floor":1,"key":"Nunchaku"},{"floor":3,"key":"CeramicFish"},{"floor":5,"key":"Bag of Preparation"},{"floor":6,"key":"Strawberry"},{"floor":7,"key":"Boot"},{"floor":9,"key":"Bottled Flame"},{"floor":10,"key":"Regal Pillow"},{"floor":11,"key":"Bottled Tornado"},{"floor":12,"key":"Vajra"},{"floor":13,"key":"PreservedInsect"},{"floor":13,"key":"Dream Catcher"},{"floor":14,"key":"InkBottle"},{"floor":18,"key":"Blue Candle"},{"floor":20,"key":"Turnip"},{"floor":21,"key":"CaptainsWheel"},{"floor":22,"key":"Whetstone"},{"floor":23,"key":"Toy Ornithopter"},{"floor":24,"key":"Akabeko"},{"floor":25,"key":"Mercury Hourglass"},{"floor":26,"key":"Question Card"},{"floor":28,"key":"Eternal Feather"},{"floor":29,"key":"Bronze Scales"},{"floor":31,"key":"Mango"},{"floor":35,"key":"Darkstone Periapt"},{"floor":37,"key":"HornCleat"},{"floor":38,"key":"StoneCalendar"},{"floor":39,"key":"Omamori"},{"floor":40,"key":"Ancient Tea Set"},{"floor":41,"key":"Potion Belt"},{"floor":42,"key":"Sundial"},{"floor":43,"key":"White Beast Statue"},{"floor":45,"key":"Lantern"},{"floor":46,"key":"Happy Flower"},{"floor":47,"key":"Paper Crane"},{"floor":48,"key":"Toxic Egg 2"},{"floor":54,"key":"animator:TheEruzaStone"},{"floor":54,"key":"animator:AncientMedallion"},{"floor":57,"key":"animator:AncientMedallion"}],"event_choices":[{"damage_healed":0,"gold_gain":0,"player_choice":"Leave","damage_taken":0,"max_hp_gain":0,"max_hp_loss":0,"event_name":"The Cleric","floor":2,"gold_loss":0},{"damage_healed":0,"gold_gain":0,"player_choice":"Ignored","damage_taken":0,"max_hp_gain":0,"max_hp_loss":0,"event_name":"Liars Game","floor":4,"gold_loss":0},{"damage_healed":0,"gold_gain":100,"player_choice":"Bet on Murderer","damage_taken":0,"max_hp_gain":0,"max_hp_loss":0,"event_name":"The Joust","floor":19,"gold_loss":50},{"damage_healed":0,"gold_gain":0,"player_choice":"Max HP","damage_taken":0,"max_hp_gain":0,"max_hp_loss":8,"event_name":"Winding Halls","floor":36,"gold_loss":0},{"damage_healed":0,"gold_gain":0,"player_choice":"Fight","damage_taken":0,"max_hp_gain":0,"max_hp_loss":0,"event_name":"Mysterious Sphere","floor":38,"gold_loss":0}],"is_beta":false,"boss_relics":[{"not_picked":["Fusion Hammer","Sozu"],"picked":"WristBlade"},{"not_picked":["HoveringKite","Runic Pyramid"],"picked":"SlaversCollar"}],"items_purged_floors":[],"is_endless":false,"potions_floor_spawned":[10,11,14,16,20,25,28,29,31,35,37,42,45,46,47,48,56,60],"killed_by":"animator:ULTIMATE_WISP","ascension_level":20}}