{"host":"1tl36azeqm6yhdgj","time":1609628190,"event":{"mods":["AchievementEnabler","BaseMod","Minty Spire (QoL Compilation)","StSLib","The IronCluck","everything is the same but u backflip on backflip"],"gold_per_floor":[119,44,56,68,13,48,58,91,91,91,118,128,128,128,128,202,202,212,212,1,1,1,1,1],"floor_reached":23,"playtime":861,"items_purged":["Strike_R"],"score":452,"play_id":"b30b00ab-430c-4d8e-9405-df1b43e9b4c4","local_time":"20210102175630","is_ascension_mode":true,"campfire_choices":[{"data":"Double Tap","floor":10.0,"key":"SMITH"},{"floor":13.0,"key":"REST"},{"data":"Corruption","floor":15.0,"key":"SMITH"}],"circlet_count":0,"master_deck":["AscendersBane","Strike_R","Strike_R","Strike_R","Strike_R","Defend_R","Defend_R","Defend_R","Defend_R","Bash","Anger","Carnage","Headbutt","Flex","Clash","Body Slam","Cleave","Thunderclap","Double Tap+1","Fiend Fire","Disarm","Shrug It Off","Seeing Red","Corruption+1","Feed","Feel No Pain","Writhe","Decay"],"relics":["Black Blood","Prayer Wheel","Sundial","Charon\u0027s Ashes","Eternal Feather","Letter Opener","Juzu Bracelet","CaptainsWheel"],"acts_visited":["Exordium","TheCity"],"potions_floor_usage":[16],"damage_taken":[{"damage":7.0,"enemies":"Cultist","floor":1.0,"turns":4.0},{"damage":3.0,"enemies":"2 Louse","floor":3.0,"turns":2.0},{"damage":7.0,"enemies":"Jaw Worm","floor":4.0,"turns":2.0},{"damage":30.0,"enemies":"Lagavulin","floor":6.0,"turns":6.0},{"damage":16.0,"enemies":"Blue Slaver","floor":7.0,"turns":3.0},{"damage":0.0,"enemies":"Gremlin Nob","floor":8.0,"turns":2.0},{"damage":25.0,"enemies":"3 Sentries","floor":11.0,"turns":5.0},{"damage":0.0,"enemies":"Large Slime","floor":12.0,"turns":1.0},{"damage":23,"enemies":"Slime Boss","floor":16,"turns":7},{"damage":28,"enemies":"2 Thieves","floor":18,"turns":3},{"damage":52,"enemies":"Book of Stabbing","floor":23,"turns":5}],"seed_played":"7922807215693438143","potions_obtained":[{"floor":6.0,"key":"AttackPotion"},{"floor":7.0,"key":"DuplicationPotion"},{"floor":11.0,"key":"FearPotion"}],"is_trial":false,"path_per_floor":["M","$","M","M","$","E","M","E","T","R","E","M","R","?","R","B",null,"M","?","$","?","?","E"],"character_chosen":"IRONCLAD","items_purchased":["Block Potion","Juzu Bracelet","Feel No Pain"],"campfire_rested":1,"item_purchase_floors":[5,20,20],"current_hp_per_floor":[67,67,68,67,67,43,33,39,39,39,20,26,58,58,68,51,64,48,48,48,48,48,0,0],"gold":1,"neow_bonus":"ONE_RARE_RELIC","is_daily":false,"chose_seed":false,"campfire_upgraded":2,"win_rate":0.0,"timestamp":1609628190,"path_taken":["M","?","?","M","$","E","M","E","T","R","E","M","R","?","R","BOSS","M","?","$","?","?","E"],"items_purchased_type":["Potion","Relic","Card"],"build_version":"2020-12-22","purchased_purges":1,"victory":false,"max_hp_per_floor":[68,68,68,68,68,68,68,68,68,68,68,68,68,68,68,68,68,68,68,68,68,68,68,68],"card_choices":[{"not_picked":["True Grit","Wild Strike"],"picked":"Anger","floor":1.0},{"not_picked":["Twin Strike","Anger"],"picked":"Carnage","floor":1.0},{"not_picked":["Second Wind","Anger"],"picked":"Headbutt","floor":3.0},{"not_picked":["Evolve","Uppercut"],"picked":"Flex","floor":3.0},{"not_picked":["Body Slam","Anger"],"picked":"Clash","floor":4.0},{"not_picked":["Second Wind","Sword Boomerang"],"picked":"Body Slam","floor":4.0},{"not_picked":["Twin Strike","Heavy Blade"],"picked":"Cleave","floor":6.0},{"not_picked":["Bloodletting","Pommel Strike"],"picked":"Thunderclap","floor":7.0},{"not_picked":["Blood for Blood","Anger"],"picked":"Double Tap","floor":7.0},{"not_picked":["Flex","Wild Strike"],"picked":"Fiend Fire","floor":8.0},{"not_picked":["Havoc","Clash"],"picked":"Disarm","floor":11.0},{"not_picked":["Body Slam","True Grit"],"picked":"Shrug It Off","floor":12.0},{"not_picked":["Pommel Strike","Cleave","Anger"],"picked":"SKIP","floor":12.0},{"not_picked":["Limit Break","Reaper"],"picked":"Feed","floor":16},{"not_picked":["Pommel Strike","Carnage","Combust"],"picked":"SKIP","floor":18},{"not_picked":["Sword Boomerang","Twin Strike+1","Pommel Strike"],"picked":"SKIP","floor":18}],"player_experience":1997582,"relics_obtained":[{"floor":6.0,"key":"Sundial"},{"floor":8.0,"key":"Charon\u0027s Ashes"},{"floor":11.0,"key":"Eternal Feather"}],"event_choices":[{"damage_healed":0.0,"max_hp_gain":0.0,"max_hp_loss":0.0,"gold_gain":0.0,"event_name":"Match and Keep!","player_choice":"2 cards matched","floor":14.0,"gold_loss":0.0,"damage_taken":0.0,"cards_obtained":["Seeing Red","Corruption"]},{"damage_healed":0,"gold_gain":0,"player_choice":"Gave Potion","damage_taken":0,"relics_obtained":["Letter Opener"],"max_hp_gain":0,"max_hp_loss":0,"event_name":"WeMeetAgain","floor":19,"gold_loss":0},{"damage_healed":0,"gold_gain":0,"player_choice":"Opened","damage_taken":0,"relics_obtained":["CaptainsWheel"],"max_hp_gain":0,"max_hp_loss":0,"event_name":"The Mausoleum","floor":21,"gold_loss":0,"cards_obtained":["Writhe"]},{"damage_healed":0,"gold_gain":0,"player_choice":"Smashed Altar","damage_taken":0,"max_hp_gain":0,"max_hp_loss":0,"event_name":"Forgotten Altar","floor":22,"gold_loss":0,"cards_obtained":["Decay"]}],"is_beta":false,"boss_relics":[{"not_picked":["Ectoplasm","Calling Bell"],"picked":"Black Blood"}],"items_purged_floors":[2],"is_endless":false,"potions_floor_spawned":[6,7,11,12],"killed_by":"Book of Stabbing","ascension_level":19}}