{"host":"hfcva6mq15ctj0gu","time":1609598214,"event":{"mods":["Abigail Mod","AchievementEnabler","Act Like it!","Alarm Clock","BaseMod","Better Altar","Better Match","Better Note","Better Skull","Better Third Choice","BetterRewards","CapriCore","Card Forge","Colored Map","Curses Come First","Disable Question Mark Monsters","Displayed Cursed Tome","Emptier Cage","FoggyMod","Friendly Minions","Gold Saver","Grow up Mod","Highlight Path","Kiyohime????","Kratos Character Expansion","Marisa????????","Minty Spire (QoL Compilation)","Permanent Neow","Reimu??????","Remilia??????","Shade Mod","Shop Mod","StSLib","The Immortal","The Servant 0.9.4","The Vixen","Transform Curses","Virulent Crown","Yakumo Yukari mod","????"],"gold_per_floor":[1366,1366,1366,1666,1666,1693,1709,1725,1725,1753,1753,1778,1215,1180,1180,1311,1311,1336,1336,1336,1336,1336,1374,1374,1417,1486,1079,1114,1141,1165,1200,1200,1331,1331,1344,1344,643,643,716,752,752,796,819,833,898,898,945,945,492,492,492,25,54,93,93],"floor_reached":56,"playtime":2899,"items_purged":[],"score":1834,"play_id":"50fe00a0-c9ce-414f-a786-efaea70da5c1","local_time":"20210102153654","is_ascension_mode":false,"campfire_choices":[{"data":"1","floor":15,"key":"LIFT"},{"floor":24,"key":"RECALL"},{"data":"2","floor":32,"key":"LIFT"},{"data":"3","floor":41,"key":"LIFT"}],"circlet_count":0,"master_deck":["Zap+1","Dualcast+1","Double Energy+1","Redo+1","Capacitor+1","Self Repair+1","Thunder Strike+1","Loop+1","Force Field+1","Defragment+1","Coolheaded+1","Hologram+1","Double Energy+1","Amplify+1","Machine Learning+1","Blizzard+1","Loop+1","Ball Lightning+1","Barrage+1","Hello World+1","Cold Snap+1","Glacier+1","Dark Shackles+1","Echo Form+1","Hologram+1"],"relics":["Cracked Core","Hammer of Thor","Seething Fire","Anvil of the Gods","Sling","MerchantsRug","Tiny Chest","Mastiff:ReiMu","KratosMod:amulet","Happy Flower","KratosMod:chalice","FrozenCore","TungstenRod","Golden Idol","Nunchaku","KratosMod:minohorn","Bottled Tornado","Fusion Hammer","NlothsMask","PreservedInsect","Red Mask","Letter Opener","Medical Kit","Bronze Scales","Anchor","Philosopher\u0027s Stone","HandDrill","Thread and Needle","Gremlin Horn","Ornamental Fan","Gambling Chip","RuthlessExorcism:ReiMu","Lizard Tail","Orichalcum","Vajra","Blood Vial","Unceasing Top","Bottled Lightning","ScarletDevilRocket"],"acts_visited":["Exordium","TheCity","TheBeyond","TheEnding"],"potions_floor_usage":[18,25,35,50],"damage_taken":[{"damage":0,"enemies":"Cultist","floor":1,"turns":2},{"damage":6,"enemies":"Lagavulin","floor":6,"turns":6},{"damage":2,"enemies":"Jaw Worm","floor":7,"turns":2},{"damage":3,"enemies":"Small Slimes","floor":8,"turns":3},{"damage":0,"enemies":"Gremlin Nob","floor":10,"turns":3},{"damage":102,"enemies":"Hexaghost","floor":16,"turns":11},{"damage":0,"enemies":"Spheric Guardian","floor":18,"turns":3},{"damage":6,"enemies":"Book of Stabbing","floor":23,"turns":4},{"damage":16,"enemies":"Masked Bandits","floor":25,"turns":4},{"damage":3,"enemies":"Gremlin Leader","floor":28,"turns":6},{"damage":7,"enemies":"2 Thieves","floor":30,"turns":3},{"damage":0,"enemies":"Book of Stabbing","floor":31,"turns":3},{"damage":0,"enemies":"Collector","floor":33,"turns":8},{"damage":0,"enemies":"Orb Walker","floor":35,"turns":3},{"damage":0,"enemies":"Giant Head","floor":40,"turns":3},{"damage":0,"enemies":"Reptomancer","floor":42,"turns":3},{"damage":0,"enemies":"3 Shapes","floor":44,"turns":2},{"damage":10,"enemies":"2 Orb Walkers","floor":45,"turns":3},{"damage":28,"enemies":"Awakened One","floor":50,"turns":6},{"damage":0,"enemies":"Shield and Spear","floor":54,"turns":4},{"damage":4,"enemies":"The Heart","floor":55,"turns":6}],"seed_played":"-789197250983892444","potions_obtained":[{"floor":6,"key":"Fire Potion"},{"floor":8,"key":"DistilledChaos"},{"floor":10,"key":"PowerPotion"},{"floor":18,"key":"Ancient Potion"},{"floor":20,"key":"SkillPotion"},{"floor":28,"key":"SmokeBomb"},{"floor":31,"key":"SpeedPotion"},{"floor":33,"key":"Explosive Potion"},{"floor":42,"key":"SpeedPotion"},{"floor":45,"key":"DuplicationPotion"},{"floor":49,"key":"SkillPotion"},{"floor":49,"key":"FairyPotion"}],"is_trial":false,"path_per_floor":["M","?","?","?","T","E","M","M","T","E","?","T","$","?","R","B",null,"M","?","?","T","?","E","R","?","T","$","E","T","M","E","R","B",null,"M","?","$","?","T","E","R","E","T","M","?","?","T","T","R","B",null,"R","$","E","B",null],"character_chosen":"DEFECT","items_purchased":["Sling","MerchantsRug","Tiny Chest","Mastiff:ReiMu","KratosMod:minohorn","Self Repair","Bottled Tornado","Prayer Wheel","Medical Kit","Singing Bowl","HandDrill","Thread and Needle","Loop","Vajra","Blood Vial","Cauldron","Unceasing Top","Dark Shackles","DuplicationPotion","Bottled Lightning","Echo Form"],"campfire_rested":0,"item_purchase_floors":[0,0,0,0,13,13,13,27,27,37,37,37,37,49,49,49,52,52,52,53,53],"current_hp_per_floor":[48,58,68,78,88,92,100,107,117,127,137,147,173,225,235,154,255,265,275,285,295,277,292,302,307,317,343,361,371,385,395,405,415,425,435,445,455,465,475,485,495,505,515,525,535,545,555,565,575,578,595,605,615,625,645],"gold":93,"neow_bonus":"","is_daily":false,"chose_seed":false,"campfire_upgraded":0,"win_rate":0.0,"timestamp":1609598214,"path_taken":["M","?","?","?","?","E","?","?","T","E","?","?","$","?","R","BOSS","M","?","?","?","?","E","R","?","T","?","E","?","?","E","R","BOSS","M","?","$","?","?","E","R","E","T","?","?","?","?","?","R","BOSS","R","$","E","BOSS"],"items_purchased_type":["Relic","Relic","Relic","Relic","Relic","Card","Relic","Relic","Relic","Relic","Relic","Relic","Card","Relic","Relic","Relic","Relic","Card","Potion","Relic","Card"],"build_version":"2020-12-22","purchased_purges":0,"victory":true,"max_hp_per_floor":[95,105,115,125,135,145,155,165,175,185,195,205,215,225,235,245,255,265,275,285,295,305,315,325,335,345,355,365,375,385,395,405,415,425,435,445,455,465,475,485,495,505,515,525,535,545,555,565,575,585,595,605,615,625,645],"card_choices":[{"not_picked":["Hologram","Rip and Tear","Blizzard"],"picked":"SKIP","floor":1},{"not_picked":["Rebound","Auto Shields","Sunder"],"picked":"SKIP","floor":6},{"not_picked":["Lockon","Barrage"],"picked":"Double Energy","floor":7},{"not_picked":["Gash","Skim"],"picked":"Redo","floor":8},{"not_picked":["Conserve Battery","Skim"],"picked":"Capacitor","floor":10},{"not_picked":["Seek","Fission"],"picked":"Thunder Strike","floor":16},{"not_picked":["Barrage","Gash"],"picked":"Loop","floor":18},{"not_picked":["Biased Cognition","Auto Shields"],"picked":"Force Field","floor":23},{"not_picked":["Undo","Doom and Gloom+1"],"picked":"Defragment","floor":25},{"not_picked":["Conserve Battery","Cold Snap"],"picked":"Coolheaded+1","floor":28},{"not_picked":["Gash+1","Force Field"],"picked":"Hologram+1","floor":30},{"not_picked":["Rip and Tear","Defragment"],"picked":"Double Energy","floor":30},{"not_picked":["Ball Lightning","Rebound"],"picked":"Amplify","floor":31},{"not_picked":["Biased Cognition","Fission"],"picked":"Machine Learning","floor":33},{"not_picked":["Force Field+1","Conserve Battery+1"],"picked":"Blizzard","floor":35},{"not_picked":["Hologram","Defragment","Aggregate+1"],"picked":"SKIP","floor":35},{"not_picked":["Barrage+1","Capacitor+1"],"picked":"Ball Lightning+1","floor":40},{"not_picked":["Beam Cell","Multi-Cast"],"picked":"Barrage+1","floor":42},{"not_picked":["Tempest","Conserve Battery+1"],"picked":"Hello World+1","floor":44},{"not_picked":["Hologram+1","Capacitor+1"],"picked":"Cold Snap","floor":44},{"not_picked":["Beam Cell","Auto Shields"],"picked":"Glacier+1","floor":45},{"not_picked":["Leap+1","Coolheaded"],"picked":"Hologram+1","floor":54}],"player_experience":80374,"relics_obtained":[{"floor":6,"key":"MealTicket"},{"floor":9,"key":"TungstenRod"},{"floor":10,"key":"Ancient Tea Set"},{"floor":12,"key":"Nunchaku"},{"floor":23,"key":"PreservedInsect"},{"floor":25,"key":"Red Mask"},{"floor":26,"key":"Letter Opener"},{"floor":28,"key":"PureWhite:ReiMu"},{"floor":29,"key":"Bronze Scales"},{"floor":31,"key":"Anchor"},{"floor":39,"key":"Gremlin Horn"},{"floor":40,"key":"Ornamental Fan"},{"floor":42,"key":"Gambling Chip"},{"floor":43,"key":"RuthlessExorcism:ReiMu"},{"floor":45,"key":"Lizard Tail"},{"floor":47,"key":"Orichalcum"},{"floor":48,"key":"Meat on the Bone"},{"floor":54,"key":"ScarletDevilRocket"}],"event_choices":[{"damage_healed":58,"gold_gain":0,"player_choice":"Leave","damage_taken":0,"max_hp_gain":0,"max_hp_loss":105,"event_name":"betterThird:BetterShining","floor":3,"gold_loss":0},{"cards_removed":["Ball Lightning"],"damage_healed":0,"gold_gain":0,"player_choice":"Gave Card","damage_taken":0,"relics_obtained":["Old Coin"],"max_hp_gain":0,"max_hp_loss":0,"event_name":"WeMeetAgain","floor":4,"gold_loss":0},{"damage_healed":0,"gold_gain":0,"player_choice":"Take Wound","damage_taken":0,"relics_obtained":["Golden Idol"],"max_hp_gain":0,"max_hp_loss":0,"event_name":"Golden Idol","floor":11,"gold_loss":0,"cards_obtained":["Injury"]},{"damage_healed":53,"gold_gain":0,"player_choice":"Healed","damage_taken":0,"max_hp_gain":0,"max_hp_loss":0,"event_name":"The Cleric","floor":14,"gold_loss":35},{"damage_healed":0,"gold_gain":0,"player_choice":"Trade","damage_taken":0,"relics_obtained":["NlothsMask"],"max_hp_gain":0,"max_hp_loss":0,"event_name":"FaceTrader","floor":19,"gold_loss":0},{"damage_healed":0,"gold_gain":0,"player_choice":"Got Potions","damage_taken":0,"max_hp_gain":0,"max_hp_loss":0,"event_name":"Lab","floor":20,"gold_loss":0},{"damage_healed":0,"gold_gain":0,"player_choice":"Damaged","damage_taken":29,"max_hp_gain":0,"max_hp_loss":0,"event_name":"Wheel of Change","floor":22,"gold_loss":0},{"damage_healed":0,"gold_gain":0,"player_choice":"Fought Bandits","damage_taken":0,"max_hp_gain":0,"max_hp_loss":0,"event_name":"Masked Bandits","floor":25,"gold_loss":0},{"cards_removed":["Strike_B"],"damage_healed":0,"gold_gain":0,"player_choice":"Removed Attack","damage_taken":0,"max_hp_gain":0,"max_hp_loss":0,"event_name":"Falling","floor":36,"gold_loss":0},{"damage_healed":0,"gold_gain":0,"player_choice":"Ignored","damage_taken":0,"max_hp_gain":0,"max_hp_loss":0,"event_name":"Tomb of Lord Red Mask","floor":38,"gold_loss":0},{"damage_healed":0,"gold_gain":0,"player_choice":"Fight","damage_taken":0,"max_hp_gain":0,"max_hp_loss":0,"event_name":"Mysterious Sphere","floor":45,"gold_loss":0},{"damage_healed":0,"gold_gain":0,"player_choice":"Ignored","damage_taken":0,"max_hp_gain":0,"max_hp_loss":0,"event_name":"The Moai Head","floor":46,"gold_loss":0}],"is_beta":false,"boss_relics":[{"not_picked":["Runic Pyramid","Busted Crown"],"picked":"Fusion Hammer"},{"not_picked":["Cursed Key","Empty Cage"],"picked":"Philosopher\u0027s Stone"}],"items_purged_floors":[],"is_endless":false,"potions_floor_spawned":[6,8,10,18,28,31,33,42,45],"ascension_level":0}}