{"host":"dntw6kil9p09eemm","time":1609631316,"event":{"mods":["Alarm Clock","Aspiration","BaseMod","Downfall","Hermit","Hubris","Minty Spire (QoL Compilation)","Permanent Neow","Replay The Spire","Shop Mod","StSLib","The Runesmith"],"gold_per_floor":[118,118,134,134,151,176,176,211,211,227,227,241,241,109,109,206,206,220,230,230,246,261,289,184,184,207,218,232,247,260,25,25,127,127,143,143,143,160,174,174,227,227,227,240,240,240,240,147,147,147,147,147],"floor_reached":50,"playtime":3101,"items_purged":["Injury","hexamod:Defend","hexamod:Strike"],"score":474,"play_id":"451e3ad6-fb29-45bd-9989-24bc50b18776","local_time":"20210103084836","is_ascension_mode":false,"campfire_choices":[{"floor":13.0,"key":"REST"},{"data":"hexamod:Defend","floor":15.0,"key":"PURGE"},{"data":"hexamod:FastForward","floor":25.0,"key":"SMITH"},{"floor":32.0,"key":"REST"},{"floor":40.0,"key":"REST"},{"floor":42.0,"key":"REST"},{"floor":47.0,"key":"REST"},{"floor":49.0,"key":"DIG"}],"circlet_count":0,"master_deck":["hexamod:Strike","hexamod:Strike","hexamod:Strike","hexamod:Defend+1","hexamod:Sear","hexamod:Float+1","hexamod:TimeWarp+1","hexamod:CatchUp","hexamod:FastForward+1","hexamod:FastForward","hexamod:WildfireWeapon","hexamod:ThermalTransfer+1","hexamod:GhostflameInferno+1","hexamod:GhostOfSpireFuture","hexamod:SpectralSpark","hexamod:ExtraCrispy+1","hexamod:ThermalTransfer+1","hexamod:HexaLevel","hexamod:TimeOfNeed","hexamod:PhantomFireball+1"],"relics":["hexamod:SpiritBrand","Molten Egg 2","HornCleat","Boot","hubris:EvacipatedBox","MerchantsRug","expansioncontent:StudyCardRelic","hubris:FunFungus","Sozu","Ginger","War Paint"],"acts_visited":["Exordium","TheCity","TheBeyond"],"potions_floor_usage":[],"damage_taken":[{"damage":0.0,"enemies":"2 Louse","floor":1.0,"turns":2.0},{"damage":5.0,"enemies":"Jaw Worm","floor":3.0,"turns":3.0},{"damage":0.0,"enemies":"Cultist","floor":5.0,"turns":3.0},{"damage":22.0,"enemies":"Gremlin Nob","floor":6.0,"turns":4.0},{"damage":6.0,"enemies":"Replay:BlueRogue","floor":8.0,"turns":6.0},{"damage":0.0,"enemies":"Blue Slaver","floor":10.0,"turns":3.0},{"damage":0.0,"enemies":"2 Fungi Beasts","floor":12.0,"turns":3.0},{"damage":10.0,"enemies":"Slime Boss","floor":16.0,"turns":6.0},{"damage":5.0,"enemies":"2 Thieves","floor":18.0,"turns":3.0},{"damage":0.0,"enemies":"3 Byrds","floor":19.0,"turns":3.0},{"damage":3.0,"enemies":"Snake Plant","floor":21.0,"turns":3.0},{"damage":6.0,"enemies":"Centurion and Healer","floor":22.0,"turns":5.0},{"damage":16.0,"enemies":"Slavers","floor":23.0,"turns":6.0},{"damage":0.0,"enemies":"Snecko","floor":27.0,"turns":3.0},{"damage":4.0,"enemies":"Chosen and Byrds","floor":28.0,"turns":4.0},{"damage":4.0,"enemies":"Cultist and Chosen","floor":29.0,"turns":3.0},{"damage":8.0,"enemies":"Centurion and Healer","floor":30.0,"turns":6.0},{"damage":45.0,"enemies":"Champ","floor":33.0,"turns":9.0},{"damage":20.0,"enemies":"3 Darklings","floor":35.0,"turns":4.0},{"damage":4.0,"enemies":"3 Shapes","floor":38.0,"turns":3.0},{"damage":15.0,"enemies":"Writhing Mass","floor":39.0,"turns":4.0},{"damage":41.0,"enemies":"2 Orb Walkers","floor":41.0,"turns":4.0},{"damage":1.0,"enemies":"Maw","floor":44.0,"turns":5.0},{"damage":73,"enemies":"Time Eater","floor":50,"turns":6}],"seed_played":"-6290827544290581815","potions_obtained":[{"floor":3.0,"key":"Block Potion"},{"floor":8.0,"key":"Adrenaline Potion"},{"floor":10.0,"key":"DistilledChaos"},{"floor":16.0,"key":"Slimebound:ThreeZeroPotion"},{"floor":19.0,"key":"SmokeBomb"},{"floor":22.0,"key":"EssenceOfSteel"},{"floor":28.0,"key":"Explosive Potion"},{"floor":30.0,"key":"BlessingOfTheForge"}],"is_trial":false,"path_per_floor":["M","?","M","?","M","E","?","E","T","M","$","M","R","$","R","B",null,"M","M","?","M","M","E","$","R","T","M","M","M","M","$","R","B",null,"M","?","?","M","M","R","?","R","T","M","?","?","R","$","R","B"],"character_chosen":"THE_SPIRIT","items_purchased":["hubris:EvacipatedBox","MerchantsRug","hexamod:GhostOfSpireFuture","hexamod:SpectralSpark","hubris:FunFungus","hexamod:PhantomFireball+1"],"campfire_rested":5,"item_purchase_floors":[11,14,24,24,31,48],"current_hp_per_floor":[70,70,65,65,65,43,50,44,44,44,20,20,41,41,41,31,70,65,65,65,62,56,40,40,40,40,40,36,32,24,39,60,15,70,50,50,50,46,32,53,13,34,34,33,33,33,54,69,69,0,0,0],"gold":147,"neow_bonus":"REMOVE_CARD","is_daily":false,"chose_seed":false,"campfire_upgraded":1,"win_rate":0.0,"timestamp":1609631316,"path_taken":["M","?","M","?","M","E","?","E","T","M","?","M","R","$","R","BOSS","M","M","?","M","M","E","$","R","T","M","M","M","M","$","R","BOSS","M","?","?","M","M","R","?","R","T","M","?","?","R","$","R","BOSS"],"items_purchased_type":["Relic","Relic","Card","Card","Relic","Card"],"build_version":"2020-12-22","purchased_purges":3,"victory":false,"max_hp_per_floor":[70,70,70,70,70,70,70,70,70,70,70,70,70,70,70,70,70,70,70,70,70,70,70,70,70,70,70,70,70,70,70,70,70,70,70,70,70,70,70,70,70,70,70,70,70,70,70,70,70,70,70,70],"card_choices":[{"not_picked":["hexamod:NightmareGuise","hexamod:RecurringNightmare","hexamod:InspiringFlames"],"picked":"SKIP","floor":1.0},{"not_picked":["hexamod:NightmareStrike+1","hexamod:Hexaguard","hexamod:Firestarter+1"],"picked":"SKIP","floor":3.0},{"not_picked":["hexamod:Firestarter+1","hexamod:InspiringFlames"],"picked":"hexamod:TimeWarp+1","floor":5.0},{"not_picked":["hexamod:Firestarter+1","hexamod:NightmareStrike+1"],"picked":"hexamod:CatchUp","floor":6.0},{"not_picked":["hexamod:SpectersWail+1","hexamod:GhostOfSpirePast","hexamod:GhostShield"],"picked":"SKIP","floor":8.0},{"not_picked":["hexamod:SkipABeat","hexamod:EtherealExpedition"],"picked":"hexamod:FastForward","floor":10.0},{"not_picked":["hexamod:SpectersWail+1","hexamod:NightmareGuise"],"picked":"hexamod:FastForward","floor":12.0},{"not_picked":["hexamod:FifthSeal","hexamod:TurnItUp"],"picked":"hexamod:WildfireWeapon","floor":16.0},{"not_picked":["hexamod:SecondSeal","hexamod:ShieldOfDarkness"],"picked":"hexamod:ThermalTransfer+1","floor":18.0},{"not_picked":["hexamod:ChargedBarrage+1","hexamod:SwordOfDarkness+1","hexamod:NightmareGuise"],"picked":"SKIP","floor":19.0},{"not_picked":["hexamod:NightmareGuise","hexamod:GhostLash+1","hexamod:Hexaguard"],"picked":"SKIP","floor":21.0},{"not_picked":["hexamod:Hexaguard","hexamod:GhostShield","hexamod:FastForward"],"picked":"SKIP","floor":22.0},{"not_picked":["hexamod:SecondSeal","hexamod:Incineration+1"],"picked":"hexamod:GhostflameInferno","floor":23.0},{"not_picked":["hexamod:ChargedBarrage","hexamod:NightmareStrike+1"],"picked":"hexamod:ExtraCrispy+1","floor":27.0},{"not_picked":["hexamod:SwordOfDarkness+1","hexamod:AdvancingGuard"],"picked":"hexamod:ThermalTransfer+1","floor":28.0},{"not_picked":["hexamod:ChargedBarrage","hexamod:ThirdSeal","hexamod:GhostShield"],"picked":"SKIP","floor":29.0},{"not_picked":["hexamod:HauntingEcho+1","hexamod:Hexaguard","hexamod:SecondSeal"],"picked":"SKIP","floor":30.0},{"not_picked":["hexamod:TurnItUp","hexamod:CrushingStance+1"],"picked":"hexamod:HexaLevel","floor":33.0},{"not_picked":["hexamod:InspiringFlames","hexamod:RainOfEmbers+1","hexamod:PhantomCloak+1"],"picked":"SKIP","floor":35.0},{"not_picked":["hexamod:BurningTouch","hexamod:ShieldOfDarkness","hexamod:FastForward+1"],"picked":"SKIP","floor":38.0},{"not_picked":["hexamod:ThirdSeal","hexamod:Hexaguard"],"picked":"hexamod:TimeOfNeed","floor":39.0},{"not_picked":["hexamod:DynamicBlow+1","hexamod:FastForward+1","hexamod:Again"],"picked":"SKIP","floor":44.0}],"player_experience":531353,"relics_obtained":[{"floor":6.0,"key":"HornCleat"},{"floor":8.0,"key":"Boot"},{"floor":9.0,"key":"Nunchaku"},{"floor":23.0,"key":"Runesmith:AutoHammer"},{"floor":26.0,"key":"MealTicket"},{"floor":41.0,"key":"Ginger"},{"floor":43.0,"key":"Blue Doll"},{"floor":49.0,"key":"War Paint"}],"event_choices":[{"damage_healed":0.0,"max_hp_gain":0.0,"max_hp_loss":0.0,"gold_gain":0.0,"event_name":"Shining Light","player_choice":"Ignored","floor":4.0,"gold_loss":0.0,"damage_taken":0.0},{"damage_healed":0.0,"max_hp_gain":0.0,"max_hp_loss":0.0,"gold_gain":0.0,"event_name":"Tomb of Lord Red Mask","player_choice":"Ignored","floor":36.0,"gold_loss":0.0,"damage_taken":0.0},{"damage_healed":0.0,"max_hp_gain":0.0,"max_hp_loss":0.0,"gold_gain":0.0,"event_name":"Mysterious Sphere","player_choice":"Fight","floor":41.0,"gold_loss":0.0,"damage_taken":0.0},{"damage_healed":0.0,"max_hp_gain":0.0,"max_hp_loss":0.0,"gold_gain":0.0,"event_name":"SensoryStone","player_choice":"Memory 1","floor":46.0,"gold_loss":0.0,"damage_taken":0.0}],"is_beta":false,"boss_relics":[{"not_picked":["aspiration:SecretTechniqueScroll","aspiration:RitualDagger","Runic Dome"],"picked":"expansioncontent:StudyCardRelic"},{"not_picked":["Replay:Grab Bag","SlaversCollar","ChewingGum"],"picked":"Sozu"}],"items_purged_floors":[11,14,48],"is_endless":false,"potions_floor_spawned":[3,8,10,12,16,19,22,28,30,39],"killed_by":"Time Eater","ascension_level":0}}