{"host":"y3ukzuzbm6pszj00","time":1609556794,"event":{"mods":["A Magickal Journey","Astrologer","Bard","BaseMod","Downfall","Hubris","Minty Spire (QoL Compilation)","Quick Restart","Replay The Spire","Robot Space Explorer","StSLib","The Bug Knight","The Construct","The Cursed","The Disciple","The Factory","The Hayseed","The Hierophant","The Jungle","The Marked","The Necromancer","The Poker Player","The Problem Sleuth","The Runesmith"],"gold_per_floor":[113,128,138,138,155,155,181,181,229,249,279,279,290,303,303,400,400,412,425,425,425,425,445,445,470,542,555,579,579,591,608,608,623,623,725,725,738,756,783,783,783],"floor_reached":40,"playtime":3506,"items_purged":["Overencumbered"],"score":447,"play_id":"874e00fb-575f-432e-a705-b0c56ba24b91","local_time":"20210101210634","is_ascension_mode":false,"campfire_choices":[{"data":"WatchCommand","floor":6,"key":"SMITH"},{"floor":12,"key":"REST"},{"floor":15,"key":"REST"},{"floor":29,"key":"RECALL"},{"floor":32,"key":"REST"}],"circlet_count":0,"master_deck":["Strike_Br","Strike_Br","Strike_Br","Strike_Br","Defend_Br","Defend_Br","Defend_Br","Defend_Br","SecondHand","PatternShift","LockedWhetstone+1","ReapSow","WatchCommand+1","Analog","Echoward","Pot Of Greed","Pot Of Greed","Parity","ExoVibe","Flay","MasterKey+1","Engulf+1","Accruing","Accelerando","Allegro","VestedLegacy+1","Pot Of Greed+1","LockedMercury","LockedScales+1","EscortCommand+1","SlimeSpray+1","LockedOrichalcum","LockedLightning","Allargando","LockedBlood"],"relics":["Chronometer","NeowsBlessing","Bronze Scales","Grinning Jar","Boot","hubris:GrandSneckoEye","Mirror","Mercury Hourglass","Vajra","Black Star","ReplayTheSpireMod:CursedCoin"],"acts_visited":["Exordium","TheCity","TheBeyond"],"potions_floor_usage":[7,11,25,27,35],"damage_taken":[{"damage":0,"enemies":"Small Slimes","floor":1,"turns":1},{"damage":0,"enemies":"Jaw Worm","floor":2,"turns":1},{"damage":0,"enemies":"2 Louse","floor":3,"turns":1},{"damage":4,"enemies":"Blue Slaver","floor":5,"turns":4},{"damage":34,"enemies":"Gremlin Nob","floor":7,"turns":5},{"damage":1,"enemies":"Exordium Thugs","floor":10,"turns":4},{"damage":21,"enemies":"3 Sentries","floor":11,"turns":11},{"damage":5,"enemies":"2 Fungi Beasts","floor":13,"turns":5},{"damage":0,"enemies":"3 Louse","floor":14,"turns":4},{"damage":8,"enemies":"Slime Boss","floor":16,"turns":15},{"damage":0,"enemies":"3 Byrds","floor":18,"turns":2},{"damage":0,"enemies":"Cultist and Chosen","floor":19,"turns":3},{"damage":13,"enemies":"3 Cultists","floor":23,"turns":6},{"damage":1,"enemies":"Gremlin Leader","floor":25,"turns":7},{"damage":7,"enemies":"Snake Plant","floor":27,"turns":4},{"damage":3,"enemies":"Sentry and Sphere","floor":30,"turns":5},{"damage":27,"enemies":"Centurion and Healer","floor":31,"turns":5},{"damage":7,"enemies":"Snecko","floor":33,"turns":5},{"damage":19,"enemies":"Automaton","floor":35,"turns":14},{"damage":47,"enemies":"3 Darklings","floor":37,"turns":3},{"damage":5,"enemies":"3 Shapes","floor":38,"turns":3},{"damage":19,"enemies":"Transient","floor":40,"turns":4}],"seed_played":"-2313334256686996041","potions_obtained":[{"floor":1,"key":"DistilledChaos"},{"floor":2,"key":"SkillPotion"},{"floor":7,"key":"Elixir"},{"floor":14,"key":"Strength Potion"},{"floor":16,"key":"HastePotion"},{"floor":19,"key":"Regen Potion"},{"floor":23,"key":"WardPotion"},{"floor":25,"key":"Doom Potion"},{"floor":31,"key":"Adrenaline Potion"}],"is_trial":false,"path_per_floor":["M","M","M","?","M","R","E","T","T","M","E","R","M","M","R","B",null,"M","M","PTL","PTL","?","M","?","E","T","M","T","R","M","M","R","M","R","B",null,"M","M","$","M"],"character_chosen":"CHRONO_CLASS","items_purchased":["ReplayTheSpireMod:CursedCoin","LockedBlood"],"campfire_rested":3,"item_purchase_floors":[39,39],"current_hp_per_floor":[65,65,65,65,61,61,27,27,27,26,5,24,19,19,38,30,65,65,65,65,65,65,52,52,64,64,57,57,57,54,27,46,43,62,59,65,18,13,13,0,0],"gold":783,"neow_bonus":"THREE_ENEMY_KILL","is_daily":false,"chose_seed":false,"campfire_upgraded":1,"win_rate":0.0,"timestamp":1609556794,"path_taken":["M","M","M","?","M","R","E","?","T","M","E","R","M","M","R","BOSS","M","M","PTL","PTL","?","M","?","E","?","M","T","R","M","M","R","M","R","BOSS","M","M","$","M"],"items_purchased_type":["Relic","Card"],"build_version":"2020-12-22","purchased_purges":1,"victory":false,"max_hp_per_floor":[65,65,65,65,65,65,65,65,65,65,65,65,65,65,65,65,65,65,65,65,65,65,65,65,65,65,65,65,65,65,65,65,65,65,65,65,65,65,65,65,65],"card_choices":[{"not_picked":["Facsimile","Cuckoo"],"picked":"LockedWhetstone","floor":1},{"not_picked":["BlueShift","BiteCommand"],"picked":"ReapSow","floor":2},{"not_picked":["WindUp","Facsimile"],"picked":"WatchCommand","floor":3},{"not_picked":["LockedWhetstone","LockedMawBank"],"picked":"Analog","floor":5},{"not_picked":["LockedAnchor","LockedScales"],"picked":"Echoward","floor":7},{"not_picked":["Analog","BeatsPerMinute","Break"],"picked":"SKIP","floor":10},{"not_picked":["LockedScales","LockedThread"],"picked":"Parity","floor":11},{"not_picked":["Engulf","LockedWhetstone"],"picked":"ExoVibe","floor":13},{"not_picked":["ExoVibe","WakeUpCall"],"picked":"Flay","floor":14},{"not_picked":["Echonomics","LockedBell"],"picked":"MasterKey","floor":16},{"not_picked":["LockedMedicine+1","AlternateTimeline"],"picked":"Engulf+1","floor":18},{"not_picked":["LockedMedicine","BlueShift"],"picked":"Accruing","floor":19},{"not_picked":["AlternateTimeline","LockedPlans"],"picked":"VestedLegacy+1","floor":23},{"not_picked":["HandsUpC","CrunchTime+1"],"picked":"LockedMercury","floor":25},{"not_picked":["BlueShift","Accruing"],"picked":"LockedScales+1","floor":27},{"not_picked":["PrimeTime","AlternateTimeline"],"picked":"EscortCommand+1","floor":30},{"not_picked":["AlternateTimeline","FormalWear"],"picked":"SlimeSpray+1","floor":31},{"not_picked":["OverTime","LockedMedicine+1"],"picked":"LockedOrichalcum","floor":33},{"not_picked":["Fragmentalize","OverTime"],"picked":"LockedLightning","floor":35},{"not_picked":["HandsUpB","FormalWear+1","Analog+1"],"picked":"SKIP","floor":37},{"not_picked":["HandsUpC","LockedMawBank","ExoVibe"],"picked":"SKIP","floor":38}],"player_experience":309780,"relics_obtained":[{"floor":7,"key":"Bronze Scales"},{"floor":9,"key":"Grinning Jar"},{"floor":11,"key":"Boot"},{"floor":25,"key":"Mirror"},{"floor":26,"key":"Mercury Hourglass"},{"floor":28,"key":"Vajra"}],"event_choices":[{"damage_healed":0,"gold_gain":0,"player_choice":"Grow","damage_taken":0,"max_hp_gain":0,"max_hp_loss":0,"event_name":"Living Wall","floor":4,"gold_loss":0,"cards_upgraded":["LockedWhetstone"]},{"damage_healed":0,"gold_gain":0,"player_choice":"Ignored","damage_taken":0,"max_hp_gain":0,"max_hp_loss":0,"event_name":"Ghosts","floor":22,"gold_loss":0}],"is_beta":false,"boss_relics":[{"not_picked":["Velvet Choker","hubris:CrackedHourglass"],"picked":"hubris:GrandSneckoEye"},{"not_picked":["Replay:Drink Me","Astrolabe"],"picked":"Black Star"}],"items_purged_floors":[39],"is_endless":false,"potions_floor_spawned":[1,2,7,14,16,19,23,25,31],"killed_by":"Transient","ascension_level":0}}