{"host":"s0rknoztts25kghu","time":1609619224,"event":{"mods":["BaseMod","Colored Powertips","DeckTracker","Highlight Path","Minty Spire (QoL Compilation)"],"gold_per_floor":[114,129,144,144,144,159,174,189,189,364,139,154,169,184,184,284,284,299,749,764,779,779,779,794,869,894,909,939,939,969,969,969,969,969],"floor_reached":33,"playtime":2525,"items_purged":["Doubt"],"score":408,"play_id":"1224cbfd-29c4-4165-9448-a955038b4f63","local_time":"20210102212704","daily_mods":["Insanity","Time Dilation","Binary"],"is_ascension_mode":false,"campfire_choices":[{"data":"Demon Form","floor":15,"key":"SMITH"},{"floor":23,"key":"REST"},{"floor":29,"key":"REST"},{"floor":32,"key":"REST"}],"circlet_count":0,"master_deck":["Uppercut","Shrug It Off","Anger","Perfected Strike","Headbutt","Flame Barrier","Armaments","Sentinel","Heavy Blade","Havoc","Rage","Dropkick","Cleave","Havoc","Dark Embrace","Twin Strike","Battle Trance","Bloodletting","Twin Strike","Cleave","Inflame","True Grit+1","Burning Pact","Searing Blow+1","Spot Weakness","Bloodletting","Twin Strike","Twin Strike","Heavy Blade","True Grit","Warcry","True Grit","Cleave","Shrug It Off","Body Slam","Thunderclap","Wild Strike","Havoc","Flex","Dual Wield","Wild Strike","Sentinel","Clothesline","Perfected Strike","Anger","Flex","Rampage","Warcry","Clash","Twin Strike","Demon Form+1","Perfected Strike","Twin Strike","Juggernaut","Ghostly","Ghostly","Ghostly","Ghostly","Ghostly"],"relics":["Burning Blood","Kunai","Pear","Tiny Chest","Busted Crown","Shuriken","Bag of Preparation","Happy Flower","Smiling Mask"],"acts_visited":["Exordium","TheCity"],"potions_floor_usage":[24,24,30,33],"damage_taken":[{"damage":0,"enemies":"Cultist","floor":1,"turns":3},{"damage":3,"enemies":"Jaw Worm","floor":2,"turns":2},{"damage":0,"enemies":"2 Louse","floor":3,"turns":2},{"damage":0,"enemies":"Blue Slaver","floor":6,"turns":1},{"damage":4,"enemies":"2 Fungi Beasts","floor":7,"turns":2},{"damage":6,"enemies":"Lots of Slimes","floor":8,"turns":2},{"damage":10,"enemies":"Looter","floor":12,"turns":2},{"damage":0,"enemies":"Blue Slaver","floor":13,"turns":2},{"damage":0,"enemies":"2 Fungi Beasts","floor":14,"turns":2},{"damage":42,"enemies":"Hexaghost","floor":16,"turns":7},{"damage":5,"enemies":"2 Thieves","floor":18,"turns":3},{"damage":10,"enemies":"Shell Parasite","floor":20,"turns":2},{"damage":11,"enemies":"Centurion and Healer","floor":21,"turns":4},{"damage":2,"enemies":"Sentry and Sphere","floor":24,"turns":3},{"damage":15,"enemies":"Snake Plant","floor":27,"turns":3},{"damage":37,"enemies":"Slavers","floor":28,"turns":4},{"damage":26,"enemies":"Gremlin Leader","floor":30,"turns":3},{"damage":74,"enemies":"Collector","floor":33,"turns":7}],"seed_played":"-4486375853315586652","potions_obtained":[{"floor":1,"key":"SmokeBomb"},{"floor":2,"key":"Weak Potion"},{"floor":6,"key":"Fire Potion"},{"floor":14,"key":"SneckoOil"},{"floor":27,"key":"GamblersBrew"}],"is_trial":false,"path_per_floor":["M","M","M","?","T","M","M","M","T","?","$","M","M","M","R","B",null,"M","?","M","M","?","R","M","T","T","M","E","R","E","?","R","B"],"character_chosen":"IRONCLAD","items_purchased":["Tiny Chest"],"campfire_rested":3,"item_purchase_floors":[11],"current_hp_per_floor":[80,80,80,64,64,70,72,72,82,82,82,78,84,90,90,54,90,90,44,40,35,35,62,66,66,66,57,26,53,33,33,45,0,0],"gold":969,"neow_bonus":"","is_daily":true,"chose_seed":false,"campfire_upgraded":1,"win_rate":0.0,"timestamp":1609619224,"path_taken":["M","?","M","?","?","M","?","M","T","?","?","M","M","M","R","BOSS","M","?","?","M","?","R","M","?","T","M","E","R","E","?","R","BOSS"],"items_purchased_type":["Relic"],"build_version":"2020-12-22","purchased_purges":1,"victory":false,"max_hp_per_floor":[80,80,80,80,80,80,80,80,90,90,90,90,90,90,90,90,90,90,90,90,90,90,90,90,90,90,90,90,90,90,45,45,45,45],"card_choices":[{"not_picked":["Perfected Strike","Warcry"],"picked":"SKIP","floor":1},{"not_picked":["Sentinel"],"picked":"Twin Strike","floor":2},{"not_picked":["Cleave","Headbutt"],"picked":"SKIP","floor":3},{"not_picked":["Clothesline"],"picked":"Demon Form","floor":6},{"not_picked":["Cleave","Heavy Blade"],"picked":"SKIP","floor":7},{"not_picked":["Inflame"],"picked":"Perfected Strike","floor":8},{"not_picked":["Dropkick"],"picked":"Twin Strike","floor":12},{"not_picked":["Thunderclap","Armaments"],"picked":"SKIP","floor":13},{"not_picked":["True Grit","Cleave"],"picked":"SKIP","floor":14},{"not_picked":["Feed"],"picked":"Juggernaut","floor":16}],"player_experience":314848,"relics_obtained":[{"floor":5,"key":"Kunai"},{"floor":9,"key":"Pear"},{"floor":25,"key":"Shuriken"},{"floor":26,"key":"Bag of Preparation"},{"floor":28,"key":"Happy Flower"},{"floor":30,"key":"Smiling Mask"}],"event_choices":[{"damage_healed":0,"gold_gain":0,"player_choice":"Entered Light","damage_taken":16,"max_hp_gain":0,"max_hp_loss":0,"event_name":"Shining Light","floor":4,"gold_loss":0,"cards_upgraded":["Searing Blow","True Grit"]},{"damage_healed":0,"gold_gain":175,"player_choice":"AGREE","damage_taken":0,"max_hp_gain":0,"max_hp_loss":0,"event_name":"Liars Game","floor":10,"gold_loss":0,"cards_obtained":["Doubt"]},{"damage_healed":0,"gold_gain":450,"player_choice":"GOLD GOLD GOLD GOLD GOLD ","damage_taken":46,"max_hp_gain":0,"max_hp_loss":0,"event_name":"Knowing Skull","floor":19,"potions_obtained":[],"gold_loss":0,"cards_obtained":[]},{"cards_removed":["Searing Blow"],"damage_healed":0,"gold_gain":0,"player_choice":"Elegance","damage_taken":0,"max_hp_gain":0,"max_hp_loss":0,"event_name":"Back to Basics","floor":22,"gold_loss":0},{"damage_healed":0,"gold_gain":0,"player_choice":"Became a Ghost","damage_taken":0,"max_hp_gain":0,"max_hp_loss":45,"event_name":"Ghosts","floor":31,"gold_loss":0,"cards_obtained":["Ghostly","Ghostly","Ghostly","Ghostly","Ghostly"]}],"is_beta":false,"boss_relics":[{"not_picked":["Cursed Key","Sozu"],"picked":"Busted Crown"}],"items_purged_floors":[11],"is_endless":false,"potions_floor_spawned":[1,2,6,14,16,20,21,27],"killed_by":"Collector","ascension_level":0}}