{"host":"cyiefo55v5hz1ih5","time":1609617865,"event":{"mods":["2.2 Compatiblity","AchievementEnabler","BaseMod","GifTheSpireLib","Hubris","Jorbs\u0027s Wanderer Trilogy","Minty Spire (QoL Compilation)","Replay The Spire","Spicy Shops","StSLib","The Animator"],"gold_per_floor":[115,24,24,24,24,24,49,77,77,77,126,51,51,76,76,188,188,202,214,229,154,154,154,188,188,235,246,263,117,130,130,130,226,226,240,240,240,251,269,269,369,369],"floor_reached":41,"playtime":3343,"items_purged":["animator:Strike"],"score":429,"play_id":"157f44db-2860-4985-bb06-2e4b82bba23b","local_time":"20210102150425","is_ascension_mode":true,"campfire_choices":[{"floor":6.0,"key":"REST"},{"floor":10.0,"key":"REST"},{"data":"animator:Rider","floor":13.0,"key":"SMITH"},{"floor":15.0,"key":"DIG"},{"data":"animator:Berserker","floor":23.0,"key":"SMITH"},{"data":"animator:Archer","floor":25.0,"key":"SMITH"},{"floor":32,"key":"REST"},{"floor":40,"key":"REST"}],"circlet_count":0,"master_deck":["animator:Strike_Fate","animator:Defend","animator:Defend","animator:Defend","animator:Alexander","animator:Rider+1","animator:Cocytus","animator:Sebas","animator:Berserker+1","animator:Albedo","AbeCurse","animator:Sonic","animator:Archer+1","animator:Ainz","animator:MumenRider"],"relics":["animator:VividPicture","White Beast Statue","Durian","Counterbalance","Centennial Puzzle","Abe\u0027s Treasure","hubris:Icosahedron","Unceasing Top","Oddly Smooth Stone","Medical Kit","Nloth\u0027s Gift"],"acts_visited":["Exordium","TheCity","TheBeyond"],"potions_floor_usage":[28,35,39],"damage_taken":[{"damage":0.0,"enemies":"Small Slimes","floor":1.0,"turns":5.0},{"damage":4.0,"enemies":"Cultist","floor":7.0,"turns":4.0},{"damage":31.0,"enemies":"Lagavulin","floor":8.0,"turns":9.0},{"damage":0.0,"enemies":"2 Louse","floor":14.0,"turns":2.0},{"damage":19.0,"enemies":"Hexaghost","floor":16.0,"turns":10.0},{"damage":0.0,"enemies":"Chosen","floor":18.0,"turns":6.0},{"damage":0.0,"enemies":"3 Byrds","floor":19.0,"turns":3.0},{"damage":9.0,"enemies":"Sentry and Sphere","floor":20.0,"turns":5.0},{"damage":13.0,"enemies":"Book of Stabbing","floor":24.0,"turns":5.0},{"damage":2.0,"enemies":"Centurion and Healer","floor":27.0,"turns":8.0},{"damage":0,"enemies":"3 Cultists","floor":28,"turns":5},{"damage":8,"enemies":"Snecko","floor":30,"turns":6},{"damage":10,"enemies":"Champ","floor":33,"turns":11},{"damage":16,"enemies":"3 Shapes","floor":35,"turns":5},{"damage":33,"enemies":"3 Darklings","floor":38,"turns":7},{"damage":17,"enemies":"Jaw Worm Horde","floor":39,"turns":4},{"damage":39,"enemies":"Nemesis","floor":41,"turns":4}],"seed_played":"2825879611268347470","potions_obtained":[{"floor":7.0,"key":"PowerPotion"},{"floor":8.0,"key":"DistilledChaos"},{"floor":14.0,"key":"Weak Potion"},{"floor":16.0,"key":"Adrenaline Potion"},{"floor":18.0,"key":"Block Potion"},{"floor":19.0,"key":"Adrenaline Potion"},{"floor":24.0,"key":"Ancient Potion"},{"floor":27.0,"key":"SteroidPotion"},{"floor":28,"key":"DistilledChaos"},{"floor":35,"key":"SmokeBomb"},{"floor":38,"key":"DuplicationPotion"},{"floor":39,"key":"LiquidMemories"}],"is_trial":false,"path_per_floor":["M","?","$","?","?","R","M","E","T","R","?","$","R","M","R","B",null,"M","M","M","?","?","R","E","R","T","M","M","$","M","?","R","B",null,"M","?","?","M","M","R","E"],"character_chosen":"THE_ANIMATOR","items_purchased":["Medical Kit"],"campfire_rested":4,"item_purchase_floors":[29],"current_hp_per_floor":[48,48,48,48,48,66,62,37,37,58,58,58,58,58,58,39,72,72,72,63,63,63,63,51,51,51,50,50,50,42,42,64,54,74,58,58,58,25,8,30,0,0],"gold":369,"neow_bonus":"REMOVE_TWO","is_daily":false,"chose_seed":false,"campfire_upgraded":3,"win_rate":0.0,"timestamp":1609617865,"path_taken":["M","?","?","?","?","R","M","E","T","R","?","?","R","M","R","BOSS","M","M","M","?","?","R","E","R","T","M","M","?","?","?","R","BOSS","M","?","?","M","M","R","E"],"items_purchased_type":["Relic"],"build_version":"2020-12-22","purchased_purges":1,"victory":false,"max_hp_per_floor":[66,66,66,66,66,66,66,72,72,72,72,72,72,72,72,72,72,72,72,72,72,72,72,73,73,73,74,74,74,74,74,74,74,74,74,74,74,74,74,74,74,74],"card_choices":[{"not_picked":["animator:Demiurge","animator:Entoma"],"picked":"animator:Genos","floor":1.0},{"not_picked":["animator:Laby","animator:Genos"],"picked":"animator:Cocytus","floor":7.0},{"not_picked":["animator:Cocytus","animator:ZankiKiguchi"],"picked":"animator:Sebas","floor":8.0},{"not_picked":["animator:Illya","animator:Alexander"],"picked":"animator:Berserker","floor":14.0},{"not_picked":["animator:Greed","animator:HomuraAkemi"],"picked":"animator:Albedo","floor":16.0},{"not_picked":["animator:ShinjiMatou","animator:MetalKnight"],"picked":"animator:Sonic","floor":18.0},{"not_picked":["animator:Assassin","animator:Lu+1","animator:Aisha"],"picked":"SKIP","floor":19.0},{"not_picked":["animator:YuiTsuruno+1","animator:Pride","animator:Cocytus+1"],"picked":"SKIP","floor":20.0},{"not_picked":["animator:Alexander","animator:Rider"],"picked":"animator:Archer","floor":24.0},{"not_picked":["animator:Illya","animator:Elsword"],"picked":"animator:Ainz","floor":27.0},{"not_picked":["animator:SilverFang+1","animator:Demiurge","animator:UneriGinkaku"],"picked":"SKIP","floor":28},{"not_picked":["animator:Ciel+1","animator:Geryuganshoop","animator:Genos"],"picked":"SKIP","floor":30},{"not_picked":["animator:Ciel+1","animator:Geryuganshoop","animator:Genos"],"picked":"SKIP","floor":30},{"not_picked":["animator:Genos","animator:ElricAlphonse+1","animator:Ciel+1"],"picked":"SKIP","floor":35},{"not_picked":["animator:Add","animator:MumenRider+1","animator:PandorasActor"],"picked":"SKIP","floor":38},{"not_picked":["animator:SakuraMatou","animator:Chung+1","animator:Azekura"],"picked":"SKIP","floor":39}],"player_experience":682222,"relics_obtained":[{"floor":8.0,"key":"Durian"},{"floor":9.0,"key":"Counterbalance"},{"floor":15.0,"key":"Centennial Puzzle"},{"floor":24.0,"key":"Unceasing Top"},{"floor":26.0,"key":"Oddly Smooth Stone"}],"event_choices":[{"damage_healed":0.0,"max_hp_gain":0.0,"max_hp_loss":0.0,"gold_gain":0.0,"event_name":"WeMeetAgain","player_choice":"Paid Gold","floor":2.0,"gold_loss":91.0,"damage_taken":0.0,"relics_obtained":["White Beast Statue"]},{"damage_healed":0.0,"max_hp_gain":0.0,"max_hp_loss":0.0,"gold_gain":0.0,"event_name":"Liars Game","player_choice":"Ignored","floor":5.0,"gold_loss":0.0,"damage_taken":0.0},{"cards_removed":["animator:Genos"],"damage_healed":0.0,"max_hp_gain":0.0,"max_hp_loss":0.0,"gold_gain":0.0,"event_name":"Beggar","player_choice":"Gave Gold","floor":21.0,"gold_loss":75.0,"damage_taken":0.0},{"damage_healed":0,"gold_gain":0,"player_choice":"Traded Relic","damage_taken":0,"relics_obtained":["Nloth\u0027s Gift"],"max_hp_gain":0,"max_hp_loss":0,"event_name":"N\u0027loth","floor":31,"relics_lost":["animator:TheMissingPiece"],"gold_loss":0},{"damage_healed":0,"gold_gain":0,"player_choice":"Ignored","damage_taken":0,"max_hp_gain":0,"max_hp_loss":0,"event_name":"Tomb of Lord Red Mask","floor":36,"gold_loss":0}],"is_beta":false,"boss_relics":[{"not_picked":["hubris:CrackedHourglass","Cursed Key"],"picked":"Abe\u0027s Treasure"},{"not_picked":["hubris:TerracottaHorce","Philosopher\u0027s Stone"],"picked":"animator:VividPicture"}],"items_purged_floors":[12],"is_endless":false,"potions_floor_spawned":[7,8,14,16,18,19,20,24,27,28,30,33,35,38,39],"killed_by":"Nemesis","ascension_level":1}}