{"host":"kpklgwyuz86bov3e","time":1609623488,"event":{"mods":["Aspiration","BaseMod","Better Third Choice","BetterRewards","Conspire","Energized Spire","GifTheSpireLib","Halation","Highlight Path","Hubris","Jedi Mod","Minty Spire (QoL Compilation)","Permanent Neow","Relic Sorter","Replay The Spire","Shop Mod","Spicy Shops","Spikes Relics","StSLib","Stuff the Spire","The Blue Laboratory","Waifu the Spire","slay the spire mod where everything is the same but ironclad has a cowboy hat"],"gold_per_floor":[113,113,132,147,72,105,105,121,121,46,46,46,46,60,60,159,159,173,183,183,183,194,225,225,165,165,165,199,211,19,37,37,142,142,158,433,2,2,22,22,50,60,87,118,132,145,68,87,87,87],"floor_reached":51,"playtime":5940,"items_purged":["Strike_G","Strike_G","Regret"],"score":1126,"play_id":"cf54cd04-91a8-47cd-aa8a-67f01c534e85","local_time":"20210102163808","is_ascension_mode":true,"campfire_choices":[{"data":"Crippling Poison","floor":7,"key":"SMITH"},{"data":"Dagger Throw","floor":11,"key":"SMITH"},{"data":"Neutralize","floor":13,"key":"SMITH"},{"data":"Draining Mist","floor":15,"key":"SMITH"},{"data":"Well Laid Plans","floor":24,"key":"SMITH"},{"data":"Bullet Time","floor":27,"key":"SMITH"},{"data":"jedi:brewingpoison","floor":32,"key":"SMITH"},{"data":"Clumsy","floor":38,"key":"SMITH"},{"data":"Crippling Poison","floor":40,"key":"SMITH"},{"data":"Acrobatics","floor":49,"key":"SMITH"}],"circlet_count":0,"master_deck":["Strike_G","Defend_G","Defend_G","Defend_G","Defend_G","Defend_G+1","Neutralize+1","Crippling Poison+1","m_Survivalism","PiercingWail","Draining Mist+1","Bullet Time+1","Cloak And Dagger+1","Flechettes+1","Well Laid Plans+1","jedi:brewingpoison+1","Crippling Poison+1","Bane","Night Terror","Leg Sweep+1","hubris:DuctTapeCard","Acrobatics+1","Cloak And Dagger+1","conspire:PoisonWeapons+1","StuffTheSpire:Repulse+1"],"relics":["Ring of the Snake","ReplayTheSpireMod:TigerMarble","Boot","jedi:arcanewood","StuffTheSpire:BottledEssence","halation:Prosthetics","StuffTheSpire:Experiment12","hubris:Towel","Bronze Scales","Pen Nib","Kunai","ReplayTheSpireMod:Onyx Gauntlets","hubris:DuctTape","halation:PrussianBluePaint","hubris:MysteriousPyramids","hubris:ToyBattleship","hubris:SlimyHat","TwistedFunnel"],"acts_visited":["Exordium","TheCity","TheBeyond"],"potions_floor_usage":[6,23,29,33,50],"damage_taken":[{"damage":0,"enemies":"Jaw Worm","floor":1,"turns":3},{"damage":0,"enemies":"Cultist","floor":3,"turns":3},{"damage":0,"enemies":"2 Louse","floor":4,"turns":2},{"damage":38,"enemies":"Lagavulin","floor":6,"turns":12},{"damage":0,"enemies":"Large Slime","floor":8,"turns":7},{"damage":1,"enemies":"Looter","floor":14,"turns":3},{"damage":4,"enemies":"The Guardian","floor":16,"turns":10},{"damage":0,"enemies":"3 Byrds","floor":18,"turns":3},{"damage":0,"enemies":"conspire:FuzzyDice","floor":19,"turns":5},{"damage":0,"enemies":"Cultist and Chosen","floor":22,"turns":5},{"damage":0,"enemies":"Replay:Snechameleon","floor":23,"turns":6},{"damage":0,"enemies":"conspire:SneckoGhost","floor":28,"turns":6},{"damage":3,"enemies":"3 Cultists","floor":29,"turns":4},{"damage":0,"enemies":"Snecko","floor":31,"turns":4},{"damage":20,"enemies":"hubris:MusketHawk","floor":33,"turns":9},{"damage":0,"enemies":"3 Shapes","floor":35,"turns":1},{"damage":0,"enemies":"Orb Walker","floor":39,"turns":2},{"damage":0,"enemies":"Nemesis","floor":41,"turns":5},{"damage":0,"enemies":"Sphere and 2 Shapes","floor":42,"turns":4},{"damage":0,"enemies":"Reptomancer","floor":44,"turns":4},{"damage":0,"enemies":"Writhing Mass","floor":45,"turns":3},{"damage":0,"enemies":"Jaw Worm Horde","floor":46,"turns":2},{"damage":0,"enemies":"Sphere and 2 Shapes","floor":48,"turns":4},{"damage":0,"enemies":"hubris:GrandSnecko","floor":50,"turns":6}],"seed_played":"6505305087397783953","potions_obtained":[{"floor":3,"key":"blueLaboratory:BottledHope"},{"floor":4,"key":"Swift Potion"},{"floor":14,"key":"blueLaboratory:FruitPunch"},{"floor":18,"key":"blueLaboratory:BottledHope"},{"floor":28,"key":"Explosive Potion"},{"floor":31,"key":"Flashbang"},{"floor":39,"key":"blueLaboratory:HorrorPotion"},{"floor":41,"key":"LiquidMemories"},{"floor":48,"key":"blueLaboratory:EnvenomedCoating"}],"is_trial":false,"path_per_floor":["M","?","M","M","$","E","R","M","T","$","R","?","R","M","R","B",null,"M","M","?","?","M","E","R","?","T","R","E","M","$","M","R","B",null,"M","?","$","R","M","R","E","M","T","E","M","M","$","M","R","B",null],"character_chosen":"THE_SILENT","items_purchased":["ReplayTheSpireMod:TigerMarble","Dagger Throw","StuffTheSpire:BottledEssence","Crippling Poison","hubris:DuctTape","halation:PrussianBluePaint","TwistedFunnel"],"campfire_rested":0,"item_purchase_floors":[0,0,10,30,37,37,47],"current_hp_per_floor":[70,70,70,70,70,32,32,32,32,32,32,32,32,31,31,27,35,35,35,35,35,35,37,37,37,37,37,37,34,34,34,34,14,37,37,37,37,37,37,37,37,37,37,37,37,37,37,37,37,37],"gold":87,"neow_bonus":"","is_daily":false,"chose_seed":false,"campfire_upgraded":10,"win_rate":0.0,"timestamp":1609623488,"path_taken":["M","?","M","M","$","E","R","M","T","$","R","?","?","?","R","BOSS","M","M","?","?","M","E","R","?","T","?","E","M","$","M","R","BOSS","M","?","$","?","M","R","E","M","T","E","M","?","$","M","R","BOSS"],"items_purchased_type":["Relic","Card","Relic","Card","Relic","Relic","Relic"],"build_version":"2020-12-22","purchased_purges":3,"victory":true,"max_hp_per_floor":[70,70,70,70,70,70,70,70,70,70,70,70,70,70,70,70,35,35,35,35,35,35,37,37,37,37,37,37,37,37,37,37,37,37,37,37,37,37,37,37,37,37,37,37,37,37,37,37,37,37],"card_choices":[{"not_picked":["ShadowRift","Expertise"],"picked":"Crippling Poison","floor":1},{"not_picked":["Blade Dance","Underhanded Strike","StuffTheSpire:Python"],"picked":"SKIP","floor":3},{"not_picked":["StuffTheSpire:DoubleShiv","Choke"],"picked":"PiercingWail","floor":4},{"not_picked":["Slice","hubris:SlightOfHand","hubris:Counter"],"picked":"SKIP","floor":6},{"not_picked":["Phantasmal Killer","Acrobatics","Sucker Punch"],"picked":"SKIP","floor":8},{"not_picked":["Slice","StuffTheSpire:ClusterCrunch"],"picked":"Draining Mist","floor":14},{"not_picked":["Grand Finale","Die Die Die"],"picked":"Bullet Time","floor":16},{"not_picked":["Sucker Punch","Eviscerate+1"],"picked":"Cloak And Dagger+1","floor":18},{"not_picked":["Endless Agony","ReplayTheSpireMod:Shiv Toss+1"],"picked":"Flechettes+1","floor":19},{"not_picked":["hubris:SlightOfHand+1","Tactician","jedi:poisonivy"],"picked":"SKIP","floor":22},{"not_picked":["Quick Slash","jedi:poisonivy"],"picked":"Well Laid Plans","floor":23},{"not_picked":["Backstab","Poisoned Stab"],"picked":"Quick Slash","floor":28},{"not_picked":["Well Laid Plans+1","hubris:TrickCloak+1"],"picked":"jedi:brewingpoison","floor":29},{"not_picked":["Outmaneuver","Cloak And Dagger"],"picked":"Bane","floor":31},{"not_picked":["Die Die Die","Grand Finale"],"picked":"Night Terror","floor":33},{"not_picked":["Eviscerate+1","Dodge and Roll"],"picked":"Leg Sweep+1","floor":35},{"not_picked":["hubris:Counter","Pace+1","ShadowRift"],"picked":"SKIP","floor":39},{"not_picked":["hubris:TrickCloak","Escape Plan+1"],"picked":"Acrobatics","floor":41},{"not_picked":["hubris:SlightOfHand","Skewer+1"],"picked":"Cloak And Dagger+1","floor":42},{"not_picked":["StuffTheSpire:ReptileScales","Prepared","InfectiousVector"],"picked":"SKIP","floor":44},{"not_picked":["hubris:SlightOfHand","Cloak And Dagger"],"picked":"conspire:PoisonWeapons+1","floor":45},{"not_picked":["Accuracy+1","Sucker Punch+1"],"picked":"StuffTheSpire:Repulse+1","floor":46},{"not_picked":["Quick Slash","StuffTheSpire:BumpUp","Bane"],"picked":"SKIP","floor":48}],"player_experience":360441,"relics_obtained":[{"floor":6,"key":"Boot"},{"floor":9,"key":"jedi:arcanewood"},{"floor":20,"key":"StuffTheSpire:Experiment12"},{"floor":23,"key":"Bronze Scales"},{"floor":26,"key":"Pen Nib"},{"floor":28,"key":"Kunai"},{"floor":41,"key":"hubris:MysteriousPyramids"},{"floor":43,"key":"hubris:ToyBattleship"},{"floor":44,"key":"hubris:SlimyHat"}],"event_choices":[{"cards_removed":["Strike_G"],"damage_healed":0,"gold_gain":0,"player_choice":"Offered Basic","damage_taken":0,"max_hp_gain":0,"max_hp_loss":0,"event_name":"Bonfire Elementals","floor":12,"gold_loss":0},{"cards_removed":["Strike_G"],"damage_healed":0,"gold_gain":0,"player_choice":"Single Remove","damage_taken":0,"max_hp_gain":0,"max_hp_loss":0,"event_name":"Designer","floor":25,"gold_loss":60},{"damage_healed":0,"gold_gain":275,"player_choice":"Desecrate","damage_taken":0,"max_hp_gain":0,"max_hp_loss":0,"event_name":"Golden Shrine","floor":36,"gold_loss":0,"cards_obtained":["Regret"]}],"is_beta":false,"boss_relics":[{"not_picked":["halation:Yufonium","hubris:CrackedHourglass"],"picked":"halation:Prosthetics"},{"not_picked":["conspire:RunicOctahedron","halation:HeavySnake"],"picked":"ReplayTheSpireMod:Onyx Gauntlets"}],"items_purged_floors":[5,30,37],"is_endless":false,"potions_floor_spawned":[3,4,14,18,22,28,31,39,41,48],"ascension_level":1}}