{"host":"k6u7q08ihsmpx7o5","time":1609561043,"event":{"mods":["BaseMod","Bestiary","Minty Spire (QoL Compilation)","StSLib"],"gold_per_floor":[109,109,109,34,53,87,12,12,12,45,109,9,38,50,50,127,127,142,155,205,215,265,265,265],"floor_reached":23,"playtime":4995,"items_purged":["Strike_R","Strike_R"],"score":468,"play_id":"28caf6d5-0880-4c92-9b7e-44239f1f01f8","local_time":"20210102051723","is_ascension_mode":true,"campfire_choices":[{"data":"Fire Breathing","floor":15.0,"key":"SMITH"}],"circlet_count":0,"master_deck":["AscendersBane","Strike_R+1","Strike_R+1","Defend_R+1","Defend_R+1","Defend_R+1","Bash","Fire Breathing+1","Cleave","Wild Strike","Armaments","Immolate","Uppercut","Evolve","Reaper","Burning Pact","Clothesline"],"relics":["Burning Blood","NeowsBlessing","Toy Ornithopter","SsserpentHead","White Beast Statue","Bag of Marbles","Pear","Snecko Eye","Enchiridion"],"acts_visited":["Exordium","TheCity"],"potions_floor_usage":[],"damage_taken":[{"damage":0.0,"enemies":"Small Slimes","floor":1.0,"turns":1.0},{"damage":0.0,"enemies":"2 Louse","floor":5.0,"turns":1.0},{"damage":0.0,"enemies":"Lagavulin","floor":6.0,"turns":1.0},{"damage":50.0,"enemies":"Gremlin Nob","floor":10.0,"turns":5.0},{"damage":0.0,"enemies":"Cultist","floor":11.0,"turns":2.0},{"damage":31.0,"enemies":"Lagavulin","floor":13.0,"turns":7.0},{"damage":4.0,"enemies":"Looter","floor":14.0,"turns":3.0},{"damage":30.0,"enemies":"Hexaghost","floor":16.0,"turns":9.0},{"damage":38,"enemies":"Shell Parasite","floor":18,"turns":4},{"damage":19,"enemies":"Chosen","floor":19,"turns":4},{"damage":9,"enemies":"Centurion and Healer","floor":21,"turns":4},{"damage":43,"enemies":"Gremlin Leader","floor":23,"turns":5}],"seed_played":"7613439683833372574","potions_obtained":[{"floor":5.0,"key":"Block Potion"},{"floor":10.0,"key":"Regen Potion"},{"floor":11.0,"key":"DuplicationPotion"},{"floor":13.0,"key":"SteroidPotion"}],"is_trial":false,"path_per_floor":["M","?","?","$","M","E","?","?","T","E","M","$","E","M","R","B",null,"M","M","?","M","?","E"],"character_chosen":"IRONCLAD","items_purchased":[],"campfire_rested":0,"item_purchase_floors":[],"current_hp_per_floor":[74,74,79,79,80,80,80,80,80,41,47,47,51,53,53,29,75,50,37,37,46,25,0,0],"gold":265,"neow_bonus":"THREE_ENEMY_KILL","is_daily":false,"chose_seed":false,"campfire_upgraded":1,"win_rate":0.0,"timestamp":1609561043,"path_taken":["M","?","?","$","M","E","?","?","T","E","?","$","E","M","R","BOSS","M","M","?","M","?","E"],"items_purchased_type":[],"build_version":"2020-12-22","purchased_purges":2,"victory":false,"max_hp_per_floor":[75,75,80,80,80,80,80,80,80,80,80,80,90,90,90,90,90,90,90,90,90,90,90,90],"card_choices":[{"not_picked":["Heavy Blade","Armaments"],"picked":"Fire Breathing","floor":1.0},{"not_picked":["Pommel Strike","Headbutt"],"picked":"Wild Strike","floor":5.0},{"not_picked":["Anger","Heavy Blade"],"picked":"Armaments","floor":6.0},{"not_picked":["Headbutt","Twin Strike"],"picked":"Immolate","floor":10.0},{"not_picked":["Warcry","Clash","Twin Strike"],"picked":"SKIP","floor":11.0},{"not_picked":["Thunderclap","Clothesline"],"picked":"Uppercut","floor":13.0},{"not_picked":["Perfected Strike","Sever Soul"],"picked":"Evolve","floor":14.0},{"not_picked":["Double Tap","Barricade"],"picked":"Reaper","floor":16.0},{"not_picked":["Thunderclap","Pummel"],"picked":"Burning Pact","floor":18},{"not_picked":["Flex","Perfected Strike","Infernal Blade"],"picked":"SKIP","floor":19},{"not_picked":["Carnage","Armaments"],"picked":"Clothesline","floor":21}],"player_experience":1918783,"relics_obtained":[{"floor":6.0,"key":"Toy Ornithopter"},{"floor":9.0,"key":"White Beast Statue"},{"floor":10.0,"key":"Bag of Marbles"},{"floor":13.0,"key":"Pear"},{"floor":22,"key":"Enchiridion"}],"event_choices":[{"damage_healed":0.0,"max_hp_gain":0.0,"max_hp_loss":0.0,"gold_gain":0.0,"cards_transformed":["Strike_R"],"event_name":"Living Wall","player_choice":"Change","floor":2.0,"gold_loss":0.0,"damage_taken":0.0,"cards_obtained":["Cleave"]},{"damage_healed":0.0,"max_hp_gain":5.0,"max_hp_loss":0.0,"gold_gain":0.0,"event_name":"Big Fish","player_choice":"Donut","floor":3.0,"gold_loss":0.0,"damage_taken":0.0},{"cards_removed":["Defend_R"],"damage_healed":0.0,"max_hp_gain":0.0,"max_hp_loss":0.0,"gold_gain":0.0,"event_name":"The Cleric","player_choice":"Card Removal","floor":7.0,"gold_loss":75.0,"damage_taken":0.0},{"damage_healed":0.0,"max_hp_gain":0.0,"max_hp_loss":0.0,"gold_gain":0.0,"event_name":"FaceTrader","player_choice":"Trade","floor":8.0,"gold_loss":0.0,"damage_taken":0.0,"relics_obtained":["SsserpentHead"]},{"damage_healed":0,"gold_gain":0,"player_choice":"Simplicity","damage_taken":0,"max_hp_gain":0,"max_hp_loss":0,"event_name":"Back to Basics","floor":20,"gold_loss":0,"cards_upgraded":["Strike_R","Strike_R","Defend_R","Defend_R","Defend_R"]},{"damage_healed":0,"gold_gain":0,"player_choice":"Obtained Book","damage_taken":21,"max_hp_gain":0,"max_hp_loss":0,"event_name":"Cursed Tome","floor":22,"gold_loss":0}],"is_beta":false,"boss_relics":[{"not_picked":["Pandora\u0027s Box","Ectoplasm"],"picked":"Snecko Eye"}],"items_purged_floors":[4,12],"is_endless":false,"potions_floor_spawned":[5,10,11,13,14,16,18,19,21],"killed_by":"Gremlin Leader","ascension_level":20}}