{"host":"tzyzz5n7hg2ni9q2","time":1609610935,"event":{"mods":["BaseMod","Minty Spire (QoL Compilation)","Quick Restart"],"gold_per_floor":[58,117,117,19,31,85,119,119,154,154,170,170,187,201,20,20,123,123,138,138,138,154,170,170,23,41,67,102,102,114,148,148,148,245,245,259,274,274,89,100,134,134,148,148,167,199,209,223,223,223,223,223,223,3,3,3],"floor_reached":54,"playtime":2548,"items_purged":["Regret"],"score":1238,"play_id":"93e7c87a-9337-4c29-9eda-1168ccb0db3a","local_time":"20210102190855","is_ascension_mode":true,"campfire_choices":[{"floor":7.0,"key":"REST"},{"data":"Berserk","floor":11.0,"key":"SMITH"},{"data":"Body Slam","floor":15.0,"key":"SMITH"},{"data":"Inflame","floor":23.0,"key":"SMITH"},{"floor":28.0,"key":"RECALL"},{"data":"Searing Blow+1","floor":32.0,"key":"SMITH"},{"data":"Metallicize","floor":41.0,"key":"SMITH"},{"data":"Searing Blow+2","floor":49,"key":"SMITH"},{"data":"Searing Blow+3","floor":52,"key":"SMITH"}],"circlet_count":0,"master_deck":["AscendersBane","Strike_R+1","Defend_R","Defend_R","Defend_R","Defend_R","Twin Strike","Cleave+1","Shrug It Off+1","Berserk+1","Body Slam+1","Inflame+1","True Grit+1","Warcry+1","Impervious+1","Battle Trance+1","Searing Blow+4","Uppercut+1","Ghostly Armor+1","Armaments+1","Shrug It Off+1","Ghostly Armor+1","Offering+1","Madness+1","Madness+1","Metallicize+1","Evolve"],"relics":["Burning Blood","Toxic Egg 2","Strawberry","Sundial","Bag of Preparation","Meat on the Bone","Juzu Bracelet","Astrolabe","Shuriken","Whetstone","Ancient Tea Set","Bronze Scales","Busted Crown","Blood Vial","Gremlin Horn","StrikeDummy","Bag of Marbles","OrangePellets"],"acts_visited":["Exordium","TheCity","TheBeyond","TheEnding"],"potions_floor_usage":[54],"damage_taken":[{"damage":6.0,"enemies":"Cultist","floor":1.0,"turns":4.0},{"damage":7.0,"enemies":"Jaw Worm","floor":4.0,"turns":3.0},{"damage":47.0,"enemies":"Lagavulin","floor":6.0,"turns":9.0},{"damage":15.0,"enemies":"3 Sentries","floor":8.0,"turns":7.0},{"damage":16.0,"enemies":"Small Slimes","floor":10.0,"turns":9.0},{"damage":4.0,"enemies":"2 Fungi Beasts","floor":12.0,"turns":3.0},{"damage":29.0,"enemies":"Gremlin Gang","floor":13.0,"turns":4.0},{"damage":40.0,"enemies":"Hexaghost","floor":16.0,"turns":11.0},{"damage":0.0,"enemies":"Chosen","floor":18.0,"turns":5.0},{"damage":0.0,"enemies":"Shell Parasite","floor":21.0,"turns":7.0},{"damage":0.0,"enemies":"Snake Plant","floor":22.0,"turns":3.0},{"damage":38.0,"enemies":"Cultist and Chosen","floor":25.0,"turns":7.0},{"damage":17.0,"enemies":"Gremlin Leader","floor":27.0,"turns":7.0},{"damage":7.0,"enemies":"Sentry and Sphere","floor":29.0,"turns":4.0},{"damage":3.0,"enemies":"Book of Stabbing","floor":30.0,"turns":6.0},{"damage":13.0,"enemies":"Collector","floor":33.0,"turns":12.0},{"damage":0.0,"enemies":"Orb Walker","floor":35.0,"turns":3.0},{"damage":1.0,"enemies":"3 Darklings","floor":36.0,"turns":7.0},{"damage":3.0,"enemies":"Spire Growth","floor":39.0,"turns":6.0},{"damage":6.0,"enemies":"Giant Head","floor":40.0,"turns":6.0},{"damage":15.0,"enemies":"Sphere and 2 Shapes","floor":42.0,"turns":4.0},{"damage":6.0,"enemies":"Transient","floor":44.0,"turns":5.0},{"damage":0.0,"enemies":"Nemesis","floor":45.0,"turns":5.0},{"damage":11.0,"enemies":"Writhing Mass","floor":46.0,"turns":5.0},{"damage":1,"enemies":"3 Darklings","floor":47,"turns":5},{"damage":44,"enemies":"Time Eater","floor":50,"turns":10},{"damage":87,"enemies":"Shield and Spear","floor":54,"turns":5}],"seed_played":"-155360720494379280","potions_obtained":[{"floor":4.0,"key":"Explosive Potion"},{"floor":8.0,"key":"Swift Potion"},{"floor":10.0,"key":"Dexterity Potion"},{"floor":13.0,"key":"ColorlessPotion"},{"floor":18.0,"key":"SneckoOil"},{"floor":25.0,"key":"Dexterity Potion"},{"floor":40.0,"key":"PowerPotion"}],"is_trial":false,"path_per_floor":["M","?","$","M","T","E","R","E","T","M","R","M","M","$","R","B",null,"M","?","?","M","M","R","$","M","T","E","R","M","E","?","R","B",null,"M","M","?","$","M","E","R","M","T","M","E","M","M","?","R","B",null,"R","$","E"],"character_chosen":"IRONCLAD","items_purchased":["Cleave","Juzu Bracelet","Warcry+1","Whetstone","Blood Vial","Metallicize","OrangePellets","Evolve"],"campfire_rested":1,"item_purchase_floors":[3,14,14,24,38,38,53,53],"current_hp_per_floor":[17,72,72,72,71,78,37,63,54,54,56,56,58,47,47,47,25,72,78,78,78,84,87,87,87,55,55,56,56,55,58,58,58,51,78,84,87,76,76,81,83,83,76,76,78,86,82,87,87,87,61,81,81,81,0,0],"gold":3,"neow_bonus":"REMOVE_CARD","is_daily":false,"chose_seed":false,"campfire_upgraded":7,"win_rate":0.0,"timestamp":1609610935,"path_taken":["M","?","$","M","?","E","R","E","T","M","R","M","?","$","R","BOSS","M","?","?","M","M","R","$","M","T","E","R","M","E","?","R","BOSS","M","M","?","$","M","E","R","M","T","M","E","M","M","?","R","BOSS","R","$","E"],"items_purchased_type":["Card","Relic","Card","Relic","Relic","Card","Relic","Card"],"build_version":"2020-12-22","purchased_purges":1,"victory":false,"max_hp_per_floor":[80,80,80,80,80,87,87,87,87,87,87,87,87,87,87,87,87,87,87,87,87,87,87,87,87,87,87,87,87,87,87,87,87,87,87,87,87,87,87,87,87,87,87,87,87,87,87,87,87,87,87,87,87,87,87,87],"card_choices":[{"not_picked":["Warcry","Clash"],"picked":"Twin Strike","floor":1.0},{"not_picked":["Burning Pact+1","Wild Strike"],"picked":"Shrug It Off+1","floor":4.0},{"not_picked":["Havoc+1","Bloodletting+1","Anger"],"picked":"SKIP","floor":6.0},{"not_picked":["Inflame","Burning Pact+1"],"picked":"Berserk","floor":8.0},{"not_picked":["Cleave","Twin Strike"],"picked":"Body Slam","floor":10.0},{"not_picked":["Burning Pact+1","Body Slam"],"picked":"Inflame","floor":12.0},{"not_picked":["Anger","Warcry+1"],"picked":"True Grit+1","floor":13.0},{"not_picked":["Double Tap+1","Corruption"],"picked":"Impervious+1","floor":16.0},{"not_picked":["Sword Boomerang","Pommel Strike"],"picked":"Ghostly Armor+1","floor":18.0},{"not_picked":["Wild Strike","Intimidate+1","Uppercut"],"picked":"SKIP","floor":21.0},{"not_picked":["Body Slam","Anger"],"picked":"Armaments+1","floor":22.0},{"not_picked":["Evolve","Twin Strike","Sword Boomerang"],"picked":"SKIP","floor":25.0},{"not_picked":["Juggernaut","Perfected Strike","Heavy Blade+1"],"picked":"SKIP","floor":27.0},{"not_picked":["Disarm+1","Sever Soul"],"picked":"Shrug It Off+1","floor":29.0},{"not_picked":["Fire Breathing","Flame Barrier+1"],"picked":"Ghostly Armor+1","floor":30.0},{"not_picked":["Brutality","Fiend Fire"],"picked":"Offering+1","floor":33.0},{"not_picked":["Evolve"],"picked":"SKIP","floor":35.0},{"not_picked":["Fire Breathing+1"],"picked":"SKIP","floor":36.0},{"not_picked":["Havoc+1"],"picked":"SKIP","floor":39.0},{"not_picked":["Perfected Strike+1"],"picked":"SKIP","floor":40.0},{"not_picked":["Iron Wave+1"],"picked":"SKIP","floor":42.0},{"not_picked":["Clothesline+1"],"picked":"SKIP","floor":44.0},{"not_picked":["Clash+1"],"picked":"SKIP","floor":45.0},{"not_picked":["Spot Weakness+1"],"picked":"SKIP","floor":46.0},{"not_picked":["Thunderclap+1"],"picked":"SKIP","floor":47}],"player_experience":228265,"relics_obtained":[{"floor":5.0,"key":"Strawberry"},{"floor":6.0,"key":"Sundial"},{"floor":8.0,"key":"Bag of Preparation"},{"floor":9.0,"key":"Meat on the Bone"},{"floor":27.0,"key":"Ancient Tea Set"},{"floor":30.0,"key":"Bronze Scales"},{"floor":40.0,"key":"Gremlin Horn"},{"floor":43.0,"key":"StrikeDummy"},{"floor":45.0,"key":"Bag of Marbles"}],"event_choices":[{"damage_healed":0.0,"max_hp_gain":0.0,"max_hp_loss":0.0,"gold_gain":0.0,"event_name":"Big Fish","player_choice":"Box","floor":2.0,"gold_loss":0.0,"damage_taken":0.0,"relics_obtained":["Toxic Egg 2"],"cards_obtained":["Regret"]},{"damage_healed":0.0,"max_hp_gain":0.0,"max_hp_loss":0.0,"gold_gain":0.0,"event_name":"The Mausoleum","player_choice":"Opened","floor":19.0,"gold_loss":0.0,"damage_taken":0.0,"relics_obtained":["Shuriken"]},{"damage_healed":0.0,"max_hp_gain":0.0,"max_hp_loss":0.0,"gold_gain":0.0,"event_name":"Vampires","player_choice":"Ignored","floor":20.0,"gold_loss":0.0,"damage_taken":0.0},{"cards_removed":["Bash"],"damage_healed":0.0,"max_hp_gain":0.0,"max_hp_loss":0.0,"gold_gain":0.0,"event_name":"Bonfire Elementals","player_choice":"Offered Basic","floor":31.0,"gold_loss":0.0,"damage_taken":0.0},{"damage_healed":0.0,"max_hp_gain":0.0,"max_hp_loss":0.0,"gold_gain":0.0,"event_name":"Winding Halls","player_choice":"Embrace Madness","floor":37.0,"gold_loss":0.0,"damage_taken":11.0,"cards_obtained":["Madness","Madness"]},{"damage_healed":0,"gold_gain":0,"player_choice":"Ignored","damage_taken":0,"max_hp_gain":0,"max_hp_loss":0,"event_name":"Tomb of Lord Red Mask","floor":48,"gold_loss":0}],"is_beta":false,"boss_relics":[{"not_picked":["Runic Cube","Philosopher\u0027s Stone"],"picked":"Astrolabe"},{"not_picked":["Cursed Key","Runic Dome"],"picked":"Busted Crown"}],"items_purged_floors":[3],"is_endless":false,"potions_floor_spawned":[4,8,10,13,18,22,25,40,42,44,46,47],"killed_by":"Shield and Spear","ascension_level":11}}