{"host":"os9owiyb0rak6c8n","time":1609611825,"event":{"mods":["AchievementEnabler","BaseMod","Beaked The Cultist","Better Third Choice","Block Reminder","Colored Map","Colored Powertips","Dio Mod","Minty Spire (QoL Compilation)","Robot Space Explorer","Spicy Shops","StSLib","The Death Knight","The Dragon Tamer"],"gold_per_floor":[113,113,127,127,139,166,166,191,191,205,224,3,3,16,16,116,116,130,73,73,73,73,73,93,128,180,180,193,203,77,77,77],"floor_reached":31,"playtime":902,"items_purged":["Injury"],"score":436,"play_id":"a75ebf0b-cf37-4513-9abf-e1c8ea35f53e","local_time":"20210102192345","is_ascension_mode":true,"campfire_choices":[{"data":"Electrodynamics","floor":7,"key":"SMITH"},{"floor":15,"key":"REST"},{"floor":27,"key":"REST"}],"circlet_count":0,"master_deck":["AscendersBane","Zap+1","Dualcast","Ball Lightning","Tempest","Electrodynamics+1","Hologram","White Noise","Sweeping Beam","Leap","Aggregate","Creative AI","Machine Learning","Reboot","Static Discharge","Barrage","Biased Cognition","Hologram","Rip and Tear","Sunder","Coolheaded","Go for the Eyes","Bite","Bite","Bite","Bite","Bite","White Noise","Stack+1","Glacier"],"relics":["Cracked Core","Bag of Marbles","Prayer Wheel","Ornamental Fan","Bronze Scales","Pandora\u0027s Box","Nunchaku","Dream Catcher","Orichalcum"],"acts_visited":["Exordium","TheCity"],"potions_floor_usage":[6,16,16,24,25,29,31],"damage_taken":[{"damage":0,"enemies":"2 Louse","floor":1,"turns":3},{"damage":0,"enemies":"Cultist","floor":3,"turns":2},{"damage":3,"enemies":"Small Slimes","floor":5,"turns":3},{"damage":32,"enemies":"Gremlin Nob","floor":6,"turns":4},{"damage":25,"enemies":"Lagavulin","floor":8,"turns":5},{"damage":3,"enemies":"Blue Slaver","floor":10,"turns":2},{"damage":0,"enemies":"2 Fungi Beasts","floor":11,"turns":2},{"damage":6,"enemies":"Looter","floor":14,"turns":2},{"damage":24,"enemies":"Hexaghost","floor":16,"turns":7},{"damage":2,"enemies":"Spheric Guardian","floor":18,"turns":3},{"damage":22,"enemies":"2 Thieves","floor":24,"turns":3},{"damage":11,"enemies":"Slavers","floor":25,"turns":2},{"damage":34,"enemies":"Centurion and Healer","floor":28,"turns":6},{"damage":23,"enemies":"Snecko","floor":29,"turns":4},{"damage":9,"enemies":"Snake Plant","floor":31,"turns":2}],"seed_played":"-8171995198974051877","potions_obtained":[{"floor":1,"key":"Fruit Juice"},{"floor":3,"key":"LiquidBronze"},{"floor":6,"key":"Strength Potion"},{"floor":16,"key":"Swift Potion"},{"floor":18,"key":"BlessingOfTheForge"},{"floor":28,"key":"FocusPotion"},{"floor":29,"key":"FearPotion"}],"is_trial":false,"path_per_floor":["M","?","M","?","M","E","R","E","T","M","M","$","$","M","R","B",null,"M","$","?","?","?","$","M","E","T","R","M","M","$","M"],"character_chosen":"DEFECT","items_purchased":["Bronze Scales","Aggregate","Coolheaded","Orichalcum","Block Potion"],"campfire_rested":2,"item_purchase_floors":[12,12,19,30,30],"current_hp_per_floor":[68,68,68,68,65,38,38,13,13,10,10,10,10,4,28,4,61,59,59,59,56,56,56,37,32,32,48,24,3,3,0,0],"gold":77,"neow_bonus":"UPGRADE_CARD","is_daily":false,"chose_seed":false,"campfire_upgraded":1,"win_rate":0.0,"timestamp":1609611825,"path_taken":["M","?","M","?","M","E","R","E","T","M","?","?","$","M","R","BOSS","M","?","?","?","?","?","M","E","T","R","?","M","$","M"],"items_purchased_type":["Relic","Card","Card","Relic","Potion"],"build_version":"2020-12-22","purchased_purges":1,"victory":false,"max_hp_per_floor":[75,75,75,75,75,80,80,80,80,80,80,80,80,80,80,80,80,80,80,80,56,56,56,56,56,56,56,56,56,56,56,56],"card_choices":[{"not_picked":["Undo","Conserve Battery"],"picked":"Ball Lightning","floor":1},{"not_picked":["Steam Power","Cold Snap","Redo"],"picked":"SKIP","floor":3},{"not_picked":["Compile Driver","Redo"],"picked":"Tempest","floor":5},{"not_picked":["Beam Cell","Go for the Eyes"],"picked":"Electrodynamics","floor":6},{"not_picked":["Force Field","Steam"],"picked":"Hologram","floor":8},{"not_picked":["Rip and Tear","Streamline"],"picked":"White Noise","floor":10},{"not_picked":["Aggregate","Darkness"],"picked":"Sweeping Beam","floor":10},{"not_picked":["Gash","Beam Cell"],"picked":"Leap","floor":11},{"not_picked":["Beam Cell","Fusion","Blizzard"],"picked":"SKIP","floor":11},{"not_picked":["Compile Driver","Meteor Strike","Hologram"],"picked":"SKIP","floor":14},{"not_picked":["Fusion","Ball Lightning","Rebound"],"picked":"SKIP","floor":14},{"not_picked":["Amplify","Electrodynamics"],"picked":"Creative AI","floor":16},{"not_picked":["Streamline+1","Blizzard"],"picked":"Sunder","floor":18},{"not_picked":["Rebound","Compile Driver","Gash+1"],"picked":"SKIP","floor":18},{"not_picked":["Rebound","Hologram+1"],"picked":"White Noise","floor":24},{"not_picked":["White Noise","Redo","BootSequence"],"picked":"SKIP","floor":24},{"not_picked":["Fission","Tempest+1","Double Energy"],"picked":"SKIP","floor":25},{"not_picked":["Genetic Algorithm+1","Turbo"],"picked":"Stack+1","floor":27},{"not_picked":["Ball Lightning","Rebound+1","Hologram"],"picked":"SKIP","floor":28},{"not_picked":["Tempest","Steam","Leap"],"picked":"SKIP","floor":28},{"not_picked":["Barrage","Storm+1"],"picked":"Glacier","floor":29},{"not_picked":["Coolheaded","Loop","Steam"],"picked":"SKIP","floor":29}],"player_experience":530768,"relics_obtained":[{"floor":6,"key":"Bag of Marbles"},{"floor":8,"key":"Prayer Wheel"},{"floor":9,"key":"Ornamental Fan"},{"floor":25,"key":"Nunchaku"},{"floor":26,"key":"Dream Catcher"}],"event_choices":[{"damage_healed":0,"gold_gain":0,"player_choice":"Leave","damage_taken":0,"max_hp_gain":0,"max_hp_loss":0,"event_name":"The Cleric","floor":2,"gold_loss":0},{"cards_removed":["Strike_B"],"damage_healed":0,"gold_gain":0,"player_choice":"Purged","damage_taken":0,"max_hp_gain":0,"max_hp_loss":0,"event_name":"Purifier","floor":4,"gold_loss":0},{"damage_healed":0,"gold_gain":0,"player_choice":"Read","damage_taken":0,"max_hp_gain":0,"max_hp_loss":0,"event_name":"The Library","floor":20,"gold_loss":0,"cards_obtained":["Go for the Eyes"]},{"damage_healed":0,"gold_gain":0,"player_choice":"Became a vampire","damage_taken":0,"max_hp_gain":0,"max_hp_loss":24,"event_name":"Vampires","floor":21,"gold_loss":0,"cards_obtained":["Bite","Bite","Bite","Bite","Bite"]},{"damage_healed":0,"gold_gain":0,"player_choice":"Ignored","damage_taken":0,"max_hp_gain":0,"max_hp_loss":0,"event_name":"The Mausoleum","floor":22,"gold_loss":0}],"is_beta":false,"boss_relics":[{"not_picked":["Runic Dome","SacredBark"],"picked":"Pandora\u0027s Box"}],"items_purged_floors":[12],"is_endless":false,"potions_floor_spawned":[1,3,6,10,16,18,28,29],"killed_by":"Snake Plant","ascension_level":11}}