{"host":"ÇïÍ¥»¨¿ªÃÎÀïÏã","time":1609593254,"event":{"mods":["ATMod(°¢èªMod)","BaseMod","Challenge The Spire","Custom Start","DeckTracker","Minty Spire (QoL Compilation)","Quick Restart","Relic Stats","StSLib"],"gold_per_floor":[614,331,362,403,441,453,213,213,242,267,295,295,23,23,50,81,111,140],"floor_reached":19,"playtime":937,"items_purged":["Defend_G","Strike_G","Slice"],"score":620,"play_id":"477e2625-c8f1-4692-b175-5d2612c84b13","local_time":"20210102211414","daily_mods":["challengethespire:Bronze Difficulty","challengethespire:Elite Rush","Uncertain Future"],"is_ascension_mode":false,"campfire_choices":[{"data":"AT_TinkerSharpsword","floor":8.0,"key":"SMITH"},{"data":"Neutralize","floor":14.0,"key":"SMITH"}],"circlet_count":0,"master_deck":["Survivor","Neutralize+1","AT_FamilyPortrait","Glass Knife+1","AT_TinkerSharpsword+1","Riddle With Holes+1","Flechettes+1","Crippling Poison+1","Dagger Throw+1","Grand Finale","Tactician+1","Expertise+1","Reflex+1","Corpse Explosion+1","After Image","Blade Dance+1","Calculated Gamble+1","Acrobatics+1","Backflip+1","Phantasmal Killer+1"],"relics":["Ring of the Snake","Black Star","Sling","PreservedInsect","AT_ATBox","Thread and Needle","Akabeko","Eternal Feather","MawBank","Art of War","The Specimen","Pear","AT_ArchangelStaff","Astrolabe","Vajra","AT_RedTearstoneRing","Snake Skull","Toxic Egg 2","White Beast Statue","Gambling Chip","Regal Pillow","Pandora\u0027s Box","Medical Kit","FossilizedHelix","AT_SpeedBoots","AT_BellDemon","Happy Flower","Omamori","Bottled Flame","Strawberry","Whetstone"],"acts_visited":["Exordium"],"potions_floor_usage":[17,18,18,18],"damage_taken":[{"damage":0.0,"enemies":"Lagavulin","floor":3.0,"turns":4.0},{"damage":0.0,"enemies":"Gremlin Nob","floor":4.0,"turns":1.0},{"damage":11.0,"enemies":"3 Sentries","floor":5.0,"turns":4.0},{"damage":2.0,"enemies":"Gremlin Leader","floor":9.0,"turns":4.0},{"damage":0.0,"enemies":"Slavers","floor":10.0,"turns":3.0},{"damage":0.0,"enemies":"Gremlin Leader","floor":11.0,"turns":1.0},{"damage":0.0,"enemies":"Nemesis","floor":15.0,"turns":3.0},{"damage":0.0,"enemies":"Giant Head","floor":16.0,"turns":4.0},{"damage":0,"enemies":"Reptomancer","floor":17,"turns":2},{"damage":0,"enemies":"Shield and Spear","floor":18,"turns":3}],"seed_played":"7127846214063531668","potions_obtained":[{"floor":4.0,"key":"SpeedPotion"},{"floor":5.0,"key":"BlessingOfTheForge"},{"floor":9.0,"key":"DistilledChaos"},{"floor":11.0,"key":"Poison Potion"},{"floor":15.0,"key":"Weak Potion"},{"floor":16.0,"key":"LiquidMemories"},{"floor":17,"key":"AttackPotion"},{"floor":18,"key":"PowerPotion"}],"is_trial":true,"path_per_floor":["$","$","E","E","E","T","$","R","E","E","E","T","$","R","E","E","E","E",null],"character_chosen":"THE_SILENT","items_purchased":["Thread and Needle","Akabeko","Glass Knife","Vajra","Medical Kit"],"campfire_rested":0,"item_purchase_floors":[1,2,2,7,13],"current_hp_per_floor":[70,70,70,70,69,69,69,78,76,76,76,76,76,80,80,80,80,87],"gold":140,"neow_bonus":"","is_daily":false,"chose_seed":false,"campfire_upgraded":2,"win_rate":0.0,"timestamp":1609593254,"path_taken":["$","$","E","E","E","T","$","R","E","E","E","T","$","R","E","E","E","E"],"items_purchased_type":["Relic","Relic","Card","Relic","Relic"],"build_version":"2020-12-18","purchased_purges":3,"victory":true,"max_hp_per_floor":[70,70,70,70,80,80,80,80,80,80,80,80,80,80,80,80,80,87],"relic_stats":{"Regal Pillow":0,"Happy Flower":[1],"counters":[10,29],"Astrolabe":["Flechettes","Crippling Poison","Dagger Throw"],"Eternal Feather":13,"PreservedInsect":508,"Snake Skull":[4],"Whetstone":["Glass Knife","Riddle With Holes"],"MawBank":48,"Medical Kit":[0],"Gambling Chip":[21],"Pandora\u0027s Box":["Expertise","Reflex","Slice","Corpse Explosion","After Image","Blade Dance"],"Black Star":10,"Art of War":[3],"obtain_stats":[{"AT_BellDemon":16,"Regal Pillow":11,"AT_ATBox":0,"Vajra":7,"Snake Skull":9,"Whetstone":18,"Sling":0,"AT_ArchangelStaff":5,"Gambling Chip":11,"Strawberry":18,"Toxic Egg 2":10,"Ring of the Snake":0,"AT_RedTearstoneRing":9,"Pear":5,"The Specimen":4,"Happy Flower":16,"Astrolabe":6,"Thread and Needle":1,"Eternal Feather":3,"PreservedInsect":0,"Omamori":17,"MawBank":3,"Medical Kit":13,"Akabeko":2,"White Beast Statue":10,"AT_SpeedBoots":15,"Bottled Flame":17,"Pandora\u0027s Box":12,"Black Star":0,"Art of War":4,"FossilizedHelix":15},{"AT_BellDemon":8,"Regal Pillow":6,"AT_ATBox":0,"Vajra":3,"Snake Skull":4,"Whetstone":10,"Sling":0,"AT_ArchangelStaff":3,"Gambling Chip":6,"Strawberry":10,"Toxic Egg 2":5,"Ring of the Snake":0,"AT_RedTearstoneRing":4,"Pear":3,"The Specimen":2,"Happy Flower":8,"Astrolabe":3,"Thread and Needle":0,"Eternal Feather":1,"PreservedInsect":0,"Omamori":9,"MawBank":1,"Medical Kit":6,"Akabeko":0,"White Beast Statue":5,"AT_SpeedBoots":7,"Bottled Flame":9,"Pandora\u0027s Box":6,"Black Star":0,"Art of War":2,"FossilizedHelix":7},{"AT_BellDemon":24,"Regal Pillow":17,"AT_ATBox":0,"Vajra":9,"Snake Skull":13,"Whetstone":29,"Sling":0,"AT_ArchangelStaff":9,"Gambling Chip":17,"Strawberry":29,"Toxic Egg 2":16,"Ring of the Snake":0,"AT_RedTearstoneRing":13,"Pear":9,"The Specimen":5,"Happy Flower":24,"Astrolabe":9,"Thread and Needle":0,"Eternal Feather":4,"PreservedInsect":0,"Omamori":26,"MawBank":4,"Medical Kit":17,"Akabeko":0,"White Beast Statue":16,"AT_SpeedBoots":20,"Bottled Flame":26,"Pandora\u0027s Box":17,"Black Star":0,"Art of War":5,"FossilizedHelix":20}],"Ring of the Snake":[20]},"card_choices":[],"player_experience":478000,"relics_obtained":[{"floor":3.0,"key":"Eternal Feather"},{"floor":3.0,"key":"MawBank"},{"floor":4.0,"key":"Art of War"},{"floor":4.0,"key":"The Specimen"},{"floor":5.0,"key":"Pear"},{"floor":5.0,"key":"AT_ArchangelStaff"},{"floor":9.0,"key":"AT_RedTearstoneRing"},{"floor":9.0,"key":"Snake Skull"},{"floor":10.0,"key":"Toxic Egg 2"},{"floor":10.0,"key":"White Beast Statue"},{"floor":11.0,"key":"Gambling Chip"},{"floor":11.0,"key":"Regal Pillow"},{"floor":15.0,"key":"FossilizedHelix"},{"floor":15.0,"key":"AT_SpeedBoots"},{"floor":16.0,"key":"AT_BellDemon"},{"floor":16.0,"key":"Happy Flower"},{"floor":17,"key":"Omamori"},{"floor":17,"key":"Bottled Flame"},{"floor":18,"key":"Strawberry"},{"floor":18,"key":"Whetstone"}],"event_choices":[],"is_beta":true,"boss_relics":[{"not_picked":["Sozu","Runic Pyramid"],"picked":"Astrolabe"},{"not_picked":["Ectoplasm","Runic Dome"],"picked":"Pandora\u0027s Box"}],"items_purged_floors":[1,7,13],"is_endless":false,"potions_floor_spawned":[4,5,9,11,15,16,17,18],"ascension_level":0}}