{"host":"jrmqsbok61y7b34d","time":1609620156,"event":{"mods":["BaseMod","Better Skull","Colored Map","Colored Powertips","Emptier Cage","Minty Spire (QoL Compilation)","Permanent Neow","Quick Restart","Relic Stats","StSLib","Unceasing Turn Reminder"],"gold_per_floor":[164,15,27,38,49,49,75,75,122,150,18,36,36,53,53,130,130,150,164,164,184,197,197,197],"floor_reached":23,"playtime":2151,"items_purged":["Strike_P"],"score":404,"play_id":"a8849be3-4433-46d8-82d1-d47ef19be3dd","local_time":"20210102204236","is_ascension_mode":true,"campfire_choices":[{"data":"Vigilance","floor":6.0,"key":"SMITH"},{"floor":8.0,"key":"REST"},{"floor":13.0,"key":"REST"},{"data":"WaveOfTheHand","floor":15.0,"key":"SMITH"}],"circlet_count":0,"master_deck":["AscendersBane","Strike_P","Strike_P","Strike_P+1","Defend_P","Defend_P","Defend_P","Defend_P","Eruption","Vigilance+1","PathToVictory","ClearTheMind","TalkToTheHand","PathToVictory","CutThroughFate","FollowUp","PathToVictory","PathToVictory","Evaluate","WaveOfTheHand+1","ThirdEye","ThirdEye","SpiritShield","CurseOfTheBell","ThirdEye","Nirvana"],"relics":["Tiny House","Sundial","Orichalcum","Boot","Calling Bell","PreservedInsect","Pantograph","Pocketwatch"],"acts_visited":["Exordium","TheCity"],"potions_floor_usage":[],"damage_taken":[{"damage":2.0,"enemies":"Cultist","floor":1.0,"turns":4.0},{"damage":8.0,"enemies":"Small Slimes","floor":3.0,"turns":2.0},{"damage":0.0,"enemies":"2 Louse","floor":4.0,"turns":2.0},{"damage":1.0,"enemies":"Red Slaver","floor":5.0,"turns":3.0},{"damage":16.0,"enemies":"Lagavulin","floor":7.0,"turns":5.0},{"damage":32.0,"enemies":"3 Sentries","floor":10.0,"turns":11.0},{"damage":0.0,"enemies":"Exordium Wildlife","floor":12.0,"turns":3.0},{"damage":0.0,"enemies":"Blue Slaver","floor":14.0,"turns":2.0},{"damage":5.0,"enemies":"The Guardian","floor":16.0,"turns":6.0},{"damage":2.0,"enemies":"Chosen","floor":18.0,"turns":5.0},{"damage":11.0,"enemies":"Shell Parasite","floor":19.0,"turns":4.0},{"damage":4.0,"enemies":"Chosen and Byrds","floor":21.0,"turns":5.0},{"damage":12.0,"enemies":"Cultist and Chosen","floor":22.0,"turns":5.0},{"damage":52,"enemies":"Gremlin Leader","floor":23,"turns":5}],"seed_played":"-565775582608204857","potions_obtained":[{"floor":0.0,"key":"AttackPotion"},{"floor":7.0,"key":"Block Potion"},{"floor":10.0,"key":"SneckoOil"},{"floor":12.0,"key":"Dexterity Potion"},{"floor":18.0,"key":"AttackPotion"},{"floor":20.0,"key":"Swift Potion"}],"is_trial":false,"path_per_floor":["M","$","M","M","M","R","E","R","T","E","$","M","R","M","R","B",null,"M","M","?","M","M","E"],"character_chosen":"WATCHER","items_purchased":["TalkToTheHand","PathToVictory","CutThroughFate","ThirdEye"],"campfire_rested":2,"item_purchase_floors":[2,2,2,11],"current_hp_per_floor":[64,64,56,56,55,55,39,60,60,28,28,28,49,49,49,44,66,64,53,53,49,37,0,0],"gold":197,"neow_bonus":"BOSS_RELIC","is_daily":false,"chose_seed":false,"campfire_upgraded":2,"win_rate":0.0,"timestamp":1609620156,"path_taken":["M","?","M","M","M","R","E","R","T","E","$","M","R","M","R","BOSS","M","M","?","M","?","E"],"items_purchased_type":["Card","Card","Card","Card"],"build_version":"2020-12-22","purchased_purges":1,"victory":false,"max_hp_per_floor":[73,73,73,73,73,73,73,73,73,73,73,73,73,73,73,73,73,73,73,73,73,73,73,73],"relic_stats":{"counters":[14,62],"Sundial":[4],"Pantograph":0,"PreservedInsect":52,"Orichalcum":[84],"Boot":[0],"obtain_stats":[{"Calling Bell":17,"Tiny House":0,"Sundial":7,"Pantograph":17,"PreservedInsect":17,"PureWater":0,"Orichalcum":9,"Boot":10,"Pocketwatch":17},{"Calling Bell":9,"Tiny House":0,"Sundial":5,"Pantograph":9,"PreservedInsect":9,"PureWater":0,"Orichalcum":5,"Boot":6,"Pocketwatch":9},{"Calling Bell":38,"Tiny House":0,"Sundial":16,"Pantograph":38,"PreservedInsect":38,"PureWater":0,"Orichalcum":16,"Boot":27,"Pocketwatch":38}],"Pocketwatch":[48]},"card_choices":[{"not_picked":["FlyingSleeves","SashWhip"],"picked":"PathToVictory","floor":0.0},{"not_picked":["JustLucky","FlyingSleeves"],"picked":"ClearTheMind","floor":1.0},{"not_picked":["InnerPeace","Halt"],"picked":"FollowUp","floor":3.0},{"not_picked":["FlyingSleeves","Halt"],"picked":"PathToVictory","floor":4.0},{"not_picked":["Consecrate","Devotion"],"picked":"PathToVictory","floor":5.0},{"not_picked":["CarveReality","Collect"],"picked":"Evaluate","floor":7.0},{"not_picked":["FlurryOfBlows","SignatureMove"],"picked":"WaveOfTheHand","floor":10.0},{"not_picked":["JustLucky","FollowUp"],"picked":"ThirdEye","floor":12.0},{"not_picked":["Halt","Crescendo","FollowUp"],"picked":"SKIP","floor":14.0},{"not_picked":["Brilliance","Omniscience"],"picked":"SpiritShield","floor":16.0},{"not_picked":["SandsOfTime","ClearTheMind"],"picked":"ThirdEye","floor":18.0},{"not_picked":["Protect","Crescendo","Evaluate"],"picked":"SKIP","floor":19.0},{"not_picked":["EmptyBody","Scrawl"],"picked":"Nirvana","floor":21.0},{"not_picked":["Tantrum+1","JustLucky","Consecrate"],"picked":"SKIP","floor":22.0}],"player_experience":1002738,"relics_obtained":[{"floor":7.0,"key":"Sundial"},{"floor":9.0,"key":"Orichalcum"},{"floor":10.0,"key":"Boot"},{"floor":17.0,"key":"PreservedInsect"},{"floor":17.0,"key":"Pantograph"},{"floor":17.0,"key":"Pocketwatch"}],"event_choices":[{"damage_healed":0.0,"max_hp_gain":0.0,"max_hp_loss":0.0,"gold_gain":0.0,"event_name":"Lab","player_choice":"Got Potions","floor":20.0,"gold_loss":0.0,"damage_taken":0.0}],"is_beta":false,"boss_relics":[{"not_picked":["Black Star","VioletLotus"],"picked":"Calling Bell"}],"items_purged_floors":[11],"is_endless":false,"potions_floor_spawned":[7,10,12,14,18,19],"killed_by":"Gremlin Leader","ascension_level":17}}