{"host":"6azrrw3tf7wb0f4b","time":1609569486,"event":{"mods":["BaseMod","DeckTracker","Minty Spire (QoL Compilation)","SuperFastMode"],"gold_per_floor":[117,70,70,45,63,94,94,113,136,148,148,181,181,213,213,213,213],"floor_reached":16,"playtime":381,"items_purged":[],"score":222,"play_id":"64944fa3-a2ab-4390-bb9b-08faa1ac549b","local_time":"20210102153806","is_ascension_mode":true,"campfire_choices":[{"data":"Cloak And Dagger","floor":11,"key":"SMITH"},{"data":"Dagger Throw","floor":13,"key":"SMITH"},{"floor":15,"key":"REST"}],"circlet_count":0,"master_deck":["AscendersBane","Strike_G","Strike_G","Strike_G","Strike_G","Strike_G","Defend_G","Defend_G","Defend_G","Defend_G","Defend_G","Survivor","Neutralize","Endless Agony","Acrobatics","Dagger Throw+1","Reflex","Tools of the Trade+1","Cloak And Dagger+1","Flying Knee","Riddle With Holes"],"relics":["Ring of the Snake","NeowsBlessing","Omamori","Orichalcum","Bottled Tornado","Bottled Flame"],"acts_visited":["Exordium"],"potions_floor_usage":[12],"damage_taken":[{"damage":0,"enemies":"Cultist","floor":1,"turns":1},{"damage":0,"enemies":"Small Slimes","floor":5,"turns":1},{"damage":0,"enemies":"3 Sentries","floor":6,"turns":1},{"damage":1,"enemies":"Jaw Worm","floor":8,"turns":3},{"damage":9,"enemies":"Red Slaver","floor":10,"turns":4},{"damage":18,"enemies":"Lagavulin","floor":12,"turns":7},{"damage":24,"enemies":"Gremlin Nob","floor":14,"turns":4},{"damage":39,"enemies":"The Guardian","floor":16,"turns":14}],"seed_played":"-2365452957852676264","potions_obtained":[{"floor":1,"key":"DistilledChaos"},{"floor":8,"key":"Energy Potion"},{"floor":10,"key":"Strength Potion"}],"is_trial":false,"path_per_floor":["M","$","?","$","M","E","?","M","T","M","R","E","R","E","R","B"],"character_chosen":"THE_SILENT","items_purchased":["Acrobatics","Dagger Throw"],"campfire_rested":1,"item_purchase_floors":[2,4],"current_hp_per_floor":[63,63,68,68,68,68,68,67,67,58,58,40,40,16,38,0,0],"gold":213,"neow_bonus":"THREE_ENEMY_KILL","is_daily":false,"chose_seed":false,"campfire_upgraded":2,"win_rate":0.0,"timestamp":1609569486,"path_taken":["M","?","?","$","M","E","?","M","T","M","R","E","R","E","R","BOSS"],"items_purchased_type":["Card","Card"],"build_version":"2020-12-22","purchased_purges":0,"victory":false,"max_hp_per_floor":[70,70,75,75,75,75,75,75,75,75,75,75,75,75,75,75,75],"card_choices":[{"not_picked":["Setup","Deflect"],"picked":"Endless Agony","floor":1},{"not_picked":["Prepared","Bane"],"picked":"Reflex","floor":5},{"not_picked":["Sucker Punch","Dagger Spray"],"picked":"Tools of the Trade","floor":6},{"not_picked":["Expertise","Slice","Acrobatics"],"picked":"SKIP","floor":8},{"not_picked":["PiercingWail","Backflip"],"picked":"Cloak And Dagger","floor":10},{"not_picked":["Reflex","Setup"],"picked":"Flying Knee","floor":12},{"not_picked":["All Out Attack","Prepared"],"picked":"Riddle With Holes","floor":14}],"player_experience":659197,"relics_obtained":[{"floor":6,"key":"Omamori"},{"floor":9,"key":"Orichalcum"},{"floor":12,"key":"Bottled Tornado"},{"floor":14,"key":"Bottled Flame"}],"event_choices":[{"damage_healed":0,"gold_gain":0,"player_choice":"Donut","damage_taken":0,"max_hp_gain":5,"max_hp_loss":0,"event_name":"Big Fish","floor":3,"gold_loss":0},{"damage_healed":0,"gold_gain":0,"player_choice":"Upgraded","damage_taken":0,"max_hp_gain":0,"max_hp_loss":0,"event_name":"Upgrade Shrine","floor":7,"gold_loss":0,"cards_upgraded":["Tools of the Trade"]}],"is_beta":false,"boss_relics":[],"items_purged_floors":[],"is_endless":false,"potions_floor_spawned":[1,8,10],"killed_by":"The Guardian","ascension_level":11}}