{"host":"f400onr2g6b8rzrw","time":1609574872,"event":{"mods":["AchievementEnabler","BaseMod","Better Altar","Better Match","Better Note","Better Sensory Stone","Better Skull","Better Third Choice","Block Reminder","Colored Powertips","Minty Spire (QoL Compilation)","Relic Stats","Spicy Shops","StSLib"],"gold_per_floor":[115,290,290,308,308,308,334,352,397,2,13,30,46,63,63,161,161,180,204,2,2,2,2,2],"floor_reached":23,"playtime":11456,"items_purged":["Doubt"],"score":259,"play_id":"34b61f1d-6c4c-4a69-a6ed-a3fb6bdb9469","local_time":"20210102183752","is_ascension_mode":true,"campfire_choices":[{"floor":6,"key":"RECALL"},{"data":"Leg Sweep","floor":15,"key":"SMITH"}],"circlet_count":0,"master_deck":["Strike_G","Strike_G","Strike_G","Strike_G","Strike_G","Defend_G","Defend_G","Defend_G","Defend_G","Survivor","Neutralize","Slice","Dagger Throw","Apotheosis+1","Acrobatics","Infinite Blades","Leg Sweep+1","Dagger Spray","Predator","Die Die Die","Crippling Poison+1","Deadly Poison","Poisoned Stab","Bane","RitualDagger"],"relics":["Ring of the Snake","Lantern","Tiny Chest","Akabeko","CaptainsWheel","HoveringKite","Bloody Idol","Blood Vial"],"acts_visited":["Exordium","TheCity"],"potions_floor_usage":[18,23,23],"damage_taken":[{"damage":7,"enemies":"Jaw Worm","floor":1,"turns":4},{"damage":0,"enemies":"2 Louse","floor":4,"turns":4},{"damage":0,"enemies":"Gremlin Nob","floor":7,"turns":3},{"damage":0,"enemies":"Cultist","floor":8,"turns":2},{"damage":0,"enemies":"Blue Slaver","floor":11,"turns":4},{"damage":0,"enemies":"Exordium Wildlife","floor":12,"turns":3},{"damage":7,"enemies":"Gremlin Gang","floor":13,"turns":4},{"damage":1,"enemies":"Blue Slaver","floor":14,"turns":3},{"damage":14,"enemies":"The Guardian","floor":16,"turns":13},{"damage":3,"enemies":"Shell Parasite","floor":18,"turns":6},{"damage":34,"enemies":"Book of Stabbing","floor":23,"turns":5}],"seed_played":"-930245762877053040","potions_obtained":[{"floor":1,"key":"Block Potion"},{"floor":12,"key":"EssenceOfSteel"},{"floor":14,"key":"Strength Potion"},{"floor":16,"key":"FairyPotion"},{"floor":18,"key":"Ancient Potion"}],"is_trial":false,"path_per_floor":["M","?","?","M","?","R","E","M","T","$","M","M","M","M","R","B",null,"M","T","$","?","?","E"],"character_chosen":"THE_SILENT","items_purchased":["Infinite Blades","CaptainsWheel","Deadly Poison","Poisoned Stab","Bane"],"campfire_rested":0,"item_purchase_floors":[10,10,20,20,20],"current_hp_per_floor":[63,63,63,63,63,63,63,63,63,63,63,63,56,55,55,41,70,67,67,67,61,8,0,0],"gold":2,"neow_bonus":"RANDOM_COMMON_RELIC","is_daily":false,"chose_seed":false,"campfire_upgraded":1,"win_rate":0.0,"timestamp":1609574872,"path_taken":["M","?","?","?","?","R","E","M","T","?","M","M","?","?","R","BOSS","M","?","$","?","?","E"],"items_purchased_type":["Card","Relic","Card","Card","Card"],"build_version":"2020-12-22","purchased_purges":1,"victory":false,"max_hp_per_floor":[70,70,70,70,70,70,70,70,70,70,70,70,70,70,70,70,70,70,70,70,70,70,70,70],"relic_stats":{"Blood Vial":2,"counters":[11,51],"Bloody Idol":0,"HoveringKite":[3],"Tiny Chest":1,"obtain_stats":[{"Blood Vial":22,"Lantern":0,"CaptainsWheel":10,"Bloody Idol":22,"HoveringKite":17,"Tiny Chest":7,"Akabeko":9,"Ring of the Snake":0},{"Blood Vial":10,"Lantern":0,"CaptainsWheel":4,"Bloody Idol":10,"HoveringKite":9,"Tiny Chest":3,"Akabeko":4,"Ring of the Snake":0},{"Blood Vial":46,"Lantern":0,"CaptainsWheel":13,"Bloody Idol":46,"HoveringKite":40,"Tiny Chest":11,"Akabeko":13,"Ring of the Snake":0}],"Ring of the Snake":[22]},"card_choices":[{"not_picked":["Setup","PiercingWail"],"picked":"Slice","floor":1},{"not_picked":["Bane","Eviscerate"],"picked":"Dagger Throw","floor":4},{"not_picked":["Quick Slash","Dodge and Roll"],"picked":"Acrobatics","floor":7},{"not_picked":["Footwork","Tools of the Trade","Backflip"],"picked":"SKIP","floor":8},{"not_picked":["Prepared","Acrobatics"],"picked":"Leg Sweep","floor":11},{"not_picked":["Prepared","Backflip"],"picked":"Dagger Spray","floor":12},{"not_picked":["PiercingWail","Flechettes","Dagger Spray"],"picked":"SKIP","floor":13},{"not_picked":["Quick Slash","Backflip"],"picked":"Predator","floor":14},{"not_picked":["Wraith Form v2","Envenom"],"picked":"Die Die Die","floor":16},{"not_picked":["Eviscerate","Dagger Throw"],"picked":"Crippling Poison+1","floor":18}],"player_experience":480945,"relics_obtained":[{"floor":7,"key":"Tiny Chest"},{"floor":9,"key":"Akabeko"}],"event_choices":[{"damage_healed":0,"gold_gain":175,"player_choice":"AGREE","damage_taken":115,"max_hp_gain":0,"max_hp_loss":0,"event_name":"betterThird:BetterSerpent","floor":2,"gold_loss":0},{"cards_removed":["Defend_G"],"damage_healed":0,"gold_gain":0,"player_choice":"Purged","damage_taken":0,"max_hp_gain":0,"max_hp_loss":0,"event_name":"Purifier","floor":3,"gold_loss":0},{"damage_healed":63,"gold_gain":0,"player_choice":"Embrace","damage_taken":0,"max_hp_gain":0,"max_hp_loss":70,"event_name":"betterThird:BetterShining","floor":5,"gold_loss":0},{"damage_healed":0,"gold_gain":0,"player_choice":"Dagger","damage_taken":6,"max_hp_gain":0,"max_hp_loss":0,"event_name":"betterThird:BetterNest","floor":21,"gold_loss":0,"cards_obtained":["RitualDagger"]},{"damage_healed":0,"gold_gain":0,"player_choice":" Idol Vial ","damage_taken":53,"relics_obtained":["Bloody Idol","Blood Vial"],"max_hp_gain":61,"max_hp_loss":8,"event_name":"betterAltar:BetterAltar","floor":22,"potions_obtained":[],"relics_lost":[],"gold_loss":0}],"is_beta":false,"boss_relics":[{"not_picked":["Snecko Eye","Coffee Dripper"],"picked":"HoveringKite"}],"items_purged_floors":[20],"is_endless":false,"potions_floor_spawned":[1,12,14,16,18],"killed_by":"Book of Stabbing","ascension_level":4}}