{"host":"foq4mrde4mssg7vt","time":1609616222,"event":{"mods":["AchievementEnabler","BaseMod","Colored Map","Colored Powertips","Highlight Path","Minty Spire (QoL Compilation)","Relic Stats","everything is the same but u backflip on backflip"],"gold_per_floor":[115,134,134,152,23,49,68,120,172,197,197,197,213,213,225,311,323,377,434,475,497,156,156,156,156,156,216,216,141,141,186,186,295,295,371,593,648,721,691,691,751,751,751,816,886,930,930,979,979,1009,1009,1009,254,254,254],"floor_reached":54,"playtime":3105,"items_purged":["Decay","SignatureMove"],"score":1563,"play_id":"9e1de9d7-93bf-4c4c-9fda-130ed58ee3d4","local_time":"20210103033702","is_ascension_mode":true,"campfire_choices":[{"floor":12.0,"key":"REST"},{"floor":15.0,"key":"REST"},{"data":"Blasphemy","floor":23.0,"key":"SMITH"},{"data":"CutThroughFate","floor":25.0,"key":"SMITH"},{"data":"Wish","floor":30.0,"key":"SMITH"},{"data":"EmptyBody","floor":32.0,"key":"SMITH"},{"data":"MentalFortress","floor":40.0,"key":"SMITH"},{"data":"Protect","floor":42.0,"key":"SMITH"},{"floor":47,"key":"RECALL"},{"data":"Omniscience","floor":49,"key":"SMITH"},{"data":"LikeWater","floor":52,"key":"SMITH"}],"circlet_count":0,"master_deck":["AscendersBane","Eruption","Vigilance","Vengeance+1","FearNoEvil+1","FearNoEvil+1","SandsOfTime","FlurryOfBlows","Conclude","EmptyBody+1","Wish+1","CutThroughFate+1","Halt","Blasphemy+1","Perseverance","Omniscience+1","FlyingSleeves","Scrawl","Weave","MentalFortress+1","Protect+1","LikeWater+1","Tantrum","TalkToTheHand"],"relics":["Astrolabe","Centennial Puzzle","Singing Bowl","Happy Flower","Nunchaku","MawBank","Coffee Dripper","Red Mask","Meat on the Bone","Letter Opener","Gremlin Horn","Pandora\u0027s Box","Dead Branch","Girya","Incense Burner","Bag of Marbles","Bottled Lightning","Orrery"],"acts_visited":["Exordium","TheCity","TheBeyond","TheEnding"],"potions_floor_usage":[54],"damage_taken":[{"damage":4.0,"enemies":"2 Louse","floor":1.0,"turns":2.0},{"damage":0.0,"enemies":"Cultist","floor":2.0,"turns":2.0},{"damage":4.0,"enemies":"Jaw Worm","floor":4.0,"turns":3.0},{"damage":30.0,"enemies":"Gremlin Nob","floor":6.0,"turns":4.0},{"damage":10.0,"enemies":"Exordium Thugs","floor":7.0,"turns":2.0},{"damage":13.0,"enemies":"Lagavulin","floor":8.0,"turns":5.0},{"damage":2.0,"enemies":"3 Sentries","floor":10.0,"turns":4.0},{"damage":8.0,"enemies":"Blue Slaver","floor":13.0,"turns":3.0},{"damage":0.0,"enemies":"Slime Boss","floor":16.0,"turns":3.0},{"damage":22.0,"enemies":"Shell Parasite","floor":18.0,"turns":4.0},{"damage":9.0,"enemies":"2 Thieves","floor":19.0,"turns":2.0},{"damage":9.0,"enemies":"Masked Bandits","floor":20.0,"turns":2.0},{"damage":0.0,"enemies":"Snecko","floor":21.0,"turns":4.0},{"damage":11.0,"enemies":"Gremlin Leader","floor":27.0,"turns":4.0},{"damage":16.0,"enemies":"Centurion and Healer","floor":31.0,"turns":6.0},{"damage":19.0,"enemies":"Champ","floor":33.0,"turns":8.0},{"damage":9.0,"enemies":"Orb Walker","floor":35.0,"turns":3.0},{"damage":0.0,"enemies":"Mind Bloom Boss Battle","floor":37.0,"turns":3.0},{"damage":9.0,"enemies":"3 Shapes","floor":38.0,"turns":2.0},{"damage":21.0,"enemies":"Giant Head","floor":41.0,"turns":7.0},{"damage":9.0,"enemies":"Reptomancer","floor":44.0,"turns":5.0},{"damage":1.0,"enemies":"Transient","floor":45.0,"turns":6.0},{"damage":34,"enemies":"3 Darklings","floor":46,"turns":5},{"damage":0,"enemies":"Jaw Worm Horde","floor":48,"turns":3},{"damage":6,"enemies":"Donu and Deca","floor":50,"turns":8},{"damage":100013,"enemies":"Shield and Spear","floor":54,"turns":12}],"seed_played":"5566646470965983244","potions_obtained":[{"floor":4.0,"key":"Ancient Potion"},{"floor":7.0,"key":"AttackPotion"},{"floor":10.0,"key":"Explosive Potion"},{"floor":16.0,"key":"SpeedPotion"},{"floor":19.0,"key":"DuplicationPotion"},{"floor":20.0,"key":"BottledMiracle"},{"floor":21.0,"key":"DuplicationPotion"},{"floor":39.0,"key":"Strength Potion"},{"floor":39.0,"key":"DuplicationPotion"},{"floor":41.0,"key":"Explosive Potion"},{"floor":45.0,"key":"SpeedPotion"},{"floor":46,"key":"SkillPotion"}],"is_trial":false,"path_per_floor":["M","M","?","M","$","E","M","E","T","E","?","R","M","T","R","B",null,"M","M","?","M","$","R","?","R","T","E","?","?","R","M","R","B",null,"M","?","?","M","?","R","E","R","T","E","M","M","R","M","R","B",null,"R","$","E"],"character_chosen":"WATCHER","items_purchased":["EmptyBody","Wish","Meat on the Bone","Bag of Marbles","Bottled Lightning","Orrery","BlessingOfTheForge"],"campfire_rested":2,"item_purchase_floors":[5,5,22,53,53,53,53],"current_hp_per_floor":[57,57,62,58,58,28,18,5,5,5,5,27,19,19,41,43,69,49,42,33,35,35,35,35,35,35,38,38,38,38,36,36,29,73,66,66,68,59,59,59,50,50,50,53,54,34,34,48,48,54,86,86,92,0,0],"gold":254,"neow_bonus":"BOSS_RELIC","is_daily":false,"chose_seed":false,"campfire_upgraded":8,"win_rate":0.0,"timestamp":1609616222,"path_taken":["M","M","?","M","$","E","M","E","T","E","?","R","?","?","R","BOSS","M","M","?","M","$","R","?","R","T","E","?","?","R","M","R","BOSS","M","?","?","M","?","R","E","R","T","E","M","?","R","M","R","BOSS","R","$","E"],"items_purchased_type":["Card","Card","Relic","Relic","Relic","Relic","Potion"],"build_version":"2020-12-22","purchased_purges":2,"victory":false,"max_hp_per_floor":[68,68,73,73,73,73,73,73,73,75,75,75,75,75,75,77,77,79,81,81,83,83,83,83,83,83,85,85,85,85,87,87,87,87,89,89,91,91,91,91,91,91,91,91,93,95,95,97,97,97,97,97,103,103,103],"relic_stats":{"Singing Bowl":30,"Happy Flower":[31],"Gremlin Horn":[15,15],"counters":[26,111],"Astrolabe":["Vengeance","FearNoEvil","FearNoEvil"],"Dead Branch":[47],"Letter Opener":[179],"MawBank":96,"Centennial Puzzle":[54],"Nunchaku":[31],"Pandora\u0027s Box":["FlyingSleeves","SignatureMove","Scrawl","Weave"],"obtain_stats":[{"Girya":41,"Singing Bowl":8,"Happy Flower":9,"Gremlin Horn":27,"Astrolabe":0,"Dead Branch":37,"Incense Burner":44,"Letter Opener":26,"MawBank":14,"Centennial Puzzle":6,"Nunchaku":10,"Orrery":53,"Pandora\u0027s Box":34,"Coffee Dripper":17,"Red Mask":20,"Bag of Marbles":53,"Bottled Lightning":53,"PureWater":0,"Meat on the Bone":22},{"Girya":20,"Singing Bowl":6,"Happy Flower":6,"Gremlin Horn":14,"Astrolabe":0,"Dead Branch":18,"Incense Burner":21,"Letter Opener":13,"MawBank":8,"Centennial Puzzle":4,"Nunchaku":7,"Orrery":25,"Pandora\u0027s Box":16,"Coffee Dripper":9,"Red Mask":12,"Bag of Marbles":25,"Bottled Lightning":25,"PureWater":0,"Meat on the Bone":13},{"Girya":73,"Singing Bowl":18,"Happy Flower":18,"Gremlin Horn":44,"Astrolabe":0,"Dead Branch":64,"Incense Burner":78,"Letter Opener":40,"MawBank":25,"Centennial Puzzle":11,"Nunchaku":22,"Orrery":100,"Pandora\u0027s Box":58,"Coffee Dripper":28,"Red Mask":36,"Bag of Marbles":100,"Bottled Lightning":100,"PureWater":0,"Meat on the Bone":40}],"Meat on the Bone":96},"card_choices":[{"not_picked":["CrushJoints","Prostrate"],"picked":"SandsOfTime","floor":1.0},{"not_picked":["WreathOfFlame","CrushJoints"],"picked":"FlurryOfBlows","floor":2.0},{"not_picked":["Study","FollowUp"],"picked":"Conclude","floor":4.0},{"not_picked":["FlyingSleeves","Evaluate","Devotion"],"picked":"SKIP","floor":6.0},{"not_picked":["Collect","WindmillStrike"],"picked":"CutThroughFate","floor":7.0},{"not_picked":["WreathOfFlame","Crescendo"],"picked":"Halt","floor":8.0},{"not_picked":["SashWhip","PathToVictory","ThirdEye"],"picked":"Singing Bowl","floor":10.0},{"not_picked":["Nirvana","SandsOfTime"],"picked":"Blasphemy","floor":13.0},{"not_picked":["ConjureBlade","Blasphemy","Establishment"],"picked":"Singing Bowl","floor":16.0},{"not_picked":["Evaluate","Prostrate","CrushJoints"],"picked":"Singing Bowl","floor":18.0},{"not_picked":["SashWhip","Prostrate","PathToVictory"],"picked":"Singing Bowl","floor":19.0},{"not_picked":["Pray","FlurryOfBlows+1"],"picked":"Perseverance","floor":20.0},{"not_picked":["SashWhip","BowlingBash","Consecrate"],"picked":"Singing Bowl","floor":21.0},{"not_picked":["ThirdEye","Swivel","Consecrate"],"picked":"Singing Bowl","floor":27.0},{"not_picked":["DevaForm","FlurryOfBlows","Consecrate"],"picked":"Singing Bowl","floor":31.0},{"not_picked":["DeusExMachina","Ragnarok"],"picked":"Omniscience","floor":33.0},{"not_picked":["CrushJoints","Sanctity","PathToVictory"],"picked":"Singing Bowl","floor":35.0},{"not_picked":["Nirvana","EmptyBody","CrushJoints"],"picked":"Singing Bowl","floor":37.0},{"not_picked":["Consecrate","ThirdEye"],"picked":"MentalFortress","floor":38.0},{"not_picked":["Evaluate","ReachHeaven"],"picked":"Protect","floor":41.0},{"not_picked":["Devotion","Vengeance"],"picked":"LikeWater","floor":44.0},{"not_picked":["SignatureMove","BattleHymn+1","Perseverance"],"picked":"Singing Bowl","floor":45.0},{"not_picked":["Prostrate","Consecrate+1","Conclude"],"picked":"Singing Bowl","floor":46},{"not_picked":["SashWhip","WreathOfFlame","EmptyFist"],"picked":"Singing Bowl","floor":48},{"not_picked":["JustLucky","Crescendo"],"picked":"Tantrum","floor":53},{"not_picked":["JustLucky","Halt+1"],"picked":"TalkToTheHand","floor":53},{"not_picked":["CutThroughFate+1","FlyingSleeves","CrushJoints+1"],"picked":"Singing Bowl","floor":53},{"not_picked":["Prostrate+1","SashWhip","Protect"],"picked":"Singing Bowl","floor":53},{"not_picked":["BowlingBash+1","DeusExMachina","FlurryOfBlows"],"picked":"Singing Bowl","floor":53}],"player_experience":372965,"relics_obtained":[{"floor":6.0,"key":"Centennial Puzzle"},{"floor":8.0,"key":"Singing Bowl"},{"floor":9.0,"key":"Happy Flower"},{"floor":10.0,"key":"Nunchaku"},{"floor":14.0,"key":"MawBank"},{"floor":20.0,"key":"Red Mask"},{"floor":26.0,"key":"Letter Opener"},{"floor":27.0,"key":"Gremlin Horn"},{"floor":37.0,"key":"Dead Branch"},{"floor":41.0,"key":"Girya"},{"floor":44.0,"key":"Incense Burner"}],"event_choices":[{"damage_healed":0.0,"max_hp_gain":5.0,"max_hp_loss":0.0,"gold_gain":0.0,"event_name":"Big Fish","player_choice":"Donut","floor":3.0,"gold_loss":0.0,"damage_taken":0.0},{"damage_healed":0.0,"max_hp_gain":0.0,"max_hp_loss":0.0,"gold_gain":0.0,"event_name":"Wheel of Change","player_choice":"Cursed","floor":11.0,"gold_loss":0.0,"damage_taken":0.0,"cards_obtained":["Decay"]},{"damage_healed":0.0,"max_hp_gain":0.0,"max_hp_loss":0.0,"gold_gain":0.0,"event_name":"Masked Bandits","player_choice":"Fought Bandits","floor":20.0,"gold_loss":0.0,"damage_taken":0.0},{"damage_healed":0.0,"max_hp_gain":0.0,"max_hp_loss":0.0,"gold_gain":0.0,"event_name":"The Mausoleum","player_choice":"Ignored","floor":24.0,"gold_loss":0.0,"damage_taken":0.0},{"damage_healed":0.0,"max_hp_gain":0.0,"max_hp_loss":0.0,"gold_gain":0.0,"event_name":"Cursed Tome","player_choice":"Ignored","floor":28.0,"gold_loss":0.0,"damage_taken":0.0},{"cards_removed":["Defend_P"],"damage_healed":0.0,"max_hp_gain":0.0,"max_hp_loss":0.0,"gold_gain":0.0,"event_name":"Beggar","player_choice":"Gave Gold","floor":29.0,"gold_loss":75.0,"damage_taken":0.0},{"damage_healed":0.0,"max_hp_gain":0.0,"max_hp_loss":0.0,"gold_gain":222.0,"event_name":"Tomb of Lord Red Mask","player_choice":"Wore Mask","floor":36.0,"gold_loss":0.0,"damage_taken":0.0},{"damage_healed":0.0,"max_hp_gain":0.0,"max_hp_loss":0.0,"gold_gain":0.0,"event_name":"MindBloom","player_choice":"Fight","floor":37.0,"gold_loss":0.0,"damage_taken":0.0},{"damage_healed":0.0,"max_hp_gain":0.0,"max_hp_loss":0.0,"gold_gain":0.0,"event_name":"The Woman in Blue","player_choice":"Bought 2 Potions","floor":39.0,"gold_loss":0.0,"damage_taken":0.0}],"is_beta":false,"boss_relics":[{"not_picked":["Snecko Eye","Empty Cage"],"picked":"Coffee Dripper"},{"not_picked":["Philosopher\u0027s Stone","SlaversCollar"],"picked":"Pandora\u0027s Box"}],"items_purged_floors":[22,53],"is_endless":false,"potions_floor_spawned":[4,7,10,16,18,19,20,21,41,45,46],"killed_by":"Shield and Spear","ascension_level":18}}