{"host":"93x13jgem5w43hjr","time":1609552253,"event":{"mods":["AchievementEnabler","BaseMod","Better Note","Colored Map","Colored Powertips","Downfall","Minty Spire (QoL Compilation)","Rare Cards Sparkle","StSLib"],"gold_per_floor":[99,99,549,549,549,549,549,549,549,61,91,191,76,92,106,209,209,134,148,161,29,29,29,56,76,61,61,74,7,7,42,67,174,174,24,43,67,133,154,190,190,190,190,190,190],"floor_reached":43,"playtime":4080,"items_purged":["Slimebound:Icky","Slimebound:Icky","hexamod:Sear","hexamod:Firestarter+1"],"score":517,"play_id":"04a36f02-4840-40d4-b73c-e2fe558fb098","local_time":"20210101185053","is_ascension_mode":true,"campfire_choices":[{"data":"hexamod:Float","floor":1,"key":"SMITH"},{"data":"hexamod:FastForward","floor":9,"key":"SMITH"},{"floor":18,"key":"RECALL"},{"data":"hexamod:EmpoweringStance","floor":23,"key":"SMITH"},{"floor":30,"key":"REST"},{"floor":35,"key":"REST"},{"floor":42,"key":"REST"}],"circlet_count":0,"master_deck":["hexamod:Strike","hexamod:Strike","hexamod:Strike+1","hexamod:Defend","hexamod:Defend","hexamod:Defend","hexamod:Defend","hexamod:Float+1","hexamod:Again","hexamod:FastForward+1","hexamod:DynamicBlow","Apotheosis+1","hexamod:WildfireWeapon","hexamod:HauntingEcho+1","hexamod:ShieldOfDarkness","hexamod:FirstSeal","hexamod:ThirdSeal","hexamod:CatchUp","hexamod:RadiantFlame","hexamod:PhantomCloak","hexamod:Rewind","hexamod:GhostflameInferno","hexamod:EmpoweringStance+1","CurseOfTheBell","hexamod:EmpoweredFlame","hexamod:SecondSeal","hexamod:StepThrough+1","hexamod:HauntingEcho","hexamod:DynamicBlow","hexamod:BacktrackSmack","hexamod:BacktrackSmack","hexamod:HexaLevel","hexamod:AdvancingGuard+1","hexamod:CatchUp+1"],"relics":["hexamod:SpiritBrand","downfall:HeartsMalice","Centennial Puzzle","InkBottle","Ornamental Fan","Whetstone","Calling Bell","Bag of Preparation","Pear","Ginger","downfall:HeartBlessingGreen","Toy Ornithopter","Pen Nib","Fusion Hammer","downfall:HeartBlessingRed","downfall:HeartBlessingBlue","Vajra","Bag of Marbles","TungstenRod"],"acts_visited":["Exordium","TheCity","TheBeyond"],"potions_floor_usage":[13,16,28,31,31,37,39,39,40,40,43],"damage_taken":[{"damage":0,"enemies":"2 Louse","floor":2,"turns":1},{"damage":0,"enemies":"Jaw Worm","floor":8,"turns":1},{"damage":0,"enemies":"downfall:FleeingMerchant","floor":10,"turns":1},{"damage":16,"enemies":"Lagavulin","floor":11,"turns":8},{"damage":12,"enemies":"downfall:Heads","floor":12,"turns":7},{"damage":0,"enemies":"downfall:FleeingMerchant","floor":13,"turns":4},{"damage":6,"enemies":"Small Slimes","floor":14,"turns":4},{"damage":2,"enemies":"Blue Slaver","floor":15,"turns":5},{"damage":12,"enemies":"downfall:Ironclad","floor":16,"turns":7},{"damage":4,"enemies":"Shell Parasite","floor":19,"turns":6},{"damage":4,"enemies":"Spheric Guardian","floor":20,"turns":4},{"damage":0,"enemies":"downfall:FleeingMerchant","floor":21,"turns":4},{"damage":0,"enemies":"Chosen and Byrds","floor":25,"turns":4},{"damage":14,"enemies":"downfall:FleeingMerchant","floor":26,"turns":4},{"damage":18,"enemies":"Sentry and Sphere","floor":28,"turns":5},{"damage":19,"enemies":"downfall:FleeingMerchant","floor":29,"turns":4},{"damage":12,"enemies":"Slavers","floor":31,"turns":5},{"damage":3,"enemies":"Shelled Parasite and Fungi","floor":32,"turns":5},{"damage":34,"enemies":"downfall:Watcher","floor":33,"turns":9},{"damage":30,"enemies":"3 Darklings","floor":36,"turns":7},{"damage":10,"enemies":"3 Shapes","floor":37,"turns":4},{"damage":3,"enemies":"downfall:FleeingMerchant","floor":38,"turns":3},{"damage":25,"enemies":"Jaw Worm Horde","floor":39,"turns":6},{"damage":1,"enemies":"Reptomancer","floor":40,"turns":6},{"damage":100,"enemies":"Nemesis","floor":43,"turns":8}],"seed_played":"-5227399993590622253","potions_obtained":[{"floor":11,"key":"Guardian:BlockOnCardUsePotion"},{"floor":14,"key":"Guardian:BlockOnCardUsePotion"},{"floor":15,"key":"FearPotion"},{"floor":20,"key":"ColorlessPotion"},{"floor":25,"key":"sneckomod:MuddlingPotion"},{"floor":28,"key":"Fire Potion"},{"floor":31,"key":"Swift Potion"},{"floor":33,"key":"Dexterity Potion"},{"floor":36,"key":"CultistPotion"},{"floor":39,"key":"EntropicBrew"}],"is_trial":false,"path_per_floor":["R","M","?","?","?","?","T","M","R","$","E","?","$","M","M","B",null,"R","M","M","$","?","R","T","M","$","?","M","$","R","E","M","B",null,"R","M","M","$","M","E","T","R","E"],"character_chosen":"THE_SPIRIT","items_purchased":["Apotheosis","hexamod:WildfireWeapon","hexamod:HauntingEcho","hexamod:ShieldOfDarkness","hexamod:BacktrackSmack","Vajra"],"campfire_rested":3,"item_purchase_floors":[10,10,10,10,29,38],"current_hp_per_floor":[70,70,70,70,70,63,63,63,63,63,47,35,42,43,48,36,80,80,80,80,80,80,80,80,80,66,80,69,50,74,75,72,38,80,90,67,69,66,58,74,74,90,0,0,0],"gold":190,"neow_bonus":"THREE_ENEMY_KILL","is_daily":false,"chose_seed":false,"campfire_upgraded":3,"win_rate":0.0,"timestamp":1609552253,"path_taken":["R","M","?","?","?","?","T","?","R","$","E","?","$","M","M","BOSS","R","M","M","$","?","R","T","M","$","?","M","$","R","E","M","BOSS","R","M","M","$","M","E","T","R","E"],"items_purchased_type":["Card","Card","Card","Card","Card","Relic"],"build_version":"2020-12-22","purchased_purges":4,"victory":false,"max_hp_per_floor":[70,70,70,70,70,70,70,70,70,70,70,70,70,70,70,70,80,80,80,80,80,80,80,80,80,80,80,80,80,80,80,80,80,80,90,90,90,90,90,90,90,90,90,90,90],"card_choices":[{"not_picked":["hexamod:NightmareGuise","hexamod:Firestarter"],"picked":"hexamod:Again","floor":2},{"not_picked":["hexamod:HeatMetal","hexamod:GhostShield"],"picked":"hexamod:FastForward","floor":8},{"not_picked":["hexamod:RainOfEmbers","hexamod:HeatShield"],"picked":"hexamod:DynamicBlow","floor":10},{"not_picked":["hexamod:NightmareGuise","hexamod:GhostflameBarrier"],"picked":"hexamod:FirstSeal","floor":11},{"not_picked":["hexamod:FastForward","hexamod:BacktrackSmack"],"picked":"hexamod:CatchUp","floor":12},{"not_picked":["hexamod:FirstSeal","hexamod:Incineration"],"picked":"hexamod:RadiantFlame","floor":13},{"not_picked":["hexamod:NightmareStrike","hexamod:HauntingEcho","hexamod:CatchUp"],"picked":"SKIP","floor":13},{"not_picked":["hexamod:SpectersWail","hexamod:RecurringNightmare"],"picked":"hexamod:PhantomCloak","floor":14},{"not_picked":["hexamod:PowerFromBeyond","hexamod:BacktrackSmack"],"picked":"hexamod:Rewind","floor":15},{"not_picked":["hexamod:RainOfEmbers","hexamod:SpectersWail","hexamod:NecessarySacrifice"],"picked":"SKIP","floor":15},{"not_picked":["hexamod:ParanormalForm","hexamod:TimeOfNeed"],"picked":"hexamod:GhostflameInferno","floor":16},{"not_picked":["hexamod:VolcanoVisage","hexamod:CrushingStance"],"picked":"hexamod:EmpoweringStance","floor":16},{"not_picked":["hexamod:Hexaguard+1","hexamod:NightmareStrike+1"],"picked":"hexamod:EmpoweredFlame","floor":19},{"not_picked":["hexamod:SpectersWail","hexamod:NightmareGuise"],"picked":"hexamod:SecondSeal","floor":20},{"not_picked":["hexamod:ShieldOfDarkness+1","hexamod:FastForward"],"picked":"hexamod:StepThrough+1","floor":20},{"not_picked":["hexamod:TimeOfNeed","hexamod:ThermalTransfer"],"picked":"hexamod:HauntingEcho","floor":21},{"not_picked":["hexamod:BurningTouch+1","hexamod:SpectersWail"],"picked":"hexamod:DynamicBlow","floor":25},{"not_picked":["hexamod:Rewind+1","hexamod:SecondSeal","hexamod:RainOfEmbers"],"picked":"SKIP","floor":25},{"not_picked":["hexamod:Incineration","hexamod:InspiringFlames","hexamod:Firestarter"],"picked":"SKIP","floor":26},{"not_picked":["hexamod:GhostOfSpirePast","hexamod:PhantomCloak+1"],"picked":"hexamod:BacktrackSmack","floor":28},{"not_picked":["hexamod:WildfireWeapon","hexamod:InspiringFlames"],"picked":"hexamod:Firestarter+1","floor":29},{"not_picked":["hexamod:Haunt","hexamod:FlamesFromBeyond","hexamod:BurningTouch"],"picked":"SKIP","floor":31},{"not_picked":["hexamod:NightmareGuise","hexamod:BacktrackSmack","hexamod:NightmareStrike"],"picked":"SKIP","floor":32},{"not_picked":["hexamod:UnleashSpirits","hexamod:TimeWarp"],"picked":"hexamod:HexaLevel","floor":33},{"not_picked":["hexamod:ThermalTransfer","hexamod:SpectersWail","hexamod:BurningTouch+1"],"picked":"SKIP","floor":36},{"not_picked":["hexamod:NightmareStrike+1","hexamod:RainOfEmbers","hexamod:InspiringFlames"],"picked":"SKIP","floor":37},{"not_picked":["hexamod:FirstSeal","hexamod:GhostLash+1"],"picked":"hexamod:AdvancingGuard+1","floor":38},{"not_picked":["hexamod:NightmareGuise","hexamod:SecondSeal"],"picked":"hexamod:CatchUp+1","floor":39},{"not_picked":["hexamod:PowerFromBeyond","hexamod:GhostOfSpireFuture+1","hexamod:Firestarter"],"picked":"SKIP","floor":40}],"player_experience":161234,"relics_obtained":[{"floor":7,"key":"Ornamental Fan"},{"floor":11,"key":"Whetstone"},{"floor":17,"key":"Bag of Preparation"},{"floor":17,"key":"Pear"},{"floor":17,"key":"Ginger"},{"floor":31,"key":"Pen Nib"},{"floor":40,"key":"Bag of Marbles"},{"floor":41,"key":"TungstenRod"}],"event_choices":[{"damage_healed":0,"gold_gain":0,"player_choice":"Success","damage_taken":7,"relics_obtained":["InkBottle"],"max_hp_gain":0,"max_hp_loss":0,"event_name":"Scrap Ooze","floor":6,"gold_loss":0},{"damage_healed":26,"gold_gain":0,"player_choice":"Heal","damage_taken":0,"max_hp_gain":0,"max_hp_loss":0,"event_name":"The Library","floor":27,"gold_loss":0}],"is_beta":false,"boss_relics":[{"not_picked":["Tiny House","Coffee Dripper"],"picked":"Calling Bell"},{"not_picked":["expansioncontent:StudyCardRelic","Cursed Key"],"picked":"Fusion Hammer"}],"items_purged_floors":[10,13,21,38],"is_endless":false,"potions_floor_spawned":[11,14,15,20,25,28,31,33,36,39],"killed_by":"Nemesis","ascension_level":1}}