{"host":"8o45mh5p3pp1o2mi","time":1609550505,"event":{"mods":["BaseMod","Better Match","Better Third Choice","BetterRewards","Minty Spire (QoL Compilation)","Rare Cards Sparkle","Relic Stats","Replay The Spire","Shop Mod","StSLib","everything is the same but u backflip on backflip"],"gold_per_floor":[18,29,45,120,172,197,197,122,122,122,139,139,139,153,153,251,251,261,261,275,21,38,66,66,94,169,212,40,59,83,105,105,213,213,226,297,312,312,68,103,103,143,197,238,238,263,263,278,278,284],"floor_reached":51,"playtime":3263,"items_purged":["Strike_B","Strike_B"],"score":754,"play_id":"53019735-c097-4ead-862c-232948564d7a","local_time":"20210102012145","is_ascension_mode":true,"campfire_choices":[{"data":"Electrodynamics","floor":10,"key":"SMITH"},{"floor":15,"key":"REST"},{"floor":24,"key":"REST"},{"floor":32,"key":"REST"},{"data":"Biased Cognition","floor":41,"key":"SMITH"},{"floor":45,"key":"REST"}],"circlet_count":0,"master_deck":["Strike_B","Defend_B","Defend_B","Defend_B","Zap","Dualcast","Panic Button","Electrodynamics+1","ReplayTheSpireMod:Calculation Training","Ball Lightning+1","Biased Cognition+1","Rebound+1","BasicCrystalCard","Rainbow+1","Hologram","Biased Cognition+1","Ball Lightning+1","Redo+1","Static Discharge","Mirror Shield+1","Loop+1","Tempest+1","Chill+1","Compile Driver+1","Seek+1","Defragment","Self Repair+1","Crystallizer+1","ReplayTheSpireMod:Brewmster+1","Coolheaded"],"relics":["Cracked Core","Pocketwatch","Divine Protection","Golden Egg","Ring of Chaos","Carrot","Happy Flower","Replay:Bandana","Mummified Hand","Replay:Antivirus Software","SacredBark","White Beast Statue","Whetstone","Toy Ornithopter","MealTicket","Replay:Multitool"],"acts_visited":["Exordium","TheCity","TheBeyond"],"potions_floor_usage":[6,16,18,23,25,27,40,40,42,42,46,46,48,50,50,50,50,50,50,50,50,50],"damage_taken":[{"damage":6,"enemies":"Jaw Worm","floor":1,"turns":2},{"damage":2,"enemies":"Small Slimes","floor":2,"turns":2},{"damage":7,"enemies":"2 Louse","floor":3,"turns":2},{"damage":20,"enemies":"Lagavulin","floor":6,"turns":4},{"damage":0,"enemies":"Lots of Slimes","floor":11,"turns":2},{"damage":0,"enemies":"2 Fungi Beasts","floor":14,"turns":1},{"damage":25,"enemies":"The Guardian","floor":16,"turns":9},{"damage":0,"enemies":"3 Byrds","floor":18,"turns":2},{"damage":36,"enemies":"Shell Parasite","floor":20,"turns":7},{"damage":0,"enemies":"Snecko","floor":22,"turns":2},{"damage":0,"enemies":"Gremlin Leader","floor":23,"turns":5},{"damage":8,"enemies":"Book of Stabbing","floor":25,"turns":3},{"damage":5,"enemies":"Gremlin Leader","floor":27,"turns":3},{"damage":10,"enemies":"Snake Plant","floor":29,"turns":3},{"damage":7,"enemies":"Centurion and Healer","floor":30,"turns":2},{"damage":0,"enemies":"Cultist and Chosen","floor":31,"turns":3},{"damage":27,"enemies":"Pondfish","floor":33,"turns":7},{"damage":0,"enemies":"Orb Walker","floor":35,"turns":2},{"damage":0,"enemies":"3 Shapes","floor":37,"turns":3},{"damage":0,"enemies":"Reptomancer","floor":40,"turns":4},{"damage":67,"enemies":"Giant Head","floor":42,"turns":9},{"damage":0,"enemies":"Reptomancer","floor":44,"turns":6},{"damage":32,"enemies":"Spire Growth","floor":46,"turns":4},{"damage":0,"enemies":"Jaw Worm Horde","floor":48,"turns":2},{"damage":13,"enemies":"Replay:Hell Engine","floor":50,"turns":12}],"seed_played":"-1171807984050721895","potions_obtained":[{"floor":2,"key":"CultistPotion"},{"floor":5,"key":"Death Potion"},{"floor":5,"key":"SpeedPotion"},{"floor":5,"key":"CultistPotion"},{"floor":11,"key":"SkillPotion"},{"floor":16,"key":"ColorlessPotion"},{"floor":22,"key":"Flashbang"},{"floor":23,"key":"ColorlessPotion"},{"floor":29,"key":"Fire Potion"},{"floor":31,"key":"Strength Potion"},{"floor":33,"key":"Swift Potion"},{"floor":37,"key":"SkillPotion"},{"floor":40,"key":"Reflective Coating"},{"floor":42,"key":"Explosive Potion"},{"floor":44,"key":"Reflective Coating"},{"floor":46,"key":"SteroidPotion"},{"floor":48,"key":"Weak Potion"}],"is_trial":false,"path_per_floor":["M","M","M","?","?","E","?","$","T","R","M","$","?","M","R","B",null,"M","?","M","$","M","E","R","E","T","E","$","M","M","M","R","B",null,"M","T","M","?","$","E","R","E","T","E","R","M","R","M","R","B",null],"character_chosen":"DEFECT","items_purchased":["Carrot","Loop","Crystallizer","ReplayTheSpireMod:Brewmster"],"campfire_rested":4,"item_purchase_floors":[21,28,39,39],"current_hp_per_floor":[69,67,60,49,49,29,29,29,29,29,29,29,29,29,51,26,75,75,75,39,39,39,39,61,53,53,48,48,38,31,31,53,26,75,75,75,75,75,75,75,75,18,18,28,50,38,60,65,75,75],"gold":284,"neow_bonus":"ONE_RARE_RELIC","is_daily":false,"chose_seed":false,"campfire_upgraded":2,"win_rate":0.0,"timestamp":1609550505,"path_taken":["M","M","M","?","?","E","?","$","T","R","M","$","?","?","R","BOSS","M","?","M","$","M","E","R","E","T","E","$","M","M","M","R","BOSS","M","?","M","?","?","E","R","E","T","E","R","M","R","M","R","BOSS"],"items_purchased_type":["Relic","Card","Card","Card"],"build_version":"2020-12-22","purchased_purges":2,"victory":true,"max_hp_per_floor":[75,75,75,75,75,75,75,75,75,75,75,75,75,75,75,75,75,75,75,75,75,75,75,75,75,75,75,75,75,75,75,75,75,75,75,75,75,75,75,75,75,75,75,75,75,75,75,75,75,75],"relic_stats":{"Happy Flower":[21],"counters":[25,100],"Mummified Hand":[66],"MealTicket":0,"Whetstone":["Compile Driver","Rebound"],"obtain_stats":[{"Divine Protection":6,"Golden Egg":9,"Carrot":21,"Happy Flower":23,"SacredBark":34,"Ring of Chaos":17,"Replay:Multitool":44,"Whetstone":40,"White Beast Statue":36,"Replay:Bandana":25,"Mummified Hand":26,"MealTicket":43,"Replay:Antivirus Software":27,"Cracked Core":0,"Toy Ornithopter":42,"Pocketwatch":0},{"Divine Protection":4,"Golden Egg":4,"Carrot":9,"Happy Flower":11,"SacredBark":17,"Ring of Chaos":7,"Replay:Multitool":22,"Whetstone":20,"White Beast Statue":18,"Replay:Bandana":12,"Mummified Hand":12,"MealTicket":21,"Replay:Antivirus Software":13,"Cracked Core":0,"Toy Ornithopter":21,"Pocketwatch":0},{"Divine Protection":10,"Golden Egg":10,"Carrot":31,"Happy Flower":38,"SacredBark":59,"Ring of Chaos":22,"Replay:Multitool":82,"Whetstone":67,"White Beast Statue":61,"Replay:Bandana":41,"Mummified Hand":41,"MealTicket":76,"Replay:Antivirus Software":44,"Cracked Core":0,"Toy Ornithopter":76,"Pocketwatch":0}],"Toy Ornithopter":28,"Pocketwatch":[84]},"card_choices":[{"not_picked":["Streamline","Leap"],"picked":"Panic Button","floor":1},{"not_picked":["Steam","Doom and Gloom"],"picked":"Electrodynamics","floor":2},{"not_picked":["Force Field","Time Bomb"],"picked":"ReplayTheSpireMod:Calculation Training","floor":3},{"not_picked":["Double Energy","ReplaySolidLightProjector"],"picked":"Ball Lightning","floor":5},{"not_picked":["Go for the Eyes","ReplaySort"],"picked":"Biased Cognition","floor":6},{"not_picked":["Redo","Fusion"],"picked":"Rebound","floor":11},{"not_picked":["Lockon","Ball Lightning"],"picked":"BasicCrystalCard","floor":14},{"not_picked":["All For One","Machine Learning"],"picked":"Rainbow","floor":16},{"not_picked":["Scrape","Rip and Tear+1"],"picked":"Hologram","floor":18},{"not_picked":["Reinforced Body","Fusion"],"picked":"Ball Lightning","floor":20},{"not_picked":["Sweeping Beam","Conserve Battery"],"picked":"Redo+1","floor":22},{"not_picked":["Beam Cell","Storm"],"picked":"Static Discharge","floor":23},{"not_picked":["Gash+1","Reprogram"],"picked":"Mirror Shield","floor":25},{"not_picked":["Streamline","Darkness","BasicCrystalCard"],"picked":"SKIP","floor":27},{"not_picked":["Stack+1","Steam"],"picked":"Tempest+1","floor":29},{"not_picked":["ReplayTheSpireMod:Repulse","Capacitor"],"picked":"Chill+1","floor":30},{"not_picked":["Gash","Beam Cell"],"picked":"Compile Driver","floor":31},{"not_picked":["Rainbow","ReplayTheSpireMod:Omega Cannon"],"picked":"Seek","floor":33},{"not_picked":["Beam Cell+1","Darkness+1"],"picked":"Defragment","floor":35},{"not_picked":["Streamline+1","Sweeping Beam"],"picked":"Self Repair+1","floor":37},{"not_picked":["Steam+1","Compile Driver+1","Go for the Eyes"],"picked":"SKIP","floor":40},{"not_picked":["Crystallizer","Tempest"],"picked":"Coolheaded","floor":42},{"not_picked":["Barrage","Biased Cognition","Undo+1"],"picked":"SKIP","floor":44},{"not_picked":["Ball Lightning+1","Compile Driver","Barrage"],"picked":"SKIP","floor":46},{"not_picked":["Panic Button+1","Aggregate+1","Leap+1"],"picked":"SKIP","floor":48}],"player_experience":37754,"relics_obtained":[{"floor":6,"key":"Divine Protection"},{"floor":9,"key":"Golden Egg"},{"floor":23,"key":"Happy Flower"},{"floor":25,"key":"Replay:Bandana"},{"floor":26,"key":"Mummified Hand"},{"floor":27,"key":"Replay:Antivirus Software"},{"floor":36,"key":"White Beast Statue"},{"floor":40,"key":"Whetstone"},{"floor":42,"key":"Toy Ornithopter"},{"floor":43,"key":"MealTicket"},{"floor":44,"key":"Replay:Multitool"}],"event_choices":[{"damage_healed":0,"gold_gain":75,"player_choice":"Gold","damage_taken":11,"max_hp_gain":0,"max_hp_loss":0,"event_name":"betterThird:BetterGoop","floor":4,"gold_loss":0},{"cards_removed":["Defend_B"],"damage_healed":0,"gold_gain":0,"player_choice":"Purged","damage_taken":0,"max_hp_gain":0,"max_hp_loss":0,"event_name":"Purifier","floor":13,"gold_loss":0},{"damage_healed":0,"gold_gain":0,"player_choice":"Copied","damage_taken":0,"max_hp_gain":0,"max_hp_loss":0,"event_name":"Duplicator","floor":19,"gold_loss":0,"cards_obtained":["Biased Cognition"]},{"damage_healed":0,"gold_gain":0,"player_choice":"Ignored","damage_taken":0,"max_hp_gain":0,"max_hp_loss":0,"event_name":"Tomb of Lord Red Mask","floor":38,"gold_loss":0}],"is_beta":false,"boss_relics":[{"not_picked":["ReplayTheSpireMod:DimensionalGlitch","Runic Pyramid"],"picked":"Ring of Chaos"},{"not_picked":["Replay:Wanted Poster","Snecko Eye"],"picked":"SacredBark"}],"items_purged_floors":[8,28],"is_endless":false,"potions_floor_spawned":[2,11,14,16,22,23,29,31,33,35,37,40,42,44,46,48],"ascension_level":1}}