{"host":"dl7h25vjpuplx29g","time":1609561047,"event":{"mods":["BaseMod","Colored Map","Minty Spire (QoL Compilation)"],"gold_per_floor":[109,125,50,68,87,113,113,113,140,166,182,212,240,240,240,240,240],"floor_reached":16,"playtime":880,"items_purged":["Strike_B"],"score":204,"play_id":"280b4671-3bc2-4435-8a85-0e42eccef253","local_time":"20210102131727","is_ascension_mode":true,"campfire_choices":[{"floor":7.0,"key":"REST"},{"data":"Sunder","floor":15.0,"key":"SMITH"}],"circlet_count":0,"master_deck":["AscendersBane","Strike_B","Strike_B","Defend_B","Defend_B","Defend_B","Zap","Dualcast","Sunder+1","Beam Cell","Ball Lightning","Capacitor","Machine Learning","Defragment+1","Seek"],"relics":["Cracked Core","Lantern","PreservedInsect","Anchor","Vajra","Molten Egg 2","Ancient Tea Set"],"acts_visited":["Exordium"],"potions_floor_usage":[16],"damage_taken":[{"damage":1.0,"enemies":"Cultist","floor":1.0,"turns":3.0},{"damage":0.0,"enemies":"2 Louse","floor":2.0,"turns":2.0},{"damage":0.0,"enemies":"Small Slimes","floor":4.0,"turns":2.0},{"damage":10.0,"enemies":"Gremlin Gang","floor":5.0,"turns":4.0},{"damage":25.0,"enemies":"3 Sentries","floor":6.0,"turns":5.0},{"damage":10.0,"enemies":"Lagavulin","floor":10.0,"turns":3.0},{"damage":0.0,"enemies":"Exordium Wildlife","floor":11.0,"turns":2.0},{"damage":16.0,"enemies":"Gremlin Nob","floor":13.0,"turns":3.0},{"damage":21,"enemies":"The Guardian","floor":16,"turns":3}],"seed_played":"4602469416459482541","potions_obtained":[{"floor":1.0,"key":"PotionOfCapacity"},{"floor":6.0,"key":"SkillPotion"},{"floor":10.0,"key":"Regen Potion"}],"is_trial":false,"path_per_floor":["M","M","$","M","M","E","R","?","T","E","M","?","E","?","R","B"],"character_chosen":"DEFECT","items_purchased":[],"campfire_rested":1,"item_purchase_floors":[],"current_hp_per_floor":[63,63,63,63,53,28,47,40,40,30,30,30,14,14,14,0,0],"gold":240,"neow_bonus":"REMOVE_TWO","is_daily":false,"chose_seed":false,"campfire_upgraded":1,"win_rate":0.0,"timestamp":1609561047,"path_taken":["M","?","$","M","M","E","R","?","T","E","M","?","E","?","R","BOSS"],"items_purchased_type":[],"build_version":"2020-12-22","purchased_purges":1,"victory":false,"max_hp_per_floor":[64,64,64,64,64,64,64,64,64,64,64,64,64,64,64,64,64],"card_choices":[{"not_picked":["Rebound","Self Repair"],"picked":"Sunder","floor":1.0},{"not_picked":["Recycle","Chill"],"picked":"Beam Cell","floor":2.0},{"not_picked":["Beam Cell","Lockon","Barrage"],"picked":"SKIP","floor":4.0},{"not_picked":["Chaos","Steam"],"picked":"Ball Lightning","floor":5.0},{"not_picked":["Chill","Gash"],"picked":"Capacitor","floor":6.0},{"not_picked":["Rebound","White Noise"],"picked":"Machine Learning","floor":10.0},{"not_picked":["Stack","Cold Snap"],"picked":"Defragment","floor":11.0},{"not_picked":["Beam Cell+1","Redo"],"picked":"Seek","floor":13.0}],"player_experience":1448307,"relics_obtained":[{"floor":6.0,"key":"Lantern"},{"floor":9.0,"key":"Anchor"},{"floor":10.0,"key":"Vajra"},{"floor":13.0,"key":"Ancient Tea Set"}],"event_choices":[{"damage_healed":0.0,"max_hp_gain":0.0,"max_hp_loss":0.0,"gold_gain":0.0,"event_name":"Scrap Ooze","player_choice":"Success","floor":8.0,"gold_loss":0.0,"damage_taken":7.0,"relics_obtained":["PreservedInsect"]},{"damage_healed":0.0,"max_hp_gain":0.0,"max_hp_loss":0.0,"gold_gain":30.0,"event_name":"Dead Adventurer","player_choice":"Searched \u00272\u0027 times","floor":12.0,"gold_loss":0.0,"damage_taken":0.0,"relics_obtained":["Molten Egg 2"]},{"damage_healed":0.0,"max_hp_gain":0.0,"max_hp_loss":0.0,"gold_gain":0.0,"event_name":"Upgrade Shrine","player_choice":"Upgraded","floor":14.0,"gold_loss":0.0,"damage_taken":0.0,"cards_upgraded":["Defragment"]}],"is_beta":false,"boss_relics":[],"items_purged_floors":[3],"is_endless":false,"potions_floor_spawned":[1,6,10],"killed_by":"The Guardian","ascension_level":14}}