{"host":"wbdly04l9mkn9nrc","time":1609564613,"event":{"mods":["AchievementEnabler","BaseMod","BetterRewards","Minty Spire (QoL Compilation)","StSLib","[IsaacMod]ÒÔÈö¼âËþ"],"gold_per_floor":[125,125,125,145,145,145,185,217,243,274,274,320,74,87,87,186,186,220,242,75,75,25,81,129,143,152,205,205,264,264,283,283,407,416,449,782,826,826,855,892,391,408,417,442,442,145,145,0,0,0],"floor_reached":51,"playtime":2810,"items_purged":["Strike_G","Clumsy","Pain"],"score":2553,"play_id":"aa05d5b7-27be-4c6f-9c88-bd1b57c63520","local_time":"20210102131653","is_ascension_mode":true,"campfire_choices":[{"data":"Infinite Blades","floor":6.0,"key":"SMITH"},{"data":"Adrenaline","floor":15.0,"key":"SMITH"},{"data":"Neutralize","floor":28.0,"key":"SMITH"},{"data":"Crippling Poison","floor":30.0,"key":"SMITH"},{"data":"Blade Dance","floor":32.0,"key":"SMITH"},{"data":"Adrenaline","floor":45.0,"key":"SMITH"},{"data":"Glass Knife","floor":47,"key":"SMITH"},{"data":"Backstab","floor":49,"key":"SMITH"}],"circlet_count":0,"master_deck":["AscendersBane","Strike_G","Strike_G","Strike_G","Defend_G","Defend_G","Defend_G","Defend_G","Defend_G","Survivor","Neutralize+1","BettingIsNotGood+1","Infinite Blades+1","Backflip","Finisher+1","Adrenaline+1","Poisoned Stab+1","Dagger Spray","Deadly Poison","Accuracy+1","Blade Dance","Blade Dance+1","Crippling Poison+1","Glass Knife+1","Acrobatics","Dagger Throw","Backstab+1","Backflip","Adrenaline+1","Tools of the Trade+1","Dagger Spray+1","Masterful Stab+1","Quick Slash+1","Accuracy+1","Poisoned Stab+1"],"relics":["Ring of the Serpent","HushsDoor","DeathBook","Lee\u0027s Waffle","Habit","Mummified Hand","BookOfRevelations","CeramicFish","Toolbox","FaceOfCleric","Whetstone","Nunchaku","Eternal Feather","Snake Skull","Cursed Key","SatanicBible","BelialBook","TheBean","Lantern","Void","Art of War","Frozen Egg 2","StoneCalendar","PreservedInsect","Strange Spoon","Bronze Scales","Blue Candle","OrangePellets","Red Mask"],"acts_visited":["Exordium","TheCity","TheBeyond"],"potions_floor_usage":[50],"damage_taken":[{"damage":0.0,"enemies":"Small Slimes","floor":1.0,"turns":2.0},{"damage":0.0,"enemies":"2 Louse","floor":4.0,"turns":2.0},{"damage":0.0,"enemies":"Gremlin Nob","floor":7.0,"turns":4.0},{"damage":0.0,"enemies":"Cultist","floor":8.0,"turns":2.0},{"damage":4.0,"enemies":"3 Sentries","floor":10.0,"turns":6.0},{"damage":0.0,"enemies":"Large Slime","floor":12.0,"turns":2.0},{"damage":0.0,"enemies":"Exordium Wildlife","floor":14.0,"turns":2.0},{"damage":0.0,"enemies":"Slime Boss","floor":16.0,"turns":5.0},{"damage":0.0,"enemies":"2 Thieves","floor":18.0,"turns":3.0},{"damage":0.0,"enemies":"3 Byrds","floor":19.0,"turns":2.0},{"damage":0.0,"enemies":"Book of Stabbing","floor":23.0,"turns":1.0},{"damage":0.0,"enemies":"3 Cultists","floor":24.0,"turns":2.0},{"damage":0.0,"enemies":"Snecko","floor":25.0,"turns":1.0},{"damage":0.0,"enemies":"Slavers","floor":27.0,"turns":1.0},{"damage":0.0,"enemies":"Book of Stabbing","floor":29.0,"turns":2.0},{"damage":0.0,"enemies":"Snake Plant","floor":31.0,"turns":2.0},{"damage":0.0,"enemies":"Collector","floor":33.0,"turns":2.0},{"damage":0.0,"enemies":"3 Shapes","floor":35.0,"turns":1.0},{"damage":0.0,"enemies":"3 Darklings","floor":37.0,"turns":1.0},{"damage":0.0,"enemies":"Transient","floor":39.0,"turns":6.0},{"damage":0.0,"enemies":"Giant Head","floor":40.0,"turns":3.0},{"damage":0.0,"enemies":"Maw","floor":42.0,"turns":3.0},{"damage":0.0,"enemies":"Sphere and 2 Shapes","floor":44.0,"turns":2.0},{"damage":0,"enemies":"Donu and Deca","floor":50,"turns":2}],"seed_played":"7692332008544421517","potions_obtained":[{"floor":4.0,"key":"Block Potion"},{"floor":7.0,"key":"FearPotion"},{"floor":8.0,"key":"EssenceOfSteel"},{"floor":10.0,"key":"DuplicationPotion"}],"is_trial":false,"path_per_floor":["M","?","?","M","?","R","E","M","T","E","?","M","$","M","R","B",null,"M","M","$","?","?","E","M","M","T","E","R","E","R","M","R","B",null,"M","?","M","?","M","E","$","M","T","M","R","$","R","?","R","B",null],"character_chosen":"THE_SILENT","items_purchased":["Lee\u0027s Waffle","Habit","Infinite Blades","Backflip","Finisher","Adrenaline","Mummified Hand","BookOfRevelations","Poisoned Stab","CeramicFish","Dagger Spray","Toolbox","Deadly Poison","Snake Skull","Crippling Poison","SatanicBible","BelialBook","Tools of the Trade+1","Strange Spoon","Accuracy+1","Bronze Scales","OrangePellets"],"campfire_rested":0,"item_purchase_floors":[0,0,0,0,0,0,0,0,0,0,0,0,0,13,13,17,20,34,41,41,41,46],"current_hp_per_floor":[73,48,41,41,41,41,47,48,48,45,22,23,23,34,46,57,66,70,71,71,56,56,57,58,59,59,60,75,76,76,77,77,78,74,75,75,73,73,74,75,75,76,76,77,77,77,77,77,77,72],"gold":0,"neow_bonus":"","is_daily":false,"chose_seed":false,"campfire_upgraded":8,"win_rate":0.0,"timestamp":1609564613,"path_taken":["M","?","?","M","?","R","E","M","T","E","?","M","$","M","R","BOSS","M","M","$","?","?","E","?","M","T","E","R","E","R","M","R","BOSS","M","?","M","?","M","E","$","M","T","M","R","$","R","?","R","BOSS"],"items_purchased_type":["Relic","Relic","Card","Card","Card","Card","Relic","Relic","Card","Relic","Card","Relic","Card","Relic","Card","Relic","Relic","Card","Relic","Card","Relic","Relic"],"build_version":"2020-12-22","purchased_purges":3,"victory":true,"max_hp_per_floor":[73,73,73,73,73,73,74,75,75,76,76,77,77,78,78,79,69,70,71,71,71,71,72,73,74,74,75,75,76,76,77,77,78,74,75,75,73,73,74,75,75,76,76,77,77,77,77,77,77,72],"card_choices":[{"not_picked":[],"picked":"BettingIsNotGood","floor":0.0},{"not_picked":["Sucker Punch","Dodge and Roll"],"picked":"Accuracy","floor":1.0},{"not_picked":["Flying Knee","Well Laid Plans","Eviscerate"],"picked":"SKIP","floor":4.0},{"not_picked":["Doppelganger","Underhanded Strike"],"picked":"Blade Dance","floor":7.0},{"not_picked":["Sucker Punch","Deflect"],"picked":"Blade Dance","floor":8.0},{"not_picked":["Bouncing Flask","Bane","Choke"],"picked":"SKIP","floor":10.0},{"not_picked":["Predator","Riddle With Holes","Dodge and Roll"],"picked":"SKIP","floor":12.0},{"not_picked":["Endless Agony","Dash","Underhanded Strike"],"picked":"SKIP","floor":14.0},{"not_picked":["Venomology","Doppelganger"],"picked":"Glass Knife","floor":16.0},{"not_picked":["All Out Attack","Quick Slash"],"picked":"Acrobatics","floor":18.0},{"not_picked":["Prepared","PiercingWail"],"picked":"Dagger Throw","floor":19.0},{"not_picked":["Reflex","Underhanded Strike","Caltrops"],"picked":"SKIP","floor":23.0},{"not_picked":["Deadly Poison","Backflip"],"picked":"Backstab","floor":24.0},{"not_picked":["Acrobatics","All Out Attack+1","Dodge and Roll"],"picked":"SKIP","floor":25.0},{"not_picked":["Blade Dance","PiercingWail"],"picked":"Backflip","floor":27.0},{"not_picked":["Flechettes","Reflex","Endless Agony+1"],"picked":"SKIP","floor":29.0},{"not_picked":["Dash","Bane","PiercingWail"],"picked":"SKIP","floor":31.0},{"not_picked":["Doppelganger","Venomology"],"picked":"Adrenaline","floor":33.0},{"not_picked":["Eviscerate","Outmaneuver+1"],"picked":"Dagger Spray+1","floor":35.0},{"not_picked":["Prepared","Acrobatics","PiercingWail"],"picked":"SKIP","floor":37.0},{"not_picked":["Heel Hook","Flechettes"],"picked":"Masterful Stab+1","floor":39.0},{"not_picked":["Bouncing Flask","Deadly Poison+1"],"picked":"Quick Slash+1","floor":40.0},{"not_picked":["Slice","Setup+1","Crippling Poison"],"picked":"SKIP","floor":42.0},{"not_picked":["Cloak And Dagger","Quick Slash"],"picked":"Poisoned Stab+1","floor":44.0}],"player_experience":183012,"relics_obtained":[{"floor":7.0,"key":"Whetstone"},{"floor":9.0,"key":"Nunchaku"},{"floor":10.0,"key":"Eternal Feather"},{"floor":23.0,"key":"Void"},{"floor":26.0,"key":"Art of War"},{"floor":27.0,"key":"Frozen Egg 2"},{"floor":29.0,"key":"StoneCalendar"},{"floor":40.0,"key":"PreservedInsect"},{"floor":43.0,"key":"Blue Candle"}],"event_choices":[{"damage_healed":0.0,"max_hp_gain":0.0,"max_hp_loss":0.0,"gold_gain":0.0,"event_name":"Golden Idol","player_choice":"Take Damage","floor":2.0,"gold_loss":0.0,"damage_taken":25.0,"relics_obtained":["Golden Idol"]},{"cards_removed":["Strike_G"],"damage_healed":0.0,"max_hp_gain":0.0,"max_hp_loss":0.0,"gold_gain":0.0,"event_name":"Golden Wing","player_choice":"Card Removal","floor":3.0,"gold_loss":0.0,"damage_taken":7.0},{"damage_healed":0.0,"max_hp_gain":0.0,"max_hp_loss":0.0,"gold_gain":0.0,"event_name":"FaceTrader","player_choice":"Trade","floor":5.0,"gold_loss":0.0,"damage_taken":0.0,"relics_obtained":["FaceOfCleric"]},{"damage_healed":0.0,"max_hp_gain":0.0,"max_hp_loss":0.0,"gold_gain":0.0,"event_name":"Shining Light","player_choice":"Entered Light","floor":11.0,"gold_loss":0.0,"damage_taken":23.0,"cards_upgraded":["Accuracy","BettingIsNotGood"]},{"damage_healed":0.0,"max_hp_gain":0.0,"max_hp_loss":0.0,"gold_gain":0.0,"event_name":"WeMeetAgain","player_choice":"Paid Gold","floor":22.0,"gold_loss":50.0,"damage_taken":0.0,"relics_obtained":["Lantern"]},{"damage_healed":0.0,"max_hp_gain":0.0,"max_hp_loss":0.0,"gold_gain":333.0,"event_name":"The Moai Head","player_choice":"Gave Idol","floor":36.0,"relics_lost":["Golden Idol"],"gold_loss":0.0,"damage_taken":0.0},{"damage_healed":0.0,"max_hp_gain":0.0,"max_hp_loss":0.0,"gold_gain":0.0,"event_name":"SensoryStone","player_choice":"Memory 1","floor":38.0,"gold_loss":0.0,"damage_taken":0.0},{"damage_healed":0,"gold_gain":0,"player_choice":"Paid","damage_taken":0,"relics_obtained":["Red Mask"],"max_hp_gain":0,"max_hp_loss":0,"event_name":"Tomb of Lord Red Mask","floor":48,"gold_loss":145}],"is_beta":false,"boss_relics":[{"not_picked":["Philosopher\u0027s Stone","HoveringKite"],"picked":"Cursed Key"},{"not_picked":[]},{"not_picked":["Tiny House","Fusion Hammer"],"picked":"Ring of the Serpent"},{"not_picked":[]}],"items_purged_floors":[0,41,46],"is_endless":false,"potions_floor_spawned":[4,7,8,10,16,24,25,27,29,31,35,37,39],"ascension_level":19}}