{"host":"9pqy5lt7vda52ebm","time":1609562033,"event":{"mods":["BaseMod","Evolution","Minty Spire (QoL Compilation)","Optimize The Spire","Quick Restart","StSLib","The Marked"],"gold_per_floor":[114,130,55,71,71,71,31,31,55,73,73,84,99,99,99,202,202,202,202],"floor_reached":18,"playtime":862,"items_purged":["Strike_G"],"score":160,"play_id":"6f5b1965-3e4c-4a0c-9a0d-f20bd464ac93","local_time":"20210101233353","is_ascension_mode":true,"campfire_choices":[{"data":"Sucker Punch","floor":6,"key":"SMITH"},{"data":"Heel Hook","floor":8,"key":"SMITH"},{"data":"Crippling Poison","floor":15,"key":"SMITH"}],"circlet_count":0,"master_deck":["Survivor","Neutralize+1","Acrobatics","Heel Hook+1","PiercingWail","Sucker Punch+1","Crippling Poison+1","Endless Agony","Tools of the Trade","Noxious Fumes","Dagger Throw","Concentrate","Unload","All Out Attack","PiercingWail","Envenom","Strike_G"],"relics":["Ring of the Snake","EVO:Axolotl","Bag of Marbles","Tiny Chest","Pandora\u0027s Box"],"acts_visited":["Exordium","TheCity"],"potions_floor_usage":[16,16,16,16,16],"damage_taken":[{"damage":0,"enemies":"2 Louse","floor":1,"turns":3},{"damage":2,"enemies":"Jaw Worm","floor":2,"turns":5},{"damage":0,"enemies":"Cultist","floor":4,"turns":4},{"damage":0,"enemies":"Blue Slaver","floor":10,"turns":3},{"damage":0,"enemies":"Gremlin Gang","floor":12,"turns":5},{"damage":0,"enemies":"Red Slaver","floor":13,"turns":3},{"damage":22,"enemies":"Hexaghost","floor":16,"turns":8},{"damage":64,"enemies":"Shell Parasite","floor":18,"turns":6}],"seed_played":"-3970374186052150591","potions_obtained":[{"floor":7,"key":"EntropicBrew"},{"floor":7,"key":"Block Potion"},{"floor":7,"key":"SneckoOil"},{"floor":12,"key":"FearPotion"},{"floor":16,"key":"Weak Potion"}],"is_trial":false,"path_per_floor":["M","M","$","M","?","R","?","R","T","M","$","M","M","?","R","B",null,"M"],"character_chosen":"THE_SILENT","items_purchased":[],"campfire_rested":0,"item_purchase_floors":[],"current_hp_per_floor":[63,61,61,61,48,48,48,48,48,48,48,48,48,48,48,26,63,0,0],"gold":202,"neow_bonus":"TRANSFORM_TWO_CARDS","is_daily":false,"chose_seed":false,"campfire_upgraded":3,"win_rate":0.0,"timestamp":1609562033,"path_taken":["M","M","$","M","?","R","?","R","T","M","$","?","M","?","R","BOSS","M"],"items_purchased_type":[],"build_version":"2020-12-22","purchased_purges":1,"victory":false,"max_hp_per_floor":[63,63,63,63,63,63,63,63,63,63,63,63,63,63,63,63,63,63,63],"card_choices":[{"not_picked":["Masterful Stab","Escape Plan"],"picked":"PiercingWail","floor":1},{"not_picked":["Bouncing Flask","Riddle With Holes"],"picked":"Sucker Punch","floor":2},{"not_picked":["Accuracy","Catalyst"],"picked":"Crippling Poison","floor":4},{"not_picked":["Masterful Stab","Crippling Poison"],"picked":"PiercingWail","floor":10},{"not_picked":["Outmaneuver","Leg Sweep"],"picked":"Endless Agony","floor":12},{"not_picked":["Prepared","Accuracy","Deadly Poison"],"picked":"SKIP","floor":13},{"not_picked":["Unload","Wraith Form v2"],"picked":"Tools of the Trade","floor":16}],"player_experience":417178,"relics_obtained":[{"floor":9,"key":"Bag of Marbles"}],"event_choices":[{"damage_healed":0,"gold_gain":0,"player_choice":"Entered Light","damage_taken":13,"max_hp_gain":0,"max_hp_loss":0,"event_name":"Shining Light","floor":5,"gold_loss":0,"cards_upgraded":["Neutralize","Defend_G"]},{"damage_healed":0,"gold_gain":0,"player_choice":"Bought 3 Potions","damage_taken":0,"max_hp_gain":0,"max_hp_loss":0,"event_name":"The Woman in Blue","floor":7,"gold_loss":0},{"cards_removed":["PiercingWail"],"damage_healed":0,"gold_gain":0,"player_choice":"Gave Card","damage_taken":0,"relics_obtained":["Tiny Chest"],"max_hp_gain":0,"max_hp_loss":0,"event_name":"WeMeetAgain","floor":14,"gold_loss":0}],"is_beta":false,"boss_relics":[{"not_picked":["Snecko Eye","Ring of the Serpent"],"picked":"Pandora\u0027s Box"}],"items_purged_floors":[3],"is_endless":false,"potions_floor_spawned":[12,13,16],"killed_by":"Shell Parasite","ascension_level":1}}