{"host":"a2lvm7nbw6nkrc91","time":1609581933,"event":{"mods":["BaseMod","Friendly Minions","Hermit","Kiyohime£¨?ýï£©","Koishi","Marisa£¨Ùöéë¡¡Øª×âÞÞ£©","Minty Spire (QoL Compilation)","Prisma Mod","Replay The Spire","StSLib","Td1madao Mod","The Bug Knight","The Dragon Tamer"],"gold_per_floor":[110,110,34,48,48,75,35,66,66,91,104,104,104],"floor_reached":12,"playtime":286,"items_purged":["hermit:Defend_Hermit"],"score":111,"play_id":"1c87c088-0336-4a11-940e-d6740d81dc97","local_time":"20210102190533","is_ascension_mode":false,"campfire_choices":[],"circlet_count":0,"master_deck":["hermit:Strike_Hermit","hermit:Strike_Hermit","hermit:Strike_Hermit","hermit:Strike_Hermit","hermit:Defend_Hermit","hermit:Defend_Hermit","hermit:Snapshot","hermit:Covet","hermit:GhostlyPresence","Sickly","hermit:LowProfile","hermit:Combo","hermit:BigShot","hermit:Malice","hermit:Brawl"],"relics":["hermit:Momento","NeowsBlessing","ReplayTheSpireMod:CursedCoin","ReplayFunnel","HollowMod:LifeEnderRelic","Potion Belt","Replay:Accelerometer","Gremlin Food"],"acts_visited":["Exordium"],"potions_floor_usage":[12],"damage_taken":[{"damage":0,"enemies":"Small Slimes","floor":1,"turns":1},{"damage":0,"enemies":"Cultist","floor":4,"turns":1},{"damage":0,"enemies":"3 Sentries","floor":6,"turns":2},{"damage":16,"enemies":"Replay:BlueRogue","floor":8,"turns":6},{"damage":22,"enemies":"Jaw Worm","floor":11,"turns":4},{"damage":47,"enemies":"Gremlin Nob","floor":12,"turns":4}],"seed_played":"-4747116309633707310","potions_obtained":[{"floor":8,"key":"Strength Potion"}],"is_trial":false,"path_per_floor":["M","?","$","M","$","E","$","E","T","T","M","E"],"character_chosen":"HERMIT","items_purchased":["ReplayTheSpireMod:CursedCoin","ReplayFunnel","hermit:BigShot"],"campfire_rested":0,"item_purchase_floors":[3,3,7],"current_hp_per_floor":[75,75,75,75,75,75,75,59,59,59,37,0,0],"gold":104,"neow_bonus":"THREE_ENEMY_KILL","is_daily":false,"chose_seed":false,"campfire_upgraded":0,"win_rate":0.0,"timestamp":1609581933,"path_taken":["M","?","$","M","?","E","$","E","T","?","M","E"],"items_purchased_type":["Relic","Relic","Card"],"build_version":"2020-12-22","purchased_purges":1,"victory":false,"max_hp_per_floor":[75,75,75,75,75,75,75,75,75,75,75,75,75],"card_choices":[{"not_picked":["hermit:ItchyTrigger","hermit:Desperado"],"picked":"hermit:GhostlyPresence","floor":1},{"not_picked":["hermit:GhostlyPresence","hermit:LuckOfTheDraw"],"picked":"hermit:LowProfile","floor":4},{"not_picked":["hermit:BigShot","hermit:SprayPray"],"picked":"hermit:Combo","floor":6},{"not_picked":["hermit:Deadeye","hermit:Headshot"],"picked":"hermit:Malice","floor":8},{"not_picked":["hermit:Scavenge","hermit:ItchyTrigger"],"picked":"hermit:Brawl","floor":11}],"player_experience":515931,"relics_obtained":[{"floor":6,"key":"HollowMod:LifeEnderRelic"},{"floor":8,"key":"Potion Belt"},{"floor":9,"key":"Replay:Accelerometer"},{"floor":10,"key":"Gremlin Food"}],"event_choices":[{"cards_removed":["hermit:Defend_Hermit"],"damage_healed":0,"gold_gain":0,"player_choice":"Purged","damage_taken":0,"max_hp_gain":0,"max_hp_loss":0,"event_name":"Purifier","floor":2,"gold_loss":0}],"is_beta":false,"boss_relics":[],"items_purged_floors":[3],"is_endless":false,"potions_floor_spawned":[8],"killed_by":"Gremlin Nob","ascension_level":0}}