{"host":"g76rhe4j5kh9hdf9","time":1609551787,"event":{"mods":["Act Like it!","BaseMod","Better Third Choice","GifTheSpireLib","Minty Spire (QoL Compilation)","Relic Stats","Spicy Shops","StSLib","TheSwordswoman"],"gold_per_floor":[111,125,125,125,125,125,153,153,153,166,181,181,212,228,228,327,327,343,354,58,58,70,96,110,128,177,191,191,221,238,264,264,362,362,374,389,191,241,291,319,229,261,261,278,291,191,222,122,122,122,122,122,61,93,93],"floor_reached":56,"playtime":4721,"items_purged":["Pain","blazmod:Defend","blazmod:Strike","blazmod:Strike+1","blazmod:Defend+1","blazmod:ButterFlutter+1"],"score":1751,"play_id":"57d530e2-0796-474e-8745-55572864f087","local_time":"20210101174307","is_ascension_mode":true,"campfire_choices":[{"data":"blazmod:SeismicSlash","floor":6,"key":"SMITH"},{"data":"blazmod:FleetOfFoot","floor":8,"key":"SMITH"},{"data":"blazmod:DrippingWaterHollowsStone","floor":15,"key":"SMITH"},{"floor":32,"key":"RECALL"},{"floor":49,"key":"REST"},{"floor":52,"key":"REST"}],"circlet_count":0,"master_deck":["blazmod:ButterflyEffect","blazmod:SeismicSlash+1","blazmod:FleetOfFoot+1","blazmod:DrippingWaterHollowsStone+1","blazmod:InLoveAndWar","blazmod:MyEverything+1","blazmod:RevolvingPhoenix","blazmod:SeismicSlash","blazmod:SeismicSlash+1","blazmod:StanceChange+1","blazmod:DevilDivine+1","blazmod:WildButterfly+1","blazmod:SeismicSlash","blazmod:RevolvingPhoenix+1","blazmod:Observant+1"],"relics":["blazmod:Venustas","Lizard Tail","The Courier","Matryoshka","WarpedTongs","White Beast Statue","Fusion Hammer","Bag of Marbles","Strange Spoon","Tiny Chest","Question Card","Ancient Tea Set","Kunai","blazmod:Vyxaba","Medical Kit","blazmod:EightLifeKatana","Omamori","Smiling Mask","War Paint","Shuriken","Pear","InkBottle","Strawberry","Anchor"],"acts_visited":["Exordium","TheCity","TheBeyond","TheEnding"],"potions_floor_usage":[13,16,16,22,29,31,40,55,55],"damage_taken":[{"damage":1,"enemies":"Cultist","floor":1,"turns":3},{"damage":5,"enemies":"Small Slimes","floor":2,"turns":4},{"damage":9,"enemies":"3 Sentries","floor":7,"turns":11},{"damage":2,"enemies":"Jaw Worm","floor":10,"turns":4},{"damage":0,"enemies":"Large Slime","floor":11,"turns":5},{"damage":13,"enemies":"Lagavulin","floor":13,"turns":6},{"damage":0,"enemies":"Lots of Slimes","floor":14,"turns":4},{"damage":0,"enemies":"The Guardian","floor":16,"turns":12},{"damage":0,"enemies":"Shell Parasite","floor":18,"turns":2},{"damage":1,"enemies":"Chosen","floor":19,"turns":3},{"damage":0,"enemies":"Snake Plant","floor":22,"turns":1},{"damage":0,"enemies":"Book of Stabbing","floor":23,"turns":3},{"damage":0,"enemies":"Centurion and Healer","floor":24,"turns":1},{"damage":0,"enemies":"Shelled Parasite and Fungi","floor":25,"turns":1},{"damage":0,"enemies":"Snake Plant","floor":27,"turns":2},{"damage":0,"enemies":"Gremlin Leader","floor":29,"turns":2},{"damage":0,"enemies":"Snecko","floor":30,"turns":1},{"damage":5,"enemies":"Slavers","floor":31,"turns":3},{"damage":0,"enemies":"Champ","floor":33,"turns":1},{"damage":0,"enemies":"Orb Walker","floor":35,"turns":1},{"damage":0,"enemies":"3 Shapes","floor":36,"turns":1},{"damage":0,"enemies":"Mind Bloom Boss Battle","floor":38,"turns":1},{"damage":0,"enemies":"Giant Head","floor":40,"turns":1},{"damage":0,"enemies":"Reptomancer","floor":42,"turns":1},{"damage":0,"enemies":"Writhing Mass","floor":44,"turns":1},{"damage":0,"enemies":"Transient","floor":45,"turns":1},{"damage":0,"enemies":"Giant Head","floor":47,"turns":1},{"damage":33,"enemies":"Time Eater","floor":50,"turns":4},{"damage":0,"enemies":"Shield and Spear","floor":54,"turns":1},{"damage":0,"enemies":"The Heart","floor":55,"turns":4}],"seed_played":"6628367909697077108","potions_obtained":[{"floor":7,"key":"SteroidPotion"},{"floor":13,"key":"Explosive Potion"},{"floor":14,"key":"Block Potion"},{"floor":16,"key":"Weak Potion"},{"floor":18,"key":"SkillPotion"},{"floor":19,"key":"SteroidPotion"},{"floor":22,"key":"ColorlessPotion"},{"floor":24,"key":"DuplicationPotion"},{"floor":29,"key":"FearPotion"},{"floor":31,"key":"Ancient Potion"},{"floor":33,"key":"FairyPotion"},{"floor":36,"key":"LiquidMemories"},{"floor":40,"key":"Swift Potion"},{"floor":47,"key":"EntropicBrew"},{"floor":54,"key":"DuplicationPotion"}],"is_trial":false,"path_per_floor":["M","M","?","?","?","R","E","R","T","M","M","?","E","M","R","B",null,"M","M","$","?","M","E","M","M","T","M","?","E","M","E","R","B",null,"M","M","$","?","T","E","?","E","T","M","M","$","E","$","R","B",null,"R","$","E","B",null],"character_chosen":"THE_SWORDSWOMAN","items_purchased":["Bag of Marbles","Strange Spoon","Medical Kit","Strawberry"],"campfire_rested":2,"item_purchase_floors":[20,20,37,53],"current_hp_per_floor":[27,22,22,22,50,50,41,41,41,39,39,39,26,26,26,26,50,50,49,49,49,49,49,49,49,49,49,49,49,49,44,44,44,50,50,50,50,50,50,50,50,50,60,60,60,60,60,60,60,27,60,60,67,67,67],"gold":93,"neow_bonus":"TRANSFORM_TWO_CARDS","is_daily":false,"chose_seed":false,"campfire_upgraded":3,"win_rate":0.0,"timestamp":1609551787,"path_taken":["M","?","?","?","?","R","E","R","T","M","?","?","E","M","R","BOSS","M","M","$","?","M","E","M","?","T","M","?","E","M","E","R","BOSS","M","M","$","?","?","E","?","E","T","M","?","$","E","$","R","BOSS","R","$","E","BOSS"],"items_purchased_type":["Relic","Relic","Relic","Relic"],"build_version":"2020-12-22","purchased_purges":6,"victory":true,"max_hp_per_floor":[40,40,40,40,50,50,50,50,50,50,50,50,50,50,50,50,50,50,50,50,50,50,50,50,50,50,50,50,50,50,50,50,50,50,50,50,50,50,50,50,50,50,60,60,60,60,60,60,60,60,60,60,67,67,67],"relic_stats":{"counters":[30,86],"War Paint":["blazmod:WildButterfly","blazmod:Defend"],"Question Card":14,"Medical Kit":[4],"Smiling Mask":320,"WarpedTongs":[51],"Strange Spoon":[54],"Lizard Tail":0,"Shuriken":[34],"Tiny Chest":1,"Kunai":[55],"obtain_stats":[{"blazmod:EightLifeKatana":38,"Pear":43,"The Courier":7,"blazmod:Vyxaba":34,"Omamori":39,"War Paint":40,"Question Card":26,"Ancient Tea Set":29,"Medical Kit":37,"Smiling Mask":39,"White Beast Statue":13,"WarpedTongs":12,"Strange Spoon":20,"blazmod:Venustas":0,"Lizard Tail":3,"Anchor":54,"Matryoshka":9,"Shuriken":42,"Strawberry":53,"Tiny Chest":23,"Fusion Hammer":17,"Bag of Marbles":20,"Kunai":31,"InkBottle":47},{"blazmod:EightLifeKatana":22,"Pear":24,"The Courier":3,"blazmod:Vyxaba":19,"Omamori":22,"War Paint":23,"Question Card":14,"Ancient Tea Set":16,"Medical Kit":21,"Smiling Mask":22,"White Beast Statue":6,"WarpedTongs":5,"Strange Spoon":10,"blazmod:Venustas":0,"Lizard Tail":2,"Anchor":29,"Matryoshka":3,"Shuriken":24,"Strawberry":28,"Tiny Chest":12,"Fusion Hammer":8,"Bag of Marbles":10,"Kunai":18,"InkBottle":27},{"blazmod:EightLifeKatana":72,"Pear":74,"The Courier":18,"blazmod:Vyxaba":69,"Omamori":72,"War Paint":73,"Question Card":60,"Ancient Tea Set":64,"Medical Kit":71,"Smiling Mask":72,"White Beast Statue":33,"WarpedTongs":27,"Strange Spoon":54,"blazmod:Venustas":0,"Lizard Tail":7,"Anchor":82,"Matryoshka":18,"Shuriken":74,"Strawberry":81,"Tiny Chest":58,"Fusion Hammer":49,"Bag of Marbles":54,"Kunai":68,"InkBottle":77}],"InkBottle":[5]},"card_choices":[{"not_picked":["blazmod:FortifiedVigor","blazmod:MentalFocus"],"picked":"blazmod:FleetOfFoot","floor":1},{"not_picked":["blazmod:MentalFocus","blazmod:Crosscut","blazmod:OpenSpirit"],"picked":"SKIP","floor":2},{"not_picked":["blazmod:KatanaStrike","blazmod:OpenSpirit"],"picked":"blazmod:DrippingWaterHollowsStone","floor":7},{"not_picked":["blazmod:LoveAndHonor","blazmod:KatanaStrike","blazmod:CastAwayDew"],"picked":"SKIP","floor":10},{"not_picked":["blazmod:FortifiedVigor","blazmod:FlyFlyAgain","blazmod:Trasient"],"picked":"SKIP","floor":11},{"not_picked":["blazmod:MentalFocus","blazmod:WildButterfly","blazmod:QuickBlade"],"picked":"SKIP","floor":13},{"not_picked":["blazmod:FlashRock","blazmod:MoonlightBlossoms","blazmod:KatanaStrike"],"picked":"SKIP","floor":14},{"not_picked":["blazmod:GlasswingWaltz","blazmod:NaturesBeauty"],"picked":"blazmod:InLoveAndWar","floor":16},{"not_picked":["blazmod:ButterFlutter+1","blazmod:FlawlessDraw+1","blazmod:BoulderFlash"],"picked":"SKIP","floor":18},{"not_picked":["blazmod:KatanaStrike","blazmod:SidewaySolace","blazmod:FlyFlyAgain"],"picked":"SKIP","floor":19},{"not_picked":["blazmod:Crosscut+1","blazmod:Valiance"],"picked":"blazmod:MyEverything+1","floor":22},{"not_picked":["blazmod:TrueOfHeart+1","blazmod:SidewaySolace","blazmod:PhysicalEndurance"],"picked":"SKIP","floor":23},{"not_picked":["blazmod:Quickdraw","blazmod:BoulderFlash","blazmod:SidewaySolace"],"picked":"SKIP","floor":24},{"not_picked":["blazmod:MentalFocus+1","blazmod:FlashRock+1"],"picked":"blazmod:RevolvingPhoenix","floor":25},{"not_picked":["blazmod:MirrorImage","blazmod:FortifiedVigor","blazmod:FlashRock","blazmod:FlawlessDraw"],"picked":"SKIP","floor":27},{"not_picked":["blazmod:PhysicalEndurance","blazmod:BlindBlade","blazmod:MentalFocus","blazmod:UnderPurifyingWaters"],"picked":"SKIP","floor":29},{"not_picked":["blazmod:StanceChange","blazmod:MentalFocus","blazmod:FlashRock"],"picked":"blazmod:ButterFlutter+1","floor":30},{"not_picked":["blazmod:MentalFocus+1","blazmod:QuickBlade+1","blazmod:DanceOfTheGods","blazmod:Trasient"],"picked":"SKIP","floor":31},{"not_picked":["blazmod:HoumatsuMugenKochouji","blazmod:CrescentMoon","blazmod:NaturesBeauty"],"picked":"blazmod:SeismicSlash","floor":33},{"not_picked":["blazmod:FortifiedVigor+1","blazmod:SidewaySolace+1","blazmod:PhysicalEndurance"],"picked":"blazmod:StanceChange+1","floor":35},{"not_picked":["blazmod:FortifiedVigor+1","blazmod:ButterFlutter","blazmod:MirrorImage"],"picked":"blazmod:DevilDivine+1","floor":36},{"not_picked":["blazmod:KatanaStrike+1","blazmod:Valiance+1","blazmod:PhysicalEndurance"],"picked":"blazmod:WildButterfly","floor":38},{"not_picked":["blazmod:MoonlightBlossoms","blazmod:BoulderFlash","blazmod:Crosscut+1"],"picked":"blazmod:SeismicSlash","floor":40},{"not_picked":["blazmod:ButterFlutter","blazmod:VisionsOfButterflies","blazmod:KatanaStrike+1","blazmod:PhysicalEndurance+1"],"picked":"SKIP","floor":42},{"not_picked":["blazmod:BoulderFlash+1","blazmod:ButterFlutter","blazmod:SidewaySolace+1"],"picked":"blazmod:RevolvingPhoenix+1","floor":44},{"not_picked":["blazmod:Crosscut+1","blazmod:SidewaySolace+1","blazmod:StanceChange+1","blazmod:KatanaStrike+1"],"picked":"SKIP","floor":45},{"not_picked":["blazmod:SeismicSlash","blazmod:FortifiedVigor","blazmod:LoveAndHonor+1"],"picked":"blazmod:Observant+1","floor":47},{"not_picked":["blazmod:DanceOfTheGods","blazmod:DrippingWaterHollowsStone+1","blazmod:StanceChange","blazmod:QuickBlade+1"],"picked":"SKIP","floor":54}],"player_experience":463050,"relics_obtained":[{"floor":7,"key":"The Courier"},{"floor":9,"key":"Matryoshka"},{"floor":13,"key":"White Beast Statue"},{"floor":23,"key":"Tiny Chest"},{"floor":26,"key":"Question Card"},{"floor":29,"key":"Ancient Tea Set"},{"floor":31,"key":"Kunai"},{"floor":38,"key":"blazmod:EightLifeKatana"},{"floor":39,"key":"Omamori"},{"floor":39,"key":"Smiling Mask"},{"floor":40,"key":"War Paint"},{"floor":42,"key":"Shuriken"},{"floor":43,"key":"Pear"},{"floor":47,"key":"InkBottle"},{"floor":54,"key":"Anchor"}],"event_choices":[{"damage_healed":0,"gold_gain":0,"player_choice":"Box","damage_taken":0,"relics_obtained":["Lizard Tail"],"max_hp_gain":0,"max_hp_loss":0,"event_name":"Big Fish","floor":3,"gold_loss":0,"cards_obtained":["Regret"]},{"cards_removed":["Regret"],"damage_healed":0,"gold_gain":0,"player_choice":"Forget","damage_taken":0,"max_hp_gain":0,"max_hp_loss":0,"event_name":"Living Wall","floor":4,"gold_loss":0},{"cards_removed":["blazmod:NaturesBeauty"],"damage_healed":18,"gold_gain":0,"player_choice":"Offered Rare","damage_taken":0,"max_hp_gain":10,"max_hp_loss":0,"event_name":"Bonfire Elementals","floor":5,"gold_loss":0},{"damage_healed":0,"gold_gain":0,"player_choice":"Rummage","damage_taken":0,"relics_obtained":["WarpedTongs"],"max_hp_gain":0,"max_hp_loss":0,"event_name":"Accursed Blacksmith","floor":12,"gold_loss":0,"cards_obtained":["Pain"]},{"cards_removed":["blazmod:Defend"],"damage_healed":0,"gold_gain":0,"player_choice":"Purged","damage_taken":0,"max_hp_gain":0,"max_hp_loss":0,"event_name":"Purifier","floor":21,"gold_loss":0},{"cards_removed":["blazmod:Defend"],"damage_healed":0,"gold_gain":0,"player_choice":"Elegance","damage_taken":0,"max_hp_gain":0,"max_hp_loss":0,"event_name":"betterThird:BetterWriting","floor":28,"gold_loss":0},{"damage_healed":0,"gold_gain":0,"player_choice":"Fight","damage_taken":0,"max_hp_gain":0,"max_hp_loss":0,"event_name":"MindBloom","floor":38,"gold_loss":0},{"cards_removed":["blazmod:Kyokasuigetsu"],"damage_healed":0,"gold_gain":0,"player_choice":"Upgrade and Remove","damage_taken":0,"max_hp_gain":0,"max_hp_loss":0,"event_name":"Designer","floor":41,"gold_loss":90,"cards_upgraded":["blazmod:Strike"]}],"is_beta":false,"boss_relics":[{"not_picked":["Runic Dome","blazmod:SamuraiSword"],"picked":"Fusion Hammer"},{"not_picked":["SacredBark","Calling Bell"],"picked":"blazmod:Vyxaba"}],"items_purged_floors":[20,37,46,46,48,48],"is_endless":false,"potions_floor_spawned":[7,13,14,16,18,19,22,23,24,25,27,29,30,31,33,35,36,38,40,42,44,45,47,54],"ascension_level":1}}