{"host":"w2kjv12xyhtt0cv2","time":1609599305,"event":{"mods":["Act Like it!","BaseMod","Colored Map","Friendly Minions","Gensokyo","Highlight Path","Hubris","Kiyohime（清姬）","Marisa（F雨　魔理沙）","Minty Spire (QoL Compilation)","Quick Restart","Reimu（博丽灵梦）","Relic Stats","Replay The Spire","RumiaBox-露米娅的神秘盒子","Shop Mod","Spicy Shops","StSLib","The Cursed","The Servant 0.9.4","UnlockEverythingMod","Waifu the Spire","[功能]功能增强和修复MOD","vexMod","【功能Mod】Neow奖励","【遗物卡牌】REMEMod","没有小屋子和绿帽子啦"],"gold_per_floor":[113,113,113,128,203,228,242,233,233],"floor_reached":8,"playtime":432,"items_purged":[],"score":62,"play_id":"8090aea1-4f80-49f9-98de-d38f081a60a2","local_time":"20210102225505","is_ascension_mode":true,"campfire_choices":[],"circlet_count":0,"master_deck":["KiyohimeMod:Strike","KiyohimeMod:Strike","KiyohimeMod:Strike","KiyohimeMod:Strike","KiyohimeMod:Defend","KiyohimeMod:Defend","KiyohimeMod:Defend","KiyohimeMod:Defend","KiyohimeMod:Track","KiyohimeMod:FlameKiss","KiyohimeMod:Shapeshift","Gensokyo:LifeSpringInfinity","Voices","Regret","KiyohimeMod:EatSoul"],"relics":["REME_ComplimentaryCards","hubris:DisguiseKit","vexMod:DeviousBotling","Toy Ornithopter","Ice Cream"],"acts_visited":["Exordium"],"potions_floor_usage":[6],"damage_taken":[{"damage":0.0,"enemies":"2 Louse","floor":1.0,"turns":4.0},{"damage":5.0,"enemies":"Cultist","floor":4.0,"turns":4.0},{"damage":13,"enemies":"Gremlin Nob","floor":6,"turns":4},{"damage":6,"enemies":"Small Slimes","floor":7,"turns":4},{"damage":36,"enemies":"Lagavulin","floor":8,"turns":8}],"seed_played":"-4469786428319225407","potions_obtained":[{"floor":1.0,"key":"ColorlessPotion"},{"floor":4.0,"key":"Doom Potion"},{"floor":6,"key":"Weak Potion"}],"is_trial":false,"path_per_floor":["M","?","?","M","?","E","M","E"],"character_chosen":"Kiyohime","items_purchased":[],"campfire_rested":0,"item_purchase_floors":[],"current_hp_per_floor":[60,60,60,55,44,36,30,0,0],"gold":233,"neow_bonus":"BOSS_RELIC","is_daily":false,"chose_seed":false,"campfire_upgraded":0,"win_rate":0.0,"timestamp":1609599305,"path_taken":["M","?","?","M","?","E","M","E"],"items_purchased_type":[],"build_version":"2020-12-22","purchased_purges":0,"victory":false,"max_hp_per_floor":[60,60,60,60,60,60,60,60,60],"relic_stats":{"counters":[5,24],"obtain_stats":[{"Ice Cream":6,"KiyohimeMod:FireDragon":0,"hubris:DisguiseKit":2,"vexMod:DeviousBotling":0,"Toy Ornithopter":3,"REME_ComplimentaryCards":0},{"Ice Cream":3,"KiyohimeMod:FireDragon":0,"hubris:DisguiseKit":1,"vexMod:DeviousBotling":0,"Toy Ornithopter":1,"REME_ComplimentaryCards":0},{"Ice Cream":12,"KiyohimeMod:FireDragon":0,"hubris:DisguiseKit":4,"vexMod:DeviousBotling":0,"Toy Ornithopter":4,"REME_ComplimentaryCards":0}],"Toy Ornithopter":5},"card_choices":[{"not_picked":["KiyohimeMod:LimitedZeroOver","KiyohimeMod:Preemptive","KiyohimeMod:BlueBlackKey"],"picked":"SKIP","floor":1.0},{"not_picked":["KiyohimeMod:WaterTurn","KiyohimeMod:BlueBlackKey","Poisoned Stab"],"picked":"KiyohimeMod:EatSoul","floor":4.0},{"not_picked":["KiyohimeMod:WaterTurn","KiyohimeMod:EatSoul","KiyohimeMod:Berserker","Storm of Steel"],"picked":"SKIP","floor":6},{"not_picked":["KiyohimeMod:RedBlackKey","KiyohimeMod:WaterTurn","KiyohimeMod:SteelTraining","Dagger Throw"],"picked":"SKIP","floor":7}],"player_experience":94966,"relics_obtained":[{"floor":6,"key":"Ice Cream"}],"event_choices":[{"damage_healed":0.0,"max_hp_gain":0.0,"max_hp_loss":0.0,"gold_gain":0.0,"event_name":"Big Fish","player_choice":"Box","floor":3.0,"gold_loss":0.0,"damage_taken":0.0,"relics_obtained":["Toy Ornithopter"],"cards_obtained":["Regret"]},{"damage_healed":0.0,"max_hp_gain":0.0,"max_hp_loss":0.0,"gold_gain":75.0,"event_name":"World of Goop","player_choice":"Gather Gold","floor":5.0,"gold_loss":0.0,"damage_taken":11.0}],"is_beta":false,"boss_relics":[],"items_purged_floors":[],"is_endless":false,"potions_floor_spawned":[1,4,6],"killed_by":"Lagavulin","ascension_level":2}}