{"host":"mytek2nu1hrzdnew","time":1609593469,"event":{"mods":["Aspiration","BaseMod","Conspire","Evolution","GifTheSpireLib","Gold Saver","Hubris","Minty Spire (QoL Compilation)","Replay The Spire","StSLib","Stuff the Spire","Uncapped"],"gold_per_floor":[705,705,87,97,110,142,142,142,142,160,171,171,183,183,183,280,280,299,316,316,330,350,385,385,399,399,399,399,417,417,436,436,436,436],"floor_reached":33,"playtime":1728,"items_purged":["Bash"],"score":346,"play_id":"d5b9f65c-ee89-411e-b6d5-37d68aaa0d5b","local_time":"20210102081749","is_ascension_mode":false,"campfire_choices":[{"floor":7,"key":"REST"},{"floor":12,"key":"REST"},{"data":"Barricade","floor":15,"key":"SMITH"},{"data":"Havoc","floor":24,"key":"SMITH"},{"data":"Anger","floor":27,"key":"SMITH"},{"floor":30,"key":"REST"},{"floor":32,"key":"REST"}],"circlet_count":0,"master_deck":["Pommel Strike","Pommel Strike","Pommel Strike","Pommel Strike","Defend_R","Defend_R","Defend_R","Barricade+1","Anger+1","Flex","Dark Embrace+1","Fire Breathing+1","Rupture","Clash","Juggernaut","Iron Wave","Replay:Undeath\u0027s Touch","ReplayTheSpireMod:Muscle Training","Iron Wave","Havoc+1","Spot Weakness","Perfected Strike+1"],"relics":["Burning Blood","EVO:Axolotl","aspiration:BabyByrd","King of Hearts","StuffTheSpire:DullRazor","hubris:SphereOfDissonance","Shuriken","hubris:Potato","Mirror","Empty Cage","Orichalcum","PreservedInsect"],"acts_visited":["Exordium","TheCity"],"potions_floor_usage":[16,25,29,33,33],"damage_taken":[{"damage":0,"enemies":"conspire:RoseBush","floor":1,"turns":4},{"damage":9,"enemies":"Jaw Worm","floor":4,"turns":3},{"damage":18,"enemies":"Small Slimes","floor":5,"turns":3},{"damage":16,"enemies":"3 Sentries","floor":6,"turns":6},{"damage":2,"enemies":"conspire:2 RoseBushes","floor":10,"turns":4},{"damage":12,"enemies":"3 Louse","floor":11,"turns":2},{"damage":11,"enemies":"Lots of Slimes","floor":13,"turns":5},{"damage":0,"enemies":"Slime Boss","floor":16,"turns":7},{"damage":16,"enemies":"Shell Parasite","floor":18,"turns":5},{"damage":21,"enemies":"Chosen","floor":19,"turns":5},{"damage":35,"enemies":"Shelled Parasite and Fungi","floor":21,"turns":5},{"damage":7,"enemies":"Centurion and Healer","floor":22,"turns":5},{"damage":16,"enemies":"conspire:SneckoGhost","floor":23,"turns":5},{"damage":0,"enemies":"conspire:HollyBat","floor":25,"turns":8},{"damage":27,"enemies":"3 Cultists","floor":29,"turns":5},{"damage":28,"enemies":"Snake Plant","floor":31,"turns":4},{"damage":91,"enemies":"Automaton","floor":33,"turns":8}],"seed_played":"-5586323991225398745","potions_obtained":[{"floor":1,"key":"LifebloodPotion"},{"floor":10,"key":"Adrenaline Potion"},{"floor":11,"key":"Fire Potion"},{"floor":23,"key":"Regen Potion"},{"floor":25,"key":"Venom Potion"},{"floor":31,"key":"BloodPotion"}],"is_trial":false,"path_per_floor":["M","?","$","M","M","E","R","T","T","M","M","R","M","?","R","B",null,"M","M","?","M","M","E","R","M","T","R","?","M","R","M","R","B"],"character_chosen":"IRONCLAD","items_purchased":["King of Hearts","StuffTheSpire:DullRazor","hubris:SphereOfDissonance"],"campfire_rested":4,"item_purchase_floors":[3,3,3],"current_hp_per_floor":[62,62,62,59,47,37,61,61,61,65,59,80,75,75,75,80,80,70,55,80,51,50,40,40,61,61,61,61,40,64,42,66,0,0],"gold":436,"neow_bonus":"THREE_RARE_CARDS","is_daily":false,"chose_seed":false,"campfire_upgraded":3,"win_rate":0.0,"timestamp":1609593469,"path_taken":["M","?","$","M","M","E","R","?","T","M","M","R","?","?","R","BOSS","M","M","?","?","M","E","R","M","T","R","?","?","R","M","R","BOSS"],"items_purchased_type":["Relic","Relic","Relic"],"build_version":"2020-12-22","purchased_purges":1,"victory":false,"max_hp_per_floor":[80,80,80,80,80,80,80,80,80,80,80,80,80,80,80,80,80,80,80,80,80,80,80,80,80,80,80,80,80,80,80,80,80,80],"card_choices":[{"not_picked":["Bludgeon","Corruption"],"picked":"Barricade","floor":0},{"not_picked":["Replay:Undeath\u0027s Touch","Twin Strike"],"picked":"Anger","floor":1},{"not_picked":["Armaments","Seeing Red"],"picked":"Flex","floor":4},{"not_picked":["ReplayTheSpireMod:Corrosion Curse","StuffTheSpire:RagingBull"],"picked":"Dark Embrace","floor":5},{"not_picked":["Thunderclap","Clothesline"],"picked":"Fire Breathing","floor":6},{"not_picked":["Defy Death","Iron Wave","Headbutt"],"picked":"SKIP","floor":10},{"not_picked":["Entrench","Sword Boomerang"],"picked":"Rupture","floor":11},{"not_picked":["Thunderclap","Entrench"],"picked":"Clash","floor":13},{"not_picked":["Bludgeon","conspire:Purge"],"picked":"Juggernaut","floor":16},{"not_picked":["Iron Wave","StuffTheSpire:RockThrow","hubris:CleavingFinish"],"picked":"SKIP","floor":18},{"not_picked":["StuffTheSpire:RockThrow","hubris:CleavingFinish"],"picked":"Iron Wave","floor":18},{"not_picked":["Battle Trance","hubris:CleavingFinish+1"],"picked":"Replay:Undeath\u0027s Touch","floor":19},{"not_picked":["Heavy Blade","Dual Wield"],"picked":"ReplayTheSpireMod:Muscle Training","floor":21},{"not_picked":["Dual Wield","StuffTheSpire:RockThrow"],"picked":"Iron Wave","floor":22},{"not_picked":["Demon Form","Searing Blow+1"],"picked":"Havoc","floor":23},{"not_picked":["ReplayTheSpireMod:Strike From Hell","Body Slam","hubris:CleavingFinish"],"picked":"SKIP","floor":25},{"not_picked":["Abandon","ReplayTheSpireMod:LeadingStrike+1"],"picked":"Spot Weakness","floor":29},{"not_picked":["Anger","ReplayTheSpireMod:Strike From Hell"],"picked":"Perfected Strike+1","floor":31}],"player_experience":972546,"relics_obtained":[{"floor":6,"key":"Shuriken"},{"floor":8,"key":"hubris:Potato"},{"floor":9,"key":"Mirror"},{"floor":23,"key":"Orichalcum"},{"floor":26,"key":"PreservedInsect"}],"event_choices":[{"damage_healed":26,"gold_gain":0,"player_choice":"Heal","damage_taken":0,"max_hp_gain":0,"max_hp_loss":0,"event_name":"The Library","floor":20,"gold_loss":0},{"damage_healed":0,"gold_gain":0,"player_choice":"Upgraded","damage_taken":0,"max_hp_gain":0,"max_hp_loss":0,"event_name":"Upgrade Shrine","floor":28,"gold_loss":0,"cards_upgraded":["Fire Breathing"]}],"is_beta":false,"boss_relics":[{"not_picked":["Calling Bell","aspiration:WatcherSkillbook"],"picked":"Empty Cage"}],"items_purged_floors":[3],"is_endless":false,"potions_floor_spawned":[1,10,11,13,23,25,31],"killed_by":"Automaton","ascension_level":0}}