{"host":"lqqk09r0bn16292c","time":1609631829,"event":{"mods":["2.2 Compatiblity","BaseMod","Minty Spire (QoL Compilation)","StSLib"],"gold_per_floor":[116,136,152,152,171,196,196,222,222,222,247,247,260,285,285,357,357,357,120,120,120,120,120,120,120,120,120,120,35,35,35,35,35,35,35,35,35,35,35,35,35],"floor_reached":40,"playtime":6202,"items_purged":["Strike_R"],"score":917,"play_id":"4f475c6f-a045-4586-881c-f7c3a2e96467","local_time":"20210103015709","is_ascension_mode":true,"campfire_choices":[{"data":"Bash","floor":7,"key":"SMITH"},{"floor":10,"key":"REST"},{"data":"Armaments","floor":12,"key":"SMITH"},{"data":"Clothesline","floor":15,"key":"SMITH"},{"data":"Offering","floor":23,"key":"SMITH"},{"data":"Rupture","floor":25,"key":"SMITH"},{"data":"Feel No Pain","floor":27,"key":"SMITH"},{"floor":32,"key":"REST"}],"circlet_count":0,"master_deck":["AscendersBane","Bash+1","Twin Strike","Clothesline+1","Evolve","Bloodletting","Wild Strike","Feel No Pain+1","Brutality","Armaments+1","Intimidate","Rupture+1","Impervious","Flame Barrier+1","Offering+1","Combust","Sword Boomerang+1","Reckless Charge","Reaper","Juggernaut","Thunderclap","Power Through","Heavy Blade","Pommel Strike","Uppercut","Sentinel"],"relics":["Burning Blood","Oddly Smooth Stone","CaptainsWheel","Self Forming Clay","Bottled Lightning","Meat on the Bone","Ectoplasm","Toolbox","Red Mask","White Beast Statue","Question Card","Art of War","Regal Pillow","Pandora\u0027s Box"],"acts_visited":["TheCity","TheBeyond"],"potions_floor_usage":[6,14,18,28,30,40],"damage_taken":[{"damage":9.0,"enemies":"Jaw Worm","floor":1.0,"turns":4.0},{"damage":7,"enemies":"Cultist","floor":2,"turns":4},{"damage":3,"enemies":"Small Slimes","floor":3,"turns":5},{"damage":19,"enemies":"3 Louse","floor":5,"turns":5},{"damage":28,"enemies":"3 Sentries","floor":6,"turns":8},{"damage":26,"enemies":"Gremlin Nob","floor":8,"turns":4},{"damage":19,"enemies":"3 Sentries","floor":11,"turns":9},{"damage":13,"enemies":"Large Slime","floor":13,"turns":5},{"damage":6,"enemies":"Gremlin Nob","floor":14,"turns":4},{"damage":14,"enemies":"Hexaghost","floor":16,"turns":8},{"damage":6,"enemies":"Chosen","floor":18,"turns":6},{"damage":12,"enemies":"Masked Bandits","floor":20,"turns":3},{"damage":22,"enemies":"Shell Parasite","floor":21,"turns":6},{"damage":21,"enemies":"Sentry and Sphere","floor":22,"turns":8},{"damage":21,"enemies":"Slavers","floor":24,"turns":4},{"damage":12,"enemies":"Book of Stabbing","floor":28,"turns":4},{"damage":37,"enemies":"Slavers","floor":30,"turns":5},{"damage":27,"enemies":"Champ","floor":33,"turns":7},{"damage":3,"enemies":"Orb Walker","floor":35,"turns":3},{"damage":41,"enemies":"3 Shapes","floor":37,"turns":6},{"damage":57,"enemies":"Reptomancer","floor":40,"turns":2}],"seed_played":"-72483968678598969","potions_obtained":[{"floor":1,"key":"SneckoOil"},{"floor":5,"key":"Swift Potion"},{"floor":8,"key":"BloodPotion"},{"floor":14,"key":"LiquidBronze"},{"floor":18,"key":"FearPotion"},{"floor":28,"key":"Regen Potion"},{"floor":30,"key":"LiquidBronze"}],"is_trial":false,"path_per_floor":["M","M","M","?","M","E","R","E","T","R","E","R","M","E","R","B",null,"M","$","?","M","M","R","E","R","T","R","E","?","E","?","R","B",null,"M","?","M","?","$","E"],"character_chosen":"IRONCLAD","items_purchased":["Toolbox"],"campfire_rested":2,"item_purchase_floors":[19],"current_hp_per_floor":[72,71,74,74,61,39,39,19,19,43,30,30,23,23,23,27,68,82,82,76,60,57,57,54,54,54,54,48,48,43,43,82,61,77,80,78,55,55,55,0,0],"gold":35,"neow_bonus":"TEN_PERCENT_HP_BONUS","is_daily":false,"chose_seed":false,"campfire_upgraded":6,"win_rate":0.0,"timestamp":1609631829,"path_taken":["M","M","M","?","M","E","R","E","T","R","E","R","?","E","R","BOSS","M","?","?","M","M","R","E","R","T","R","E","?","E","?","R","BOSS","M","?","M","?","?","E"],"items_purchased_type":["Relic"],"build_version":"2020-12-22","purchased_purges":1,"victory":false,"max_hp_per_floor":[82,82,82,82,82,82,82,82,82,82,82,82,82,82,82,82,82,82,82,82,82,82,82,82,82,82,82,82,82,82,82,82,82,82,82,78,78,78,78,78,78],"card_choices":[{"not_picked":["Dropkick","Flex"],"picked":"Twin Strike","floor":1},{"not_picked":["Infernal Blade","True Grit"],"picked":"Clothesline","floor":2},{"not_picked":["Armaments","Seeing Red"],"picked":"Evolve","floor":3},{"not_picked":["Pommel Strike","Perfected Strike"],"picked":"Wild Strike","floor":5},{"not_picked":["Pummel","Blood for Blood"],"picked":"Feel No Pain","floor":6},{"not_picked":["Pommel Strike","True Grit"],"picked":"Brutality","floor":8},{"not_picked":["Brutality","Havoc"],"picked":"Armaments","floor":11},{"not_picked":["Infernal Blade","Clothesline"],"picked":"Intimidate","floor":13},{"not_picked":["Sword Boomerang","Reckless Charge"],"picked":"Rupture","floor":14},{"not_picked":["Demon Form","Berserk"],"picked":"Impervious","floor":16},{"not_picked":["Twin Strike","Havoc"],"picked":"Flame Barrier+1","floor":18},{"not_picked":["Dropkick+1","Body Slam"],"picked":"Hemokinesis","floor":21},{"not_picked":["Armaments","Evolve"],"picked":"Offering","floor":22},{"not_picked":["Clash","Flex"],"picked":"Combust","floor":24},{"not_picked":["Thunderclap","Fiend Fire"],"picked":"Sword Boomerang+1","floor":28},{"not_picked":["Pommel Strike","Entrench","Berserk"],"picked":"Reckless Charge","floor":30},{"not_picked":["Fiend Fire","Demon Form","Brutality"],"picked":"Reaper","floor":33},{"not_picked":["Wild Strike","Entrench","Warcry","Perfected Strike+1"],"picked":"SKIP","floor":35},{"not_picked":["Pommel Strike","Bloodletting","Havoc+1","Perfected Strike"],"picked":"SKIP","floor":37}],"player_experience":1314650,"relics_obtained":[{"floor":6,"key":"Oddly Smooth Stone"},{"floor":8,"key":"CaptainsWheel"},{"floor":9,"key":"Self Forming Clay"},{"floor":11,"key":"Bottled Lightning"},{"floor":14,"key":"Meat on the Bone"},{"floor":20,"key":"Red Mask"},{"floor":24,"key":"White Beast Statue"},{"floor":28,"key":"Question Card"},{"floor":30,"key":"Regal Pillow"}],"event_choices":[{"damage_healed":0,"gold_gain":0,"cards_transformed":["Strike_R"],"player_choice":"Transformed","damage_taken":0,"max_hp_gain":0,"max_hp_loss":0,"event_name":"Transmorgrifier","floor":4,"gold_loss":0,"cards_obtained":["Bloodletting"]},{"damage_healed":0,"gold_gain":0,"player_choice":"Fought Bandits","damage_taken":0,"max_hp_gain":0,"max_hp_loss":0,"event_name":"Masked Bandits","floor":20,"gold_loss":0},{"damage_healed":0,"gold_gain":0,"player_choice":"Obtained Relic","damage_taken":0,"relics_obtained":["Art of War"],"max_hp_gain":0,"max_hp_loss":0,"event_name":"Addict","floor":29,"gold_loss":85},{"damage_healed":0,"gold_gain":50,"player_choice":"Stole From Cult","damage_taken":0,"max_hp_gain":0,"max_hp_loss":0,"event_name":"Nest","floor":31,"gold_loss":0},{"damage_healed":0,"gold_gain":0,"player_choice":"Max HP","damage_taken":0,"max_hp_gain":0,"max_hp_loss":4,"event_name":"Winding Halls","floor":36,"gold_loss":0},{"cards_removed":["Hemokinesis"],"damage_healed":0,"gold_gain":0,"player_choice":"Removed Attack","damage_taken":0,"max_hp_gain":0,"max_hp_loss":0,"event_name":"Falling","floor":38,"gold_loss":0}],"is_beta":false,"boss_relics":[{"not_picked":["Sozu","Runic Pyramid"],"picked":"Ectoplasm"},{"not_picked":["Calling Bell","Tiny House"],"picked":"Pandora\u0027s Box"}],"items_purged_floors":[19],"is_endless":false,"potions_floor_spawned":[1,5,8,14,18,21,28,30,33,35,37],"killed_by":"Reptomancer","ascension_level":19}}