{"host":"djfsqftupta9xgss","time":1609570240,"event":{"mods":["ATMod(阿瑾Mod)","Act Like it!","BaseMod","Gensokyo","Minty Spire (QoL Compilation)","MostiFishMod","Pale of the Ancients","Replay The Spire","Spicy Shops","StSLib","TestMod"],"gold_per_floor":[116,116,116,128,128,153,199,233,233,61,71,332,342,355,355,431,431,446,226,226,226,226,260,521,554,554,203,203,203,223,2078,2078,2156,2256,2269,2269,2281,2281,2281,2281,4676,4686,4686,4721,4733,4733,8243,7640,7640,7690,7715,13292,13333,13370,12410,12410,12410,12410],"floor_reached":102,"playtime":1701,"items_purged":["Defend_P","Strike_P","Strike_P","Strike_P+1"],"score":3217,"play_id":"7ac6a5cc-96b9-49ae-b5a7-42f03fcbe34e","local_time":"20210102145040","is_ascension_mode":true,"campfire_choices":[{"floor":15.0,"key":"RECALL"},{"data":"InnerPeace","floor":28.0,"key":"SMITH"},{"data":"Gensokyo:GreaterSplit","floor":40.0,"key":"SMITH"},{"data":"Gensokyo:FourOfAKind","floor":46.0,"key":"SMITH"},{"data":"Strike_P","floor":49.0,"key":"PURGE"},{"floor":101.0,"key":"RECALL"}],"circlet_count":0,"master_deck":["AscendersBane","Defend_P","Vigilance","FlurryOfBlows","Clumsy","WheelKick+1","MostiFishMod:Speedup","InnerPeace+1","TalkToTheHand","MostiFishMod:Moonprays","Adaptation+1","MostiFishMod:EE1D","MostiFishMod:EE1D","MostiFishMod:EE1D","MostiFishMod:DustFall+1","MasterReality","InnerPeace","Gensokyo:FourOfAKind","Gensokyo:FourOfAKind","Gensokyo:FourOfAKind","Gensokyo:FourOfAKind+1","Gensokyo:ShootingStar","MostiFishMod:StarLaLaLa","FearNoEvil","Gensokyo:GreaterSplit+1","Doubt","Tantrum","Gensokyo:ShootingStar+1"],"relics":["PureWater","AT_ATBox","testmod-TestBox","Civilization","testmod-CardMagician","SynthV:TestCard","Gensokyo:OccultBall","Gensokyo:NagashiBinaDoll","Happy Flower","Shuriken","StrikeDummy","StoneCalendar","Strawberry","Mango","RhineSuit","DaveBox","EE1DDrone","Gensokyo:RedStar","Gensokyo:MosesMiracle","Whetstone","testmod-Antiphasic","Mirror","Blue Candle","CombinedTypeHook","Replay:Wanted Poster","Gensokyo:EmptyGrave","Toxic Egg 2","Frozen Egg 2","TeardropLocket","Replay:Wax Seal","Strange Spoon","AT_MibuBalloonWealth","Blue Doll","paleoftheancients:Timepiece","paleoftheancients:KeyRelic","Anchor","Gremlin Horn","paleoftheancients:SoulOfTheCollector","paleoftheancients:BlurryLens","Bag of Marbles","Bronze Scales","ReplayTheSpireMod:Shallot","DollysMirror"],"acts_visited":["Exordium","Gensokyo:Gensokyo","Gensokyo:Gensokyoer","Gensokyo:Gensokyoest"],"potions_floor_usage":[],"damage_taken":[{"damage":0.0,"enemies":"Gensokyo:2_Kodama","floor":1.0,"turns":3.0},{"damage":7.0,"enemies":"Gensokyo:3_Fairies","floor":4.0,"turns":3.0},{"damage":0.0,"enemies":"Gensokyo:Mamizou","floor":6.0,"turns":3.0},{"damage":0.0,"enemies":"Gensokyo:Aya","floor":8.0,"turns":2.0},{"damage":8.0,"enemies":"Gensokyo:Gryphon","floor":11.0,"turns":6.0},{"damage":0.0,"enemies":"Gensokyo:5_Fairies","floor":12.0,"turns":5.0},{"damage":0.0,"enemies":"Gensokyo:Python_and_Kodama","floor":13.0,"turns":3.0},{"damage":0.0,"enemies":"Gensokyo:LivingMonolith","floor":14.0,"turns":1.0},{"damage":0.0,"enemies":"Gensokyo:Kokoro","floor":16.0,"turns":2.0},{"damage":0.0,"enemies":"Gensokyo:AngelMirror","floor":18.0,"turns":2.0},{"damage":29.0,"enemies":"Gensokyo:Tenshi","floor":23.0,"turns":4.0},{"damage":3.0,"enemies":"Gensokyo:Chomper","floor":24.0,"turns":6.0},{"damage":0.0,"enemies":"Gensokyo:Koishi","floor":25.0,"turns":5.0},{"damage":0.0,"enemies":"Gensokyo:Wraith","floor":30.0,"turns":4.0},{"damage":174.0,"enemies":"Gensokyo:Swordslinger","floor":31.0,"turns":4.0},{"damage":0.0,"enemies":"Gensokyo:Eiki","floor":33.0,"turns":3.0},{"damage":0.0,"enemies":"Gensokyo:AncientGuardian","floor":35.0,"turns":1.0},{"damage":8.0,"enemies":"Gensokyo:3_Bats","floor":37.0,"turns":2.0},{"damage":247.0,"enemies":"Gensokyo:Kasen","floor":41.0,"turns":4.0},{"damage":0.0,"enemies":"Gensokyo:3_Boulders","floor":42.0,"turns":2.0},{"damage":0.0,"enemies":"Gensokyo:Doremy","floor":44.0,"turns":2.0},{"damage":0.0,"enemies":"Gensokyo:AtlasGolem","floor":45.0,"turns":2.0},{"damage":355.0,"enemies":"Gensokyo:SeedOfUnknown","floor":47.0,"turns":2.0},{"damage":0.0,"enemies":"Gensokyo:Shinki","floor":50.0,"turns":5.0},{"damage":0.0,"enemies":"Gensokyo:Scarlet_Devils","floor":51.0,"turns":2.0},{"damage":423.0,"enemies":"Gensokyo:Scarlet_Devils","floor":52.0,"turns":3.0},{"damage":0.0,"enemies":"Gensokyo:Scarlet_Devils","floor":53.0,"turns":1.0},{"damage":0.0,"enemies":"paleoftheancients:BASlime2","floor":54.0,"turns":1.0},{"damage":0,"enemies":"","floor":102,"turns":1}],"seed_played":"-5464537603660013072","potions_obtained":[{"floor":6.0,"key":"SteroidPotion"},{"floor":12.0,"key":"ColorlessPotion"},{"floor":18.0,"key":"GamblersBrew"}],"is_trial":false,"path_per_floor":["M","?","?","M","?","E","?","E","T","COS","M","M","M","M","R","B",null,"M","COS","?","?","?","E","M","E","T","$","R","?","M","M","R","B",null,"M","?","M","?","?","R","E","M","T","E","M","R","M","$","R","B","B","M","M","M","$","R","M"],"character_chosen":"WATCHER","items_purchased":["Blue Candle","Replay:Wax Seal","Strange Spoon","AT_MibuBalloonWealth","Blue Doll","Tantrum","Bag of Marbles","Bronze Scales","ReplayTheSpireMod:Shallot","DollysMirror"],"campfire_rested":0,"item_purchase_floors":[27,48,48,48,48,48,100,100,100,100],"current_hp_per_floor":[63,63,63,64,64,73,45,55,55,55,58,86,109,147,147,172,210,248,248,248,248,248,246,289,318,318,318,318,318,348,210,210,292,292,326,326,355,355,327,327,130,382,382,426,471,471,167,167,167,215,559,457,643,764,764,764,766,766],"gold":12410,"neow_bonus":"REMOVE_CARD","is_daily":false,"chose_seed":false,"campfire_upgraded":3,"win_rate":0.0,"timestamp":1609570240,"path_taken":["M","?","?","M","?","E","?","E","T","COS","M","?","M","M","R","BOSS","M","COS","?","?","?","E","M","E","T","?","R","?","M","M","R","BOSS","M","?","?","?","?","R","E","M","T","E","?","R","M","$","R","BOSS","BOSS","M","M","?","$","R","M"],"items_purchased_type":["Relic","Relic","Relic","Relic","Relic","Card","Relic","Relic","Relic","Relic"],"build_version":"2020-12-22","purchased_purges":4,"victory":false,"max_hp_per_floor":[70,70,70,78,78,87,87,97,97,97,108,136,159,197,197,222,222,248,248,248,248,248,275,303,332,332,332,332,332,362,398,259,292,292,326,326,363,363,327,327,377,420,420,464,509,509,560,560,560,608,657,716,771,827,827,827,827,827],"card_choices":[{"not_picked":["Halt","Replay:DivineShield"],"picked":"FlurryOfBlows","floor":1.0},{"not_picked":["CutThroughFate","FlyingSleeves","EmptyBody","EmptyFist","LikeWater"],"picked":"SKIP","floor":4.0},{"not_picked":["InnerPeace","Replay:BluntJabs","MostiFishMod:ScryFuture","Evaluate"],"picked":"WheelKick","floor":6.0},{"not_picked":["EmptyBody","Brilliance","EmptyFist","FlurryOfBlows"],"picked":"MostiFishMod:Speedup","floor":8.0},{"not_picked":["MostiFishMod:Unraveling","Indignation","Crescendo","Halt"],"picked":"InnerPeace","floor":11.0},{"not_picked":["SandsOfTime+1","Wireheading+1","FollowUp+1","Consecrate+1","PathToVictory+1"],"picked":"SKIP","floor":11.0},{"not_picked":["FlyingSleeves","SignatureMove","FollowUp","InnerPeace","SashWhip"],"picked":"SKIP","floor":12.0},{"not_picked":["ReachHeaven","Consecrate","WaveOfTheHand","Replay:AtTheReady","FlurryOfBlows"],"picked":"SKIP","floor":13.0},{"not_picked":["Protect","Halt","FearNoEvil","Prostrate"],"picked":"TalkToTheHand","floor":14.0},{"not_picked":["Brilliance","MostiFishMod:Dust","SpiritShield","Replay:AllIn"],"picked":"MostiFishMod:Moonprays","floor":16.0},{"not_picked":["Conclude","Halt","PathToVictory","CutThroughFate"],"picked":"Adaptation+1","floor":18.0},{"not_picked":["Evaluate+1","FollowUp+1","BowlingBash+1","Replay:AtTheReady+1"],"picked":"MostiFishMod:DustFall+1","floor":23.0},{"not_picked":["Study","Replay:Vibes+1","Indignation","Weave","ClearTheMind"],"picked":"SKIP","floor":23.0},{"not_picked":["LessonLearned","MostiFishMod:Dust","MostiFishMod:DisColor","Replay:LoomingThreat","SpiritShield"],"picked":"SKIP","floor":24.0},{"not_picked":["MostiFishMod:FlowState","Replay:Hum","WaveOfTheHand","Crescendo","Evaluate"],"picked":"SKIP","floor":24.0},{"not_picked":["Nirvana","FollowUp","Halt","PathToVictory"],"picked":"MasterReality","floor":25.0},{"not_picked":["FollowUp","AT_DivineConfetti","SashWhip","ReachHeaven","Fasting2"],"picked":"SKIP","floor":30.0},{"not_picked":["ClearTheMind","Vengeance","EmptyFist","Consecrate","CutThroughFate"],"picked":"SKIP","floor":31.0},{"not_picked":[],"picked":"Gensokyo:ShootingStar","floor":33.0},{"not_picked":["MostiFishMod:Minus","DeusExMachina","Alpha","Wish"],"picked":"MostiFishMod:StarLaLaLa","floor":33.0},{"not_picked":["Indignation","ThirdEye","Prostrate","FlyingSleeves+1","SashWhip"],"picked":"SKIP","floor":35.0},{"not_picked":["LikeWater","AT_ChampionStep","Adaptation+1","ReachHeaven+1"],"picked":"FearNoEvil","floor":37.0},{"not_picked":["PathToVictory+1","Perseverance+1","AT_ChampionStep","BowlingBash","MostiFishMod:LegendTransform"],"picked":"SKIP","floor":41.0},{"not_picked":["Replay:AtTheReady+1","Replay:ManipulateFuture+1","AT_ChampionStep","MostiFishMod:PathToVictory+1","Worship+1"],"picked":"SKIP","floor":42.0},{"not_picked":["InnerPeace+1","Conclude","DeceiveReality+1","Sanctity+1","ThirdEye+1"],"picked":"SKIP","floor":44.0},{"not_picked":["Protect+1","MostiFishMod:LegendTransform+1","Replay:ManipulateFuture+1","Replay:DivineShield+1","FlyingSleeves"],"picked":"SKIP","floor":45.0},{"not_picked":["Consecrate","CutThroughFate","Replay:BluntJabs+1","SpiritShield+1","FlurryOfBlows"],"picked":"SKIP","floor":47.0},{"not_picked":["PathToVictory+1","MostiFishMod:PathToVictory+1","Replay:Cycle+1","MostiFishMod:Nomercy+1","AT_ChampionStep+1"],"picked":"SKIP","floor":52.0},{"not_picked":["Protect+1","ThirdEye+1","Prostrate+1","Tantrum","MostiFishMod:Nomercy+1"],"picked":"SKIP","floor":53.0},{"not_picked":["JustLucky","Halt+1","MostiFishMod:FlowState+1","EmptyFist+1","Crescendo+1"],"picked":"SKIP","floor":1.0}],"player_experience":356558,"relics_obtained":[{"floor":1.0,"key":"SynthV:TestCard"},{"floor":6.0,"key":"Shuriken"},{"floor":7.0,"key":"StrikeDummy"},{"floor":8.0,"key":"StoneCalendar"},{"floor":16.0,"key":"Gensokyo:OccultBall"},{"floor":23.0,"key":"Whetstone"},{"floor":25.0,"key":"Gensokyo:MosesMiracle"},{"floor":25.0,"key":"testmod-Antiphasic"},{"floor":26.0,"key":"Mirror"},{"floor":33.0,"key":"Gensokyo:OccultBall"},{"floor":41.0,"key":"Toxic Egg 2"},{"floor":42.0,"key":"Gensokyo:OccultBall"},{"floor":43.0,"key":"Frozen Egg 2"},{"floor":44.0,"key":"TeardropLocket"},{"floor":47.0,"key":"Gensokyo:OccultBall"},{"floor":53.0,"key":"paleoftheancients:SoulOfTheCollector"},{"floor":54.0,"key":"paleoftheancients:BlurryLens"}],"event_choices":[{"damage_healed":0.0,"max_hp_gain":0.0,"max_hp_loss":0.0,"gold_gain":0.0,"event_name":"给自己的盒子","player_choice":"Swap Relic","floor":20.0,"relics_lost":["DaveBox"],"gold_loss":0.0,"damage_taken":0.0,"relics_obtained":["DaveBox"]}],"is_beta":false,"boss_relics":[{"not_picked":["HereWithMe","SynthV:MejaisSoulstealer"],"picked":"RhineSuit"},{"not_picked":["JellyFishMachine","FixedStarFall"],"picked":"Replay:Wanted Poster"}],"items_purged_floors":[27,48,100,100],"is_endless":false,"potions_floor_spawned":[6,12,13,16,18,25,31,35,42,44,45,54],"killed_by":"","ascension_level":20}}