{"host":"n900smz9wr3yo27a","time":1609589662,"event":{"mods":["Arknights The Spire","BaseMod","CapriCore","GungeonMod","Hermit","Koishi","Lobotomy","Marisa£¨Ùöéë¡¡Øª×âÞÞ£©","Minty Spire (QoL Compilation)","Prisma Mod","Replay The Spire","StSLib","Td1madao Mod","The Animator","The Bug Knight","The Cursed","The Dragon Tamer","The Gatherer","The Hierophant","The Immortal","The Jungle","The Necromancer","The Poker Player","The Runesmith","WarShipGirlsR/??á´Ò³R mod"],"gold_per_floor":[117,136,136,155,176,212,236,275,301,301,301,314,332,332,332,351,351,481,481,499,513,418,432,432,465,465,490,490,490,203,216,236,253,253,353,353,368,415,122,0,13,13,13,13],"floor_reached":43,"playtime":2077,"items_purged":["Amnesia","hermit:Brawl+1"],"score":482,"play_id":"3c270ff3-7e65-4d4c-8d03-c0b92ca6e623","local_time":"20210102211422","is_ascension_mode":false,"campfire_choices":[{"floor":14,"key":"REST"},{"floor":17,"key":"REST"},{"floor":34,"key":"REST"},{"data":"hermit:Determination","floor":42,"key":"SMITH"}],"circlet_count":0,"master_deck":["hermit:Strike_Hermit","hermit:Strike_Hermit","hermit:Strike_Hermit","hermit:Strike_Hermit","hermit:Defend_Hermit","hermit:Defend_Hermit","hermit:Defend_Hermit","hermit:Snapshot","hermit:Covet","hermit:BlackWind","hermit:GhostlyPresence","hermit:TrackingShot","hermit:Deadeye","hermit:Determination+1","hermit:Ricochet","hermit:LuckOfTheDraw","hermit:Enervate","hermit:Magnum","hermit:PistolWhip+1","hermit:FlashPowder+1"],"relics":["hermit:Momento","Bloody Idol","Vajra","Bag of Preparation","Orichalcum","hermit:BartenderGlass","ReplayTheSpireMod:CursedCoin","ReplayTheSpireMod:Ninjato","Strawberry","Mercury Hourglass","DemoMod:Antibody","DemoMod:DecoyRelic","Membership Card","Akabeko","ChewingGum","Bottled Flame","Unceasing Top","ClockworkSouvenir","Red Mask"],"acts_visited":["Exordium","TheCity","TheBeyond"],"potions_floor_usage":[8,13,13,23,23,23,25,25,25,27,27,31,31,32,32,32,33,33,35,35,35,35,43,43,43,43],"damage_taken":[{"damage":10,"enemies":"Jaw Worm","floor":1,"turns":4},{"damage":8,"enemies":"Small Slimes","floor":2,"turns":3},{"damage":0,"enemies":"Cultist","floor":4,"turns":2},{"damage":10,"enemies":"3 Louse","floor":5,"turns":3},{"damage":0,"enemies":"Gremlin Nob","floor":6,"turns":2},{"damage":14,"enemies":"2 Fungi Beasts","floor":7,"turns":3},{"damage":9,"enemies":"3 Sentries","floor":8,"turns":4},{"damage":5,"enemies":"Exordium Wildlife","floor":12,"turns":2},{"damage":0,"enemies":"Red Slaver","floor":13,"turns":2},{"damage":0,"enemies":"Large Slime","floor":16,"turns":1},{"damage":5,"enemies":"Fading Forest","floor":18,"turns":11},{"damage":19,"enemies":"Spheric Guardian","floor":20,"turns":4},{"damage":3,"enemies":"Chosen","floor":21,"turns":3},{"damage":12,"enemies":"Snecko","floor":23,"turns":4},{"damage":6,"enemies":"Book of Stabbing","floor":25,"turns":2},{"damage":36,"enemies":"Gremlin Leader","floor":27,"turns":7},{"damage":0,"enemies":"Snake Plant","floor":31,"turns":1},{"damage":16,"enemies":"Shelled Parasite and Fungi","floor":32,"turns":3},{"damage":3,"enemies":"Centurion and Healer","floor":33,"turns":4},{"damage":48,"enemies":"Automaton","floor":35,"turns":9},{"damage":15,"enemies":"Orb Walker","floor":37,"turns":4},{"damage":2,"enemies":"3 Shapes","floor":41,"turns":2},{"damage":81,"enemies":"Giant Head","floor":43,"turns":7}],"seed_played":"6630030166954007174","potions_obtained":[{"floor":2,"key":"Reflective Coating"},{"floor":4,"key":"Swift Potion"},{"floor":5,"key":"Languid Potion"},{"floor":13,"key":"SpeedPotion"},{"floor":16,"key":"EssenceOfSteel"},{"floor":21,"key":"GamblersBrew"},{"floor":23,"key":"DistilledChaos"},{"floor":27,"key":"Venom Potion"},{"floor":31,"key":"DemoMod:LeadSkinPotion"},{"floor":38,"key":"SneckoOil"},{"floor":41,"key":"Weak Potion"}],"is_trial":false,"path_per_floor":["M","M","?","M","M","E","M","E","T","PTL","PTL","M","M","R","?","M","R","B",null,"M","M","$","M","?","E","?","E","T","T","$","M","M","M","R","B",null,"M","?","$","?","M","R","E"],"character_chosen":"HERMIT","items_purchased":["ReplayTheSpireMod:CursedCoin","ReplayTheSpireMod:Ninjato","Membership Card","DemoMod:LeadSkinPotion","Akabeko","Unceasing Top","ClockworkSouvenir","Dexterity Potion"],"campfire_rested":3,"item_purchase_floors":[22,22,30,30,30,39,39,39],"current_hp_per_floor":[65,57,39,39,29,29,15,6,6,6,6,1,1,23,5,5,27,32,75,56,53,53,41,41,47,47,16,16,16,16,26,20,27,51,8,82,72,57,57,57,65,65,0,0],"gold":13,"neow_bonus":"TRANSFORM_CARD","is_daily":false,"chose_seed":false,"campfire_upgraded":1,"win_rate":0.0,"timestamp":1609589662,"path_taken":["M","M","?","M","M","E","M","E","T","PTL","PTL","M","M","R","?","M","R","BOSS","M","M","$","M","?","E","?","E","T","?","$","M","M","M","R","BOSS","M","?","$","?","M","R","E"],"items_purchased_type":["Relic","Relic","Relic","Undefined","Relic","Relic","Relic","Potion"],"build_version":"2020-12-22","purchased_purges":2,"victory":false,"max_hp_per_floor":[75,75,75,75,75,75,75,75,75,75,75,75,75,75,75,75,75,75,75,75,75,75,75,75,82,82,82,82,82,82,82,82,82,82,82,82,82,82,82,82,82,82,82,82],"card_choices":[{"not_picked":["hermit:Snipe","hermit:LowProfile","hermit:Misfire"],"picked":"SKIP","floor":1},{"not_picked":["hermit:Feint","hermit:Coalescence"],"picked":"hermit:GhostlyPresence","floor":2},{"not_picked":["hermit:Manifest","hermit:CalledShot"],"picked":"hermit:TrackingShot","floor":4},{"not_picked":["hermit:Feint","hermit:Misfire"],"picked":"hermit:Deadeye","floor":5},{"not_picked":["hermit:DeadMansHand","hermit:WideOpen"],"picked":"hermit:Determination","floor":6},{"not_picked":["hermit:HoleUp","hermit:Vantage"],"picked":"hermit:Ricochet","floor":7},{"not_picked":["hermit:Snipe","hermit:Malice","hermit:ItchyTrigger"],"picked":"SKIP","floor":8},{"not_picked":["hermit:Maintenance","hermit:Malice","hermit:EyeOfTheStorm"],"picked":"SKIP","floor":12},{"not_picked":["hermit:FlashPowder","hermit:Dive"],"picked":"hermit:LuckOfTheDraw","floor":13},{"not_picked":["hermit:Ricochet","hermit:Coalescence"],"picked":"hermit:Enervate","floor":16},{"not_picked":["hermit:HeroicBravado","hermit:Dissolve"],"picked":"hermit:Magnum","floor":18},{"not_picked":["hermit:Showdown","hermit:DeadMansHand"],"picked":"hermit:Brawl+1","floor":20},{"not_picked":["hermit:Ricochet","hermit:ItchyTrigger+1","hermit:Maintenance"],"picked":"SKIP","floor":21},{"not_picked":["hermit:WideOpen+1","hermit:Gestalt+1"],"picked":"hermit:PistolWhip+1","floor":23},{"not_picked":["hermit:Feint","hermit:Snipe","hermit:Grudge"],"picked":"SKIP","floor":25},{"not_picked":["hermit:FullyLoaded+1","hermit:LoneWolf","hermit:Coalescence+1"],"picked":"SKIP","floor":27},{"not_picked":["hermit:TrackingShot+1","hermit:EternalForm","hermit:Cheat"],"picked":"SKIP","floor":31},{"not_picked":["hermit:Ricochet","hermit:SprayPray+1","hermit:Manifest"],"picked":"SKIP","floor":32},{"not_picked":["hermit:CursedWeapon","hermit:Roulette+1","hermit:Feint"],"picked":"SKIP","floor":33},{"not_picked":["hermit:TrackingShot+1","hermit:Gestalt","hermit:Showdown"],"picked":"SKIP","floor":37},{"not_picked":["hermit:SprayPray+1","hermit:ItchyTrigger"],"picked":"hermit:FlashPowder+1","floor":38},{"not_picked":["hermit:Coalescence","hermit:Headshot","hermit:Gestalt+1"],"picked":"SKIP","floor":41}],"player_experience":743546,"relics_obtained":[{"floor":6,"key":"Vajra"},{"floor":8,"key":"Bag of Preparation"},{"floor":25,"key":"Strawberry"},{"floor":27,"key":"Mercury Hourglass"},{"floor":28,"key":"DemoMod:Antibody"},{"floor":29,"key":"DemoMod:DecoyRelic"},{"floor":38,"key":"Bottled Flame"}],"event_choices":[{"damage_healed":0,"gold_gain":0,"player_choice":"Take Damage","damage_taken":18,"relics_obtained":["Golden Idol"],"max_hp_gain":0,"max_hp_loss":0,"event_name":"Golden Idol","floor":3,"gold_loss":0},{"damage_healed":0,"gold_gain":0,"player_choice":"Success","damage_taken":18,"relics_obtained":["Orichalcum"],"max_hp_gain":0,"max_hp_loss":0,"event_name":"Scrap Ooze","floor":15,"gold_loss":0},{"damage_healed":0,"gold_gain":0,"player_choice":"Gave Idol","damage_taken":0,"relics_obtained":["Bloody Idol"],"max_hp_gain":0,"max_hp_loss":0,"event_name":"Forgotten Altar","floor":24,"relics_lost":["Golden Idol"],"gold_loss":0},{"damage_healed":0,"gold_gain":0,"player_choice":"Paid","damage_taken":0,"relics_obtained":["Red Mask"],"max_hp_gain":0,"max_hp_loss":0,"event_name":"Tomb of Lord Red Mask","floor":40,"gold_loss":122}],"is_beta":false,"boss_relics":[{"not_picked":["Ring of Chaos","Honey Jar"],"picked":"hermit:BartenderGlass"},{"not_picked":["Replay:Wanted Poster","Runic Pyramid"],"picked":"ChewingGum"}],"items_purged_floors":[30,39],"is_endless":false,"potions_floor_spawned":[2,4,5,13,16,21,23,27,31,41],"killed_by":"Giant Head","ascension_level":0}}