{"host":"6gwm7y0tp7acoxay","time":1609587222,"event":{"mods":["BaseMod","Colored Map","Keyboard Shortcuts","Minty Spire (QoL Compilation)","Quick Restart","StSLib","SuperFastMode","everything is the same but u backflip on backflip"],"gold_per_floor":[116,116,116,116,41,71,100,100,100,126,146,180,180,212,212,289,289,308,324,324,324,334,369,400,334,359,391,420,420,171,190,190,261,261,275,294,3,3,13,13,41,41,64,93,119,151,178,188,188,188,188,188,188,18,48,48],"floor_reached":57,"playtime":2776,"items_purged":[],"score":3435,"play_id":"66c5de71-1c18-4e7d-80c0-9c0eb0129c2f","local_time":"20210102203342","daily_mods":["SealedDeck","Heirloom","Flight"],"is_ascension_mode":true,"campfire_choices":[{"data":"Defragment","floor":8,"key":"SMITH"},{"data":"Go for the Eyes","floor":15,"key":"SMITH"},{"data":"Capacitor","floor":29,"key":"SMITH"},{"data":"Coolheaded","floor":32,"key":"SMITH"},{"floor":40,"key":"RECALL"},{"floor":49,"key":"REST"},{"data":"Echo Form","floor":53,"key":"SMITH"}],"circlet_count":0,"master_deck":["AscendersBane","Conserve Battery+1","Chaos+1","Go for the Eyes+1","Coolheaded+1","Glacier+1","Skim","Ball Lightning+1","FTL","Genetic Algorithm","Defragment+1","Core Surge+1","Echo Form+1","Fusion+1","Capacitor+1","Consume+1","Electrodynamics","Recycle+1","Apotheosis+1","Fission+1"],"relics":["FrozenCore","Dead Branch","Oddly Smooth Stone","Singing Bowl","Matryoshka","Meat on the Bone","Odd Mushroom","Molten Egg 2","Letter Opener","The Courier","Blue Candle","Black Star","Tiny Chest","Unceasing Top","Akabeko","White Beast Statue","HornCleat","Whetstone","Toxic Egg 2","Ornamental Fan","Vajra","PreservedInsect","Blood Vial","Potion Belt","Toy Ornithopter","Darkstone Periapt","Gambling Chip","CeramicFish","Bird Faced Urn","War Paint","Prayer Wheel","CaptainsWheel","TungstenRod","Boot","Runic Capacitor","Bronze Scales","Torii"],"acts_visited":["Exordium","TheCity","TheBeyond","TheEnding"],"potions_floor_usage":[11,18,18,27,31,33,33,36,47,56,56,56],"damage_taken":[{"damage":0,"enemies":"Cultist","floor":1,"turns":3},{"damage":5,"enemies":"3 Sentries","floor":6,"turns":8},{"damage":0,"enemies":"Lagavulin","floor":7,"turns":4},{"damage":0,"enemies":"Gremlin Nob","floor":10,"turns":3},{"damage":5,"enemies":"The Mushroom Lair","floor":11,"turns":5},{"damage":14,"enemies":"3 Sentries","floor":12,"turns":5},{"damage":4,"enemies":"Lagavulin","floor":14,"turns":5},{"damage":0,"enemies":"Slime Boss","floor":16,"turns":5},{"damage":8,"enemies":"2 Thieves","floor":18,"turns":4},{"damage":0,"enemies":"Spheric Guardian","floor":19,"turns":4},{"damage":0,"enemies":"Snecko","floor":22,"turns":3},{"damage":8,"enemies":"Book of Stabbing","floor":23,"turns":6},{"damage":16,"enemies":"Gremlin Leader","floor":24,"turns":7},{"damage":15,"enemies":"Slavers","floor":27,"turns":6},{"damage":0,"enemies":"Book of Stabbing","floor":28,"turns":7},{"damage":0,"enemies":"Centurion and Healer","floor":31,"turns":5},{"damage":19,"enemies":"Collector","floor":33,"turns":9},{"damage":5,"enemies":"3 Darklings","floor":35,"turns":3},{"damage":8,"enemies":"3 Shapes","floor":36,"turns":4},{"damage":4,"enemies":"3 Darklings","floor":39,"turns":5},{"damage":25,"enemies":"Reptomancer","floor":41,"turns":6},{"damage":19,"enemies":"Nemesis","floor":44,"turns":7},{"damage":44,"enemies":"Transient","floor":45,"turns":6},{"damage":0,"enemies":"Giant Head","floor":46,"turns":5},{"damage":35,"enemies":"Reptomancer","floor":47,"turns":5},{"damage":6,"enemies":"Maw","floor":48,"turns":6},{"damage":61,"enemies":"Awakened One","floor":50,"turns":14},{"damage":32,"enemies":"Donu and Deca","floor":51,"turns":11},{"damage":25,"enemies":"Shield and Spear","floor":55,"turns":4},{"damage":70,"enemies":"The Heart","floor":56,"turns":11}],"seed_played":"7982912029859921859","potions_obtained":[{"floor":6,"key":"Fire Potion"},{"floor":10,"key":"Swift Potion"},{"floor":11,"key":"Fruit Juice"},{"floor":12,"key":"Fire Potion"},{"floor":23,"key":"Dexterity Potion"},{"floor":24,"key":"Fire Potion"},{"floor":27,"key":"DistilledChaos"},{"floor":28,"key":"PotionOfCapacity"},{"floor":31,"key":"PotionOfCapacity"},{"floor":33,"key":"Block Potion"},{"floor":35,"key":"SpeedPotion"},{"floor":36,"key":"LiquidBronze"},{"floor":39,"key":"Ancient Potion"},{"floor":41,"key":"LiquidMemories"},{"floor":44,"key":"DuplicationPotion"},{"floor":47,"key":"Dexterity Potion"},{"floor":48,"key":"Energy Potion"}],"is_trial":true,"path_per_floor":["M","?","?","?","?","E","E","R","T","E","?","E","T","E","R","B",null,"M","M","$","?","M","E","E","$","T","E","E","R","$","M","R","B",null,"M","M","$","?","M","R","E","T","T","E","M","E","E","M","R","B","B",null,"R","$","E","B",null],"character_chosen":"DEFECT","items_purchased":["Capacitor","PreservedInsect","Blood Vial","Apotheosis+1","Potion Belt","Runic Capacitor","PowerPotion"],"campfire_rested":1,"item_purchase_floors":[25,30,30,37,37,54,54],"current_hp_per_floor":[64,69,69,69,69,64,66,66,66,66,68,56,56,54,54,54,80,74,74,74,74,76,70,56,56,56,53,55,55,55,59,59,54,89,88,82,82,87,87,87,66,66,66,63,51,71,67,77,112,62,64,104,104,104,91,70],"gold":48,"neow_bonus":"","is_daily":false,"chose_seed":false,"campfire_upgraded":5,"win_rate":0.0,"timestamp":1609587222,"path_taken":["M","?","?","?","?","E","E","R","T","E","?","E","?","E","R","BOSS","M","M","$","?","?","E","E","$","T","E","E","R","$","M","R","BOSS","M","?","$","?","?","R","E","?","T","E","M","E","E","M","R","BOSS","BOSS","R","$","E","BOSS"],"items_purchased_type":["Card","Relic","Relic","Card","Relic","Relic","Potion"],"build_version":"2020-12-22","purchased_purges":0,"victory":true,"max_hp_per_floor":[71,76,76,76,76,76,78,78,78,78,85,87,87,89,89,89,89,91,91,91,91,93,95,97,97,97,97,99,99,99,101,101,101,101,103,103,103,103,105,105,107,107,107,109,109,111,113,117,117,117,117,117,117,117,119,119],"card_choices":[{"not_picked":["Sweeping Beam","Conserve Battery"],"picked":"Hologram","floor":1},{"not_picked":["Compile Driver","Rebound"],"picked":"Defragment","floor":6},{"not_picked":["Redo","Hologram","Coolheaded"],"picked":"Singing Bowl","floor":7},{"not_picked":["Doom and Gloom","Force Field"],"picked":"Core Surge","floor":10},{"not_picked":["Leap","Go for the Eyes","Chaos"],"picked":"Singing Bowl","floor":11},{"not_picked":["Barrage+1","Conserve Battery","Sweeping Beam+1"],"picked":"Singing Bowl","floor":12},{"not_picked":["Conserve Battery","Redo","Skim"],"picked":"Singing Bowl","floor":14},{"not_picked":["Biased Cognition","All For One+1"],"picked":"Echo Form","floor":16},{"not_picked":["Sweeping Beam+1","Hologram","Leap"],"picked":"Singing Bowl","floor":18},{"not_picked":["Gash+1","Turbo"],"picked":"Fusion","floor":19},{"not_picked":["Rebound+1","Auto Shields","Barrage+1"],"picked":"Singing Bowl","floor":22},{"not_picked":["Hello World","Ball Lightning+1","Reprogram"],"picked":"Singing Bowl","floor":23},{"not_picked":["Barrage+1","Steam","Sunder+1"],"picked":"Singing Bowl","floor":24},{"not_picked":["Double Energy+1","Ball Lightning+1"],"picked":"Consume+1","floor":27},{"not_picked":["Hyperbeam+1","Steam+1","Cold Snap+1"],"picked":"Singing Bowl","floor":28},{"not_picked":["Coolheaded+1","Conserve Battery+1","Chaos+1"],"picked":"Singing Bowl","floor":31},{"not_picked":["Buffer","Core Surge+1"],"picked":"Electrodynamics","floor":33},{"not_picked":["Turbo+1","Genetic Algorithm+1","Go for the Eyes+1"],"picked":"Singing Bowl","floor":35},{"not_picked":["Streamline+1","Rebound+1"],"picked":"Recycle+1","floor":36},{"not_picked":["Auto Shields+1","Reinforced Body+1","Scrape+1"],"picked":"Singing Bowl","floor":39},{"not_picked":["Lockon+1","Darkness+1","Leap+1"],"picked":"Singing Bowl","floor":41},{"not_picked":["Steam+1","Beam Cell+1","Go for the Eyes+1"],"picked":"Singing Bowl","floor":44},{"not_picked":["Turbo+1","Redo+1"],"picked":"Fission+1","floor":45},{"not_picked":["Rip and Tear+1","Go for the Eyes+1","Redo+1"],"picked":"Singing Bowl","floor":46},{"not_picked":["Leap+1","Hologram+1","Redo+1"],"picked":"Singing Bowl","floor":47},{"not_picked":["Stack+1","Electrodynamics","Streamline+1"],"picked":"Singing Bowl","floor":48},{"not_picked":["Genetic Algorithm+1","Conserve Battery+1","Consume+1"],"picked":"Singing Bowl","floor":48},{"not_picked":["Heatsinks","Machine Learning","Glacier+1"],"picked":"Singing Bowl","floor":55}],"player_experience":4350787,"relics_obtained":[{"floor":6,"key":"Oddly Smooth Stone"},{"floor":7,"key":"Singing Bowl"},{"floor":9,"key":"Matryoshka"},{"floor":10,"key":"Meat on the Bone"},{"floor":11,"key":"Odd Mushroom"},{"floor":12,"key":"Molten Egg 2"},{"floor":13,"key":"Letter Opener"},{"floor":13,"key":"The Courier"},{"floor":14,"key":"Blue Candle"},{"floor":23,"key":"Tiny Chest"},{"floor":23,"key":"Unceasing Top"},{"floor":24,"key":"Akabeko"},{"floor":24,"key":"White Beast Statue"},{"floor":26,"key":"HornCleat"},{"floor":27,"key":"Whetstone"},{"floor":27,"key":"Toxic Egg 2"},{"floor":28,"key":"Ornamental Fan"},{"floor":28,"key":"Vajra"},{"floor":41,"key":"Toy Ornithopter"},{"floor":41,"key":"Darkstone Periapt"},{"floor":42,"key":"Gambling Chip"},{"floor":43,"key":"CeramicFish"},{"floor":44,"key":"Bird Faced Urn"},{"floor":44,"key":"War Paint"},{"floor":46,"key":"Prayer Wheel"},{"floor":46,"key":"CaptainsWheel"},{"floor":47,"key":"TungstenRod"},{"floor":47,"key":"Boot"},{"floor":55,"key":"Bronze Scales"},{"floor":55,"key":"Torii"}],"event_choices":[{"damage_healed":0,"gold_gain":0,"player_choice":"Donut","damage_taken":0,"max_hp_gain":5,"max_hp_loss":0,"event_name":"Big Fish","floor":2,"gold_loss":0},{"damage_healed":0,"gold_gain":0,"player_choice":"Ignored","damage_taken":0,"max_hp_gain":0,"max_hp_loss":0,"event_name":"Liars Game","floor":3,"gold_loss":0},{"damage_healed":0,"gold_gain":0,"player_choice":"Grow","damage_taken":0,"max_hp_gain":0,"max_hp_loss":0,"event_name":"Living Wall","floor":4,"gold_loss":0,"cards_upgraded":["Chaos"]},{"cards_removed":["Ball Lightning"],"damage_healed":0,"gold_gain":0,"player_choice":"Card Removal","damage_taken":0,"max_hp_gain":0,"max_hp_loss":0,"event_name":"The Cleric","floor":5,"gold_loss":75},{"damage_healed":0,"gold_gain":0,"player_choice":"Fought Mushrooms","damage_taken":0,"max_hp_gain":0,"max_hp_loss":0,"event_name":"Mushrooms","floor":11,"gold_loss":0},{"damage_healed":0,"gold_gain":0,"player_choice":"Forge","damage_taken":0,"max_hp_gain":0,"max_hp_loss":0,"event_name":"Accursed Blacksmith","floor":21,"gold_loss":0,"cards_upgraded":["Fusion"]},{"cards_removed":["Hologram"],"damage_healed":5,"gold_gain":0,"player_choice":"Offered Common","damage_taken":0,"max_hp_gain":0,"max_hp_loss":0,"event_name":"Bonfire Elementals","floor":38,"gold_loss":0},{"cards_removed":["Hologram"],"damage_healed":5,"gold_gain":0,"player_choice":"Offered Special","damage_taken":0,"max_hp_gain":0,"max_hp_loss":0,"event_name":"Bonfire Elementals","floor":38,"gold_loss":0}],"is_beta":false,"boss_relics":[{"not_picked":["Runic Dome","Cursed Key"],"picked":"Black Star"},{"not_picked":["Runic Pyramid","Sozu"],"picked":"FrozenCore"}],"items_purged_floors":[],"is_endless":false,"potions_floor_spawned":[6,10,11,12,14,23,24,27,28,31,33,35,36,39,41,44,45,46,47,48,55],"ascension_level":20}}