{"host":"tiwza2kisyyrpq7h","time":1609579751,"event":{"mods":["BaseMod","Colored Powertips","Minty Spire (QoL Compilation)","Quick Restart","Rare Cards Sparkle","StSLib","SuperFastMode","The Servant 0.9.4","óô»ðÖ¸ÄÏ"],"gold_per_floor":[12,12,26,26,26,26,69,119,146,167,11,31,31,62,62,155,155,178,178,201,201,216,247,247,290,290,303,317,15,35,73,73,167,167,191,214,214,214,238,238,238],"floor_reached":40,"playtime":3183,"items_purged":["Injury","Strike_P"],"score":891,"play_id":"a837b328-df7c-45b3-a881-7e2d9958ee7f","local_time":"20210102172911","is_ascension_mode":true,"campfire_choices":[{"data":"Eruption","floor":6.0,"key":"SMITH"},{"floor":13.0,"key":"REST"},{"data":"Meditate","floor":15.0,"key":"SMITH"},{"floor":24.0,"key":"REST"},{"floor":32.0,"key":"REST"}],"circlet_count":0,"master_deck":["AscendersBane","Strike_P+1","Defend_P","Defend_P","Defend_P","Eruption+1","Vigilance","Halt","FollowUp+1","WaveOfTheHand","EmptyBody","BowlingBash","EmptyMind","Meditate+1","Collect","Vault","Tantrum","RitualDagger","Study","FlurryOfBlows","SpiritShield","Halt","Adaptation","Apotheosis","FlurryOfBlows","Crescendo","DevaForm","Fasting2+1","Sanctity","Collect+1","Bandage Up","Violence","Panacea","Wireheading+1","Adaptation"],"relics":["PureWater","Du-Vu Doll","Golden Idol","Regal Pillow","Damaru","Orichalcum","Black Star","Letter Opener","Dream Catcher","Mango","Blue Candle","Kunai","Prayer Wheel","Thread and Needle","Empty Cage"],"acts_visited":["Exordium","TheCity","TheBeyond"],"potions_floor_usage":[40,40],"damage_taken":[{"damage":0.0,"enemies":"Small Slimes","floor":1.0,"turns":3.0},{"damage":0.0,"enemies":"Jaw Worm","floor":3.0,"turns":1.0},{"damage":23.0,"enemies":"Lagavulin","floor":7.0,"turns":6.0},{"damage":0.0,"enemies":"Cultist","floor":10.0,"turns":3.0},{"damage":0.0,"enemies":"3 Louse","floor":12.0,"turns":1.0},{"damage":13.0,"enemies":"Gremlin Nob","floor":14.0,"turns":4.0},{"damage":25.0,"enemies":"Slime Boss","floor":16.0,"turns":12.0},{"damage":19.0,"enemies":"Spheric Guardian","floor":18.0,"turns":6.0},{"damage":4.0,"enemies":"3 Byrds","floor":20.0,"turns":3.0},{"damage":6.0,"enemies":"Centurion and Healer","floor":22.0,"turns":6.0},{"damage":0.0,"enemies":"Gremlin Leader","floor":23.0,"turns":3.0},{"damage":23.0,"enemies":"Slavers","floor":25.0,"turns":8.0},{"damage":1.0,"enemies":"Chosen and Byrds","floor":27.0,"turns":5.0},{"damage":8.0,"enemies":"Snake Plant","floor":28.0,"turns":4.0},{"damage":0.0,"enemies":"Snecko","floor":30.0,"turns":6.0},{"damage":26.0,"enemies":"Book of Stabbing","floor":31.0,"turns":6.0},{"damage":8.0,"enemies":"Automaton","floor":33.0,"turns":11.0},{"damage":30.0,"enemies":"3 Darklings","floor":35.0,"turns":5.0},{"damage":10.0,"enemies":"3 Shapes","floor":36.0,"turns":4.0},{"damage":0.0,"enemies":"Transient","floor":39.0,"turns":6.0},{"damage":40,"enemies":"Reptomancer","floor":40,"turns":2}],"seed_played":"7226818429465088035","potions_obtained":[{"floor":1.0,"key":"Fire Potion"},{"floor":3.0,"key":"SpeedPotion"},{"floor":7.0,"key":"CultistPotion"},{"floor":20.0,"key":"LiquidMemories"},{"floor":21.0,"key":"DistilledChaos"},{"floor":25.0,"key":"GamblersBrew"},{"floor":30.0,"key":"SteroidPotion"},{"floor":31.0,"key":"BlessingOfTheForge"},{"floor":35.0,"key":"Regen Potion"},{"floor":36.0,"key":"StancePotion"}],"is_trial":false,"path_per_floor":["M","?","M","?","?","R","E","?","T","M","$","M","R","E","R","B",null,"M","?","M","?","M","E","R","E","T","M","M","$","M","E","R","B",null,"M","M","?","?","M","E"],"character_chosen":"WATCHER","items_purchased":["EmptyMind","Apotheosis"],"campfire_rested":3,"item_purchase_floors":[11,29],"current_hp_per_floor":[61,61,61,41,41,41,18,12,12,12,12,12,47,34,34,9,53,34,28,24,24,18,18,53,44,44,43,35,35,35,9,48,40,72,42,32,22,22,26,0,0],"gold":238,"neow_bonus":"ONE_RARE_RELIC","is_daily":false,"chose_seed":false,"campfire_upgraded":2,"win_rate":0.0,"timestamp":1609579751,"path_taken":["M","?","M","?","?","R","E","?","T","?","$","M","R","E","R","BOSS","M","?","M","?","M","E","R","E","T","M","M","$","M","E","R","BOSS","M","?","?","?","M","E"],"items_purchased_type":["Card","Card"],"build_version":"2020-12-22","purchased_purges":2,"victory":false,"max_hp_per_floor":[68,68,68,68,68,68,68,68,68,68,68,68,68,68,68,68,68,68,68,68,68,68,68,68,82,82,82,82,82,82,82,82,82,82,82,82,82,82,82,82,82],"card_choices":[{"not_picked":["Crescendo","WaveOfTheHand"],"picked":"Halt","floor":1.0},{"not_picked":["Halt","CrushJoints"],"picked":"WaveOfTheHand","floor":3.0},{"not_picked":["Crescendo","Swivel"],"picked":"EmptyBody","floor":7.0},{"not_picked":["Crescendo","Evaluate"],"picked":"BowlingBash","floor":10.0},{"not_picked":["Sanctity","Halt"],"picked":"Meditate","floor":12.0},{"not_picked":["BowlingBash","Prostrate"],"picked":"Collect","floor":14.0},{"not_picked":["Wish","DeusExMachina"],"picked":"Vault","floor":16.0},{"not_picked":["FlyingSleeves+1","Swivel+1"],"picked":"Tantrum","floor":18.0},{"not_picked":["PathToVictory","ThirdEye"],"picked":"WheelKick","floor":20.0},{"not_picked":["Halt","EmptyFist"],"picked":"Study","floor":22.0},{"not_picked":["Prostrate","PathToVictory","CutThroughFate"],"picked":"SKIP","floor":23.0},{"not_picked":["EmptyFist","SashWhip"],"picked":"FlurryOfBlows","floor":24.0},{"not_picked":["FearNoEvil","Consecrate"],"picked":"SpiritShield","floor":25.0},{"not_picked":["ThirdEye","CrushJoints"],"picked":"Halt","floor":27.0},{"not_picked":["TalkToTheHand","Collect"],"picked":"Adaptation","floor":28.0},{"not_picked":["CutThroughFate","Evaluate","ClearTheMind"],"picked":"SKIP","floor":30.0},{"not_picked":["EmptyBody+1","CrushJoints"],"picked":"FlurryOfBlows","floor":31.0},{"not_picked":["CarveReality","JustLucky"],"picked":"Crescendo","floor":32.0},{"not_picked":["Judgement","ConjureBlade"],"picked":"DevaForm","floor":33.0},{"not_picked":["Weave","Conclude"],"picked":"Fasting2+1","floor":35.0},{"not_picked":["SashWhip+1","Prostrate"],"picked":"Sanctity","floor":35.0},{"not_picked":["JustLucky","CrushJoints+1"],"picked":"Collect+1","floor":36.0},{"not_picked":["ThirdEye","SignatureMove","FollowUp"],"picked":"SKIP","floor":36.0},{"not_picked":["Finesse","Enlightenment"],"picked":"Bandage Up","floor":37.0},{"not_picked":["Jack Of All Trades","Secret Weapon"],"picked":"Violence","floor":37.0},{"not_picked":["Transmutation","Mind Blast"],"picked":"Panacea","floor":37.0},{"not_picked":["PathToVictory","Consecrate"],"picked":"Wireheading+1","floor":39.0},{"not_picked":["ThirdEye","Consecrate"],"picked":"Adaptation","floor":39.0}],"player_experience":911919,"relics_obtained":[{"floor":7.0,"key":"Regal Pillow"},{"floor":9.0,"key":"Damaru"},{"floor":14.0,"key":"Orichalcum"},{"floor":23.0,"key":"Letter Opener"},{"floor":23.0,"key":"Dream Catcher"},{"floor":25.0,"key":"Mango"},{"floor":25.0,"key":"Blue Candle"},{"floor":26.0,"key":"Kunai"},{"floor":31.0,"key":"Prayer Wheel"},{"floor":31.0,"key":"Thread and Needle"}],"event_choices":[{"damage_healed":0.0,"max_hp_gain":0.0,"max_hp_loss":0.0,"gold_gain":0.0,"cards_transformed":["Strike_P"],"event_name":"Living Wall","player_choice":"Change","floor":2.0,"gold_loss":0.0,"damage_taken":0.0,"cards_obtained":["FollowUp"]},{"damage_healed":0.0,"max_hp_gain":0.0,"max_hp_loss":0.0,"gold_gain":0.0,"event_name":"Shining Light","player_choice":"Entered Light","floor":4.0,"gold_loss":0.0,"damage_taken":20.0,"cards_upgraded":["Strike_P","FollowUp"]},{"damage_healed":0.0,"max_hp_gain":0.0,"max_hp_loss":0.0,"gold_gain":0.0,"event_name":"Golden Idol","player_choice":"Take Wound","floor":5.0,"gold_loss":0.0,"damage_taken":0.0,"relics_obtained":["Golden Idol"],"cards_obtained":["Injury"]},{"damage_healed":0.0,"max_hp_gain":0.0,"max_hp_loss":0.0,"gold_gain":50.0,"event_name":"FaceTrader","player_choice":"Touch","floor":8.0,"gold_loss":0.0,"damage_taken":6.0},{"damage_healed":0.0,"max_hp_gain":0.0,"max_hp_loss":0.0,"gold_gain":0.0,"event_name":"Nest","player_choice":"Joined the Cult","floor":19.0,"gold_loss":0.0,"damage_taken":6.0,"cards_obtained":["RitualDagger"]},{"damage_healed":0.0,"max_hp_gain":0.0,"max_hp_loss":0.0,"gold_gain":0.0,"event_name":"Lab","player_choice":"Got Potions","floor":21.0,"gold_loss":0.0,"damage_taken":0.0},{"damage_healed":0.0,"max_hp_gain":0.0,"max_hp_loss":0.0,"gold_gain":0.0,"event_name":"SensoryStone","player_choice":"Memory 3","floor":37.0,"gold_loss":0.0,"damage_taken":10.0},{"cards_removed":["WheelKick"],"damage_healed":0.0,"max_hp_gain":0.0,"max_hp_loss":0.0,"gold_gain":0.0,"event_name":"Falling","player_choice":"Removed Attack","floor":38.0,"gold_loss":0.0,"damage_taken":0.0}],"is_beta":false,"boss_relics":[{"not_picked":["Philosopher\u0027s Stone","Ectoplasm"],"picked":"Black Star"},{"not_picked":["Runic Dome","Runic Pyramid"],"picked":"Empty Cage"}],"items_purged_floors":[11,29],"is_endless":false,"potions_floor_spawned":[1,3,7,20,22,25,30,31,35,36],"killed_by":"Reptomancer","ascension_level":16}}