{"host":"sav7uxregyirlf69","time":1609596720,"event":{"mods":["AchievementEnabler","BaseMod","Colored Map","DeckTracker","Keyboard Shortcuts","Minty Spire (QoL Compilation)","READ ME - Guardian Mod","StSLib","SuperFastMode"],"gold_per_floor":[112,37,187,187,87,116,135,146,146,146,146,70,70,95,95,174,174,191,202,252,252,252,252,264,280,280,76,76,76,92,121,121,194,194,205,230,230,248,267,295,306,335,335,360,376,121,121,121,121,121,121,121,121,49,78,78],"floor_reached":57,"playtime":2688,"items_purged":["Strike_G","Strike_G","Strike_G","Strike_G"],"score":3082,"play_id":"1a47f75e-a92d-49f8-9528-a24d08e8d7b0","local_time":"20210102231200","is_ascension_mode":true,"campfire_choices":[{"data":"Deadly Poison","floor":11.0,"key":"SMITH"},{"floor":13.0,"key":"REST"},{"data":"Tactician","floor":15.0,"key":"SMITH"},{"floor":23.0,"key":"REST"},{"floor":28.0,"key":"REST"},{"floor":32.0,"key":"REST"},{"floor":47.0,"key":"RECALL"},{"floor":49.0,"key":"REST"},{"floor":53.0,"key":"REST"}],"circlet_count":0,"master_deck":["AscendersBane","Defend_G","Defend_G","Defend_G","Defend_G","Defend_G","Survivor","Neutralize","Well Laid Plans","Tactician+1","Dagger Throw","Deadly Poison+1","Terror+1","Burst+1","Prepared+1","Acrobatics+1","Acrobatics+1","Footwork","Dodge and Roll+1","Footwork","Grand Finale","Backflip+1","Escape Plan+1","Purity+1"],"relics":["Ring of the Snake","NeowsBlessing","Thread and Needle","Toxic Egg 2","Vajra","Anchor","Fusion Hammer","Calipers","Mango","Black Star","Torii","Boot","Orichalcum","Ice Cream","Unceasing Top","Omamori","The Courier","Medical Kit","Mercury Hourglass","Nunchaku"],"acts_visited":["Exordium","TheCity","TheBeyond","TheEnding"],"potions_floor_usage":[56,56],"damage_taken":[{"damage":0.0,"enemies":"2 Louse","floor":1.0,"turns":1.0},{"damage":0.0,"enemies":"Lagavulin","floor":6.0,"turns":1.0},{"damage":0.0,"enemies":"Jaw Worm","floor":7.0,"turns":1.0},{"damage":0.0,"enemies":"Small Slimes","floor":8.0,"turns":5.0},{"damage":21.0,"enemies":"3 Sentries","floor":14.0,"turns":14.0},{"damage":2.0,"enemies":"Hexaghost","floor":16.0,"turns":9.0},{"damage":0.0,"enemies":"3 Byrds","floor":18.0,"turns":3.0},{"damage":5.0,"enemies":"Shell Parasite","floor":19.0,"turns":5.0},{"damage":0.0,"enemies":"Masked Bandits","floor":21.0,"turns":2.0},{"damage":10.0,"enemies":"Shelled Parasite and Fungi","floor":24.0,"turns":5.0},{"damage":14.0,"enemies":"Snake Plant","floor":25.0,"turns":3.0},{"damage":0.0,"enemies":"Centurion and Healer","floor":30.0,"turns":4.0},{"damage":41.0,"enemies":"Slavers","floor":31.0,"turns":8.0},{"damage":0.0,"enemies":"Automaton","floor":33.0,"turns":15.0},{"damage":0.0,"enemies":"3 Shapes","floor":35.0,"turns":10.0},{"damage":0.0,"enemies":"Mind Bloom Boss Battle","floor":36.0,"turns":8.0},{"damage":0.0,"enemies":"Orb Walker","floor":38.0,"turns":4.0},{"damage":0.0,"enemies":"Maw","floor":39.0,"turns":6.0},{"damage":20.0,"enemies":"Reptomancer","floor":40.0,"turns":6.0},{"damage":0.0,"enemies":"3 Darklings","floor":41.0,"turns":3.0},{"damage":0.0,"enemies":"Nemesis","floor":42.0,"turns":11.0},{"damage":0.0,"enemies":"Reptomancer","floor":44.0,"turns":4.0},{"damage":0.0,"enemies":"Spire Growth","floor":45.0,"turns":6.0},{"damage":0.0,"enemies":"Donu and Deca","floor":50.0,"turns":10.0},{"damage":17.0,"enemies":"Awakened One","floor":51.0,"turns":11.0},{"damage":18.0,"enemies":"Shield and Spear","floor":55.0,"turns":3.0},{"damage":34,"enemies":"The Heart","floor":56,"turns":9}],"seed_played":"4211166894223235123","potions_obtained":[{"floor":1.0,"key":"AttackPotion"},{"floor":14.0,"key":"SmokeBomb"},{"floor":16.0,"key":"LiquidBronze"},{"floor":25.0,"key":"Regen Potion"},{"floor":36.0,"key":"Explosive Potion"},{"floor":38.0,"key":"Strength Potion"},{"floor":44.0,"key":"SteroidPotion"},{"floor":55.0,"key":"SneckoOil"}],"is_trial":false,"path_per_floor":["M","$","?","?","$","E","M","M","T","?","R","$","R","E","R","B",null,"M","M","?","?","?","R","M","M","T","$","R","?","M","E","R","B",null,"M","?","?","M","M","E","M","E","T","E","M","$","R","$","R","B","B",null,"R","$","E","B",null],"character_chosen":"THE_SILENT","items_purchased":["Terror+1","Footwork","Medical Kit","Purity+1"],"campfire_rested":6,"item_purchase_floors":[12,27,46,54],"current_hp_per_floor":[59,59,59,52,52,52,52,52,52,17,17,17,36,15,15,13,53,53,48,48,48,48,66,56,42,42,42,61,61,61,34,58,58,75,75,75,75,75,75,55,55,55,55,55,55,55,55,55,79,79,77,79,80,80,62,28],"gold":78,"neow_bonus":"THREE_ENEMY_KILL","is_daily":false,"chose_seed":false,"campfire_upgraded":2,"win_rate":0.0,"timestamp":1609596720,"path_taken":["M","$","?","?","$","E","M","M","T","?","R","?","R","E","R","BOSS","M","M","?","?","?","R","M","M","T","$","R","?","M","E","R","BOSS","M","?","?","M","M","E","M","E","T","E","?","$","R","?","R","BOSS","BOSS","R","$","E","BOSS"],"items_purchased_type":["Card","Card","Relic","Card"],"build_version":"2020-12-22","purchased_purges":4,"victory":true,"max_hp_per_floor":[66,66,66,66,66,66,66,66,66,66,66,66,66,66,66,66,66,66,66,66,66,66,66,66,66,66,66,66,66,66,80,80,80,80,80,80,80,80,80,80,80,80,80,80,80,80,80,80,80,80,80,80,80,80,80,80],"card_choices":[{"not_picked":["Calculated Gamble","Accuracy"],"picked":"Well Laid Plans","floor":1.0},{"not_picked":["Backflip","Night Terror"],"picked":"Tactician","floor":6.0},{"not_picked":["Deflect","Slice"],"picked":"Dagger Throw","floor":7.0},{"not_picked":["Cloak And Dagger","Sucker Punch"],"picked":"Deadly Poison","floor":8.0},{"not_picked":["Sucker Punch","Night Terror+1","Bane"],"picked":"SKIP","floor":14.0},{"not_picked":["Unload","Glass Knife"],"picked":"Burst+1","floor":16.0},{"not_picked":["Underhanded Strike","Outmaneuver+1","Bane"],"picked":"SKIP","floor":18.0},{"not_picked":["Escape Plan+1","Well Laid Plans"],"picked":"Prepared+1","floor":19.0},{"not_picked":["PiercingWail+1","Poisoned Stab"],"picked":"Acrobatics+1","floor":24.0},{"not_picked":["Infinite Blades+1","Dagger Spray","Outmaneuver+1"],"picked":"SKIP","floor":25.0},{"not_picked":["Deflect+1","Dagger Spray"],"picked":"Dodge and Roll+1","floor":30.0},{"not_picked":["Blade Dance+1","Phantasmal Killer+1"],"picked":"Footwork","floor":31.0},{"not_picked":["Wraith Form v2","Storm of Steel+1"],"picked":"Grand Finale","floor":33.0},{"not_picked":["Slice","Well Laid Plans+1","Setup+1"],"picked":"SKIP","floor":35.0},{"not_picked":["Outmaneuver+1","Prepared+1"],"picked":"Backflip+1","floor":36.0},{"not_picked":["Dodge and Roll+1","Dagger Throw"],"picked":"Escape Plan+1","floor":38.0},{"not_picked":["Footwork","Deflect+1","Prepared+1"],"picked":"SKIP","floor":39.0},{"not_picked":["Underhanded Strike","Catalyst+1","Heel Hook"],"picked":"SKIP","floor":40.0},{"not_picked":["Dagger Throw","Infinite Blades+1","Bane"],"picked":"SKIP","floor":41.0},{"not_picked":["Dagger Spray","Dodge and Roll+1","Underhanded Strike"],"picked":"SKIP","floor":42.0},{"not_picked":["Acrobatics+1","All Out Attack","Escape Plan+1"],"picked":"SKIP","floor":44.0},{"not_picked":["Noxious Fumes","Setup+1","Sucker Punch"],"picked":"SKIP","floor":45.0},{"not_picked":["Tools of the Trade","Blade Dance+1","Dagger Throw"],"picked":"SKIP","floor":55.0}],"player_experience":1111193,"relics_obtained":[{"floor":6.0,"key":"Thread and Needle"},{"floor":9.0,"key":"Toxic Egg 2"},{"floor":14.0,"key":"Anchor"},{"floor":26.0,"key":"Calipers"},{"floor":31.0,"key":"Mango"},{"floor":36.0,"key":"Torii"},{"floor":40.0,"key":"Orichalcum"},{"floor":40.0,"key":"Ice Cream"},{"floor":42.0,"key":"Unceasing Top"},{"floor":44.0,"key":"Omamori"},{"floor":44.0,"key":"The Courier"},{"floor":55.0,"key":"Mercury Hourglass"},{"floor":55.0,"key":"Nunchaku"}],"event_choices":[{"damage_healed":0.0,"max_hp_gain":0.0,"max_hp_loss":0.0,"gold_gain":150.0,"event_name":"Liars Game","player_choice":"AGREE","floor":3.0,"gold_loss":0.0,"damage_taken":0.0,"cards_obtained":["Doubt"]},{"cards_removed":["Doubt"],"damage_healed":0.0,"max_hp_gain":0.0,"max_hp_loss":0.0,"gold_gain":0.0,"event_name":"Golden Wing","player_choice":"Card Removal","floor":4.0,"gold_loss":0.0,"damage_taken":7.0},{"damage_healed":0.0,"max_hp_gain":0.0,"max_hp_loss":0.0,"gold_gain":0.0,"event_name":"Scrap Ooze","player_choice":"Success","floor":10.0,"gold_loss":0.0,"damage_taken":35.0,"relics_obtained":["Vajra"]},{"damage_healed":0.0,"max_hp_gain":0.0,"max_hp_loss":0.0,"gold_gain":50.0,"event_name":"Nest","player_choice":"Stole From Cult","floor":20.0,"gold_loss":0.0,"damage_taken":0.0},{"damage_healed":0.0,"max_hp_gain":0.0,"max_hp_loss":0.0,"gold_gain":0.0,"event_name":"Masked Bandits","player_choice":"Fought Bandits","floor":21.0,"gold_loss":0.0,"damage_taken":0.0},{"damage_healed":0.0,"max_hp_gain":0.0,"max_hp_loss":0.0,"gold_gain":0.0,"event_name":"The Library","player_choice":"Read","floor":22.0,"gold_loss":0.0,"damage_taken":0.0,"cards_obtained":["Acrobatics"]},{"cards_removed":["Strike_G"],"damage_healed":0.0,"max_hp_gain":0.0,"max_hp_loss":0.0,"gold_gain":0.0,"event_name":"Back to Basics","player_choice":"Elegance","floor":29.0,"gold_loss":0.0,"damage_taken":0.0},{"damage_healed":0.0,"max_hp_gain":0.0,"max_hp_loss":0.0,"gold_gain":0.0,"event_name":"MindBloom","player_choice":"Fight","floor":36.0,"gold_loss":0.0,"damage_taken":0.0},{"damage_healed":0.0,"max_hp_gain":0.0,"max_hp_loss":0.0,"gold_gain":0.0,"event_name":"WeMeetAgain","player_choice":"Gave Potion","floor":37.0,"gold_loss":0.0,"damage_taken":0.0,"relics_obtained":["Boot"]}],"is_beta":false,"boss_relics":[{"not_picked":["Runic Dome","Calling Bell"],"picked":"Fusion Hammer"},{"not_picked":["Tiny House","Busted Crown"],"picked":"Black Star"}],"items_purged_floors":[2,5,27,46],"is_endless":false,"potions_floor_spawned":[1,14,16,21,25,36,38,44,55],"ascension_level":20}}