{"host":"51mqhfpmwwd4kxyt","time":1609579453,"event":{"mods":["BaseMod","Downfall","Googly Eyes","Highlight Path","Minty Spire (QoL Compilation)","READ ME - Guardian Mod","StSLib","The Cursed","The Servant 0.9.4"],"gold_per_floor":[116,126,53,228,228,228,228,228,252,285,285,285,315,337,337,475,475,498,66,60,60,60],"floor_reached":21,"playtime":1072,"items_purged":[],"score":169,"play_id":"7123bbc8-40be-4c39-9d71-dadb4b8e5945","local_time":"20210102042413","is_ascension_mode":false,"campfire_choices":[{"data":"BestPractice","floor":6,"key":"SMITH"},{"floor":11,"key":"REST"},{"floor":15,"key":"REST"}],"circlet_count":0,"master_deck":["Strike_S","Strike_S","Strike_S","Strike_S","Defend_S","Defend_S","Defend_S","Defend_S","KidneyShot","Exchange","FloweringNight+1","SpecialFormula","Potential","BestPractice+1","Moondial+1","Defy","Manipulate","Duplication","TimeWarp+1","Chrysalis","TimeWarp"],"relics":["Uniform","Golden Idol","CeramicFish","Philosopher\u0027s Stone","Question Card"],"acts_visited":["Exordium","TheCity"],"potions_floor_usage":[],"damage_taken":[{"damage":11,"enemies":"Jaw Worm","floor":1,"turns":5},{"damage":13,"enemies":"2 Louse","floor":2,"turns":5},{"damage":5,"enemies":"Small Slimes","floor":10,"turns":4},{"damage":2,"enemies":"Blue Slaver","floor":13,"turns":3},{"damage":13,"enemies":"Looter","floor":14,"turns":4},{"damage":22,"enemies":"The Guardian","floor":16,"turns":9},{"damage":18,"enemies":"3 Byrds","floor":18,"turns":4},{"damage":47,"enemies":"2 Thieves","floor":20,"turns":5}],"seed_played":"-7069579191934083916","potions_obtained":[{"floor":2,"key":"Strength Potion"},{"floor":13,"key":"FearPotion"}],"is_trial":false,"path_per_floor":["M","M","$","?","?","R","?","?","T","M","R","?","M","M","R","B",null,"M","$","M","?"],"character_chosen":"THE_SERVANT","items_purchased":["BestPractice","Chrysalis","Question Card"],"campfire_rested":2,"item_purchase_floors":[3,19,19],"current_hp_per_floor":[48,40,40,40,40,40,26,19,19,19,36,36,42,34,51,34,59,46,46,4,0,0],"gold":60,"neow_bonus":"THREE_RARE_CARDS","is_daily":false,"chose_seed":false,"campfire_upgraded":1,"win_rate":0.0,"timestamp":1609579453,"path_taken":["M","M","$","?","?","R","?","?","T","?","R","?","M","M","R","BOSS","M","$","M","?"],"items_purchased_type":["Card","Card","Relic"],"build_version":"2020-12-22","purchased_purges":0,"victory":false,"max_hp_per_floor":[59,59,59,59,59,59,59,59,59,59,59,59,59,59,59,59,59,59,59,59,59,59],"card_choices":[{"not_picked":["Sunlight","Duplication"],"picked":"FloweringNight","floor":0},{"not_picked":["FastForward","WasteNot"],"picked":"SpecialFormula","floor":1},{"not_picked":["Rearm","Spin"],"picked":"Potential","floor":2},{"not_picked":["Spin","Potential"],"picked":"Moondial","floor":10},{"not_picked":["Collapse","PendulumOfEternity"],"picked":"Defy","floor":13},{"not_picked":["Ricochet","Sabotage"],"picked":"Manipulate","floor":14},{"not_picked":["FloweringNight","ForgedInTime"],"picked":"Duplication","floor":16},{"not_picked":["Revamp","Unruled"],"picked":"TimeWarp+1","floor":18},{"not_picked":["Alleviate","BottledTime","FastForward"],"picked":"TimeWarp","floor":20}],"player_experience":298554,"relics_obtained":[{"floor":9,"key":"CeramicFish"}],"event_choices":[{"damage_healed":0,"gold_gain":175,"player_choice":"AGREE","damage_taken":0,"max_hp_gain":0,"max_hp_loss":0,"event_name":"Liars Game","floor":4,"gold_loss":0,"cards_obtained":["Doubt"]},{"damage_healed":0,"gold_gain":0,"player_choice":"Grow","damage_taken":0,"max_hp_gain":0,"max_hp_loss":0,"event_name":"Living Wall","floor":5,"gold_loss":0,"cards_upgraded":["FloweringNight"]},{"damage_healed":0,"gold_gain":0,"player_choice":"Take Damage","damage_taken":14,"relics_obtained":["Golden Idol"],"max_hp_gain":0,"max_hp_loss":0,"event_name":"Golden Idol","floor":7,"gold_loss":0},{"cards_removed":["Doubt"],"damage_healed":0,"gold_gain":0,"player_choice":"Card Removal","damage_taken":7,"max_hp_gain":0,"max_hp_loss":0,"event_name":"Golden Wing","floor":8,"gold_loss":0},{"damage_healed":0,"gold_gain":0,"player_choice":"Upgraded","damage_taken":0,"max_hp_gain":0,"max_hp_loss":0,"event_name":"Upgrade Shrine","floor":12,"gold_loss":0,"cards_upgraded":["Moondial"]},{"damage_healed":0,"gold_gain":0,"player_choice":"Joined the Cult","damage_taken":6,"max_hp_gain":0,"max_hp_loss":0,"event_name":"Nest","floor":21,"gold_loss":0,"cards_obtained":["RitualDagger"]}],"is_beta":false,"boss_relics":[{"not_picked":["Runic Dome","Tiny House"],"picked":"Philosopher\u0027s Stone"}],"items_purged_floors":[],"is_endless":false,"potions_floor_spawned":[2,13],"ascension_level":0}}