{"host":"b7j598ve05halrwk","time":1609629551,"event":{"mods":["2.2 Compatiblity","BaseMod","Block Reminder","DeckTracker","Minty Spire (QoL Compilation)","Relic Stats","Slay the Relics Exporter","StSLib","ojb\u0027s Info Mod"],"gold_per_floor":[110,126,126,144,144,144,178,197,221,240,33,64,139,157,157,234,234,250,250,268,56,56,56,85,35,61,78,78,78,78,78],"floor_reached":30,"playtime":2013,"items_purged":["Strike_B","Writhe"],"score":516,"play_id":"96625bb5-69dd-48aa-8112-484e6e5f391b","local_time":"20210102181911","is_ascension_mode":true,"campfire_choices":[{"data":"Zap","floor":6,"key":"SMITH"},{"floor":15,"key":"REST"},{"floor":23,"key":"REST"},{"floor":29,"key":"REST"}],"circlet_count":0,"master_deck":["AscendersBane","Defend_B+1","Defend_B+1","Defend_B+1","Defend_B+1","Zap+1","Dualcast","Ball Lightning","BootSequence","Barrage","Barrage","Rebound","Coolheaded","White Noise","Beam Cell","Apotheosis","Defragment","Core Surge","Hologram","Defragment","Capacitor","Scrape","Double Energy"],"relics":["Cracked Core","Smiling Mask","Juzu Bracelet","Regal Pillow","Snecko Eye","Lantern","StrikeDummy","Orichalcum"],"acts_visited":["Exordium","TheCity"],"potions_floor_usage":[7,12,24,27,30],"damage_taken":[{"damage":0,"enemies":"Jaw Worm","floor":1,"turns":3},{"damage":0,"enemies":"2 Louse","floor":2,"turns":2},{"damage":0,"enemies":"Small Slimes","floor":4,"turns":3},{"damage":15,"enemies":"Lagavulin","floor":7,"turns":5},{"damage":8,"enemies":"3 Louse","floor":8,"turns":4},{"damage":6,"enemies":"Blue Slaver","floor":10,"turns":4},{"damage":9,"enemies":"Gremlin Nob","floor":12,"turns":3},{"damage":4,"enemies":"Large Slime","floor":14,"turns":5},{"damage":36,"enemies":"Slime Boss","floor":16,"turns":5},{"damage":24,"enemies":"Chosen","floor":18,"turns":4},{"damage":9,"enemies":"2 Thieves","floor":20,"turns":4},{"damage":36,"enemies":"Book of Stabbing","floor":24,"turns":5},{"damage":0,"enemies":"Snecko","floor":27,"turns":5},{"damage":50,"enemies":"Slavers","floor":30,"turns":3}],"seed_played":"6106413037466349870","potions_obtained":[{"floor":4,"key":"PowerPotion"},{"floor":7,"key":"SpeedPotion"},{"floor":10,"key":"SneckoOil"},{"floor":16,"key":"SpeedPotion"},{"floor":24,"key":"Block Potion"}],"is_trial":false,"path_per_floor":["M","M","?","M","?","R","E","M","T","M","$","E","?","M","R","B",null,"M","?","M","$","?","R","E","$","T","M","?","R","E"],"character_chosen":"DEFECT","items_purchased":["Apotheosis","Capacitor","Scrape"],"campfire_rested":3,"item_purchase_floors":[11,21,21],"current_hp_per_floor":[64,64,64,64,57,57,42,34,34,28,28,19,8,4,38,2,49,25,25,16,16,16,50,14,14,14,14,14,48,0,0],"gold":78,"neow_bonus":"TRANSFORM_TWO_CARDS","is_daily":false,"chose_seed":false,"campfire_upgraded":1,"win_rate":0.0,"timestamp":1609629551,"path_taken":["M","M","?","M","?","R","E","M","T","M","$","E","?","M","R","BOSS","M","?","M","$","?","R","E","$","T","M","?","R","E"],"items_purchased_type":["Card","Card","Card"],"build_version":"2020-12-22","purchased_purges":2,"victory":false,"max_hp_per_floor":[64,64,64,64,64,64,64,64,64,64,64,64,64,64,64,64,64,64,64,64,64,64,64,64,64,64,64,64,64,64,64],"relic_stats":{"Regal Pillow":45,"counters":[14,55],"Snecko Eye":[51,41,40,30],"Juzu Bracelet":0,"Orichalcum":[6],"Smiling Mask":75,"obtain_stats":[{"Regal Pillow":12,"Lantern":19,"Snecko Eye":17,"Juzu Bracelet":9,"Orichalcum":26,"Cracked Core":0,"Smiling Mask":7,"StrikeDummy":24},{"Regal Pillow":7,"Lantern":10,"Snecko Eye":9,"Juzu Bracelet":5,"Orichalcum":12,"Cracked Core":0,"Smiling Mask":4,"StrikeDummy":12},{"Regal Pillow":24,"Lantern":38,"Snecko Eye":34,"Juzu Bracelet":17,"Orichalcum":47,"Cracked Core":0,"Smiling Mask":13,"StrikeDummy":47}]},"card_choices":[{"not_picked":["Coolheaded","Turbo"],"picked":"Barrage","floor":1},{"not_picked":["Aggregate","Gash"],"picked":"Barrage","floor":2},{"not_picked":["Streamline","Compile Driver"],"picked":"Rebound","floor":4},{"not_picked":["Recycle","Steam"],"picked":"Coolheaded","floor":7},{"not_picked":["Sweeping Beam","Gash"],"picked":"White Noise","floor":8},{"not_picked":["Reprogram","Fusion"],"picked":"Beam Cell","floor":10},{"not_picked":["Streamline","Thunder Strike","Stack"],"picked":"SKIP","floor":12},{"not_picked":["Beam Cell","Hologram"],"picked":"Defragment","floor":14},{"not_picked":["All For One","Reboot"],"picked":"Core Surge","floor":16},{"not_picked":["Reprogram","Tempest"],"picked":"Hologram","floor":18},{"not_picked":["Recycle","Gash"],"picked":"Defragment","floor":20},{"not_picked":["Chaos","Ball Lightning","Gash+1"],"picked":"SKIP","floor":24},{"not_picked":["Conserve Battery","Streamline+1"],"picked":"Double Energy","floor":27}],"player_experience":773674,"relics_obtained":[{"floor":7,"key":"Smiling Mask"},{"floor":9,"key":"Juzu Bracelet"},{"floor":12,"key":"Regal Pillow"},{"floor":24,"key":"StrikeDummy"},{"floor":26,"key":"Orichalcum"}],"event_choices":[{"damage_healed":0,"gold_gain":0,"player_choice":"Ignored","damage_taken":0,"max_hp_gain":0,"max_hp_loss":0,"event_name":"Liars Game","floor":3,"gold_loss":0},{"cards_removed":["Strike_B"],"damage_healed":0,"gold_gain":0,"player_choice":"Card Removal","damage_taken":7,"max_hp_gain":0,"max_hp_loss":0,"event_name":"Golden Wing","floor":5,"gold_loss":0},{"damage_healed":0,"gold_gain":75,"player_choice":"Gather Gold","damage_taken":11,"max_hp_gain":0,"max_hp_loss":0,"event_name":"World of Goop","floor":13,"gold_loss":0},{"damage_healed":0,"gold_gain":0,"player_choice":"Opened","damage_taken":0,"relics_obtained":["Lantern"],"max_hp_gain":0,"max_hp_loss":0,"event_name":"The Mausoleum","floor":19,"gold_loss":0,"cards_obtained":["Writhe"]},{"damage_healed":0,"gold_gain":0,"player_choice":"Ignored","damage_taken":0,"max_hp_gain":0,"max_hp_loss":0,"event_name":"Cursed Tome","floor":22,"gold_loss":0},{"damage_healed":0,"gold_gain":0,"player_choice":"Simplicity","damage_taken":0,"max_hp_gain":0,"max_hp_loss":0,"event_name":"Back to Basics","floor":28,"gold_loss":0,"cards_upgraded":["Defend_B","Defend_B","Defend_B","Defend_B"]}],"is_beta":false,"boss_relics":[{"not_picked":["Philosopher\u0027s Stone","Cursed Key"],"picked":"Snecko Eye"}],"items_purged_floors":[21,25],"is_endless":false,"potions_floor_spawned":[4,7,10,16,24],"killed_by":"Slavers","ascension_level":20}}