{"host":"h4lp0eeso8a0ssq0","time":1609548957,"event":{"mods":["2.2 Compatiblity","AchievementEnabler","BaseMod","CapriCore","Colored Map","Lobotomy","Minty Spire (QoL Compilation)","StSLib","SuperFastMode"],"gold_per_floor":[117,133,133,149,160,195,195,209,209,209,234,252,272,272,272,372,372,391,402,31,49,64,99,99,99,176,176,196,224,224,56,56,152,152,164,29,0,0,0,0,20,20,46,63,63,63,81,41,41,41,41],"floor_reached":52,"playtime":1510,"items_purged":["Defend_R","True Grit+1"],"score":782,"play_id":"54aad7e7-8025-4e8e-b4ee-868b37a79a8b","local_time":"20210102095557","is_ascension_mode":false,"campfire_choices":[{"data":"Perfected Strike","floor":7.0,"key":"SMITH"},{"data":"Iron Wave","floor":10.0,"key":"SMITH"},{"data":"Perfected Strike","floor":15.0,"key":"SMITH"},{"data":"True Grit","floor":27.0,"key":"SMITH"},{"data":"Bash","floor":30.0,"key":"SMITH"},{"data":"Headbutt","floor":32.0,"key":"SMITH"},{"data":"Headbutt","floor":40.0,"key":"SMITH"},{"data":"Twin Strike","floor":46.0,"key":"SMITH"},{"data":"Strike_R","floor":49.0,"key":"SMITH"}],"circlet_count":0,"master_deck":["Strike_R","Strike_R","Strike_R","Strike_R","Strike_R+1","Bash+1","Twin Strike+1","Iron Wave+1","Perfected Strike+1","Perfected Strike+1","Headbutt+1","Headbutt+1","Iron Wave+1","Shrug It Off+1","Headbutt+1","Pommel Strike+1"],"relics":["Burning Blood","Self Forming Clay","Champion Belt","Torii","Coffee Dripper","Membership Card","Blood Vial","Meat on the Bone","Calipers","MutagenicStrength","Toxic Egg 2","Ancient Tea Set","Question Card","SacredBark","Lantern","Red Mask","Art of War"],"acts_visited":["Exordium","TheCity","TheBeyond"],"potions_floor_usage":[50,50],"damage_taken":[{"damage":3.0,"enemies":"Jaw Worm","floor":1.0,"turns":4.0},{"damage":0.0,"enemies":"Small Slimes","floor":2.0,"turns":3.0},{"damage":2.0,"enemies":"2 Louse","floor":4.0,"turns":3.0},{"damage":3.0,"enemies":"2 Fungi Beasts","floor":5.0,"turns":3.0},{"damage":22.0,"enemies":"Gremlin Nob","floor":6.0,"turns":4.0},{"damage":2.0,"enemies":"3 Louse","floor":8.0,"turns":3.0},{"damage":16.0,"enemies":"Lagavulin","floor":11.0,"turns":5.0},{"damage":3.0,"enemies":"Lots of Slimes","floor":12.0,"turns":4.0},{"damage":0.0,"enemies":"Large Slime","floor":13.0,"turns":4.0},{"damage":16.0,"enemies":"Hexaghost","floor":16.0,"turns":9.0},{"damage":10.0,"enemies":"Spheric Guardian","floor":18.0,"turns":3.0},{"damage":10.0,"enemies":"3 Byrds","floor":19.0,"turns":4.0},{"damage":14.0,"enemies":"Shelled Parasite and Fungi","floor":21.0,"turns":5.0},{"damage":4.0,"enemies":"Cultist and Chosen","floor":22.0,"turns":5.0},{"damage":8.0,"enemies":"Book of Stabbing","floor":23.0,"turns":4.0},{"damage":1.0,"enemies":"Chosen and Byrds","floor":28.0,"turns":4.0},{"damage":27.0,"enemies":"Gremlin Leader","floor":29.0,"turns":4.0},{"damage":39.0,"enemies":"Collector","floor":33.0,"turns":5.0},{"damage":1.0,"enemies":"Orb Walker","floor":35.0,"turns":2.0},{"damage":7.0,"enemies":"3 Shapes","floor":41.0,"turns":2.0},{"damage":0.0,"enemies":"Giant Head","floor":42.0,"turns":1.0},{"damage":17.0,"enemies":"Jaw Worm Horde","floor":44.0,"turns":3.0},{"damage":0.0,"enemies":"Transient","floor":47.0,"turns":5.0},{"damage":120,"enemies":"Awakened One","floor":50,"turns":13}],"seed_played":"2033954244261623153","potions_obtained":[{"floor":4.0,"key":"LiquidBronze"},{"floor":5.0,"key":"Weak Potion"},{"floor":6.0,"key":"SkillPotion"},{"floor":8.0,"key":"Block Potion"},{"floor":11.0,"key":"PowerPotion"},{"floor":22.0,"key":"FairyPotion"},{"floor":23.0,"key":"DuplicationPotion"},{"floor":29.0,"key":"AttackPotion"},{"floor":33.0,"key":"SmokeBomb"},{"floor":48.0,"key":"LiquidMemories"}],"is_trial":false,"path_per_floor":["M","M","?","M","M","E","R","M","T","R","E","M","M","?","R","B",null,"M","M","$","M","M","E","?","?","T","R","M","E","R","$","R","B",null,"M","$","?","?","?","R","M","E","T","M","?","R","M","?","R","B",null,null],"character_chosen":"IRONCLAD","items_purchased":["Membership Card","Blood Vial","Meat on the Bone","Block Potion","Question Card","Shrug It Off+1","Lantern"],"campfire_rested":0,"item_purchase_floors":[20,20,20,20,31,36,36],"current_hp_per_floor":[72,72,77,77,77,61,61,65,65,65,55,58,64,57,57,47,77,73,69,69,63,67,67,67,67,67,67,74,55,55,55,55,36,77,77,77,77,73,73,73,72,73,73,62,62,62,70,70,70,37,37],"gold":41,"neow_bonus":"REMOVE_TWO","is_daily":false,"chose_seed":false,"campfire_upgraded":9,"win_rate":0.0,"timestamp":1609548957,"path_taken":["M","M","?","M","M","E","R","M","T","R","E","M","M","?","R","BOSS","M","M","$","M","M","E","?","?","T","R","M","E","R","$","R","BOSS","M","$","?","?","?","R","M","E","T","M","?","R","?","?","R","BOSS"],"items_purchased_type":["Relic","Relic","Relic","Potion","Relic","Card","Card"],"build_version":"2020-12-22","purchased_purges":2,"victory":true,"max_hp_per_floor":[72,72,77,77,77,77,77,77,77,77,77,77,77,77,77,77,77,77,77,77,77,77,77,77,77,77,77,77,77,77,77,77,77,77,77,77,77,73,73,73,73,73,73,73,73,73,73,73,73,73,73],"card_choices":[{"not_picked":["Clothesline","Blood for Blood"],"picked":"Twin Strike","floor":1.0},{"not_picked":["Clothesline","Shockwave"],"picked":"Iron Wave","floor":2.0},{"not_picked":["Metallicize","True Grit"],"picked":"Perfected Strike","floor":4.0},{"not_picked":["Heavy Blade","Flame Barrier","Bludgeon"],"picked":"SKIP","floor":5.0},{"not_picked":["Evolve","Clothesline","Second Wind"],"picked":"SKIP","floor":6.0},{"not_picked":["Disarm","Whirlwind","Body Slam"],"picked":"SKIP","floor":8.0},{"not_picked":["Offering","Rage","Spot Weakness"],"picked":"SKIP","floor":11.0},{"not_picked":["Clash","True Grit"],"picked":"Perfected Strike","floor":12.0},{"not_picked":["Havoc","Clash"],"picked":"True Grit","floor":13.0},{"not_picked":["Blood for Blood","Uppercut"],"picked":"Headbutt","floor":18.0},{"not_picked":["Sever Soul","Entrench+1","Spot Weakness"],"picked":"SKIP","floor":19.0},{"not_picked":["Wild Strike","Clothesline","Whirlwind"],"picked":"SKIP","floor":21.0},{"not_picked":["Bloodletting","Intimidate"],"picked":"Headbutt","floor":22.0},{"not_picked":["Second Wind+1","Body Slam"],"picked":"Clash","floor":23.0},{"not_picked":["Cleave","Havoc+1"],"picked":"Shrug It Off+1","floor":28.0},{"not_picked":["Havoc+1","Sword Boomerang","Hemokinesis"],"picked":"SKIP","floor":29.0},{"not_picked":["Clothesline","Wild Strike","Dropkick+1"],"picked":"Iron Wave+1","floor":35.0},{"not_picked":["Thunderclap+1","Wild Strike","Iron Wave+1"],"picked":"Headbutt+1","floor":41.0},{"not_picked":["Iron Wave+1","Headbutt","Flex+1","Uppercut+1"],"picked":"SKIP","floor":44.0},{"not_picked":["Twin Strike+1","Sentinel+1","Impervious+1"],"picked":"Pommel Strike+1","floor":47.0}],"player_experience":18007,"relics_obtained":[{"floor":6.0,"key":"Self Forming Clay"},{"floor":9.0,"key":"Champion Belt"},{"floor":11.0,"key":"Torii"},{"floor":23.0,"key":"Calipers"},{"floor":26.0,"key":"Toxic Egg 2"},{"floor":29.0,"key":"Ancient Tea Set"},{"floor":43.0,"key":"Art of War"}],"event_choices":[{"damage_healed":0.0,"max_hp_gain":5.0,"max_hp_loss":0.0,"gold_gain":0.0,"event_name":"Big Fish","player_choice":"Donut","floor":3.0,"gold_loss":0.0,"damage_taken":0.0},{"cards_removed":["Defend_R"],"damage_healed":0.0,"max_hp_gain":0.0,"max_hp_loss":0.0,"gold_gain":0.0,"event_name":"Golden Wing","player_choice":"Card Removal","floor":14.0,"gold_loss":0.0,"damage_taken":7.0},{"damage_healed":0.0,"max_hp_gain":0.0,"max_hp_loss":0.0,"gold_gain":0.0,"event_name":"Vampires","player_choice":"Ignored","floor":24.0,"gold_loss":0.0,"damage_taken":0.0},{"damage_healed":0.0,"max_hp_gain":0.0,"max_hp_loss":0.0,"gold_gain":0.0,"event_name":"Drug Dealer","player_choice":"Inject Mutagens","floor":25.0,"gold_loss":0.0,"damage_taken":0.0,"relics_obtained":["MutagenicStrength"]},{"damage_healed":0.0,"max_hp_gain":0.0,"max_hp_loss":0.0,"gold_gain":0.0,"event_name":"Tomb of Lord Red Mask","player_choice":"Paid","floor":37.0,"gold_loss":29.0,"damage_taken":0.0,"relics_obtained":["Red Mask"]},{"damage_healed":0.0,"max_hp_gain":0.0,"max_hp_loss":4.0,"gold_gain":0.0,"event_name":"Winding Halls","player_choice":"Max HP","floor":38.0,"gold_loss":0.0,"damage_taken":0.0},{"cards_removed":["Shrug It Off"],"damage_healed":0.0,"max_hp_gain":0.0,"max_hp_loss":0.0,"gold_gain":0.0,"event_name":"Falling","player_choice":"Removed Skill","floor":39.0,"gold_loss":0.0,"damage_taken":0.0},{"cards_removed":["Clash"],"damage_healed":0.0,"max_hp_gain":0.0,"max_hp_loss":0.0,"gold_gain":0.0,"event_name":"Purifier","player_choice":"Purged","floor":45.0,"gold_loss":0.0,"damage_taken":0.0},{"damage_healed":0.0,"max_hp_gain":0.0,"max_hp_loss":0.0,"gold_gain":0.0,"event_name":"The Woman in Blue","player_choice":"Bought 3 Potions","floor":48.0,"gold_loss":0.0,"damage_taken":0.0}],"is_beta":false,"boss_relics":[{"not_picked":["SlaversCollar","Runic Cube"],"picked":"Coffee Dripper"},{"not_picked":["Runic Dome","Mark of Pain"],"picked":"SacredBark"}],"items_purged_floors":[31,36],"is_endless":false,"potions_floor_spawned":[4,5,6,8,11,22,23,28,29,33],"ascension_level":0}}