{"host":"d8hh7rr4yzitjeuj","time":1609602262,"event":{"mods":["2.2 Compatiblity","AchievementEnabler","BaseMod","CapriCore","Colored Map","Colored Powertips","Highlight Path","Keyboard Shortcuts","Minty Spire (QoL Compilation)","Permanent Neow","Quick Restart","StSLib","SuperFastMode"],"gold_per_floor":[115,135,146,159,169,169,169,169],"floor_reached":7,"playtime":208,"items_purged":[],"score":90,"play_id":"a6c18213-2954-49a6-a649-801acafd5928","local_time":"20210103004422","is_ascension_mode":true,"campfire_choices":[{"data":"Perfected Strike","floor":6,"key":"SMITH"}],"circlet_count":0,"master_deck":["AscendersBane","Strike_R","Strike_R","Strike_R","Strike_R","Strike_R","Defend_R","Defend_R","Defend_R","Defend_R","Bash","Perfected Strike+1","Armaments","Dual Wield","Shrug It Off","Armaments","Wild Strike"],"relics":["Burning Blood"],"acts_visited":["Exordium"],"potions_floor_usage":[7],"damage_taken":[{"damage":11,"enemies":"Jaw Worm","floor":1,"turns":4},{"damage":1,"enemies":"Cultist","floor":2,"turns":3},{"damage":0,"enemies":"2 Louse","floor":3,"turns":3},{"damage":10,"enemies":"2 Fungi Beasts","floor":4,"turns":4},{"damage":16,"enemies":"Red Slaver","floor":5,"turns":4},{"damage":60,"enemies":"3 Sentries","floor":7,"turns":8}],"seed_played":"4493439717194520091","potions_obtained":[{"floor":2,"key":"FearPotion"},{"floor":5,"key":"BlessingOfTheForge"}],"is_trial":false,"path_per_floor":["M","M","M","M","M","R","E"],"character_chosen":"IRONCLAD","items_purchased":[],"campfire_rested":0,"item_purchase_floors":[],"current_hp_per_floor":[63,68,74,70,60,60,0,0],"gold":169,"neow_bonus":"THREE_CARDS","is_daily":false,"chose_seed":false,"campfire_upgraded":1,"win_rate":0.0,"timestamp":1609602262,"path_taken":["M","M","M","M","M","R","E"],"items_purchased_type":[],"build_version":"2020-12-22","purchased_purges":0,"victory":false,"max_hp_per_floor":[75,75,75,75,75,75,75,75],"card_choices":[{"not_picked":["Bloodletting","Dual Wield"],"picked":"Perfected Strike","floor":0},{"not_picked":["Thunderclap","Flex"],"picked":"Armaments","floor":1},{"not_picked":["Rampage","Heavy Blade"],"picked":"Dual Wield","floor":2},{"not_picked":["Intimidate","Iron Wave"],"picked":"Shrug It Off","floor":3},{"not_picked":["Pummel","Reckless Charge"],"picked":"Armaments","floor":4},{"not_picked":["Rage","Feel No Pain"],"picked":"Wild Strike","floor":5}],"player_experience":1396537,"relics_obtained":[],"event_choices":[],"is_beta":false,"boss_relics":[],"items_purged_floors":[],"is_endless":false,"potions_floor_spawned":[2,5],"killed_by":"3 Sentries","ascension_level":20}}