{"host":"esx1hwjnbftf3eqj","time":1609629612,"event":{"mods":["BaseMod","Colored Map","Minty Spire (QoL Compilation)","StSLib","The Jungle"],"gold_per_floor":[111,124,134,134,36,36,63,63,86,114,133,58,58,93,93,192,192,204,218,236,236,236,236,236],"floor_reached":23,"playtime":4172,"items_purged":["Strike_R"],"score":328,"play_id":"f7a7a774-276d-4297-9dcb-78d18ed9e4a0","local_time":"20210102152012","is_ascension_mode":true,"campfire_choices":[{"data":"Armaments","floor":6,"key":"SMITH"},{"data":"Dual Wield","floor":8,"key":"SMITH"},{"data":"Warcry","floor":13,"key":"SMITH"},{"floor":15,"key":"REST"}],"circlet_count":0,"master_deck":["Strike_R","Defend_R","Defend_R","Defend_R","Defend_R","Bash","Whirlwind","Iron Wave","Dual Wield+1","Carnage","Armaments+1","Panacea","Inflame","Warcry+1","Thunderclap","Uppercut","Double Tap","Battle Trance","Pummel","Shockwave","Ghostly","Ghostly","Ghostly","Ghostly","Ghostly"],"relics":["Burning Blood","Anchor","Orichalcum","Kunai","WingedGreaves","Black Star"],"acts_visited":["Exordium","TheCity"],"potions_floor_usage":[10,14],"damage_taken":[{"damage":9,"enemies":"Jaw Worm","floor":1,"turns":5},{"damage":6,"enemies":"Cultist","floor":2,"turns":4},{"damage":4,"enemies":"Small Slimes","floor":3,"turns":3},{"damage":21,"enemies":"Lagavulin","floor":7,"turns":8},{"damage":21,"enemies":"Gremlin Nob","floor":10,"turns":4},{"damage":1,"enemies":"Looter","floor":11,"turns":3},{"damage":20,"enemies":"3 Sentries","floor":14,"turns":11},{"damage":29,"enemies":"Hexaghost","floor":16,"turns":14},{"damage":7,"enemies":"3 Byrds","floor":18,"turns":5},{"damage":14,"enemies":"Shell Parasite","floor":19,"turns":12},{"damage":38,"enemies":"Centurion and Healer","floor":20,"turns":13},{"damage":23,"enemies":"Book of Stabbing","floor":23,"turns":8}],"seed_played":"-2500390462913889986","potions_obtained":[{"floor":7,"key":"DuplicationPotion"},{"floor":11,"key":"Weak Potion"},{"floor":14,"key":"Energy Potion"},{"floor":16,"key":"SteroidPotion"},{"floor":18,"key":"DuplicationPotion"}],"is_trial":false,"path_per_floor":["M","M","M","?","$","R","E","R","T","E","M","$","R","E","R","B",null,"M","M","M","?","?","E"],"character_chosen":"IRONCLAD","items_purchased":["Panacea"],"campfire_rested":1,"item_purchase_floors":[5],"current_hp_per_floor":[48,48,50,50,50,50,35,35,35,20,25,25,25,11,35,12,63,62,54,22,22,22,0,0],"gold":236,"neow_bonus":"TRANSFORM_TWO_CARDS","is_daily":false,"chose_seed":false,"campfire_upgraded":3,"win_rate":0.0,"timestamp":1609629612,"path_taken":["M","M","M","?","?","R","E","R","T","E","M","$","R","E","R","BOSS","M","M","M","?","?","E"],"items_purchased_type":["Card"],"build_version":"2020-12-22","purchased_purges":1,"victory":false,"max_hp_per_floor":[80,80,80,80,80,80,80,80,80,80,80,80,80,80,80,80,80,80,80,80,80,40,40,40],"card_choices":[{"not_picked":["Perfected Strike","Pommel Strike"],"picked":"Dual Wield","floor":1},{"not_picked":["Wild Strike","Second Wind"],"picked":"Carnage","floor":2},{"not_picked":["Pommel Strike","Cleave"],"picked":"Armaments","floor":3},{"not_picked":["Bloodletting","Sword Boomerang"],"picked":"Inflame","floor":7},{"not_picked":["True Grit","Perfected Strike"],"picked":"Warcry","floor":10},{"not_picked":["Rupture","Second Wind"],"picked":"Thunderclap","floor":11},{"not_picked":["Bloodletting","Whirlwind"],"picked":"Uppercut","floor":14},{"not_picked":["Immolate","Feed"],"picked":"Double Tap","floor":16},{"not_picked":["Iron Wave","Cleave"],"picked":"Battle Trance","floor":18},{"not_picked":["Evolve","Thunderclap","Anger"],"picked":"SKIP","floor":19},{"not_picked":["Fire Breathing","Whirlwind"],"picked":"Pummel","floor":20}],"player_experience":609336,"relics_obtained":[{"floor":7,"key":"Anchor"},{"floor":9,"key":"Orichalcum"},{"floor":10,"key":"Kunai"},{"floor":14,"key":"WingedGreaves"}],"event_choices":[{"cards_removed":["Strike_R"],"damage_healed":0,"gold_gain":0,"player_choice":"Offered Basic","damage_taken":0,"max_hp_gain":0,"max_hp_loss":0,"event_name":"Bonfire Elementals","floor":4,"gold_loss":0},{"damage_healed":0,"gold_gain":0,"player_choice":"Read","damage_taken":0,"max_hp_gain":0,"max_hp_loss":0,"event_name":"The Library","floor":21,"gold_loss":0,"cards_obtained":["Shockwave"]},{"damage_healed":0,"gold_gain":0,"player_choice":"Became a Ghost","damage_taken":0,"max_hp_gain":0,"max_hp_loss":40,"event_name":"Ghosts","floor":22,"gold_loss":0,"cards_obtained":["Ghostly","Ghostly","Ghostly","Ghostly","Ghostly"]}],"is_beta":false,"boss_relics":[{"not_picked":["Busted Crown","Calling Bell"],"picked":"Black Star"}],"items_purged_floors":[12],"is_endless":false,"potions_floor_spawned":[7,11,14,16,18,19,20],"killed_by":"Book of Stabbing","ascension_level":9}}