{"host":"dd2mx3pm3ovi0t1n","time":1609613955,"event":{"mods":["2.2 Compatiblity","AchievementEnabler","Aspiration","BaseMod","Beaked The Cultist","Better Altar","Better Match","Better Note","Better Sensory Stone","Better Skull","Better Third Choice","BetterRewards","Colored Map","Colored Powertips","Conspire","Defuse TimeMaze Blight","Downfall","Energized Spire","Friendly Minions","GifTheSpireLib","Glutton Mod","Gold Saver","Halation","Hermit","Highlight Path","HololiveMod","Hubris","Infinite Spire","Jedi Mod","Jorbs\u0027s Wanderer Trilogy","KomeijiMod","Marisa????????","Marked Mod","Mimic Mod","Minty Spire (QoL Compilation)","Permanent Neow","Quick Restart","Replay The Spire","Robot Space Explorer","Shop Mod","Spicy Shops","Spikes Relics","StSLib","Stuff the Spire","TestMod","The Construct","The Cursed","The Disciple","The Hierophant","The Necromancer","The Runesmith","The Sage","The Servant 0.9.4","Uncapped","Wandering Minibosses","Yuri Mod","vexMod","????"],"gold_per_floor":[373,373,127,138,151,177,177,177,204,204,248,248,423,440,440,544,544,544,544],"floor_reached":18,"playtime":954,"items_purged":["stsjorbsmod:Defend_Wanderer"],"score":168,"play_id":"b3b05c52-c061-4a45-aee0-e6aa340cff5b","local_time":"20210102105915","is_ascension_mode":false,"campfire_choices":[{"data":"stsjorbsmod:ArcaneForm","floor":7,"key":"SMITH"},{"floor":10,"key":"REST"},{"data":"stsjorbsmod:FranticSearch","floor":12,"key":"SMITH"},{"floor":15,"key":"REST"}],"circlet_count":0,"master_deck":["stsjorbsmod:ForbiddenGrimoire+1","stsjorbsmod:Strike_Wanderer","stsjorbsmod:Strike_Wanderer","stsjorbsmod:Strike_Wanderer","stsjorbsmod:Strike_Wanderer","stsjorbsmod:Defend_Wanderer","stsjorbsmod:Defend_Wanderer","stsjorbsmod:Defend_Wanderer","stsjorbsmod:FreshAdventure","stsjorbsmod:EyeOfTheStorm","stsjorbsmod:Materialize+1","stsjorbsmod:UnseenServant","stsjorbsmod:Materialize","stsjorbsmod:ArcaneForm+1","stsjorbsmod:FranticSearch+1","Doubt","stsjorbsmod:Mending","stsjorbsmod:IvoryTower"],"relics":["stsjorbsmod:GrimoireRelic","testmod-TestBox","testmod-NegativeEmotionEnhancer","MerchantsRug","hubris:GlazedTorus","vexMod:MemoryStick","hubris:Towel","jedi:crownofsimplicity","aspiration:SeaSaltIceCream","Molten Egg 2","beaked:SacredNecklace"],"acts_visited":["Exordium","TheCity"],"potions_floor_usage":[6,6],"damage_taken":[{"damage":2,"enemies":"Cultist","floor":1,"turns":4},{"damage":6,"enemies":"Jaw Worm","floor":4,"turns":3},{"damage":2,"enemies":"conspire:RoseBush","floor":5,"turns":3},{"damage":44,"enemies":"Gremlin Nob","floor":6,"turns":6},{"damage":25,"enemies":"Replay:BlueRogue","floor":11,"turns":5},{"damage":14,"enemies":"3 Louse","floor":14,"turns":4},{"damage":28,"enemies":"Hexaghost","floor":16,"turns":7},{"damage":0,"enemies":"Chosen","floor":18,"turns":1}],"seed_played":"-1032268849971504757","potions_obtained":[{"floor":1,"key":"Block Potion"},{"floor":5,"key":"Weak Potion"},{"floor":11,"key":"SpeedPotion"}],"is_trial":false,"path_per_floor":["M","?","$","M","M","E","R","?","T","R","E","R","?","M","R","B",null,"M"],"character_chosen":"WANDERER","items_purchased":["stsjorbsmod:UnseenServant","MerchantsRug","hubris:GlazedTorus"],"campfire_rested":2,"item_purchase_floors":[3,3,3],"current_hp_per_floor":[69,69,69,67,67,27,27,27,27,48,31,31,31,25,47,27,75,75,75],"gold":544,"neow_bonus":"NOSTALGIA","is_daily":false,"chose_seed":false,"campfire_upgraded":2,"win_rate":0.0,"timestamp":1609613955,"path_taken":["M","?","$","?","?","E","R","?","T","R","E","R","?","?","R","BOSS","M"],"items_purchased_type":["Card","Relic","Relic"],"build_version":"2020-12-22","purchased_purges":1,"victory":false,"max_hp_per_floor":[69,69,69,70,71,72,72,72,72,72,73,73,73,74,74,75,75,75,75],"card_choices":[{"not_picked":["stsjorbsmod:ChainLightning","stsjorbsmod:Channel"],"picked":"stsjorbsmod:Materialize","floor":1},{"not_picked":["stsjorbsmod:ParryingBlow","stsjorbsmod:ChatteringStrike","stsjorbsmod:Mania"],"picked":"SKIP","floor":4},{"not_picked":["stsjorbsmod:RefuseToForget","stsjorbsmod:TollTheDead"],"picked":"stsjorbsmod:Materialize","floor":5},{"not_picked":["stsjorbsmod:Thorns","stsjorbsmod:FracturedMind"],"picked":"stsjorbsmod:ArcaneForm","floor":6},{"not_picked":["stsjorbsmod:FaerieFire","stsjorbsmod:Stalwart"],"picked":"stsjorbsmod:FranticSearch","floor":11},{"not_picked":["stsjorbsmod:FracturedMind+1","stsjorbsmod:Will"],"picked":"stsjorbsmod:Mending","floor":14},{"not_picked":["stsjorbsmod:ThirstingSword+1","stsjorbsmod:Rediscovery"],"picked":"stsjorbsmod:IvoryTower","floor":16}],"player_experience":488047,"relics_obtained":[{"floor":6,"key":"vexMod:MemoryStick"},{"floor":9,"key":"jedi:crownofsimplicity"},{"floor":11,"key":"aspiration:SeaSaltIceCream"}],"event_choices":[{"damage_healed":0,"gold_gain":0,"player_choice":"Upgraded","damage_taken":0,"max_hp_gain":0,"max_hp_loss":0,"event_name":"Upgrade Shrine","floor":2,"gold_loss":0,"cards_upgraded":["stsjorbsmod:Materialize"]},{"damage_healed":0,"gold_gain":175,"player_choice":"AGREE","damage_taken":248,"max_hp_gain":0,"max_hp_loss":0,"event_name":"betterThird:BetterSerpent","floor":13,"gold_loss":0}],"is_beta":false,"boss_relics":[{"not_picked":["StuffTheSpire:RunicConfusion","Runic Dome"],"picked":"beaked:SacredNecklace"}],"items_purged_floors":[3],"is_endless":false,"potions_floor_spawned":[1,5,11],"killed_by":"Chosen","ascension_level":0}}