{"host":"3i0tc1zs9k2bo7un","time":1609601706,"event":{"mods":["Act Like it!","Aspiration","BaseMod","Better Synergies","Communication Mod","Gensokyo","Minty Spire (QoL Compilation)","MostiFishMod","Quick Restart","Replay The Spire","StSLib","TestMod","[IsaacMod]以撒尖塔","【遗物卡牌】REMEMod"],"gold_per_floor":[14,14,32,32,46,73,92,117,117,117,129,156,156,156,156,277,277,293,393,393,412,199,199,109,109,136,161,174,208,224,0,0,127,127,147,147,147,160,185,185,185],"floor_reached":40,"playtime":948,"items_purged":["Strike_B","Strike_B","Strike_B"],"score":1114,"play_id":"ae5bec0e-6364-456d-8f04-89c645f9f94d","local_time":"20210102233506","is_ascension_mode":true,"campfire_choices":[{"data":"Apotheosis","floor":10.0,"key":"SMITH"},{"data":"REME_SelfUpgrade","floor":13.0,"key":"SMITH"},{"data":"Fission","floor":15.0,"key":"SMITH"},{"data":"MostiFishMod:ReadyAimFire","floor":23.0,"key":"SMITH"},{"data":"MostiFishMod:LinkProtocol","floor":25.0,"key":"SMITH"},{"data":"Ball Lightning","floor":32,"key":"SMITH"}],"circlet_count":0,"master_deck":["AscendersBane","Strike_B+2","Defend_B+1","Defend_B","Defend_B+1","Defend_B","Zap","Dualcast","Apotheosis+1","MostiFishMod:LinkProtocol+1","REME_SelfUpgrade+1","Fission+1","Ball Lightning+1","ElectricPowerLearning+1","Coolheaded+1","MostiFishMod:ReadyAimFire+1","Storm+1","Coolheaded+1","Core Surge","Creative AI+1","Turbo+1","MostiFishMod:Distribution","Creative AI","Skim+1"],"relics":["Cracked Core","DaveBox","testmod-TestBox","HushsDoor","REME_ComplimentaryCards","Leech","testmod-AscensionHeart","HereWithMe","YumHeart","SynthV:TestCard","BlankCard","Simple Rune","testmod-ArcanaOfDestiny","Replay:Baseball","ChiXiaoBlade","Ice Cream","Damocles","Gensokyo:MosesMiracle","War Paint","Bag of Preparation","Akabeko","Prayer Wheel","Blood Vial","aspiration:EnhancedActuators","ReplayFunnel","Blue Doll","GuppysHead","BloodDonationMachine","Prayer Wheel","White Beast Statue","HowToJump","Regal Pillow"],"acts_visited":["Gensokyo:Gensokyo","Gensokyo:Gensokyoer","Gensokyo:Gensokyoest"],"potions_floor_usage":[],"damage_taken":[{"damage":0.0,"enemies":"Gensokyo:3_Fairies","floor":1.0,"turns":2.0},{"damage":0.0,"enemies":"Gensokyo:Gryphon","floor":3.0,"turns":2.0},{"damage":1.0,"enemies":"Gensokyo:2_Kodama","floor":5.0,"turns":2.0},{"damage":14.0,"enemies":"Gensokyo:Aya","floor":6.0,"turns":3.0},{"damage":0.0,"enemies":"Gensokyo:LivingMonolith","floor":7.0,"turns":3.0},{"damage":19.0,"enemies":"Gensokyo:Mamizou","floor":8.0,"turns":7.0},{"damage":0.0,"enemies":"Gensokyo:Kitsune","floor":11.0,"turns":2.0},{"damage":0.0,"enemies":"Gensokyo:Aya","floor":12.0,"turns":3.0},{"damage":0.0,"enemies":"Gensokyo:Kokoro","floor":16.0,"turns":5.0},{"damage":0.0,"enemies":"Gensokyo:AngelMirror","floor":18.0,"turns":1.0},{"damage":0.0,"enemies":"Gensokyo:AngelMirror","floor":19.0,"turns":1.0},{"damage":0.0,"enemies":"Gensokyo:Chomper","floor":21.0,"turns":1.0},{"damage":0.0,"enemies":"Gensokyo:Koishi","floor":27.0,"turns":2.0},{"damage":0.0,"enemies":"Gensokyo:Wraith","floor":28.0,"turns":1.0},{"damage":0,"enemies":"Gensokyo:Reisen","floor":29,"turns":3},{"damage":0,"enemies":"Gensokyo:3_Gloops","floor":30,"turns":1},{"damage":37,"enemies":"Gensokyo:Eternal_Rivals","floor":33,"turns":3},{"damage":0,"enemies":"Gensokyo:3_Bats","floor":35,"turns":1},{"damage":0,"enemies":"Gensokyo:AncientGuardian","floor":38,"turns":1},{"damage":5,"enemies":"Gensokyo:Kasen","floor":40,"turns":2}],"seed_played":"7421021952771965073","potions_obtained":[{"floor":7.0,"key":"LifebloodPotion"},{"floor":8.0,"key":"Block Potion"},{"floor":18.0,"key":"LiquidBronze"},{"floor":28.0,"key":"Elixir"}],"is_trial":false,"path_per_floor":["M","?","M","T","M","E","M","E","T","R","M","E","R","?","R","B",null,"M","?","?","M","$","R","$","R","T","E","M","E","M","?","R","B",null,"M","?","?","M","T","E"],"character_chosen":"DEFECT","items_purchased":["MostiFishMod:ReadyAimFire","Storm","Bag of Preparation"],"campfire_rested":0,"item_purchase_floors":[17,17,22],"current_hp_per_floor":[67,74,77,77,78,66,69,58,58,58,60,64,64,78,78,95,89,89,89,89,89,89,89,89,89,89,90,90,91,91,91,91,60,87,90,90,90,93,93,0,0],"gold":185,"neow_bonus":"ONE_RARE_RELIC","is_daily":false,"chose_seed":false,"campfire_upgraded":6,"win_rate":0.0,"timestamp":1609601706,"path_taken":["M","?","?","?","M","E","M","E","T","R","M","E","R","?","R","BOSS","M","?","?","M","$","R","?","R","T","E","M","E","?","?","R","BOSS","M","?","?","?","?","E"],"items_purchased_type":["Card","Card","Relic"],"build_version":"2020-12-22","purchased_purges":3,"victory":false,"max_hp_per_floor":[71,78,78,78,78,79,79,80,80,80,80,81,81,95,95,100,89,89,89,89,89,89,89,89,89,89,90,90,91,91,91,91,96,96,96,96,96,96,96,96,96],"card_choices":[{"not_picked":["BootSequence","Redo"],"picked":"MostiFishMod:LinkProtocol","floor":1.0},{"not_picked":["Stack","Steam","Leap","Biased Cognition","Go for the Eyes"],"picked":"SKIP","floor":3.0},{"not_picked":["Ball Lightning","Panic Button","Cold Snap","MostiFishMod:LinkProtocol"],"picked":"REME_SelfUpgrade","floor":5.0},{"not_picked":["REME_Shoggoth","REME_Shoggoth","Core Surge","Thunder Strike","MostiFishMod:GoodWordForIt","Core Surge"],"picked":"Fission","floor":6.0},{"not_picked":["ReplayTheSpireMod:GoodbyeWorld","Go for the Eyes","ReplaySolidLightProjector","Beam Cell","Reboot"],"picked":"Ball Lightning","floor":7.0},{"not_picked":["Creative AI","MostiFishMod:Hijack","Reboot","Core Surge","Creative AI","MostiFishMod:Overload"],"picked":"ElectricPowerLearning","floor":8.0},{"not_picked":["Leap","Consume","MostiFishMod:FluxCapactior","Thunder Strike","Redo","BasicCrystalCard"],"picked":"Coolheaded","floor":11.0},{"not_picked":["MostiFishMod:SeaWaves","MostiFishMod:ATRI","MostiFishMod:IceShield","Fission","MostiFishMod:Exploitation","MostiFishMod:DawningShadow"],"picked":"SKIP","floor":12.0},{"not_picked":["MostiFishMod:IceShield","Multi-Cast","MostiFishMod:GoodWordForIt","Core Surge","MostiFishMod:ATRI","MostiFishMod:TalkingToTheRain"],"picked":"ReplayTheSpireMod:Fabricate Wheel","floor":16.0},{"not_picked":["Leap","Darkness","Barrage","Ball Lightning","Distribution"],"picked":"SKIP","floor":18.0},{"not_picked":["Go for the Eyes","Fusion","Chill","Beam Cell"],"picked":"Coolheaded+1","floor":19.0},{"not_picked":["Sweeping Beam","MostiFishMod:Hijack","Fusion","ReplayTheSpireMod:GoodbyeWorld","Compile Driver+1","Go for the Eyes+1","Fan"],"picked":"SKIP","floor":21.0},{"not_picked":["Meteor Strike","MostiFishMod:Exploitation","Electrodynamics","Amplify"],"picked":"Creative AI","floor":27.0},{"not_picked":["Redo","MostiFishMod:GatherIntelligence","White Noise","Compile Driver","Streamline"],"picked":"SKIP","floor":28.0},{"not_picked":["Coolheaded","Stack","Fusion","Pulse+1","Sweeping Beam"],"picked":"SKIP","floor":28.0},{"not_picked":["MostiFishMod:DeathFromBelow","REME_ForAll","Rainbow","REME_ForAll","MostiFishMod:ATRI","Reboot"],"picked":"ReplayTheSpireMod:Fabricate Wheel","floor":29},{"not_picked":["Leap","ReplayTheSpireMod:System Scan","Redo","Panic Button+1"],"picked":"Turbo","floor":30},{"not_picked":["Sweeping Beam","Panic Button+1","Reinforced Body","Compile Driver","REME_Compress"],"picked":"SKIP","floor":30},{"not_picked":["MostiFishMod:GoodWordForIt","Machine Learning","MostiFishMod:Prepare","MostiFishMod:Distribution","MostiFishMod:DeathFromBelow","MostiFishMod:TalkingToTheRain"],"picked":"Creative AI","floor":33},{"not_picked":["Barrage","Streamline+1","Cold Snap","REME_DataAnalysis"],"picked":"Skim+1","floor":35},{"not_picked":["BasicCrystalCard","Sweeping Beam","Panic Button","Consume","Turbo"],"picked":"SKIP","floor":35},{"not_picked":["Consume","Fusion","Sweeping Beam","REME_SelfUpgrade+1","Stack"],"picked":"SKIP","floor":35},{"not_picked":["Hologram","All For One","Cold Snap","MostiFishMod:FluxCapactior","Panic Button"],"picked":"SKIP","floor":38},{"not_picked":["Tempest","ReplayTheSpireMod:System Scan","Ball Lightning","Streamline","Consume+1"],"picked":"SKIP","floor":38},{"not_picked":["REME_Compress+1","Beam Cell","MostiFishMod:LinkProtocol","Doom and Gloom","Stack"],"picked":"SKIP","floor":38}],"player_experience":667720,"relics_obtained":[{"floor":1.0,"key":"SynthV:TestCard"},{"floor":6.0,"key":"BlankCard"},{"floor":8.0,"key":"Simple Rune"},{"floor":9.0,"key":"testmod-ArcanaOfDestiny"},{"floor":12.0,"key":"Replay:Baseball"},{"floor":19.0,"key":"Ice Cream"},{"floor":19.0,"key":"Damocles"},{"floor":21.0,"key":"War Paint"},{"floor":26.0,"key":"Akabeko"},{"floor":27.0,"key":"Blood Vial"},{"floor":27.0,"key":"aspiration:EnhancedActuators"},{"floor":28.0,"key":"ReplayFunnel"},{"floor":28.0,"key":"Gensokyo:MosesMiracle"},{"floor":29,"key":"Blue Doll"},{"floor":29,"key":"GuppysHead"},{"floor":30,"key":"BloodDonationMachine"},{"floor":35,"key":"White Beast Statue"},{"floor":38,"key":"HowToJump"},{"floor":39,"key":"Regal Pillow"}],"event_choices":[{"damage_healed":0.0,"max_hp_gain":0.0,"max_hp_loss":0.0,"gold_gain":0.0,"event_name":"给自己的盒子","player_choice":"Swap Relic","floor":14.0,"relics_lost":["Mango"],"gold_loss":0.0,"damage_taken":0.0,"relics_obtained":["Mango"]}],"is_beta":false,"boss_relics":[{"not_picked":["REME_DemonsWealth","testmod-EnergyCheck"],"picked":"ChiXiaoBlade"},{"not_picked":[]},{"not_picked":["aspiration:SilentSkillbook","aspiration:FutureDiary","aspiration:RunicSpoon"]}],"items_purged_floors":[17,22,24],"is_endless":false,"potions_floor_spawned":[7,8,11,12,18,28,30,35,38],"killed_by":"Gensokyo:Kasen","ascension_level":19}}