{"host":"mytek2nu1hrzdnew","time":1609617577,"event":{"mods":["Aspiration","BaseMod","Conspire","Evolution","GifTheSpireLib","Gold Saver","Hubris","Minty Spire (QoL Compilation)","Replay The Spire","StSLib","Stuff the Spire","Uncapped"],"gold_per_floor":[615,615,633,633,649,682,682,711,711,721,721,255,269,269,269,366,366,382,382,396,50,60,92,92,18,18,18,18,18,37,49,49,149,149,165,182,202,202,221,249,249,249,249,249,149,149,159,159,159,159],"floor_reached":51,"playtime":3585,"items_purged":["Cold Snap","ReplayTheSpireMod:Muscle Training+1","Seeing Red"],"score":1030,"play_id":"82e4cb9f-514b-4f88-9da9-749084002ebd","local_time":"20210102145937","is_ascension_mode":false,"campfire_choices":[{"data":"Zap","floor":7,"key":"SMITH"},{"floor":15,"key":"REST"},{"floor":24,"key":"REST"},{"floor":28,"key":"REST"},{"floor":32,"key":"REST"},{"floor":41,"key":"REST"},{"floor":44,"key":"REST"},{"data":"StuffTheSpire:Snapshot","floor":46,"key":"SMITH"},{"floor":49,"key":"REST"}],"circlet_count":0,"master_deck":["Cold Snap+1","Cold Snap+1","Cold Snap","Conserve Battery","Conserve Battery","Conserve Battery+1","Zap+1","StuffTheSpire:NuclearReactor+1","Coolheaded+1","Coolheaded","FIFO Queue","StuffTheSpire:NuclearReactor","StuffTheSpire:Synthwave","Flash of Steel","StuffTheSpire:Coldhearted","Replay:Undeath\u0027s Touch+1","Seeing Red+1","Fusion","StuffTheSpire:Snapshot+1","Halt+1","Madness","Madness"],"relics":["EVO:Axolotl","aspiration:Nostalgia","Ring of the Snake","Iron Core","Singing Bowl","conspire:DeflatedDodgeball","Boot","Juzu Bracelet","StuffTheSpire:Rhapsscallions","hubris:EvacipatedBox","hubris:FruitBowl","Gremlin Food","Medical Kit","hubris:BallOfYels","Black Star","PrismaticShard","Sling","Mirror","hubris:TenFootPole","hubris:SoftwareUpdate","Prayer Wheel","Empty Cage","DataDisk","StuffTheSpire:Mouthbags","Pear"],"acts_visited":["Exordium","TheCity","TheBeyond"],"potions_floor_usage":[8,16,30,33,39,47,50,50],"damage_taken":[{"damage":0,"enemies":"2 Louse","floor":1,"turns":2},{"damage":5,"enemies":"Jaw Worm","floor":3,"turns":3},{"damage":0,"enemies":"Cultist","floor":5,"turns":4},{"damage":5,"enemies":"Lagavulin","floor":6,"turns":10},{"damage":4,"enemies":"Gremlin Nob","floor":8,"turns":4},{"damage":7,"enemies":"Large Slime","floor":10,"turns":6},{"damage":3,"enemies":"Exordium Wildlife","floor":13,"turns":3},{"damage":3,"enemies":"Fading Forest","floor":16,"turns":11},{"damage":8,"enemies":"Shell Parasite","floor":18,"turns":6},{"damage":17,"enemies":"Chosen","floor":20,"turns":6},{"damage":6,"enemies":"3 Cultists","floor":22,"turns":5},{"damage":51,"enemies":"Slavers","floor":23,"turns":8},{"damage":21,"enemies":"Centurion and Healer","floor":30,"turns":9},{"damage":22,"enemies":"Cultist and Chosen","floor":31,"turns":7},{"damage":27,"enemies":"Pondfish","floor":33,"turns":15},{"damage":2,"enemies":"Orb Walker","floor":35,"turns":5},{"damage":18,"enemies":"3 Darklings","floor":36,"turns":7},{"damage":19,"enemies":"Maw","floor":37,"turns":12},{"damage":31,"enemies":"Spire Growth","floor":39,"turns":9},{"damage":15,"enemies":"R_Hoarder","floor":40,"turns":15},{"damage":31,"enemies":"4 Shapes","floor":47,"turns":8},{"damage":93,"enemies":"Time Eater","floor":50,"turns":23}],"seed_played":"2676825273493444076","potions_obtained":[{"floor":5,"key":"Energy Potion"},{"floor":8,"key":"Energy Potion"},{"floor":31,"key":"EssenceOfSteel"},{"floor":33,"key":"Dexterity Potion"},{"floor":36,"key":"Ancient Potion"},{"floor":40,"key":"Adrenaline Potion"},{"floor":47,"key":"FocusPotion"}],"is_trial":false,"path_per_floor":["M","?","M","?","M","E","R","E","T","M","?","$","M","$","R","B",null,"M","?","M","$","M","E","R","$","T","?","R","$","M","M","R","B",null,"M","M","M","?","M","E","R","?","T","R","$","R","M","?","R","B",null],"character_chosen":"DEFECT","items_purchased":["Juzu Bracelet","StuffTheSpire:Rhapsscallions","FIFO Queue","hubris:EvacipatedBox","hubris:FruitBowl","Gremlin Food","Medical Kit","hubris:BallOfYels","StuffTheSpire:Synthwave","Sling","Flash of Steel","LiquidMemories"],"campfire_rested":7,"item_purchase_floors":[12,12,12,14,14,14,14,14,21,21,21,25],"current_hp_per_floor":[78,78,73,73,73,70,70,66,66,61,76,80,77,4,29,36,86,78,73,59,59,53,2,29,29,29,29,56,56,38,22,52,28,104,108,93,74,74,49,41,77,77,92,133,133,133,108,99,141,48],"gold":159,"neow_bonus":"NOSTALGIA","is_daily":false,"chose_seed":false,"campfire_upgraded":2,"win_rate":0.0,"timestamp":1609617577,"path_taken":["M","?","M","?","M","E","R","E","T","M","?","$","M","?","R","BOSS","M","?","M","$","M","E","R","$","T","?","R","?","M","M","R","BOSS","M","M","M","?","M","E","R","?","T","R","$","R","M","?","R","BOSS"],"items_purchased_type":["Relic","Relic","Card","Relic","Relic","Relic","Relic","Relic","Card","Relic","Card","Potion"],"build_version":"2020-12-22","purchased_purges":3,"victory":true,"max_hp_per_floor":[78,78,78,78,78,80,80,80,80,82,82,86,86,86,86,86,86,86,89,92,92,92,92,92,92,92,92,92,92,95,101,101,104,104,110,113,113,113,119,122,122,122,137,137,137,137,143,143,143,143],"card_choices":[{"not_picked":["Sweeping Beam","Go for the Eyes"],"picked":"StuffTheSpire:NuclearReactor","floor":1},{"not_picked":["StuffTheSpire:Plugnplay","StuffTheSpire:GlassShard"],"picked":"Coolheaded","floor":3},{"not_picked":["Rebound","BasicCrystalCard"],"picked":"Coolheaded","floor":5},{"not_picked":["Steam","ReplayGash","StuffTheSpire:SnapShoot"],"picked":"Singing Bowl","floor":6},{"not_picked":["Gash","Stack"],"picked":"ReplayTheSpireMod:Muscle Training","floor":8},{"not_picked":["Darkness","Body Slam","Static Discharge"],"picked":"Singing Bowl","floor":10},{"not_picked":["Warcry","StuffTheSpire:NuclearReactor"],"picked":"Seeing Red","floor":13},{"not_picked":["Seek","Biased Cognition"],"picked":"Offering","floor":16},{"not_picked":["StuffTheSpire:Plugnplay","Leap"],"picked":"StuffTheSpire:NuclearReactor","floor":18},{"not_picked":["conspire:SharedLibrary","Conserve Battery","Scrape"],"picked":"Singing Bowl","floor":19},{"not_picked":["Finisher","Ball Lightning","hubris:Ukulele"],"picked":"Singing Bowl","floor":20},{"not_picked":["Run Through","ReplayTheSpireMod:System Scan"],"picked":"Halt+1","floor":22},{"not_picked":["Inflame","Prostrate"],"picked":"ReplayTheSpireMod:Fabricate Wheel","floor":23},{"not_picked":["Gash","Cloak And Dagger+1"],"picked":"StuffTheSpire:Coldhearted","floor":30},{"not_picked":["Replay:AtTheReady","Gash","ReplayTheSpireMod:Strike From Hell"],"picked":"Singing Bowl","floor":30},{"not_picked":["Iron Wave","Malaise","Replay:Cycle"],"picked":"Singing Bowl","floor":31},{"not_picked":["WindmillStrike","Infinite Blades","PiercingWail+1"],"picked":"Singing Bowl","floor":31},{"not_picked":["Crow Ritual","Limit Break","Reaper"],"picked":"Singing Bowl","floor":33},{"not_picked":["StuffTheSpire:SnapShoot","Enlightenment","SignatureMove"],"picked":"Singing Bowl","floor":35},{"not_picked":["FlyingSleeves","ReplayTheSpireMod:Repulse+1","Backflip"],"picked":"Singing Bowl","floor":35},{"not_picked":["BattleHymn","Body Slam","hubris:ReadiedAction"],"picked":"Singing Bowl","floor":36},{"not_picked":["FollowUp+1","ReplayTheSpireMod:Scrap Shanks+1"],"picked":"Replay:Undeath\u0027s Touch","floor":36},{"not_picked":["Flex+1","hubris:Ukulele"],"picked":"Seeing Red+1","floor":37},{"not_picked":["Turbo","StuffTheSpire:Slingshot"],"picked":"Fusion","floor":37},{"not_picked":["Replay:Parry+1","CutThroughFate","StuffTheSpire:Fury"],"picked":"Singing Bowl","floor":39},{"not_picked":["ReplayTheSpireMod:Stacked+1","Blade Dance","Well Laid Plans+1"],"picked":"Singing Bowl","floor":39},{"not_picked":["hubris:SlightOfHand+1","Blade Dance+1","Dash"],"picked":"Singing Bowl","floor":40},{"not_picked":["PathToVictory+1","ReplayTheSpireMod:Trickstab","PiercingWail"],"picked":"Singing Bowl","floor":47},{"not_picked":["Time Bomb+1","Feel No Pain","hubris:StunningStrike"],"picked":"Singing Bowl","floor":47}],"player_experience":994312,"relics_obtained":[{"floor":6,"key":"Singing Bowl"},{"floor":8,"key":"conspire:DeflatedDodgeball"},{"floor":9,"key":"Boot"},{"floor":19,"key":"PrismaticShard"},{"floor":23,"key":"Mirror"},{"floor":23,"key":"hubris:TenFootPole"},{"floor":26,"key":"hubris:SoftwareUpdate"},{"floor":40,"key":"DataDisk"},{"floor":40,"key":"StuffTheSpire:Mouthbags"},{"floor":43,"key":"Pear"}],"event_choices":[{"damage_healed":0,"gold_gain":0,"player_choice":"Leave","damage_taken":0,"max_hp_gain":0,"max_hp_loss":0,"event_name":"conspire:Investor","floor":38,"gold_loss":0},{"damage_healed":0,"gold_gain":0,"player_choice":"Ignored","damage_taken":0,"max_hp_gain":0,"max_hp_loss":0,"event_name":"NoteForYourself","floor":42,"gold_loss":0},{"damage_healed":0,"gold_gain":0,"player_choice":"Embrace Madness","damage_taken":18,"max_hp_gain":0,"max_hp_loss":0,"event_name":"Winding Halls","floor":48,"gold_loss":0,"cards_obtained":["Madness","Madness"]}],"is_beta":false,"boss_relics":[{"not_picked":["hubris:RunicObelisk","Runic Pyramid","hubris:HollowSoul"],"picked":"Black Star"},{"not_picked":["aspiration:RunicSpoon","StuffTheSpire:RunicConfusion","Fusion Hammer"],"picked":"Empty Cage"}],"items_purged_floors":[14,21,45],"is_endless":false,"potions_floor_spawned":[1,5,8,10,30,31,33,36,40,47],"ascension_level":0}}