{"host":"97k5lqmr6aaz1p9r","time":1609580485,"event":{"mods":["BaseMod","Colored Map","Downfall","Jorbs\u0027s Wanderer Trilogy","Minty Spire (QoL Compilation)","StSLib"],"gold_per_floor":[0,39,84,128,214,251,277,277,202,259,259,343,268,293,370,486,498,510,584,446,458,570,582,594,634,685,742,490,506,519,207,222,327,327,252,289,289,300,312,343,420,420,448,522,522,78,89,104,122,122,122,152,52,52,52],"floor_reached":56,"playtime":7023,"items_purged":["Clumsy","Parasite"],"score":1441,"play_id":"cdb16baa-6052-4736-a436-28213064aff8","local_time":"20210102094125","is_ascension_mode":false,"campfire_choices":[{"data":"HandOfGreed","floor":1,"key":"SMITH"},{"data":"champ:Control","floor":9,"key":"SMITH"},{"data":"champ:Duel","floor":11,"key":"SMITH"},{"floor":13,"key":"REST"},{"floor":18,"key":"RECALL"},{"data":"Ghostly","floor":35,"key":"SMITH"},{"floor":45,"key":"DIG"},{"floor":54,"key":"DIG"}],"circlet_count":0,"master_deck":["champ:Strike","champ:Strike","champ:Strike","champ:Strike","champ:Defend","champ:Defend","champ:Defend","champ:Defend","champ:Execute","champ:Taunt","HandOfGreed+1","champ:DefensiveShout","champ:BerserkersShout","champ:Duel+1","champ:Control+1","champ:GutPunch","champ:FanOfKnives","champ:TornadoPunch","champ:SwordThrow","champ:CheapShot","champ:FlashCut+1","Ghostly+1","champ:Backstep","champ:ShieldWall+1","champ:CalledShot+1","champ:BringItOn+1","champ:IronFortress+1","champ:FlashCut+1","champ:GladiatorStyle+1","champ:SkillfulDodge+1","champ:GladiatorsShout+1","champ:Balance+1","champ:CrownThrow","champ:ViciousMockery+1","champ:BladeFlurry+1","Parasite","champ:IronFortress+1","champ:Duel+1","expansioncontent:Collect+1","expansioncontent:Chronoboost+1","expansioncontent:Chronoboost+1","champ:IronFortress+1","champ:HoldFirm+1"],"relics":["champ:ChampionCrown","MealTicket","downfall:HeartBlessingBlue","Lantern","Art of War","downfall:HeartBlessingGreen","MawBank","Cursed Key","champ:BlackKnightHelmet","Frozen Egg 2","Bottled Flame","Bag of Marbles","Toxic Egg 2","PreservedInsect","HornCleat","Sling","Sozu","downfall:HeartBlessingRed","champ:FightingForDummies","Gremlin Horn","Anchor","Shovel","Dream Catcher","Ice Cream","Mango","Bottled Lightning"],"acts_visited":["Exordium","TheCity","TheBeyond","TheEnding"],"potions_floor_usage":[10,12,16,26,31],"damage_taken":[{"damage":7,"enemies":"Cultist","floor":2,"turns":4},{"damage":5,"enemies":"Small Slimes","floor":3,"turns":3},{"damage":7,"enemies":"Jaw Worm","floor":4,"turns":3},{"damage":3,"enemies":"3 Louse","floor":5,"turns":8},{"damage":6,"enemies":"Blue Slaver","floor":6,"turns":4},{"damage":30,"enemies":"Lagavulin","floor":10,"turns":5},{"damage":32,"enemies":"3 Sentries","floor":12,"turns":7},{"damage":9,"enemies":"2 Fungi Beasts","floor":15,"turns":5},{"damage":82,"enemies":"downfall:Silent","floor":16,"turns":10},{"damage":14,"enemies":"3 Byrds","floor":19,"turns":5},{"damage":73,"enemies":"3 Byrds","floor":22,"turns":8},{"damage":16,"enemies":"Book of Stabbing","floor":25,"turns":4},{"damage":20,"enemies":"Chosen","floor":26,"turns":4},{"damage":0,"enemies":"Shelled Parasite and Fungi","floor":27,"turns":4},{"damage":19,"enemies":"downfall:FleeingMerchant","floor":28,"turns":5},{"damage":6,"enemies":"Snecko","floor":29,"turns":4},{"damage":11,"enemies":"3 Cultists","floor":30,"turns":3},{"damage":11,"enemies":"downfall:FleeingMerchant","floor":31,"turns":4},{"damage":3,"enemies":"Snake Plant","floor":32,"turns":4},{"damage":20,"enemies":"downfall:Watcher","floor":33,"turns":7},{"damage":10,"enemies":"3 Shapes","floor":36,"turns":5},{"damage":19,"enemies":"Orb Walker","floor":38,"turns":3},{"damage":12,"enemies":"Writhing Mass","floor":39,"turns":5},{"damage":6,"enemies":"Reptomancer","floor":40,"turns":3},{"damage":14,"enemies":"Giant Head","floor":43,"turns":6},{"damage":12,"enemies":"2 Orb Walkers","floor":44,"turns":4},{"damage":39,"enemies":"3 Darklings","floor":47,"turns":5},{"damage":13,"enemies":"Transient","floor":48,"turns":5},{"damage":11,"enemies":"4 Shapes","floor":49,"turns":5},{"damage":8,"enemies":"downfall:Ironclad","floor":50,"turns":11},{"damage":25,"enemies":"downfall:CharBossMerchant","floor":52,"turns":7},{"damage":117,"enemies":"downfall:NeowBoss","floor":55,"turns":19}],"seed_played":"4428767283898036917","potions_obtained":[{"floor":3,"key":"Weak Potion"},{"floor":4,"key":"BlessingOfTheForge"},{"floor":6,"key":"LiquidMemories"},{"floor":10,"key":"champ:TechniquePotion"},{"floor":12,"key":"champ:TechniquePotion"},{"floor":22,"key":"champ:TechniquePotion"},{"floor":29,"key":"Fire Potion"},{"floor":32,"key":"FearPotion"}],"is_trial":false,"path_per_floor":["R","M","M","M","M","M","T","?","R","E","R","E","R","T","M","B",null,"R","M","?","?","?","?","T","E","M","M","$","M","M","$","M","B",null,"R","M","?","M","M","E","T","?","E","?","R","$","M","M","M","B",null,"E","$","R","B",null],"character_chosen":"THE_CHAMP","items_purchased":["Toxic Egg 2","champ:GladiatorsShout+1","PreservedInsect","HornCleat","Sling","champ:HoldFirm+1","Ice Cream"],"campfire_rested":1,"item_purchase_floors":[28,31,31,31,31,46,46],"current_hp_per_floor":[90,83,83,81,78,78,78,66,76,60,60,44,74,74,74,25,100,100,99,99,99,55,88,88,88,88,88,100,100,100,100,100,88,100,100,100,95,91,91,91,91,81,81,81,81,96,90,90,85,91,100,103,111,111,73],"gold":52,"neow_bonus":"RANDOM_COLORLESS_2","is_daily":false,"chose_seed":false,"campfire_upgraded":4,"win_rate":0.0,"timestamp":1609580485,"path_taken":["R","M","M","M","?","M","T","?","R","E","R","E","R","?","M","BOSS","R","M","?","?","?","?","T","E","M","M","$","M","M","$","M","BOSS","R","M","?","?","M","E","T","?","E","?","R","$","M","M","M","BOSS","E","$","R","BOSS"],"items_purchased_type":["Relic","Card","Relic","Relic","Relic","Card","Relic"],"build_version":"2020-12-22","purchased_purges":2,"victory":true,"max_hp_per_floor":[90,90,90,90,90,90,90,90,100,100,100,100,100,100,100,100,100,100,100,100,100,100,100,100,100,100,100,100,100,100,100,100,100,100,100,100,100,100,100,100,100,100,100,100,100,100,100,100,100,100,100,114,111,111,111],"card_choices":[{"not_picked":["Sadistic Nature","Apotheosis"],"picked":"HandOfGreed","floor":0},{"not_picked":["champ:StanceDance","champ:HeartStrike"],"picked":"champ:DefensiveShout","floor":2},{"not_picked":["champ:PreciseThrust","champ:BladeFlurry"],"picked":"champ:BerserkersShout","floor":3},{"not_picked":["champ:StanceDance","champ:FanOfKnives"],"picked":"champ:Duel","floor":4},{"not_picked":["champ:FanOfKnives","champ:AdrenalArmor"],"picked":"champ:Control","floor":5},{"not_picked":["champ:RisingSlash","champ:BerserkersShout"],"picked":"champ:GutPunch","floor":6},{"not_picked":["champ:EndlessRage","champ:HeartStrike"],"picked":"champ:FanOfKnives","floor":10},{"not_picked":["champ:EnGarde","champ:CrookedStrike"],"picked":"champ:TornadoPunch","floor":12},{"not_picked":["champ:Circumvent","champ:BerserkersShout"],"picked":"champ:SwordThrow","floor":15},{"not_picked":["champ:ShieldThrow","champ:PerfectForm"],"picked":"champ:CheapShot","floor":16},{"not_picked":["champ:Riposte","champ:DefensiveShout"],"picked":"champ:FlashCut+1","floor":19},{"not_picked":["champ:CalledShot+1","champ:Haymaker"],"picked":"champ:Backstep","floor":22},{"not_picked":["champ:FanOfKnives","champ:GladiatorsShout"],"picked":"champ:ShieldWall+1","floor":25},{"not_picked":["champ:CrownThrow","champ:Circumvent"],"picked":"champ:CalledShot+1","floor":26},{"not_picked":["champ:TornadoPunch+1","champ:PerfectedStrike+1"],"picked":"champ:BringItOn+1","floor":27},{"not_picked":["champ:FanOfKnives","champ:Encircle"],"picked":"champ:IronFortress+1","floor":28},{"not_picked":["champ:FocusedBerserking+1","champ:Encircle"],"picked":"champ:FlashCut+1","floor":29},{"not_picked":["champ:Lariat+1","champ:FocusedGladiator+1"],"picked":"champ:GladiatorStyle+1","floor":30},{"not_picked":["champ:PerfectedStrike","champ:GladiatorsShout+1"],"picked":"champ:SkillfulDodge+1","floor":31},{"not_picked":["champ:CrookedStrike","champ:StanceDance+1"],"picked":"champ:Balance+1","floor":32},{"not_picked":["champ:VampiricStrike","champ:SteelEdge"],"picked":"champ:CrownThrow","floor":33},{"not_picked":["champ:PerfectedStrike+1","champ:TornadoPunch"],"picked":"champ:ViciousMockery+1","floor":36},{"not_picked":["champ:AdrenalArmor+1","champ:EnragedBash+1"],"picked":"champ:BladeFlurry+1","floor":38},{"not_picked":["champ:FocusedBerserking+1","champ:AdrenalArmor+1"],"picked":"champ:IronFortress+1","floor":39},{"not_picked":["champ:RapidStrikes+1","champ:AdrenalArmor+1"],"picked":"champ:Duel+1","floor":40},{"not_picked":["expansioncontent:FaceSlap","expansioncontent:ManipulateTime+1"],"picked":"expansioncontent:Collect+1","floor":42},{"not_picked":["expansioncontent:CaCaw+1","expansioncontent:AwakenDeath+1"],"picked":"expansioncontent:Chronoboost+1","floor":42},{"not_picked":["expansioncontent:TimeRipple","expansioncontent:ManipulateTime+1"],"picked":"expansioncontent:Chronoboost+1","floor":42},{"not_picked":["champ:CrookedStrike+1","champ:FlashCut+1"],"picked":"champ:IronFortress+1","floor":43},{"not_picked":["champ:BringItOn+1","champ:SteelEdge","champ:DefensiveShout+1"],"picked":"SKIP","floor":47},{"not_picked":["champ:GladiatorsShout+1","champ:CrookedStrike","champ:BringItOn+1"],"picked":"SKIP","floor":48},{"not_picked":["champ:Haymaker+1","champ:BerserkersShout+1","champ:RecklessLeap+1"],"picked":"SKIP","floor":49},{"not_picked":["champ:GladiatorsShout+1","champ:LastStand+1","champ:DefensiveShout+1"],"picked":"SKIP","floor":52}],"player_experience":582418,"relics_obtained":[{"floor":10,"key":"Lantern"},{"floor":12,"key":"Art of War"},{"floor":14,"key":"MawBank"},{"floor":22,"key":"champ:BlackKnightHelmet"},{"floor":22,"key":"Frozen Egg 2"},{"floor":24,"key":"Bottled Flame"},{"floor":25,"key":"Bag of Marbles"},{"floor":40,"key":"champ:FightingForDummies"},{"floor":41,"key":"Gremlin Horn"},{"floor":43,"key":"Anchor"},{"floor":44,"key":"Shovel"},{"floor":45,"key":"Dream Catcher"},{"floor":52,"key":"Mango"},{"floor":54,"key":"Bottled Lightning"}],"event_choices":[{"damage_healed":0,"gold_gain":0,"player_choice":"Success","damage_taken":12,"relics_obtained":["MealTicket"],"max_hp_gain":0,"max_hp_loss":0,"event_name":"Scrap Ooze","floor":8,"gold_loss":0},{"damage_healed":33,"gold_gain":0,"player_choice":"Heal","damage_taken":0,"max_hp_gain":0,"max_hp_loss":0,"event_name":"The Library","floor":23,"gold_loss":0},{"damage_healed":0,"gold_gain":0,"player_choice":"Fight","damage_taken":0,"max_hp_gain":0,"max_hp_loss":0,"event_name":"Mysterious Sphere","floor":44,"gold_loss":0}],"is_beta":false,"boss_relics":[{"not_picked":["Empty Cage","Runic Dome"],"picked":"Cursed Key"},{"not_picked":["Snecko Eye","Tiny House"],"picked":"Sozu"}],"items_purged_floors":[31,53],"is_endless":false,"potions_floor_spawned":[3,4,6,10,12,22,29,32,33,36,43,47,52],"ascension_level":0}}