{"host":"0ydzwspkajt4brzd","time":1609563693,"event":{"mods":["AchievementEnabler","BaseMod","Colored Map","DeckTracker","Googly Eyes","Highlight Path","Minty Spire (QoL Compilation)","Quick Restart","Random Character Button","Rare Cards Sparkle"],"gold_per_floor":[114,131,131,131,56,56,11,38,64,94,106,134,46,77,77,77,77],"floor_reached":16,"playtime":754,"items_purged":["Strike_R","Strike_R"],"score":167,"play_id":"b05d9213-5f56-4040-9add-50fa86c15546","local_time":"20210101210133","is_ascension_mode":true,"campfire_choices":[{"data":"Searing Blow","floor":6.0,"key":"SMITH"},{"data":"Shockwave","floor":11.0,"key":"SMITH"},{"data":"Searing Blow+1","floor":15.0,"key":"SMITH"}],"circlet_count":0,"master_deck":["AscendersBane","Strike_R","Strike_R","Strike_R","Defend_R","Defend_R","Defend_R","Defend_R","Bash","Inflame","Searing Blow+2","Shockwave+1","True Grit","Body Slam","Uppercut","Warcry","True Grit"],"relics":["Burning Blood","Magic Flower","MawBank","Dream Catcher"],"acts_visited":["Exordium"],"potions_floor_usage":[],"damage_taken":[{"damage":9.0,"enemies":"2 Louse","floor":1.0,"turns":3.0},{"damage":12.0,"enemies":"Jaw Worm","floor":2.0,"turns":3.0},{"damage":27.0,"enemies":"Lagavulin","floor":8.0,"turns":8.0},{"damage":0.0,"enemies":"Cultist","floor":10.0,"turns":3.0},{"damage":4.0,"enemies":"Looter","floor":12.0,"turns":4.0},{"damage":58.0,"enemies":"Gremlin Nob","floor":14.0,"turns":6.0},{"damage":63,"enemies":"Slime Boss","floor":16,"turns":9}],"seed_played":"3358684570020924384","potions_obtained":[{"floor":1.0,"key":"ColorlessPotion"},{"floor":2.0,"key":"FairyPotion"},{"floor":12.0,"key":"Ancient Potion"}],"is_trial":false,"path_per_floor":["M","M","?","?","$","R","$","E","T","M","R","M","$","E","R","B"],"character_chosen":"IRONCLAD","items_purchased":["True Grit"],"campfire_rested":0,"item_purchase_floors":[7],"current_hp_per_floor":[69,63,63,80,80,80,80,59,59,68,68,73,73,24,24,8,8],"gold":77,"neow_bonus":"THREE_CARDS","is_daily":false,"chose_seed":false,"campfire_upgraded":3,"win_rate":0.0,"timestamp":1609563693,"path_taken":["M","M","?","?","$","R","?","E","T","M","R","M","$","E","R","BOSS"],"items_purchased_type":["Card"],"build_version":"2020-12-22","purchased_purges":2,"victory":false,"max_hp_per_floor":[80,80,80,80,80,80,80,80,80,80,80,80,80,80,80,80,80],"card_choices":[{"not_picked":["Wild Strike","Cleave"],"picked":"Inflame","floor":0.0},{"not_picked":["Anger","Rampage"],"picked":"Searing Blow","floor":1.0},{"not_picked":["Burning Pact","Flex"],"picked":"Shockwave","floor":2.0},{"not_picked":["Cleave","Seeing Red"],"picked":"Body Slam","floor":8.0},{"not_picked":["Seeing Red","Flex"],"picked":"Uppercut","floor":10.0},{"not_picked":["Clash","Reaper"],"picked":"Warcry","floor":12.0},{"not_picked":["Sever Soul","Rupture"],"picked":"True Grit","floor":14.0}],"player_experience":420202,"relics_obtained":[{"floor":8.0,"key":"Magic Flower"},{"floor":9.0,"key":"MawBank"},{"floor":14.0,"key":"Dream Catcher"}],"event_choices":[{"damage_healed":0.0,"max_hp_gain":0.0,"max_hp_loss":0.0,"gold_gain":0.0,"event_name":"Liars Game","player_choice":"Ignored","floor":3.0,"gold_loss":0.0,"damage_taken":0.0},{"damage_healed":26.0,"max_hp_gain":0.0,"max_hp_loss":0.0,"gold_gain":0.0,"event_name":"Big Fish","player_choice":"Banana","floor":4.0,"gold_loss":0.0,"damage_taken":0.0}],"is_beta":false,"boss_relics":[],"items_purged_floors":[5,13],"is_endless":false,"potions_floor_spawned":[1,2,12],"killed_by":"Slime Boss","ascension_level":11}}