{"host":"31s8hzukbhz1k6i6","time":1609552448,"event":{"mods":["AchievementEnabler","BaseMod","Bestiary","Colored Map","Minty Spire (QoL Compilation)","Relic Stats","UnlockEverythingMod","ojb\u0027s Info Mod"],"gold_per_floor":[119,69,80,42,42,42,71,87,87,87,130,130,155,168,168,282,309,321,321,340,71,99,128,148,166,166,192,192,201,201,234,234,348,348,372,381,405,457,474,509,529,529,552,552,586,600,600,617,617,617,617,617,73,108,108],"floor_reached":56,"playtime":2312,"items_purged":["Defend_G","Defend_G"],"score":1995,"play_id":"65600911-a8ba-4bd2-a094-2feffb8bc2c4","local_time":"20210101175408","is_ascension_mode":true,"campfire_choices":[{"data":"Dagger Spray","floor":6,"key":"SMITH"},{"data":"Cloak And Dagger","floor":12,"key":"SMITH"},{"data":"Cloak And Dagger","floor":15,"key":"SMITH"},{"data":"Accuracy","floor":28,"key":"SMITH"},{"data":"Terror","floor":30,"key":"SMITH"},{"data":"Outmaneuver","floor":32,"key":"SMITH"},{"floor":42,"key":"REST"},{"data":"A Thousand Cuts","floor":44,"key":"SMITH"},{"data":"Blade Dance","floor":47,"key":"SMITH"},{"floor":49,"key":"RECALL"},{"data":"Blade Dance","floor":52,"key":"SMITH"}],"circlet_count":0,"master_deck":["AscendersBane","Defend_G+1","Defend_G","Defend_G+1","Survivor","Neutralize","Flying Knee+1","Dagger Spray+1","Masterful Stab+1","Cloak And Dagger+1","Cloak And Dagger+1","Skewer","Adrenaline","After Image+1","Cloak And Dagger+1","Caltrops+1","Blade Dance+1","Master of Strategy","Outmaneuver+1","Accuracy+1","Blade Dance+1","Backstab","Acrobatics+1","Terror+1","A Thousand Cuts+1","Tactician+1","After Image+1","Outmaneuver+1","Backflip+1","Backflip","Accuracy+1"],"relics":["Ring of the Snake","Calipers","Kunai","Shuriken","CeramicFish","Blood Vial","Smiling Mask","Astrolabe","Enchiridion","Juzu Bracelet","Ornamental Fan","Singing Bowl","SlaversCollar","Tingsha","Incense Burner","The Courier","Boot","Whetstone","Centennial Puzzle","Bag of Preparation","TungstenRod"],"acts_visited":["Exordium","TheCity","TheBeyond","TheEnding"],"potions_floor_usage":[7,11,16,55,55],"damage_taken":[{"damage":4,"enemies":"2 Louse","floor":1,"turns":4},{"damage":0,"enemies":"Small Slimes","floor":3,"turns":3},{"damage":4,"enemies":"3 Sentries","floor":7,"turns":7},{"damage":0,"enemies":"Jaw Worm","floor":8,"turns":2},{"damage":0,"enemies":"Gremlin Nob","floor":11,"turns":3},{"damage":0,"enemies":"Looter","floor":14,"turns":2},{"damage":4,"enemies":"Hexaghost","floor":16,"turns":7},{"damage":0,"enemies":"Shell Parasite","floor":18,"turns":4},{"damage":0,"enemies":"Chosen","floor":20,"turns":4},{"damage":0,"enemies":"Sentry and Sphere","floor":22,"turns":3},{"damage":0,"enemies":"Gremlin Leader","floor":23,"turns":4},{"damage":0,"enemies":"Chosen and Byrds","floor":24,"turns":3},{"damage":0,"enemies":"Snake Plant","floor":27,"turns":4},{"damage":0,"enemies":"Book of Stabbing","floor":31,"turns":4},{"damage":5,"enemies":"Collector","floor":33,"turns":5},{"damage":0,"enemies":"3 Shapes","floor":35,"turns":5},{"damage":0,"enemies":"3 Darklings","floor":37,"turns":5},{"damage":32,"enemies":"2 Orb Walkers","floor":38,"turns":5},{"damage":0,"enemies":"4 Shapes","floor":39,"turns":4},{"damage":32,"enemies":"Nemesis","floor":40,"turns":5},{"damage":2,"enemies":"Jaw Worm Horde","floor":41,"turns":4},{"damage":0,"enemies":"Giant Head","floor":45,"turns":5},{"damage":0,"enemies":"Maw","floor":46,"turns":5},{"damage":0,"enemies":"Spire Growth","floor":48,"turns":4},{"damage":0,"enemies":"Donu and Deca","floor":50,"turns":6},{"damage":0,"enemies":"Shield and Spear","floor":54,"turns":10},{"damage":39,"enemies":"The Heart","floor":55,"turns":7}],"seed_played":"7089467587010244145","potions_obtained":[{"floor":1,"key":"Dexterity Potion"},{"floor":3,"key":"Poison Potion"},{"floor":14,"key":"CultistPotion"},{"floor":16,"key":"AttackPotion"},{"floor":18,"key":"Dexterity Potion"},{"floor":22,"key":"BlessingOfTheForge"},{"floor":31,"key":"Strength Potion"},{"floor":33,"key":"Strength Potion"},{"floor":35,"key":"FairyPotion"}],"is_trial":false,"path_per_floor":["M","?","M","$","?","R","E","M","T","?","E","R","T","M","R","B",null,"M","?","M","$","M","E","M","?","T","M","R","?","R","E","R","B",null,"M","?","M","?","M","E","M","R","T","R","E","M","R","M","R","B",null,"R","$","E","B",null],"character_chosen":"THE_SILENT","items_purchased":["Masterful Stab","Master of Strategy","Outmaneuver","Boot","Whetstone","Centennial Puzzle","Bag of Preparation","Backflip"],"campfire_rested":1,"item_purchase_floors":[4,21,21,53,53,53,53,53],"current_hp_per_floor":[59,59,59,59,45,45,41,41,41,29,29,29,29,31,31,29,60,62,46,48,48,50,52,54,54,54,56,56,56,56,60,60,57,68,70,70,72,42,46,18,18,41,41,41,45,49,49,53,53,55,77,77,77,79,42],"gold":108,"neow_bonus":"ONE_RARE_RELIC","is_daily":false,"chose_seed":true,"campfire_upgraded":9,"win_rate":0.0,"timestamp":1609552448,"path_taken":["M","?","M","$","?","R","E","M","T","?","E","R","?","M","R","BOSS","M","?","M","$","M","E","M","?","T","M","R","?","R","E","R","BOSS","M","?","M","?","M","E","M","R","T","R","E","M","R","M","R","BOSS","R","$","E","BOSS"],"items_purchased_type":["Card","Card","Card","Relic","Relic","Relic","Relic","Card"],"build_version":"2020-12-22","purchased_purges":2,"victory":true,"max_hp_per_floor":[70,70,70,70,70,70,70,70,70,70,70,70,70,70,70,70,70,70,70,70,70,70,70,70,70,70,70,70,70,70,72,72,72,72,72,72,72,74,76,78,78,78,78,78,80,82,82,84,84,84,84,84,84,84,84],"relic_stats":{"Singing Bowl":14,"counters":[27,124],"CeramicFish":180,"Astrolabe":["After Image","Cloak And Dagger","Caltrops"],"Tingsha":[46],"Juzu Bracelet":1,"Bag of Preparation":[4],"Whetstone":["Masterful Stab","Flying Knee"],"Smiling Mask":55,"Boot":[4],"Blood Vial":42,"Centennial Puzzle":[3],"Shuriken":[97],"Ornamental Fan":[292],"Kunai":[98],"obtain_stats":[{"Calipers":0,"Singing Bowl":31,"CeramicFish":10,"Astrolabe":17,"Enchiridion":19,"Tingsha":38,"The Courier":45,"Juzu Bracelet":23,"Incense Burner":40,"Bag of Preparation":53,"Whetstone":53,"Smiling Mask":13,"Boot":53,"Blood Vial":11,"SlaversCollar":34,"Centennial Puzzle":53,"Shuriken":9,"Ornamental Fan":26,"Kunai":7,"TungstenRod":54,"Ring of the Snake":0},{"Calipers":0,"Singing Bowl":14,"CeramicFish":4,"Astrolabe":7,"Enchiridion":8,"Tingsha":18,"The Courier":22,"Juzu Bracelet":11,"Incense Burner":20,"Bag of Preparation":25,"Whetstone":25,"Smiling Mask":5,"Boot":25,"Blood Vial":5,"SlaversCollar":15,"Centennial Puzzle":25,"Shuriken":4,"Ornamental Fan":12,"Kunai":3,"TungstenRod":26,"Ring of the Snake":0},{"Calipers":0,"Singing Bowl":54,"CeramicFish":16,"Astrolabe":28,"Enchiridion":32,"Tingsha":74,"The Courier":92,"Juzu Bracelet":43,"Incense Burner":83,"Bag of Preparation":107,"Whetstone":107,"Smiling Mask":19,"Boot":107,"Blood Vial":19,"SlaversCollar":59,"Centennial Puzzle":107,"Shuriken":16,"Ornamental Fan":46,"Kunai":14,"TungstenRod":117,"Ring of the Snake":0}],"TungstenRod":8,"Ring of the Snake":[54]},"card_choices":[{"not_picked":["Expertise","Setup"],"picked":"Flying Knee","floor":1},{"not_picked":["Dagger Throw","Deflect"],"picked":"Dagger Spray","floor":3},{"not_picked":["Corpse Explosion","Noxious Fumes"],"picked":"Cloak And Dagger","floor":7},{"not_picked":["Backflip","Poisoned Stab"],"picked":"Cloak And Dagger","floor":8},{"not_picked":["Footwork","Setup"],"picked":"Skewer","floor":11},{"not_picked":["Catalyst","Reflex","Dagger Spray"],"picked":"SKIP","floor":14},{"not_picked":["Unload","Burst"],"picked":"Adrenaline","floor":16},{"not_picked":["Tactician","Heel Hook","Dagger Spray"],"picked":"SKIP","floor":18},{"not_picked":["PiercingWail","Dodge and Roll"],"picked":"Blade Dance","floor":20},{"not_picked":["Caltrops","Dagger Throw"],"picked":"Accuracy","floor":22},{"not_picked":["Underhanded Strike+1","Deadly Poison","Backflip"],"picked":"SKIP","floor":23},{"not_picked":["Dagger Spray","Slice","Eviscerate"],"picked":"SKIP","floor":24},{"not_picked":["Sucker Punch","Outmaneuver"],"picked":"Acrobatics+1","floor":27},{"not_picked":["Distraction","Corpse Explosion","Expertise+1"],"picked":"Singing Bowl","floor":31},{"not_picked":["Doppelganger","Bullet Time"],"picked":"A Thousand Cuts","floor":33},{"not_picked":["Prepared+1","Acrobatics"],"picked":"Tactician+1","floor":35},{"not_picked":["Deflect","Slice+1"],"picked":"Outmaneuver+1","floor":37},{"not_picked":["Riddle With Holes","PiercingWail","Eviscerate+1"],"picked":"Singing Bowl","floor":38},{"not_picked":["Dagger Throw+1","Expertise","A Thousand Cuts"],"picked":"Singing Bowl","floor":39},{"not_picked":["Dagger Spray","Skewer","Accuracy"],"picked":"Singing Bowl","floor":40},{"not_picked":["Quick Slash","Tactician+1"],"picked":"Backflip+1","floor":41},{"not_picked":["Malaise","Escape Plan","Flechettes+1"],"picked":"Singing Bowl","floor":45},{"not_picked":["Poisoned Stab","Prepared+1","Sucker Punch+1"],"picked":"Singing Bowl","floor":46},{"not_picked":["Dagger Spray","Outmaneuver+1","Venomology"],"picked":"Singing Bowl","floor":48},{"not_picked":["Expertise","Prepared"],"picked":"Accuracy+1","floor":54}],"player_experience":130118,"relics_obtained":[{"floor":7,"key":"Kunai"},{"floor":9,"key":"Shuriken"},{"floor":11,"key":"Blood Vial"},{"floor":13,"key":"Smiling Mask"},{"floor":19,"key":"Enchiridion"},{"floor":23,"key":"Juzu Bracelet"},{"floor":26,"key":"Ornamental Fan"},{"floor":31,"key":"Singing Bowl"},{"floor":38,"key":"Tingsha"},{"floor":40,"key":"Incense Burner"},{"floor":45,"key":"The Courier"},{"floor":54,"key":"TungstenRod"}],"event_choices":[{"cards_removed":["Doubt"],"damage_healed":0,"gold_gain":0,"player_choice":"Card Removal","damage_taken":0,"max_hp_gain":0,"max_hp_loss":0,"event_name":"The Cleric","floor":2,"gold_loss":50},{"damage_healed":0,"gold_gain":0,"player_choice":"Entered Light","damage_taken":14,"max_hp_gain":0,"max_hp_loss":0,"event_name":"Shining Light","floor":5,"gold_loss":0,"cards_upgraded":["Defend_G","Defend_G"]},{"damage_healed":0,"gold_gain":0,"player_choice":"Success","damage_taken":12,"relics_obtained":["CeramicFish"],"max_hp_gain":0,"max_hp_loss":0,"event_name":"Scrap Ooze","floor":10,"gold_loss":0},{"damage_healed":0,"gold_gain":0,"player_choice":"Obtained Book","damage_taken":16,"max_hp_gain":0,"max_hp_loss":0,"event_name":"Cursed Tome","floor":19,"gold_loss":0},{"damage_healed":0,"gold_gain":0,"cards_transformed":["Strike_G","Strike_G"],"player_choice":"Became Test Subject","damage_taken":0,"max_hp_gain":0,"max_hp_loss":0,"event_name":"Drug Dealer","floor":25,"gold_loss":0,"cards_obtained":["Blade Dance","Backstab"]},{"damage_healed":0,"gold_gain":0,"player_choice":"Read","damage_taken":0,"max_hp_gain":0,"max_hp_loss":0,"event_name":"The Library","floor":29,"gold_loss":0,"cards_obtained":["Terror"]},{"damage_healed":0,"gold_gain":0,"player_choice":"Copied","damage_taken":0,"max_hp_gain":0,"max_hp_loss":0,"event_name":"Duplicator","floor":36,"gold_loss":0,"cards_obtained":["After Image"]},{"damage_healed":0,"gold_gain":0,"player_choice":"Fight","damage_taken":0,"max_hp_gain":0,"max_hp_loss":0,"event_name":"Mysterious Sphere","floor":38,"gold_loss":0}],"is_beta":false,"boss_relics":[{"not_picked":["HoveringKite","Busted Crown"],"picked":"Astrolabe"},{"not_picked":["Velvet Choker","Runic Dome"],"picked":"SlaversCollar"}],"items_purged_floors":[21,53],"is_endless":false,"potions_floor_spawned":[1,3,14,16,18,22,27,31,33,35,40,46,48],"ascension_level":10}}