{"host":"t75twhtg6c476ygg","time":1609608831,"event":{"mods":["AchievementEnabler","BaseMod","Colored Powertips","Minty Spire (QoL Compilation)","Quick Restart","Relic Stats","StSLib","SuperFastMode"],"gold_per_floor":[114,129,144,144,144,144,174,189,189,189,204,19,34,49,49,149,149,164,89,89,104,104,134,149,164,239,959,959,974,974,989,989,1089,1089,1104,354,369,18,33,63,63,88,88,38,88,118,118,118,118,118],"floor_reached":51,"playtime":1901,"items_purged":["Warcry","Wild Strike"],"score":1202,"play_id":"4713977d-96a9-47af-a2e3-2b0caab8dd8d","local_time":"20210102173351","daily_mods":["Insanity","Time Dilation","Binary"],"is_ascension_mode":false,"campfire_choices":[{"data":"Flex","floor":6.0,"key":"SMITH"},{"data":"Whirlwind","floor":15.0,"key":"SMITH"},{"floor":28.0,"key":"REST"},{"floor":30,"key":"DIG"},{"floor":32,"key":"DIG"},{"floor":41,"key":"DIG"},{"floor":49,"key":"DIG"}],"circlet_count":0,"master_deck":["Uppercut","Shrug It Off","Anger","Perfected Strike","Headbutt","Flame Barrier","Armaments","Sentinel","Heavy Blade","Havoc","Rage","Dropkick","Cleave","Havoc","Dark Embrace","Twin Strike","Battle Trance","Bloodletting","Cleave","Inflame","True Grit","Burning Pact","Searing Blow","Spot Weakness","Bloodletting+1","Twin Strike+1","Heavy Blade","True Grit","Warcry","True Grit","Cleave","Searing Blow","Shrug It Off","Body Slam","Thunderclap","Wild Strike","Havoc+1","Flex+1","Dual Wield","Sentinel+1","Clothesline","Perfected Strike","Anger","Flex","Rampage","Clash","Corruption+1","Inflame","Whirlwind+1","Fiend Fire"],"relics":["Burning Blood","Dead Branch","Bottled Tornado","Bag of Preparation","Kunai","Pear","Tiny Chest","Busted Crown","Shovel","Happy Flower","Shuriken","Smiling Mask","Strawberry","Calling Bell","Ornamental Fan","Turnip","Bronze Scales","Unceasing Top","Paper Frog","Cauldron","Membership Card","Darkstone Periapt","Pocketwatch","Lantern","Centennial Puzzle","Bottled Flame","Mango","War Paint","White Beast Statue"],"acts_visited":["Exordium","TheCity","TheBeyond"],"potions_floor_usage":[40],"damage_taken":[{"damage":0.0,"enemies":"Cultist","floor":1.0,"turns":4.0},{"damage":3.0,"enemies":"Jaw Worm","floor":2.0,"turns":2.0},{"damage":0.0,"enemies":"2 Louse","floor":3.0,"turns":1.0},{"damage":0.0,"enemies":"Gremlin Nob","floor":7.0,"turns":2.0},{"damage":3.0,"enemies":"2 Fungi Beasts","floor":8.0,"turns":1.0},{"damage":0.0,"enemies":"Lots of Slimes","floor":11.0,"turns":1.0},{"damage":0.0,"enemies":"Looter","floor":13.0,"turns":1.0},{"damage":0.0,"enemies":"Blue Slaver","floor":14.0,"turns":1.0},{"damage":7.0,"enemies":"Hexaghost","floor":16.0,"turns":2.0},{"damage":0.0,"enemies":"2 Thieves","floor":18.0,"turns":1.0},{"damage":3.0,"enemies":"Shell Parasite","floor":21.0,"turns":1.0},{"damage":0.0,"enemies":"Slavers","floor":23.0,"turns":2.0},{"damage":3.0,"enemies":"Centurion and Healer","floor":24.0,"turns":2.0},{"damage":0.0,"enemies":"Sentry and Sphere","floor":25.0,"turns":1.0},{"damage":0,"enemies":"Snake Plant","floor":29,"turns":2},{"damage":7,"enemies":"Shelled Parasite and Fungi","floor":31,"turns":2},{"damage":6,"enemies":"Collector","floor":33,"turns":2},{"damage":0,"enemies":"Orb Walker","floor":35,"turns":1},{"damage":0,"enemies":"3 Darklings","floor":37,"turns":2},{"damage":11,"enemies":"Spire Growth","floor":39,"turns":3},{"damage":23,"enemies":"Nemesis","floor":40,"turns":3},{"damage":14,"enemies":"Mind Bloom Boss Battle","floor":45,"turns":2},{"damage":3,"enemies":"Giant Head","floor":46,"turns":2},{"damage":3,"enemies":"Donu and Deca","floor":50,"turns":3}],"seed_played":"-4486375853315586652","potions_obtained":[{"floor":1.0,"key":"SmokeBomb"},{"floor":2.0,"key":"Weak Potion"},{"floor":7.0,"key":"Fire Potion"},{"floor":23.0,"key":"BloodPotion"},{"floor":25.0,"key":"FairyPotion"},{"floor":36,"key":"FairyPotion"},{"floor":39,"key":"EssenceOfSteel"},{"floor":46,"key":"Weak Potion"}],"is_trial":false,"path_per_floor":["M","M","M","M","?","R","E","M","T","T","M","$","M","M","R","B",null,"M","?","$","M","?","E","M","M","T","?","R","M","R","M","R","B",null,"M","$","M","$","M","E","R","T","T","$","?","E","?","?","R","B",null],"character_chosen":"IRONCLAD","items_purchased":["Whirlwind","Tiny Chest","Unceasing Top","Paper Frog","Cauldron","Membership Card","Darkstone Periapt","Fiend Fire"],"campfire_rested":1,"item_purchase_floors":[12,12,36,36,36,38,38,38],"current_hp_per_floor":[80,80,80,80,64,64,70,73,73,83,89,89,90,90,90,89,90,90,90,90,90,90,90,90,90,90,8,35,41,41,40,47,47,97,97,97,97,97,92,75,75,75,75,75,81,84,84,84,84,87],"gold":118,"neow_bonus":"","is_daily":true,"chose_seed":false,"campfire_upgraded":2,"win_rate":0.0,"timestamp":1609608831,"path_taken":["M","?","M","M","?","R","E","M","T","?","?","$","M","M","R","BOSS","M","?","$","M","?","E","M","M","T","?","R","M","R","M","R","BOSS","M","$","M","$","M","E","R","?","T","$","?","E","?","?","R","BOSS"],"items_purchased_type":["Card","Relic","Relic","Relic","Relic","Relic","Relic","Card"],"build_version":"2020-12-22","purchased_purges":2,"victory":true,"max_hp_per_floor":[80,80,80,80,80,80,80,80,80,90,90,90,90,90,90,90,90,90,90,90,90,90,90,90,90,90,90,90,90,90,90,97,97,97,97,97,97,97,97,97,97,97,97,97,111,111,105,105,105,105],"relic_stats":{"Darkstone Periapt":0,"Happy Flower":[8],"counters":[25,45],"Dead Branch":[299],"Bag of Preparation":[40],"War Paint":["Bloodletting","Havoc"],"Smiling Mask":25,"Burning Blood":82,"Centennial Puzzle":[9],"Busted Crown":34,"Shovel":4,"Shuriken":[15],"Ornamental Fan":[44],"Bronze Scales":[13],"Tiny Chest":1,"Turnip":[0],"Kunai":[26],"obtain_stats":[{"Darkstone Periapt":38,"Lantern":41,"Mango":45,"Bag of Preparation":7,"Bottled Tornado":4,"Smiling Mask":30,"Burning Blood":0,"Centennial Puzzle":42,"Shovel":20,"Strawberry":32,"Tiny Chest":12,"Kunai":9,"Paper Frog":36,"Pear":10,"Happy Flower":23,"Dead Branch":4,"War Paint":46,"White Beast Statue":49,"Calling Bell":34,"Cauldron":36,"Bottled Flame":43,"Busted Crown":17,"Shuriken":26,"Ornamental Fan":34,"Bronze Scales":34,"Turnip":34,"Membership Card":38,"Unceasing Top":36,"Pocketwatch":40},{"Darkstone Periapt":20,"Lantern":22,"Mango":23,"Bag of Preparation":5,"Bottled Tornado":4,"Smiling Mask":16,"Burning Blood":0,"Centennial Puzzle":22,"Shovel":11,"Strawberry":17,"Tiny Chest":7,"Kunai":6,"Paper Frog":19,"Pear":6,"Happy Flower":13,"Dead Branch":4,"War Paint":24,"White Beast Statue":24,"Calling Bell":18,"Cauldron":19,"Bottled Flame":22,"Busted Crown":10,"Shuriken":15,"Ornamental Fan":18,"Bronze Scales":18,"Turnip":18,"Membership Card":20,"Unceasing Top":19,"Pocketwatch":22},{"Darkstone Periapt":32,"Lantern":38,"Mango":40,"Bag of Preparation":10,"Bottled Tornado":8,"Smiling Mask":25,"Burning Blood":0,"Centennial Puzzle":38,"Shovel":17,"Strawberry":27,"Tiny Chest":12,"Kunai":11,"Paper Frog":30,"Pear":11,"Happy Flower":20,"Dead Branch":8,"War Paint":42,"White Beast Statue":42,"Calling Bell":29,"Cauldron":30,"Bottled Flame":38,"Busted Crown":16,"Shuriken":23,"Ornamental Fan":29,"Bronze Scales":29,"Turnip":29,"Membership Card":32,"Unceasing Top":30,"Pocketwatch":38}],"Unceasing Top":[2],"Pocketwatch":[0]},"card_choices":[{"not_picked":["Perfected Strike","Warcry"],"picked":"SKIP","floor":1.0},{"not_picked":["Twin Strike","Sentinel"],"picked":"SKIP","floor":2.0},{"not_picked":["Cleave","Headbutt"],"picked":"SKIP","floor":3.0},{"not_picked":["Demon Form","Clothesline"],"picked":"SKIP","floor":7.0},{"not_picked":["Cleave","Heavy Blade"],"picked":"SKIP","floor":8.0},{"not_picked":["Perfected Strike"],"picked":"Inflame","floor":11.0},{"not_picked":["Dropkick","Twin Strike"],"picked":"SKIP","floor":13.0},{"not_picked":["Thunderclap","Armaments"],"picked":"SKIP","floor":14.0}],"player_experience":210213,"relics_obtained":[{"floor":7.0,"key":"Bag of Preparation"},{"floor":9.0,"key":"Kunai"},{"floor":10.0,"key":"Pear"},{"floor":23.0,"key":"Happy Flower"},{"floor":26.0,"key":"Shuriken"},{"floor":30,"key":"Smiling Mask"},{"floor":32,"key":"Strawberry"},{"floor":34,"key":"Ornamental Fan"},{"floor":34,"key":"Turnip"},{"floor":34,"key":"Bronze Scales"},{"floor":40,"key":"Pocketwatch"},{"floor":41,"key":"Lantern"},{"floor":42,"key":"Centennial Puzzle"},{"floor":43,"key":"Bottled Flame"},{"floor":45,"key":"Mango"},{"floor":46,"key":"War Paint"},{"floor":49,"key":"White Beast Statue"}],"event_choices":[{"damage_healed":0.0,"max_hp_gain":0.0,"max_hp_loss":0.0,"gold_gain":0.0,"event_name":"Shining Light","player_choice":"Entered Light","floor":5.0,"gold_loss":0.0,"damage_taken":16.0,"cards_upgraded":["Sentinel","Twin Strike"]},{"cards_removed":["Twin Strike"],"damage_healed":0.0,"max_hp_gain":0.0,"max_hp_loss":0.0,"gold_gain":0.0,"event_name":"Beggar","player_choice":"Gave Gold","floor":19.0,"gold_loss":75.0,"damage_taken":0.0},{"cards_removed":["Twin Strike"],"damage_healed":0.0,"max_hp_gain":0.0,"max_hp_loss":0.0,"gold_gain":0.0,"event_name":"Back to Basics","player_choice":"Elegance","floor":22.0,"gold_loss":0.0,"damage_taken":0.0},{"damage_healed":0.0,"max_hp_gain":0.0,"max_hp_loss":0.0,"gold_gain":720.0,"event_name":"Knowing Skull","player_choice":"GOLD GOLD GOLD GOLD GOLD GOLD GOLD GOLD ","floor":27.0,"potions_obtained":[],"gold_loss":0.0,"damage_taken":82.0,"cards_obtained":[]},{"damage_healed":0,"gold_gain":0,"player_choice":"Fight","damage_taken":0,"max_hp_gain":0,"max_hp_loss":0,"event_name":"MindBloom","floor":45,"gold_loss":0},{"damage_healed":0,"gold_gain":0,"player_choice":"Max HP","damage_taken":0,"max_hp_gain":0,"max_hp_loss":6,"event_name":"Winding Halls","floor":47,"gold_loss":0},{"damage_healed":0,"gold_gain":0,"player_choice":"Memory 1","damage_taken":0,"max_hp_gain":0,"max_hp_loss":0,"event_name":"SensoryStone","floor":48,"gold_loss":0}],"is_beta":false,"boss_relics":[{"not_picked":["Cursed Key","Sozu"],"picked":"Busted Crown"},{"not_picked":["SlaversCollar","Black Star"],"picked":"Calling Bell"}],"items_purged_floors":[36,44],"is_endless":false,"potions_floor_spawned":[1,2,7,16,23,25,31,33,39,46],"ascension_level":0}}