{"host":"at64dhdf9kc8hjax","time":1609569454,"event":{"mods":["Act Like it!","BaseMod","Dota2Spire","Friendly Minions","Gensokyo","Highlight Path","Minty Spire (QoL Compilation)","Quick Restart","RumiaBox-露米娅的神秘盒子","Spicy Shops","StSLib","SuperFastMode","【遗物卡牌】REMEMod"],"gold_per_floor":[114,128,142,142,142,142,152,152,179,193,193,215,215,232,232,334,334,354,364,374,374,392,392,406,425,452,452,484,497,528,528,528,528,528],"floor_reached":33,"playtime":3262,"items_purged":[],"score":490,"play_id":"2763f1b7-ce8b-4d74-9c10-c319688495d7","local_time":"20210102143734","is_ascension_mode":true,"campfire_choices":[{"data":"Backflip","floor":6.0,"key":"SMITH"},{"data":"Dagger Throw","floor":8.0,"key":"SMITH"},{"data":"Neutralize","floor":11.0,"key":"SMITH"},{"data":"Calculated Gamble","floor":15.0,"key":"SMITH"},{"data":"Prepared","floor":23.0,"key":"SMITH"},{"data":"Terror","floor":27.0,"key":"SMITH"},{"data":"Phantasmal Killer","floor":32.0,"key":"SMITH"}],"circlet_count":0,"master_deck":["AscendersBane","Strike_G","Strike_G","Strike_G","Strike_G","Strike_G","Defend_G","Defend_G","Defend_G+1","Defend_G","Survivor","Neutralize+1","Violence","Sadistic Nature","Backflip+1","Dagger Throw+1","Calculated Gamble+1","Acrobatics","Venomology","Prepared+1","Tactician+1","Terror+1","Phantasmal Killer+1"],"relics":["Ring of the Snake","REME_ComplimentaryCards","Dream Catcher","Orichalcum","Odd Mushroom","Dota2Spire:RefresherOrb","War Paint","Bronze Scales","SSSystem"],"acts_visited":["Exordium","TheCity"],"potions_floor_usage":[33,33],"damage_taken":[{"damage":0.0,"enemies":"Cultist","floor":1.0,"turns":4.0},{"damage":4.0,"enemies":"Small Slimes","floor":2.0,"turns":3.0},{"damage":0.0,"enemies":"Jaw Worm","floor":3.0,"turns":4.0},{"damage":0.0,"enemies":"Exordium Wildlife","floor":7.0,"turns":3.0},{"damage":7.0,"enemies":"Large Slime","floor":10.0,"turns":6.0},{"damage":17.0,"enemies":"The Mushroom Lair","floor":12.0,"turns":4.0},{"damage":0.0,"enemies":"Blue Slaver","floor":14.0,"turns":3.0},{"damage":34.0,"enemies":"The Guardian","floor":16.0,"turns":22.0},{"damage":7.0,"enemies":"Spheric Guardian","floor":18.0,"turns":4.0},{"damage":2.0,"enemies":"Chosen","floor":19.0,"turns":6.0},{"damage":3.0,"enemies":"Snake Plant","floor":20.0,"turns":7.0},{"damage":34.0,"enemies":"Cultist and Chosen","floor":22.0,"turns":10.0},{"damage":16.0,"enemies":"Sentry and Sphere","floor":24.0,"turns":4.0},{"damage":7.0,"enemies":"3 Cultists","floor":25.0,"turns":6.0},{"damage":0.0,"enemies":"Book of Stabbing","floor":28.0,"turns":3.0},{"damage":0.0,"enemies":"Snake Plant","floor":29.0,"turns":2.0},{"damage":16.0,"enemies":"Slavers","floor":30.0,"turns":5.0},{"damage":73,"enemies":"Champ","floor":33,"turns":10}],"seed_played":"3423478939159509723","potions_obtained":[{"floor":7.0,"key":"ColorlessPotion"},{"floor":10.0,"key":"FairyPotion"},{"floor":12.0,"key":"Swift Potion"},{"floor":14.0,"key":"DuplicationPotion"},{"floor":20.0,"key":"SteroidPotion"},{"floor":24.0,"key":"Weak Potion"},{"floor":29.0,"key":"Fruit Juice"},{"floor":30.0,"key":"SteroidPotion"}],"is_trial":false,"path_per_floor":["M","M","M","?","?","R","M","R","T","M","R","?","?","M","R","B",null,"M","M","M","?","M","R","M","M","T","R","E","M","E","?","R","B"],"character_chosen":"THE_SILENT","items_purchased":[],"campfire_rested":0,"item_purchase_floors":[],"current_hp_per_floor":[63,59,59,52,45,45,45,45,45,38,38,21,26,26,26,20,56,49,47,62,62,28,28,12,17,17,17,17,22,6,30,30,0,0],"gold":528,"neow_bonus":"RANDOM_COLORLESS_2","is_daily":false,"chose_seed":false,"campfire_upgraded":7,"win_rate":0.0,"timestamp":1609569454,"path_taken":["M","M","M","?","?","R","M","R","T","M","R","?","?","M","R","BOSS","M","M","M","?","?","R","M","M","T","R","E","M","E","?","R","BOSS"],"items_purchased_type":[],"build_version":"2020-12-22","purchased_purges":0,"victory":false,"max_hp_per_floor":[63,63,63,63,63,63,63,63,63,63,63,63,68,68,68,68,68,68,68,68,68,68,68,68,68,68,68,68,73,73,73,73,73,73],"card_choices":[{"not_picked":["HandOfGreed","Metamorphosis"],"picked":"Sadistic Nature","floor":0.0},{"not_picked":["Dash","Eviscerate","Cloak And Dagger"],"picked":"SKIP","floor":1.0},{"not_picked":["Caltrops","Heel Hook"],"picked":"Backflip","floor":2.0},{"not_picked":["Concentrate","Predator","Sucker Punch"],"picked":"SKIP","floor":3.0},{"not_picked":["Slice","Outmaneuver"],"picked":"Dagger Throw","floor":7.0},{"not_picked":["Sucker Punch","PiercingWail","Backflip"],"picked":"SKIP","floor":10.0},{"not_picked":["Deflect","Backflip"],"picked":"Calculated Gamble","floor":12.0},{"not_picked":["Deadly Poison","PiercingWail"],"picked":"Acrobatics","floor":14.0},{"not_picked":["Bullet Time","Envenom"],"picked":"Venomology","floor":16.0},{"not_picked":["Dodge and Roll","PiercingWail"],"picked":"Prepared","floor":18.0},{"not_picked":["REME_SpectralBlade","Distraction","Infinite Blades+1"],"picked":"SKIP","floor":19.0},{"not_picked":["Leg Sweep","Cloak And Dagger+1"],"picked":"Tactician","floor":20.0},{"not_picked":["Flying Knee","PiercingWail+1","Bane"],"picked":"SKIP","floor":22.0},{"not_picked":["Cloak And Dagger","Blade Dance","PiercingWail"],"picked":"SKIP","floor":24.0},{"not_picked":["Bane","Deflect"],"picked":"Terror","floor":25.0},{"not_picked":["Dagger Throw","Quick Slash"],"picked":"Phantasmal Killer","floor":28.0},{"not_picked":["Backflip","Choke","Footwork"],"picked":"SKIP","floor":29.0},{"not_picked":["Infinite Blades","Blade Dance","Envenom"],"picked":"SKIP","floor":30.0}],"player_experience":224406,"relics_obtained":[{"floor":9.0,"key":"Orichalcum"},{"floor":12.0,"key":"Odd Mushroom"},{"floor":26.0,"key":"War Paint"},{"floor":28.0,"key":"Bronze Scales"},{"floor":30.0,"key":"SSSystem"}],"event_choices":[{"cards_removed":["Defend_G"],"damage_healed":0.0,"max_hp_gain":0.0,"max_hp_loss":0.0,"gold_gain":0.0,"event_name":"Golden Wing","player_choice":"Card Removal","floor":4.0,"gold_loss":0.0,"damage_taken":7.0},{"damage_healed":0.0,"max_hp_gain":0.0,"max_hp_loss":0.0,"gold_gain":0.0,"event_name":"Scrap Ooze","player_choice":"Success","floor":5.0,"gold_loss":0.0,"damage_taken":7.0,"relics_obtained":["Dream Catcher"]},{"damage_healed":0.0,"max_hp_gain":0.0,"max_hp_loss":0.0,"gold_gain":0.0,"event_name":"Mushrooms","player_choice":"Fought Mushrooms","floor":12.0,"gold_loss":0.0,"damage_taken":0.0},{"damage_healed":0.0,"max_hp_gain":5.0,"max_hp_loss":0.0,"gold_gain":0.0,"event_name":"Big Fish","player_choice":"Donut","floor":13.0,"gold_loss":0.0,"damage_taken":0.0},{"damage_healed":0.0,"max_hp_gain":0.0,"max_hp_loss":0.0,"gold_gain":0.0,"event_name":"The Woman in Blue","player_choice":"Bought 0 Potions","floor":21.0,"gold_loss":0.0,"damage_taken":0.0},{"damage_healed":24.0,"max_hp_gain":0.0,"max_hp_loss":0.0,"gold_gain":0.0,"event_name":"The Library","player_choice":"Heal","floor":31.0,"gold_loss":0.0,"damage_taken":0.0}],"is_beta":false,"boss_relics":[{"not_picked":["REME_LowDesire","Tiny House"],"picked":"Dota2Spire:RefresherOrb"}],"items_purged_floors":[],"is_endless":false,"potions_floor_spawned":[7,10,12,14,20,24,29,30],"killed_by":"Champ","ascension_level":12}}