{"host":"wbjiqg83duq292na","time":1609559563,"event":{"mods":["BaseMod","Minty Spire (QoL Compilation)"],"gold_per_floor":[112,128,128,140,157,183,133,133,156,190,210,210,26,37,37,142,142,156,174,444,454,454,454,482,422,422,56,69,69,85,117,117,117,117],"floor_reached":33,"playtime":1270,"items_purged":["Strike_R"],"score":327,"play_id":"1fc7ea14-1312-4f83-a70c-d279bd521d54","local_time":"20210102015243","is_ascension_mode":true,"campfire_choices":[{"data":"True Grit","floor":12,"key":"SMITH"},{"data":"Bash","floor":15,"key":"SMITH"},{"floor":23,"key":"REST"},{"floor":29,"key":"REST"},{"floor":32,"key":"RECALL"}],"circlet_count":0,"master_deck":["Strike_R","Defend_R+1","Defend_R+1","Defend_R","Defend_R","Bash+1","True Grit+1","Immolate+1","Iron Wave+1","Rampage+1","Rampage+1","Demon Form","Anger+1","Dramatic Entrance+1","Rupture","Berserk","Wild Strike+1","Second Wind","Streamline+1","Whirlwind+1"],"relics":["Burning Blood","Centennial Puzzle","Orichalcum","Happy Flower","Omamori","Molten Egg 2","MealTicket","Sozu","MutagenicStrength","Blood Vial","Darkstone Periapt","War Paint","PrismaticShard","Regal Pillow"],"acts_visited":["Exordium","TheCity"],"potions_floor_usage":[10,16],"damage_taken":[{"damage":1,"enemies":"Cultist","floor":1,"turns":3},{"damage":4,"enemies":"Small Slimes","floor":2,"turns":4},{"damage":0,"enemies":"2 Louse","floor":4,"turns":4},{"damage":4,"enemies":"Red Slaver","floor":5,"turns":6},{"damage":22,"enemies":"3 Sentries","floor":6,"turns":4},{"damage":6,"enemies":"Lagavulin","floor":10,"turns":3},{"damage":9,"enemies":"Exordium Thugs","floor":11,"turns":3},{"damage":7,"enemies":"Exordium Wildlife","floor":14,"turns":3},{"damage":29,"enemies":"The Guardian","floor":16,"turns":7},{"damage":16,"enemies":"2 Thieves","floor":18,"turns":2},{"damage":6,"enemies":"Chosen","floor":19,"turns":4},{"damage":17,"enemies":"Snake Plant","floor":21,"turns":2},{"damage":24,"enemies":"Slavers","floor":24,"turns":2},{"damage":16,"enemies":"Chosen and Byrds","floor":28,"turns":5},{"damage":0,"enemies":"Centurion and Healer","floor":30,"turns":2},{"damage":2,"enemies":"Gremlin Leader","floor":31,"turns":4},{"damage":87,"enemies":"Automaton","floor":33,"turns":8}],"seed_played":"-2293762461240879998","potions_obtained":[{"floor":4,"key":"AttackPotion"},{"floor":5,"key":"PowerPotion"},{"floor":14,"key":"Explosive Potion"}],"is_trial":false,"path_per_floor":["M","M","?","M","M","E","?","?","T","E","M","R","$","M","R","B",null,"M","M","?","M","?","R","E","?","T","$","M","R","M","E","R","B"],"character_chosen":"IRONCLAD","items_purchased":["MealTicket","Rampage+1","War Paint","PrismaticShard"],"campfire_rested":2,"item_purchase_floors":[13,13,27,27],"current_hp_per_floor":[80,80,80,80,80,64,64,64,64,64,61,61,61,60,60,37,80,70,70,37,26,26,50,32,32,32,47,39,63,71,77,77,0,0],"gold":117,"neow_bonus":"RANDOM_COMMON_RELIC","is_daily":false,"chose_seed":false,"campfire_upgraded":2,"win_rate":0.0,"timestamp":1609559563,"path_taken":["M","M","?","M","?","E","?","?","T","E","?","R","?","M","R","BOSS","M","M","?","?","?","R","E","?","T","$","M","R","M","E","R","BOSS"],"items_purchased_type":["Relic","Card","Relic","Relic"],"build_version":"2020-12-22","purchased_purges":1,"victory":false,"max_hp_per_floor":[80,80,80,80,80,80,80,80,80,80,80,80,80,80,80,80,80,80,80,80,80,80,80,80,80,80,80,80,80,80,80,80,80,80],"card_choices":[{"not_picked":["Wild Strike","Cleave"],"picked":"True Grit","floor":1},{"not_picked":["Clash","Heavy Blade"],"picked":"Inflame","floor":2},{"not_picked":["Wild Strike","Clash","Havoc"],"picked":"SKIP","floor":4},{"not_picked":["Hemokinesis","Clash"],"picked":"Immolate","floor":5},{"not_picked":["Armaments","Evolve","Carnage"],"picked":"SKIP","floor":6},{"not_picked":["Shrug It Off","Clothesline+1"],"picked":"Iron Wave+1","floor":10},{"not_picked":["Evolve","Pummel+1","Clash+1"],"picked":"SKIP","floor":11},{"not_picked":["Hemokinesis+1","Sword Boomerang+1"],"picked":"Rampage+1","floor":14},{"not_picked":["Barricade","Bludgeon+1"],"picked":"Demon Form","floor":16},{"not_picked":["True Grit+1","Carnage+1","Warcry+1"],"picked":"SKIP","floor":18},{"not_picked":["Clash+1","Sever Soul+1"],"picked":"Anger+1","floor":19},{"not_picked":["Dropkick+1","Body Slam+1"],"picked":"Rupture","floor":21},{"not_picked":["Body Slam+1","Clothesline+1"],"picked":"Berserk","floor":24},{"not_picked":["Chill","Wild Strike+1"],"picked":"Streamline+1","floor":28},{"not_picked":["Crescendo+1","Purity+1"],"picked":"Whirlwind+1","floor":30},{"not_picked":["Tempest","Dramatic Entrance+1","Twin Strike+1"],"picked":"SKIP","floor":31}],"player_experience":303890,"relics_obtained":[{"floor":6,"key":"Happy Flower"},{"floor":9,"key":"Omamori"},{"floor":10,"key":"Molten Egg 2"},{"floor":24,"key":"Blood Vial"},{"floor":26,"key":"Darkstone Periapt"},{"floor":31,"key":"Regal Pillow"}],"event_choices":[{"cards_removed":["Inflame"],"damage_healed":0,"gold_gain":0,"player_choice":"Gave Card","damage_taken":0,"relics_obtained":["Orichalcum"],"max_hp_gain":0,"max_hp_loss":0,"event_name":"WeMeetAgain","floor":3,"gold_loss":0},{"cards_removed":["Strike_R"],"damage_healed":0,"gold_gain":0,"player_choice":"Card Removal","damage_taken":0,"max_hp_gain":0,"max_hp_loss":0,"event_name":"The Cleric","floor":7,"gold_loss":50},{"damage_healed":0,"gold_gain":0,"player_choice":"Upgraded","damage_taken":0,"max_hp_gain":0,"max_hp_loss":0,"event_name":"Upgrade Shrine","floor":8,"gold_loss":0,"cards_upgraded":["Immolate"]},{"damage_healed":0,"gold_gain":270,"player_choice":"GOLD GOLD GOLD CARD ","damage_taken":33,"max_hp_gain":0,"max_hp_loss":0,"event_name":"Knowing Skull","floor":20,"potions_obtained":[],"gold_loss":0,"cards_obtained":["Dramatic Entrance"]},{"damage_healed":0,"gold_gain":0,"player_choice":"Inject Mutagens","damage_taken":0,"relics_obtained":["MutagenicStrength"],"max_hp_gain":0,"max_hp_loss":0,"event_name":"Drug Dealer","floor":22,"gold_loss":0},{"damage_healed":0,"gold_gain":0,"cards_transformed":["Strike_R","Strike_R"],"player_choice":"Transformed Cards","damage_taken":0,"max_hp_gain":0,"max_hp_loss":0,"event_name":"Designer","floor":25,"gold_loss":60,"cards_obtained":["Wild Strike","Second Wind"]}],"is_beta":false,"boss_relics":[{"not_picked":["Tiny House","Runic Cube"],"picked":"Sozu"}],"items_purged_floors":[27],"is_endless":false,"potions_floor_spawned":[4,5,14,28,30],"killed_by":"Automaton","ascension_level":2}}