{"host":"j6locglyv7e0c0tm","time":1609549825,"event":{"mods":["BaseMod","Better Altar","Better Match","Better Note","Better Sensory Stone","Better Skull","Better Third Choice","Better Vampires","BetterRewards","Card Forge","Colored Powertips","Custom Start","DeckTracker","Downfall","Googly Eyes","Hermit","Highlight Path","Jorbs\u0027s Wanderer Trilogy","Marked Mod","Minty Spire (QoL Compilation)","Relic Stats","Replay The Spire","Shade Mod","Shop Mod","StSLib","Swap Starting Deck Mod","The Runesmith","TheFirefly"],"gold_per_floor":[114,114,33,33,53,53,72,90,90,90,90,106,136,136,136,241,241,256,7,23,35,35,35,35],"floor_reached":23,"playtime":842,"items_purged":[],"score":291,"play_id":"442ca662-5542-47e7-b3a6-d0eb7003b83b","local_time":"20210102121025","is_ascension_mode":false,"campfire_choices":[{"floor":6,"key":"RECALL"},{"floor":11,"key":"REST"}],"circlet_count":0,"master_deck":["thefirefly:Strike","thefirefly:Strike","thefirefly:Strike","thefirefly:Strike","thefirefly:Defend","thefirefly:Defend","thefirefly:Defend","thefirefly:Defend","thefirefly:StealthMode","thefirefly:PhotonBlast","expansioncontent:DecasProtection+1","thefirefly:AuroralDischarge+1","thefirefly:AuroralDischarge+1","thefirefly:AutoTargeting","expansioncontent:GuardianWhirl+1","stsjorbsmod:Withering","thefirefly:AutoTargeting"],"relics":["thefirefly:StealthSystem","Hammer of Thor","Seething Fire","Anvil of the Gods","Blood Vial","Vajra","ClockworkSouvenir","Kunai","Onion Ring","Cursed Key","MerchantsRug","Guide Book"],"acts_visited":["Exordium","TheCity"],"potions_floor_usage":[8,8,13,16,23],"damage_taken":[{"damage":3,"enemies":"Small Slimes","floor":1,"turns":3},{"damage":0,"enemies":"Jaw Worm","floor":5,"turns":3},{"damage":0,"enemies":"2 Louse","floor":7,"turns":2},{"damage":28,"enemies":"Large Slime","floor":8,"turns":2},{"damage":0,"enemies":"Looter","floor":12,"turns":2},{"damage":13,"enemies":"3 Sentries","floor":13,"turns":4},{"damage":29,"enemies":"Fading Forest","floor":16,"turns":11},{"damage":0,"enemies":"Chosen","floor":18,"turns":3},{"damage":10,"enemies":"Spheric Guardian","floor":20,"turns":3},{"damage":0,"enemies":"Centurion and Healer","floor":21,"turns":3},{"damage":53,"enemies":"Book of Stabbing","floor":23,"turns":5}],"seed_played":"-5387028251637808607","potions_obtained":[{"floor":1,"key":"Death Potion"},{"floor":7,"key":"Death Potion"},{"floor":8,"key":"EntropicBrew"},{"floor":18,"key":"Adrenaline Potion"}],"is_trial":false,"path_per_floor":["M","?","$","?","M","R","M","M","T","$","R","M","E","?","R","B",null,"M","$","M","M","?","E"],"character_chosen":"THE_FIREFLY","items_purchased":["Blood Vial","Vajra","ClockworkSouvenir","expansioncontent:DecasProtection","thefirefly:AuroralDischarge","expansioncontent:GuardianWhirl","MerchantsRug","Guide Book"],"campfire_rested":1,"item_purchase_floors":[0,0,0,0,0,3,19,19],"current_hp_per_floor":[38,38,38,38,40,40,42,16,16,16,32,34,23,28,46,41,60,60,60,50,52,46,0,0],"gold":35,"neow_bonus":"","is_daily":false,"chose_seed":false,"campfire_upgraded":0,"win_rate":0.0,"timestamp":1609549825,"path_taken":["M","?","$","?","M","R","M","M","T","$","R","M","E","?","R","BOSS","M","$","M","M","?","E"],"items_purchased_type":["Relic","Relic","Relic","Card","Card","Card","Relic","Relic"],"build_version":"2020-12-22","purchased_purges":0,"victory":false,"max_hp_per_floor":[55,55,55,55,55,55,55,55,55,55,55,55,55,60,60,60,60,60,60,60,60,60,60,60],"relic_stats":{"Blood Vial":18,"counters":[88,482],"Kunai":[6],"Cursed Key":0,"obtain_stats":[{"Divine Protection":7,"Gremlin Horn":25,"thefirefly:TimeCapsule":43,"CeramicFish":48,"Vajra":0,"Hammer of Thor":0,"Ring of Searing":4,"Blood Vial":0,"Centennial Puzzle":26,"Sundial":9,"Iron Hammer":12,"Kunai":17,"MerchantsRug":19,"Pear":0,"ReplayTheSpireMod:CursedCoin":4,"ReplayTheSpireMod:Ring of Addiction":4,"Replay:Grab Bag":17,"Replay:Ancient Bell":17,"War Paint":44,"Question Card":6,"WarpedTongs":7,"SlaversCollar":17,"Replay:Baseball":11,"Anvil of the Gods":0,"Onion Ring":13,"ReplayTheSpireMod:TigerMarble":17,"Abe\u0027s Treasure":34,"Darkstone Periapt":17,"Singing Bowl":26,"thefirefly:LongRangeScanner":7,"SacredBark":17,"Blue Doll":23,"Juzu Bracelet":37,"Replay:Multitool":17,"Replay:Mystery Machine":0,"PrismaticShard":3,"Smiling Mask":26,"Cursed Key":17,"Pet Ghost":9,"ClockworkSouvenir":0,"Chameleon Ring":4,"Matryoshka":0,"thefirefly:RepairArm":11,"Gambling Chip":22,"Red Mask":37,"thefirefly:StealthSystem":0,"Runesmith:Nanobots":30,"Lee\u0027s Waffle":0,"NeowsBlessing":0,"Quantum Egg":0,"Guide Book":19,"Replay:WaspNest":21,"Omamori":0,"Seething Fire":0,"White Beast Statue":4,"thefirefly:UpgradedSystem":17,"Calling Bell":17,"Pondfish Scales":17,"Busted Crown":17,"ChewingGum":17,"Art of War":19,"Garlic":9,"Bottled Lightning":32},{"Divine Protection":38,"Gremlin Horn":26,"thefirefly:TimeCapsule":51,"CeramicFish":54,"Vajra":77,"Hammer of Thor":0,"Ring of Searing":17,"Blood Vial":77,"Centennial Puzzle":42,"Sundial":38,"Iron Hammer":63,"Kunai":22,"MerchantsRug":85,"Pear":56,"ReplayTheSpireMod:CursedCoin":58,"ReplayTheSpireMod:Ring of Addiction":17,"Replay:Grab Bag":40,"Replay:Ancient Bell":22,"War Paint":52,"Question Card":4,"WarpedTongs":60,"SlaversCollar":40,"Replay:Baseball":11,"Anvil of the Gods":0,"Onion Ring":83,"ReplayTheSpireMod:TigerMarble":40,"Abe\u0027s Treasure":30,"Darkstone Periapt":40,"Singing Bowl":70,"thefirefly:LongRangeScanner":10,"SacredBark":65,"Blue Doll":70,"Juzu Bracelet":32,"Replay:Multitool":40,"Replay:Mystery Machine":15,"PrismaticShard":17,"Smiling Mask":26,"Cursed Key":84,"Pet Ghost":10,"ClockworkSouvenir":77,"Chameleon Ring":17,"Matryoshka":56,"thefirefly:RepairArm":19,"Gambling Chip":41,"Red Mask":47,"thefirefly:StealthSystem":0,"Runesmith:Nanobots":43,"Lee\u0027s Waffle":56,"NeowsBlessing":5,"Quantum Egg":35,"Guide Book":85,"Replay:WaspNest":68,"Omamori":35,"Seething Fire":0,"White Beast Statue":17,"thefirefly:UpgradedSystem":13,"Calling Bell":40,"Pondfish Scales":22,"Busted Crown":40,"ChewingGum":40,"Art of War":14,"Garlic":61,"Bottled Lightning":44},{"Divine Protection":230,"Gremlin Horn":163,"thefirefly:TimeCapsule":305,"CeramicFish":332,"Vajra":441,"Hammer of Thor":0,"Ring of Searing":105,"Blood Vial":441,"Centennial Puzzle":251,"Sundial":230,"Iron Hammer":372,"Kunai":134,"MerchantsRug":471,"Pear":348,"ReplayTheSpireMod:CursedCoin":354,"ReplayTheSpireMod:Ring of Addiction":105,"Replay:Grab Bag":243,"Replay:Ancient Bell":134,"War Paint":315,"Question Card":25,"WarpedTongs":361,"SlaversCollar":243,"Replay:Baseball":60,"Anvil of the Gods":0,"Onion Ring":457,"ReplayTheSpireMod:TigerMarble":243,"Abe\u0027s Treasure":191,"Darkstone Periapt":243,"Singing Bowl":408,"thefirefly:LongRangeScanner":55,"SacredBark":387,"Blue Doll":408,"Juzu Bracelet":203,"Replay:Multitool":243,"Replay:Mystery Machine":95,"PrismaticShard":105,"Smiling Mask":163,"Cursed Key":468,"Pet Ghost":55,"ClockworkSouvenir":441,"Chameleon Ring":105,"Matryoshka":348,"thefirefly:RepairArm":112,"Gambling Chip":247,"Red Mask":279,"thefirefly:StealthSystem":0,"Runesmith:Nanobots":257,"Lee\u0027s Waffle":348,"NeowsBlessing":30,"Quantum Egg":216,"Guide Book":471,"Replay:WaspNest":399,"Omamori":216,"Seething Fire":0,"White Beast Statue":105,"thefirefly:UpgradedSystem":82,"Calling Bell":243,"Pondfish Scales":134,"Busted Crown":243,"ChewingGum":243,"Art of War":90,"Garlic":364,"Bottled Lightning":261}]},"card_choices":[{"not_picked":["thefirefly:Boost","thefirefly:QuantumTunneling"],"picked":"thefirefly:AutoTargeting","floor":1},{"not_picked":["Sword Boomerang","Iron Wave","MarkedMod:OneThousandNeedles"],"picked":"SKIP","floor":5},{"not_picked":["thefirefly:SteadyAim","champ:StanceDance","Replay:Anticipation"],"picked":"SKIP","floor":7},{"not_picked":["Guardian:EvasiveProtocol","ReplaySort","Flex"],"picked":"SKIP","floor":8},{"not_picked":["hermit:BodyArmor","hexamod:Hexaguard","stsjorbsmod:Accumulation"],"picked":"SKIP","floor":12},{"not_picked":["Slimebound:ItLooksTasty","Slimebound:RollThrough","Warcry"],"picked":"SKIP","floor":13},{"not_picked":["hexamod:SwordOfDarkness+1","hermit:Cheat","sneckomod:UnknownExhaust"],"picked":"SKIP","floor":18},{"not_picked":["thefirefly:Reposition+1","thefirefly:StoredPower","thefirefly:Exile+1"],"picked":"SKIP","floor":20},{"not_picked":["thefirefly:ShieldArray","thefirefly:InterceptingShot"],"picked":"thefirefly:AutoTargeting","floor":21}],"player_experience":807919,"relics_obtained":[{"floor":9,"key":"Kunai"},{"floor":13,"key":"Onion Ring"}],"event_choices":[{"damage_healed":0,"gold_gain":0,"player_choice":"Grow","damage_taken":0,"max_hp_gain":0,"max_hp_loss":0,"event_name":"Living Wall","floor":2,"gold_loss":0,"cards_upgraded":["expansioncontent:DecasProtection"]},{"damage_healed":0,"gold_gain":0,"player_choice":"Donut","damage_taken":0,"max_hp_gain":5,"max_hp_loss":0,"event_name":"Big Fish","floor":14,"gold_loss":0},{"damage_healed":0,"gold_gain":0,"player_choice":"Damaged","damage_taken":6,"max_hp_gain":0,"max_hp_loss":0,"event_name":"Wheel of Change","floor":22,"gold_loss":0}],"is_beta":false,"boss_relics":[{"not_picked":["Fusion Hammer","Black Star"],"picked":"Cursed Key"}],"items_purged_floors":[],"is_endless":false,"potions_floor_spawned":[1,7,8,18],"killed_by":"Book of Stabbing","ascension_level":0}}