{"host":"7sk3e531r3h0bwt2","time":1609589890,"event":{"mods":["Ascension Reborn","BaseMod","Colored Powertips","KinomotoSakuraMod(ƒæ÷Æ±æ”£)","Lobotomy","LobotomyExtend","Marisa£®ÏF”Í°°ƒß¿Ì…≥£©","Minty Spire (QoL Compilation)","Remilia£®¿Ÿ√◊¿Ú—«£©","UnlockEverythingMod","Waifu the Spire","Youmu£®ªÍ∆«—˝√Œ£©","Yuyuko","noobMod"],"gold_per_floor":[119,119,142,160,178,178,191,232,232,232,232,256,118,118,118,268,268,303,325,148,170,207,207,207,115,201,224,266,266,295,210,210,365,365,383,383,412,200,276,301,301,301,392,438,319,319,319,319,319],"floor_reached":50,"playtime":4629,"items_purged":["Wraith"],"score":150,"play_id":"b186cc69-2345-4662-ba27-e8087923502b","local_time":"20210102201810","is_ascension_mode":true,"campfire_choices":[{"data":"PowerUp","floor":6,"key":"SMITH"},{"floor":10,"key":"RECALL"},{"floor":15,"key":"REST"},{"data":"PulseMagic","floor":23,"key":"SMITH"},{"data":"JA","floor":29,"key":"SMITH"},{"data":"PulseMagic","floor":32,"key":"SMITH"},{"data":"SprinkleStarSeal","floor":41,"key":"SMITH"},{"data":"MilkyWay","floor":46,"key":"SMITH"}],"circlet_count":0,"master_deck":["Strike_MRS+1","Strike_MRS+1","Strike_MRS+1","Strike_MRS+1","Defend_MRS+1","Defend_MRS+1","Defend_MRS+1","Defend_MRS+1","MasterSpark+1","UpSweep+1","PowerUp+1","PulseMagic+1","Singularity","SporeBomb","DoubleSpark+1","MilkyWay+1","6A+1","PulseMagic+1","JA+1","6A+1","LuminesStrike+1","GalacticHalo","LuminesStrike","NonDirectionalLaser+1","Orbital+1","OrrerysSun+1","StarBarrage+1","BigCrunch","UnstableBomb+1","StarlightTyphoon+1","FairyDestructionRay","StarlightTyphoon","GalacticHalo+1","SprinkleStarSeal+1","GravityBeat+1","AsteroidBelt"],"relics":["MiniHakkero","ice","RabbitCall","LetterFromLob","CaptainsWheel","TungstenRod","The Courier","Lee\u0027s Waffle","Golden Idol","Bird Faced Urn","RampagingMagicTools","Sundial","Red Mask","PreservedInsect","Orichalcum","ClockworkSouvenir","Potion Belt","Bottled Tornado","MealTicket","Juzu Bracelet","Du-Vu Doll","ExperimentalFamiliar","Bag of Preparation","Whetstone","Peace Pipe","Darkstone Periapt","Torii","Pear","Ancient Tea Set","Pen Nib"],"acts_visited":["Exordium","TheCity","TheBeyond"],"potions_floor_usage":[33,47,49,50,50,50],"damage_taken":[{"damage":0,"enemies":"Cultist","floor":1,"turns":2},{"damage":0,"enemies":"2 Louse","floor":3,"turns":1},{"damage":0,"enemies":"Small Slimes","floor":4,"turns":2},{"damage":0,"enemies":"Exordium Wildlife","floor":5,"turns":2},{"damage":0,"enemies":"Gremlin Gang","floor":7,"turns":3},{"damage":0,"enemies":"Gremlin Nob","floor":8,"turns":2},{"damage":1,"enemies":"2 Fungi Beasts","floor":12,"turns":2},{"damage":0,"enemies":"Slime Boss","floor":16,"turns":4},{"damage":8,"enemies":"2 Thieves","floor":18,"turns":3},{"damage":0,"enemies":"Shell Parasite","floor":19,"turns":3},{"damage":3,"enemies":"Chosen and Byrds","floor":21,"turns":4},{"damage":0,"enemies":"Masked Bandits","floor":22,"turns":2},{"damage":0,"enemies":"Snake Plant","floor":27,"turns":3},{"damage":0,"enemies":"Gremlin Leader","floor":28,"turns":2},{"damage":0,"enemies":"3 Cultists","floor":30,"turns":3},{"damage":14,"enemies":"Collector","floor":33,"turns":5},{"damage":2,"enemies":"Orb Walker","floor":35,"turns":2},{"damage":3,"enemies":"3 Shapes","floor":37,"turns":2},{"damage":0,"enemies":"Mind Bloom Boss Battle","floor":39,"turns":2},{"damage":0,"enemies":"Sphere and 2 Shapes","floor":40,"turns":2},{"damage":0,"enemies":"Reptomancer","floor":44,"turns":1},{"damage":0,"enemies":"Spire Growth","floor":47,"turns":1},{"damage":0,"enemies":"Donu and Deca","floor":49,"turns":6},{"damage":13,"enemies":"Malkuth","floor":50,"turns":7},{"damage":0,"enemies":"Netzach","floor":50,"turns":6},{"damage":151,"enemies":"Chesed","floor":50,"turns":8},{"damage":88,"enemies":"Binah","floor":50,"turns":15},{"damage":190,"enemies":"Angela","floor":50,"turns":10}],"seed_played":"-8769577821699045870","potions_obtained":[{"floor":1,"key":"Dexterity Potion"},{"floor":3,"key":"ShroomBrew"},{"floor":3,"key":"Fire Potion"},{"floor":16,"key":"SmokeBomb"},{"floor":27,"key":"SteroidPotion"},{"floor":28,"key":"EssenceOfSteel"},{"floor":33,"key":"LiquidBronze"}],"is_trial":false,"path_per_floor":["M","?","M","M","M","R","M","E","T","R","M","M","$","?","R","B",null,"M","M","$","M","?","R","T","$","T","M","E","R","M","?","R","B",null,"M","?","M","$","?","M","R","?","T","E","$","R","M","?","B",null],"character_chosen":"MARISA","items_purchased":["PulseMagic","Lee\u0027s Waffle","Sundial","GalacticHalo","ClockworkSouvenir","Whetstone","FairyDestructionRay","StarlightTyphoon","Pen Nib","AsteroidBelt"],"campfire_rested":1,"item_purchase_floors":[13,13,20,20,25,38,38,38,45,45],"current_hp_per_floor":[80,80,80,80,80,80,80,80,80,80,80,79,87,67,87,92,92,84,87,87,84,84,84,84,84,84,84,87,87,90,90,90,88,97,95,95,94,97,97,97,97,97,107,107,107,107,107,107,112],"gold":319,"neow_bonus":"","is_daily":false,"chose_seed":false,"campfire_upgraded":6,"win_rate":0.0,"timestamp":1609589890,"path_taken":["M","?","M","M","M","R","M","E","T","R","M","M","$","?","R","BOSS","M","M","$","M","?","R","?","$","T","M","E","R","?","?","R","BOSS","M","?","M","$","?","M","R","?","T","E","$","R","M","?","BOSS"],"items_purchased_type":["Card","Relic","Relic","Card","Relic","Relic","Card","Card","Relic","Card"],"build_version":"2020-12-22","purchased_purges":1,"victory":true,"max_hp_per_floor":[80,80,80,80,80,80,80,80,80,80,80,80,87,87,87,92,92,92,92,92,92,92,92,92,92,92,92,92,92,92,92,92,97,97,97,97,97,97,97,97,97,97,107,107,107,107,107,107,112],"card_choices":[{"not_picked":["NonDirectionalLaser","WitchLeyline"],"picked":"PowerUp","floor":1},{"not_picked":["EventHorizon","WitchOfGreed"],"picked":"PulseMagic","floor":3},{"not_picked":["Acceleration+1","DC"],"picked":"Singularity","floor":4},{"not_picked":["GravityBeat","ShootingEcho+1"],"picked":"SporeBomb","floor":5},{"not_picked":["GrandCross","WitchLeyline"],"picked":"AsteroidBelt","floor":7},{"not_picked":["OortCloud","ShootingEcho+1"],"picked":"DoubleSpark","floor":8},{"not_picked":["CasketOfStar","EventHorizon+1"],"picked":"MilkyWay","floor":8},{"not_picked":["GasGiant","GrandCross"],"picked":"6A+1","floor":12},{"not_picked":["SatelliteIllusion","BlazingStar"],"picked":"JA","floor":16},{"not_picked":["ShootingEcho+1","DarkSpark+1"],"picked":"6A+1","floor":18},{"not_picked":["WitchOfGreed+1","MilkyWay+1"],"picked":"LuminesStrike+1","floor":19},{"not_picked":["EarthLightRay","DoubleSpark"],"picked":"LuminesStrike","floor":21},{"not_picked":["EnergyFlow+1","AbsoluteMagnitude"],"picked":"NonDirectionalLaser","floor":22},{"not_picked":["ShootingEcho","Occultation"],"picked":"Orbital+1","floor":27},{"not_picked":["GalacticHalo","WitchLeyline"],"picked":"OrrerysSun+1","floor":28},{"not_picked":["6A","WitchLeyline+1"],"picked":"StarBarrage+1","floor":30},{"not_picked":["UltimateShortwave","BlazingStar"],"picked":"BigCrunch","floor":33},{"not_picked":["WitchLeyline+1","Robbery+1"],"picked":"UnstableBomb+1","floor":35},{"not_picked":["OneTimeOff+1","MysteriousBeam+1"],"picked":"StarlightTyphoon+1","floor":37},{"not_picked":["WitchLeyline","DC+1"],"picked":"GalacticHalo+1","floor":39},{"not_picked":["PowerUp+1","WitchOfGreed+1"],"picked":"SprinkleStarSeal","floor":40},{"not_picked":["StarDustReverie","DoubleSpark"],"picked":"GravityBeat+1","floor":44}],"player_experience":57333,"relics_obtained":[{"floor":1,"key":"LetterFromLob"},{"floor":4,"key":"CaptainsWheel"},{"floor":8,"key":"TungstenRod"},{"floor":9,"key":"The Courier"},{"floor":16,"key":"Bird Faced Urn"},{"floor":22,"key":"Red Mask"},{"floor":24,"key":"PreservedInsect"},{"floor":24,"key":"Orichalcum"},{"floor":26,"key":"Potion Belt"},{"floor":26,"key":"Bottled Tornado"},{"floor":28,"key":"MealTicket"},{"floor":33,"key":"Du-Vu Doll"},{"floor":35,"key":"Bag of Preparation"},{"floor":39,"key":"Peace Pipe"},{"floor":40,"key":"Darkstone Periapt"},{"floor":43,"key":"Torii"},{"floor":43,"key":"Pear"},{"floor":44,"key":"Ancient Tea Set"}],"event_choices":[{"damage_healed":0,"gold_gain":0,"player_choice":"Fled","damage_taken":0,"max_hp_gain":0,"max_hp_loss":0,"event_name":"Scrap Ooze","floor":2,"gold_loss":0},{"damage_healed":0,"gold_gain":0,"player_choice":"Take Damage","damage_taken":21,"relics_obtained":["Golden Idol"],"max_hp_gain":0,"max_hp_loss":0,"event_name":"Golden Idol","floor":14,"gold_loss":0},{"damage_healed":0,"gold_gain":0,"player_choice":"Fought Bandits","damage_taken":0,"max_hp_gain":0,"max_hp_loss":0,"event_name":"Masked Bandits","floor":22,"gold_loss":0},{"damage_healed":0,"gold_gain":0,"player_choice":"Obtained Relic","damage_taken":0,"relics_obtained":["Juzu Bracelet"],"max_hp_gain":0,"max_hp_loss":0,"event_name":"Addict","floor":31,"gold_loss":85},{"damage_healed":0,"gold_gain":0,"player_choice":"Ignored","damage_taken":0,"max_hp_gain":0,"max_hp_loss":0,"event_name":"OrinTheCat","floor":36,"gold_loss":0},{"damage_healed":0,"gold_gain":0,"player_choice":"Fight","damage_taken":0,"max_hp_gain":0,"max_hp_loss":0,"event_name":"MindBloom","floor":39,"gold_loss":0},{"cards_removed":["AsteroidBelt"],"damage_healed":0,"gold_gain":0,"player_choice":"Removed Skill","damage_taken":0,"max_hp_gain":0,"max_hp_loss":0,"event_name":"Falling","floor":42,"gold_loss":0},{"damage_healed":0,"gold_gain":0,"player_choice":"Took Portal","damage_taken":0,"max_hp_gain":0,"max_hp_loss":0,"event_name":"SecretPortal","floor":48,"gold_loss":0}],"is_beta":false,"boss_relics":[{"not_picked":["Coffee Dripper","Snecko Eye"],"picked":"RampagingMagicTools"},{"not_picked":["Sozu","Calling Bell"],"picked":"ExperimentalFamiliar"}],"items_purged_floors":[38],"is_endless":false,"potions_floor_spawned":[3,7,12,16,18,22,33,37,40,47],"ascension_level":-20}}