{"host":"344lv32hnei0mdhu","time":1609621843,"event":{"mods":["Act Like it!","BaseMod","Better Match","Better Sensory Stone","Better Skull","Better Third Choice","Better Vampires","Colored Powertips","Highlight Path","Minty Spire (QoL Compilation)","Quick Restart","Random Character Button","Rare Cards Sparkle","StSLib"],"gold_per_floor":[119,44,64,64,26,26,60,76,76,76,86,101,111,144,144,243,243,260,260,260,279,193,193,219,219,219,230,230,230,248,268,268,268,268],"floor_reached":33,"playtime":1468,"items_purged":[],"score":576,"play_id":"8ec70473-aa72-481d-af34-c75baa640cb4","local_time":"20210102151043","is_ascension_mode":true,"campfire_choices":[{"data":"Whirlwind","floor":6.0,"key":"SMITH"},{"data":"Entrench","floor":15,"key":"SMITH"},{"data":"Spot Weakness","floor":23,"key":"SMITH"},{"floor":25,"key":"REST"},{"data":"Flame Barrier","floor":29,"key":"SMITH"},{"floor":32,"key":"REST"}],"circlet_count":0,"master_deck":["Strike_R","Strike_R","Strike_R","Strike_R","Defend_R","Defend_R","Defend_R","Defend_R","Bash","Infernal Blade","Immolate+1","Barricade+1","Limit Break+1","Uppercut","Whirlwind+1","Flame Barrier+1","Double Tap","Thunderclap+1","Thunderclap+1","Entrench+1","Anger+1","Spot Weakness+1","Rage","Heavy Blade+1","Iron Wave+1","Iron Wave+1","Thunderclap+1"],"relics":["Burning Blood","NeowsBlessing","Molten Egg 2","Paper Frog","Question Card","Sozu","MutagenicStrength","Bottled Tornado","Darkstone Periapt"],"acts_visited":["Exordium","TheCity"],"potions_floor_usage":[14,16,28],"damage_taken":[{"damage":0.0,"enemies":"2 Louse","floor":1.0,"turns":1.0},{"damage":0.0,"enemies":"Cultist","floor":3.0,"turns":1.0},{"damage":0.0,"enemies":"Lagavulin","floor":7.0,"turns":1.0},{"damage":8.0,"enemies":"Small Slimes","floor":8.0,"turns":2.0},{"damage":9.0,"enemies":"Exordium Wildlife","floor":11.0,"turns":5.0},{"damage":1,"enemies":"3 Louse","floor":12,"turns":2},{"damage":0,"enemies":"Lots of Slimes","floor":13,"turns":1},{"damage":0,"enemies":"Gremlin Nob","floor":14,"turns":2},{"damage":0,"enemies":"Slime Boss","floor":16,"turns":10},{"damage":7,"enemies":"Chosen","floor":18,"turns":3},{"damage":23,"enemies":"Spheric Guardian","floor":21,"turns":4},{"damage":25,"enemies":"Gremlin Leader","floor":24,"turns":4},{"damage":24,"enemies":"Shelled Parasite and Fungi","floor":27,"turns":4},{"damage":0,"enemies":"Book of Stabbing","floor":28,"turns":1},{"damage":5,"enemies":"Cultist and Chosen","floor":30,"turns":4},{"damage":6,"enemies":"Sentry and Sphere","floor":31,"turns":4},{"damage":99,"enemies":"Champ","floor":33,"turns":12}],"seed_played":"-2164345603531956046","potions_obtained":[{"floor":1.0,"key":"SpeedPotion"},{"floor":12,"key":"SmokeBomb"},{"floor":13,"key":"DistilledChaos"},{"floor":14,"key":"Fruit Juice"}],"is_trial":false,"path_per_floor":["M","?","M","?","$","R","E","M","T","?","M","M","M","E","R","B",null,"M","?","?","M","$","R","E","R","T","M","E","R","M","M","R","B"],"character_chosen":"IRONCLAD","items_purchased":["Whirlwind","Rage","Heavy Blade+1"],"campfire_rested":2,"item_purchase_floors":[5,22,22],"current_hp_per_floor":[78,78,80,80,80,80,80,78,78,78,75,80,80,85,85,85,85,84,84,84,67,67,67,48,73,73,55,61,61,62,62,85,0,0],"gold":268,"neow_bonus":"THREE_ENEMY_KILL","is_daily":false,"chose_seed":false,"campfire_upgraded":4,"win_rate":0.0,"timestamp":1609621843,"path_taken":["M","?","M","?","?","R","E","M","T","?","M","M","?","E","R","BOSS","M","?","?","M","$","R","E","R","T","M","E","R","M","M","R","BOSS"],"items_purchased_type":["Card","Card","Card"],"build_version":"2020-12-22","purchased_purges":0,"victory":false,"max_hp_per_floor":[80,80,80,80,80,80,80,80,80,80,80,80,80,85,85,85,85,85,85,85,85,85,85,85,85,85,85,85,85,85,85,85,85,85],"card_choices":[{"not_picked":["Anger","Perfected Strike"],"picked":"Infernal Blade","floor":1.0},{"not_picked":["Feed+1","Barricade+1"],"picked":"Immolate+1","floor":2.0},{"not_picked":["Corruption+1","Double Tap+1"],"picked":"Barricade+1","floor":2.0},{"not_picked":["Offering+1","Juggernaut+1"],"picked":"Limit Break+1","floor":2.0},{"not_picked":["Headbutt","Hemokinesis"],"picked":"Uppercut","floor":3.0},{"not_picked":["Sever Soul+1","Battle Trance"],"picked":"Flame Barrier","floor":7.0},{"not_picked":["Infernal Blade","Clothesline+1"],"picked":"Double Tap","floor":8.0},{"not_picked":["Shrug It Off","Pommel Strike+1"],"picked":"Thunderclap+1","floor":11.0},{"not_picked":["Wild Strike+1","Body Slam+1"],"picked":"Thunderclap+1","floor":12},{"not_picked":["Carnage+1","Perfected Strike+1","Headbutt+1"],"picked":"SKIP","floor":13},{"not_picked":["Dark Embrace","Warcry"],"picked":"Entrench","floor":14},{"not_picked":["Armaments+1","Flex+1","Evolve"],"picked":"Anger+1","floor":18},{"not_picked":["Hemokinesis+1","Twin Strike+1","Iron Wave+1","Headbutt+1"],"picked":"SKIP","floor":21},{"not_picked":["Dropkick+1","Twin Strike+1","Wild Strike+1","Anger+1"],"picked":"SKIP","floor":24},{"not_picked":["Clash+1","Double Tap","Twin Strike+1"],"picked":"Iron Wave+1","floor":27},{"not_picked":["Seeing Red","Clash+1","Fire Breathing"],"picked":"Iron Wave+1","floor":30},{"not_picked":["Wild Strike+1","Brutality","Combust"],"picked":"Thunderclap+1","floor":31}],"player_experience":298875,"relics_obtained":[{"floor":7.0,"key":"Molten Egg 2"},{"floor":9.0,"key":"Paper Frog"},{"floor":14,"key":"Question Card"},{"floor":24,"key":"Bottled Tornado"},{"floor":26,"key":"Darkstone Periapt"}],"event_choices":[{"damage_healed":0.0,"max_hp_gain":0.0,"max_hp_loss":0.0,"gold_gain":0.0,"event_name":"betterMatch:BetterMatch","player_choice":"3","floor":2.0,"gold_loss":0.0,"damage_taken":0.0,"cards_obtained":["betterMatch:RareCard"]},{"damage_healed":80.0,"max_hp_gain":0.0,"max_hp_loss":80.0,"gold_gain":0.0,"event_name":"betterThird:BetterShining","player_choice":"Leave","floor":4.0,"gold_loss":0.0,"damage_taken":0.0},{"cards_removed":["Strike_R"],"damage_healed":0.0,"max_hp_gain":0.0,"max_hp_loss":0.0,"gold_gain":0.0,"event_name":"Purifier","player_choice":"Purged","floor":10.0,"gold_loss":0.0,"damage_taken":0.0},{"damage_healed":0,"gold_gain":0,"player_choice":"Read","damage_taken":0,"max_hp_gain":0,"max_hp_loss":0,"event_name":"The Library","floor":19,"gold_loss":0,"cards_obtained":["Spot Weakness"]},{"damage_healed":0,"gold_gain":0,"player_choice":"Inject Mutagens","damage_taken":0,"relics_obtained":["MutagenicStrength"],"max_hp_gain":0,"max_hp_loss":0,"event_name":"Drug Dealer","floor":20,"gold_loss":0}],"is_beta":false,"boss_relics":[{"not_picked":["Runic Pyramid","SlaversCollar"],"picked":"Sozu"}],"items_purged_floors":[],"is_endless":false,"potions_floor_spawned":[1,12,13,14,24,27,28,30],"killed_by":"Champ","ascension_level":9}}