{"host":"fhq3k2nq5elnbks3","time":1609585117,"event":{"mods":["2.2 Compatiblity","AchievementEnabler","Act Like it!","AlwaysNeverKeys","Aspiration","BaseMod","Better Altar","Better Vampires","Better-Laid Plans","Block Reminder","CCEM","Card Filter","Colored Powertips","Displayed Cursed Tome","Downfall","Ekko","Fireblade Mod","Friendly Minions","GifTheSpireLib","Gremlin Skip","HololiveMod","Jorbs\u0027s Wanderer Trilogy","Koishi","Marisa????????","Mathemortician","Minty Spire (QoL Compilation)","Onozuka Komachi Mod","Pale of the Ancients","Permanent Neow","Prisma Mod","Quick Restart","Reimu??????","Relic Filter","Robot Space Explorer","Shop Mod","Spikes Relics","StSLib","SuperFastMode","The Animator","The Blackbeard","The Cursed","The Gatherer","The Hierophant","The Runesmith","The Servant 0.9.4","The Trickster","The Wild Card","TheBandit","Trackpad","Transform Curses","Uncapped","Unknown Chances","thorton","vexMod"],"gold_per_floor":[24,40,57,70,85,99,99,84,104,29,46,79,4,19,39,140,140,140,140,140],"floor_reached":19,"playtime":1246,"items_purged":[],"score":198,"play_id":"44669b0f-4bda-4b4e-9098-838cc51ef095","local_time":"20210102045837","is_ascension_mode":false,"campfire_choices":[{"data":"sneckomod:SnekBite","floor":1,"key":"SMITH"},{"data":"sneckomod:SoulRoll","floor":10,"key":"SMITH"},{"data":"sneckomod:TailWhip","floor":13,"key":"SMITH"},{"data":"sneckomod:UnknownRarePower","floor":18,"key":"SMITH"}],"circlet_count":0,"master_deck":["sneckomod:Strike","sneckomod:Strike","sneckomod:Strike","sneckomod:Defend","sneckomod:Defend","sneckomod:Defend","sneckomod:TailWhip+1","sneckomod:SnekBite+1","sneckomod:Unknown","sneckomod:Unknown","sneckomod:SoulRoll+1","sneckomod:UnknownClassTHE_UNNAMED","sneckomod:UnknownClassCULL_RED_COLOR","sneckomod:UnknownRareAttack","sneckomod:UnknownRarePower+1"],"relics":["sneckomod:SneckoSoul","Hololive_LightStick","downfall:HeartBlessingRed","aspiration:FrozenJewel","downfall:HeartBlessingGreen","CCEMRelics:SpiritsEdge","downfall:HeartBlessingBlue","thethorton:CrushedCigarette"],"acts_visited":["Exordium","TheCity"],"potions_floor_usage":[],"damage_taken":[{"damage":0,"enemies":"Cultist","floor":2,"turns":2},{"damage":0,"enemies":"2 Louse","floor":3,"turns":2},{"damage":0,"enemies":"Small Slimes","floor":4,"turns":2},{"damage":0,"enemies":"Red Slaver","floor":5,"turns":2},{"damage":5,"enemies":"Blue Slaver","floor":6,"turns":4},{"damage":0,"enemies":"downfall:FleeingMerchant","floor":8,"turns":4},{"damage":0,"enemies":"3 Louse","floor":9,"turns":1},{"damage":0,"enemies":"Large Slime","floor":11,"turns":4},{"damage":0,"enemies":"Gremlin Nob","floor":12,"turns":3},{"damage":0,"enemies":"Exordium Wildlife","floor":14,"turns":3},{"damage":4,"enemies":"Blue Slaver","floor":15,"turns":2},{"damage":44,"enemies":"downfall:Watcher","floor":16,"turns":6},{"damage":0,"enemies":"Chosen","floor":19,"turns":1}],"seed_played":"1896392245019961434","potions_obtained":[{"floor":2,"key":"Explosive Potion"},{"floor":4,"key":"sneckomod:OffclassReductionPotion"},{"floor":12,"key":"sneckomod:DiceRollPotion"}],"is_trial":false,"path_per_floor":["R","M","M","M","M","M","T","$","M","R","M","E","R","M","M","B",null,"R","M"],"character_chosen":"THE_SNECKO","items_purchased":[],"campfire_rested":0,"item_purchase_floors":[],"current_hp_per_floor":[90,90,90,90,91,88,88,89,89,89,89,89,99,99,99,56,104,104,104,104],"gold":140,"neow_bonus":"RANDOM_COMMON_RELIC","is_daily":false,"chose_seed":false,"campfire_upgraded":4,"win_rate":0.0,"timestamp":1609585117,"path_taken":["R","M","M","M","M","M","T","?","M","R","M","E","R","M","M","BOSS","R","M"],"items_purchased_type":[],"build_version":"2020-12-22","purchased_purges":0,"victory":false,"max_hp_per_floor":[90,90,90,90,91,92,92,93,93,93,93,93,103,103,103,104,104,104,104,104],"card_choices":[{"not_picked":["sneckomod:DiceBlock","sneckomod:QuickMove","sneckomod:WideSting"],"picked":"SKIP","floor":2},{"not_picked":["sneckomod:UnknownClassTHE_ANIMATOR","sneckomod:UnknownClassCHLOE_RED","sneckomod:SoulRoll"],"picked":"SKIP","floor":3},{"not_picked":["sneckomod:UnknownClassTHE_ANIMATOR","sneckomod:UnknownClassCHLOE_RED"],"picked":"sneckomod:SoulRoll","floor":3},{"not_picked":["sneckomod:Unknown1Cost","sneckomod:DangerNoodle","sneckomod:QuickBite"],"picked":"SKIP","floor":4},{"not_picked":["sneckomod:RainOfDice","sneckomod:Nope"],"picked":"sneckomod:UnknownClassTHE_UNNAMED","floor":5},{"not_picked":["sneckomod:UnknownVulnerable","sneckomod:QuickBite"],"picked":"sneckomod:UnknownClassCULL_RED_COLOR","floor":6},{"not_picked":["sneckomod:SerpentIdol","sneckomod:UnknownClassRED"],"picked":"sneckomod:UnknownRareAttack","floor":8},{"not_picked":["sneckomod:UnknownClassBLUE","sneckomod:DiceBlock","sneckomod:Nope"],"picked":"SKIP","floor":9},{"not_picked":["sneckomod:IronFang","sneckomod:SoulDraw","sneckomod:UnknownClassSLIMEBOUND"],"picked":"SKIP","floor":11},{"not_picked":["sneckomod:UnknownExhaust","sneckomod:UnknownClassGATHERER_LIME","sneckomod:UnknownClassSILVER"],"picked":"SKIP","floor":12},{"not_picked":["sneckomod:Unknown2Cost","sneckomod:SoulRoll","sneckomod:DiceBlock"],"picked":"SKIP","floor":14},{"not_picked":["sneckomod:UnknownClassGUARDIAN","sneckomod:UnknownVulnerable","sneckomod:MorePower"],"picked":"SKIP","floor":15},{"not_picked":["sneckomod:Mudshield","sneckomod:SoulExchange"],"picked":"sneckomod:UnknownRarePower","floor":16}],"player_experience":574968,"relics_obtained":[{"floor":7,"key":"aspiration:FrozenJewel"},{"floor":12,"key":"CCEMRelics:SpiritsEdge"}],"event_choices":[],"is_beta":false,"boss_relics":[{"not_picked":["aspiration:MobileForge","aspiration:SilentSkillbook"],"picked":"thethorton:CrushedCigarette"}],"items_purged_floors":[],"is_endless":false,"potions_floor_spawned":[2,4,12,14,16],"killed_by":"Chosen","ascension_level":0}}