{"host":"nlbr7nnijupf3yfg","time":1609610042,"event":{"mods":["AchievementEnabler","BaseMod","Colored Powertips","DeckTracker","Downfall","Hubris","Minty Spire (QoL Compilation)","Replay The Spire","StSLib","SuperFastMode"],"gold_per_floor":[116,116,133,133,133,163,182,182,209,219,74,74,102,102,102,199,199,217,317,330,340,360,360,377,394,394,407,322,322,322,347,347,451,451,464,481,5249,5249,5249,5249,4049,4049],"floor_reached":41,"playtime":891,"items_purged":["Decay"],"score":776,"play_id":"6e5adc55-13d9-49bc-88ab-f3880d9d29a0","local_time":"20210102125402","is_ascension_mode":true,"campfire_choices":[{"floor":8,"key":"REST"},{"floor":12,"key":"REST"},{"floor":15,"key":"REST"},{"floor":23,"key":"REST"},{"floor":29,"key":"REST"},{"floor":32,"key":"REST"},{"data":"Fire Breathing","floor":40,"key":"SMITH"}],"circlet_count":0,"master_deck":["Strike_R","Strike_R+1","Strike_R","Strike_R+1","Strike_R","Defend_R","Defend_R+1","Defend_R+1","Defend_R+1","Bash+1","Immolate","Thunderclap","ReplayTheSpireMod:Strike From Hell","Spot Weakness+1","Inflame","Shockwave","Demon Form+1","Shrug It Off+1","Cleave+1","Warcry+1","Flame Barrier","Rupture","Infernal Blade+1","Whirlwind","Fire Breathing+1","ReplayTheSpireMod:IOU","ReplayTheSpireMod:IOU","ReplayTheSpireMod:IOU","ReplayTheSpireMod:IOU","ReplayTheSpireMod:IOU","ReplayTheSpireMod:IOU","ReplayTheSpireMod:IOU","ReplayTheSpireMod:IOU","ReplayTheSpireMod:IOU","ReplayTheSpireMod:IOU","ReplayTheSpireMod:IOU","ReplayTheSpireMod:IOU","ReplayTheSpireMod:IOU","ReplayTheSpireMod:IOU","ReplayTheSpireMod:IOU","ReplayTheSpireMod:IOU","ReplayTheSpireMod:IOU","ReplayTheSpireMod:IOU","ReplayTheSpireMod:IOU","ReplayTheSpireMod:IOU","ReplayTheSpireMod:IOU","ReplayTheSpireMod:IOU","ReplayTheSpireMod:IOU","ReplayTheSpireMod:IOU","ReplayTheSpireMod:IOU","ReplayTheSpireMod:IOU","ReplayTheSpireMod:IOU","ReplayTheSpireMod:IOU","ReplayTheSpireMod:IOU","ReplayTheSpireMod:IOU","ReplayTheSpireMod:IOU","ReplayTheSpireMod:IOU","ReplayTheSpireMod:IOU","ReplayTheSpireMod:IOU","ReplayTheSpireMod:IOU","ReplayTheSpireMod:IOU","ReplayTheSpireMod:IOU","ReplayTheSpireMod:IOU","ReplayTheSpireMod:IOU","ReplayTheSpireMod:IOU","ReplayTheSpireMod:IOU","ReplayTheSpireMod:IOU","ReplayTheSpireMod:IOU","ReplayTheSpireMod:IOU","ReplayTheSpireMod:IOU","ReplayTheSpireMod:IOU","Chrysalis","Ghostly Armor"],"relics":["Burning Blood","Gremlin Food","hubris:IronBody","Replay:Wax Seal","Replay:Baseball","MealTicket","hubris:GrandSneckoEye","Replay:Bottled Steam","PreservedInsect","Simple Rune","ChewingGum","hubris:BottledRain","TungstenRod","Medical Kit"],"acts_visited":["Exordium","TheCity","TheBeyond"],"potions_floor_usage":[20,20,41,41],"damage_taken":[{"damage":14,"enemies":"Jaw Worm","floor":1,"turns":3},{"damage":1,"enemies":"2 Louse","floor":3,"turns":2},{"damage":34,"enemies":"3 Sentries","floor":6,"turns":7},{"damage":0,"enemies":"Cultist","floor":7,"turns":2},{"damage":11,"enemies":"Red Slaver","floor":10,"turns":2},{"damage":51,"enemies":"Lagavulin","floor":13,"turns":6},{"damage":32,"enemies":"Hexaghost","floor":16,"turns":8},{"damage":25,"enemies":"Shell Parasite","floor":18,"turns":6},{"damage":18,"enemies":"3 Byrds","floor":20,"turns":4},{"damage":14,"enemies":"3 Cultists","floor":21,"turns":4},{"damage":19,"enemies":"Shelled Parasite and Fungi","floor":22,"turns":3},{"damage":13,"enemies":"Snecko","floor":24,"turns":5},{"damage":12,"enemies":"Snake Plant","floor":25,"turns":3},{"damage":7,"enemies":"Shelled Parasite and Fungi","floor":27,"turns":3},{"damage":18,"enemies":"Gremlin Leader","floor":31,"turns":4},{"damage":7,"enemies":"Automaton","floor":33,"turns":8},{"damage":8,"enemies":"Orb Walker","floor":35,"turns":3},{"damage":18,"enemies":"3 Shapes","floor":36,"turns":3},{"damage":83,"enemies":"3 Darklings","floor":41,"turns":6}],"seed_played":"-5717044891405546119","potions_obtained":[{"floor":6,"key":"AttackPotion"},{"floor":10,"key":"champ:CounterPotion"},{"floor":16,"key":"Death Potion"},{"floor":24,"key":"SpeedPotion"},{"floor":27,"key":"Adrenaline Potion"},{"floor":33,"key":"SkillPotion"}],"is_trial":false,"path_per_floor":["M","?","M","?","?","E","M","R","T","M","$","R","E","?","R","B",null,"M","?","M","M","M","R","M","M","T","M","?","R","?","E","R","B",null,"M","M","$","?","?","R","M"],"character_chosen":"IRONCLAD","items_purchased":["Replay:Baseball","Fire Breathing","hubris:BottledRain","TungstenRod","Medical Kit","Chrysalis"],"campfire_rested":6,"item_purchase_floors":[11,37,37,37,37,37],"current_hp_per_floor":[48,48,53,50,50,22,28,52,52,47,47,71,26,52,76,50,73,54,54,42,34,21,45,38,32,32,31,31,55,55,43,67,66,77,75,63,78,78,78,78,0,0],"gold":4049,"neow_bonus":"THREE_RARE_CARDS","is_daily":false,"chose_seed":false,"campfire_upgraded":1,"win_rate":0.0,"timestamp":1609610042,"path_taken":["M","?","M","?","?","E","M","R","T","?","?","R","E","?","R","BOSS","M","?","?","?","M","R","M","M","T","M","?","R","?","E","R","BOSS","M","M","$","?","?","R","M"],"items_purchased_type":["Relic","Card","Relic","Relic","Relic","Card"],"build_version":"2020-12-22","purchased_purges":1,"victory":false,"max_hp_per_floor":[80,80,80,80,80,80,80,80,80,80,80,80,80,80,80,80,80,80,80,80,80,80,80,80,80,80,80,80,80,80,80,80,80,80,80,80,80,80,80,80,80,80],"card_choices":[{"not_picked":["hubris:StunningStrike","Feed"],"picked":"Immolate","floor":0},{"not_picked":["Power Through","Carnage"],"picked":"Thunderclap","floor":1},{"not_picked":["hubris:CleavingFinish","Clash"],"picked":"ReplayTheSpireMod:Strike From Hell","floor":3},{"not_picked":["Thunderclap","Wild Strike"],"picked":"Spot Weakness","floor":6},{"not_picked":["Twin Strike","Havoc","True Grit"],"picked":"SKIP","floor":7},{"not_picked":["Eclipse","Shrug It Off"],"picked":"Inflame","floor":10},{"not_picked":["True Grit","Dropkick"],"picked":"Shockwave","floor":13},{"not_picked":["Eclipse","Replay:Many Hands"],"picked":"Demon Form","floor":16},{"not_picked":["hubris:SharpeningStone","Heavy Blade"],"picked":"Shrug It Off+1","floor":18},{"not_picked":["Shrug It Off","Defy Death"],"picked":"Cleave","floor":20},{"not_picked":["Disarm","Havoc","Thunderclap"],"picked":"SKIP","floor":21},{"not_picked":["Sword Boomerang","ReplayTheSpireMod:Stacked"],"picked":"Warcry+1","floor":22},{"not_picked":["Battle Trance","hubris:ReadiedAction"],"picked":"Flame Barrier","floor":24},{"not_picked":["Searing Blow","Bloodletting+1","Hemogenesis"],"picked":"SKIP","floor":25},{"not_picked":["Armaments+1","Clothesline+1"],"picked":"Rupture","floor":27},{"not_picked":["Abandon+1","Intimidate","True Grit"],"picked":"SKIP","floor":31},{"not_picked":["Shockwave+1","Flex+1"],"picked":"Infernal Blade+1","floor":35},{"not_picked":["Shrug It Off+1","Pommel Strike"],"picked":"Whirlwind","floor":36}],"player_experience":28465,"relics_obtained":[{"floor":6,"key":"hubris:IronBody"},{"floor":9,"key":"Replay:Wax Seal"},{"floor":13,"key":"MealTicket"},{"floor":26,"key":"Replay:Bottled Steam"},{"floor":31,"key":"Simple Rune"}],"event_choices":[{"damage_healed":0,"gold_gain":0,"player_choice":"Success","damage_taken":3,"relics_obtained":["Gremlin Food"],"max_hp_gain":0,"max_hp_loss":0,"event_name":"Scrap Ooze","floor":4,"gold_loss":0},{"damage_healed":0,"gold_gain":0,"player_choice":"Cursed","damage_taken":0,"max_hp_gain":0,"max_hp_loss":0,"event_name":"Wheel of Change","floor":5,"gold_loss":0,"cards_obtained":["Decay"]},{"damage_healed":26,"gold_gain":0,"player_choice":"Banana","damage_taken":0,"max_hp_gain":0,"max_hp_loss":0,"event_name":"Big Fish","floor":14,"gold_loss":0},{"damage_healed":0,"gold_gain":100,"player_choice":"Pray","damage_taken":0,"max_hp_gain":0,"max_hp_loss":0,"event_name":"Golden Shrine","floor":19,"gold_loss":0},{"damage_healed":0,"gold_gain":0,"player_choice":"Obtained Relic","damage_taken":0,"relics_obtained":["PreservedInsect"],"max_hp_gain":0,"max_hp_loss":0,"event_name":"Addict","floor":28,"gold_loss":85},{"damage_healed":0,"gold_gain":0,"player_choice":"Got Potions","damage_taken":0,"max_hp_gain":0,"max_hp_loss":0,"event_name":"Lab","floor":30,"gold_loss":0}],"is_beta":false,"boss_relics":[{"not_picked":["SlaversCollar","Honey Jar"],"picked":"hubris:GrandSneckoEye"},{"not_picked":["Mark of Pain","hubris:HollowSoul"],"picked":"ChewingGum"}],"items_purged_floors":[37],"is_endless":false,"potions_floor_spawned":[6,10,16,24,27,31,33,35],"killed_by":"3 Darklings","ascension_level":5}}