{"host":"daa8jqyg4gqfaysm","time":1609598476,"event":{"mods":["BaseMod","Colored Powertips","Minty Spire (QoL Compilation)","StSLib"],"gold_per_floor":[114,129,129,139,152,152,180,180,180,180,180,180,214,48,48,126,126,143,154,134,149,159,159,190,190,240,258,270,299,319,350,350,427,427,444,1443,552,552,570,602,602,345,345,345,345,380,380,380,380,380,380,380,380,34,62,62],"floor_reached":57,"playtime":2671,"items_purged":["Normality","Normality"],"score":2977,"play_id":"5d2ab200-c138-43f9-9a33-24d53269a5a6","local_time":"20210102224116","is_ascension_mode":true,"campfire_choices":[{"data":"Bash","floor":6,"key":"SMITH"},{"data":"Pommel Strike","floor":8,"key":"SMITH"},{"data":"Cleave","floor":10,"key":"SMITH"},{"data":"Demon Form","floor":15,"key":"SMITH"},{"data":"Shrug It Off","floor":23,"key":"SMITH"},{"data":"Whirlwind","floor":25,"key":"SMITH"},{"data":"Shrug It Off","floor":32,"key":"SMITH"},{"data":"Impervious","floor":44,"key":"SMITH"},{"floor":47,"key":"RECALL"},{"data":"Shrug It Off","floor":49,"key":"SMITH"},{"data":"Feel No Pain","floor":53,"key":"SMITH"}],"circlet_count":0,"master_deck":["AscendersBane","Strike_R","Strike_R","Strike_R","Strike_R","Defend_R","Defend_R","Defend_R+1","Defend_R","Bash+1","Heavy Blade+1","Pommel Strike+1","Cleave+1","Shockwave+1","Demon Form+1","Reaper","Whirlwind+1","Shrug It Off+1","Feel No Pain+1","Shrug It Off+1","Impervious+1","Shrug It Off+1","Reaper+1","Shockwave"],"relics":["Coffee Dripper","Dead Branch","Pocketwatch","Lizard Tail","Happy Flower","Snecko Eye","Question Card","Pen Nib","Red Skull","Sozu","ClockworkSouvenir","Incense Burner","Gambling Chip","MealTicket","Frozen Eye","Molten Egg 2","Boot","Darkstone Periapt","Pantograph","Mummified Hand"],"acts_visited":["Exordium","TheCity","TheBeyond","TheEnding"],"potions_floor_usage":[55,56],"damage_taken":[{"damage":7,"enemies":"Jaw Worm","floor":1,"turns":4},{"damage":0,"enemies":"Cultist","floor":2,"turns":3},{"damage":0,"enemies":"2 Louse","floor":4,"turns":2},{"damage":6,"enemies":"Looter","floor":5,"turns":2},{"damage":8,"enemies":"Gremlin Nob","floor":7,"turns":3},{"damage":15,"enemies":"3 Sentries","floor":13,"turns":5},{"damage":28,"enemies":"Slime Boss","floor":16,"turns":5},{"damage":2,"enemies":"3 Byrds","floor":18,"turns":3},{"damage":21,"enemies":"Chosen","floor":19,"turns":8},{"damage":35,"enemies":"Shelled Parasite and Fungi","floor":21,"turns":6},{"damage":0,"enemies":"Chosen and Byrds","floor":22,"turns":3},{"damage":8,"enemies":"Gremlin Leader","floor":24,"turns":3},{"damage":1,"enemies":"Snake Plant","floor":27,"turns":3},{"damage":0,"enemies":"Centurion and Healer","floor":28,"turns":2},{"damage":10,"enemies":"Book of Stabbing","floor":29,"turns":4},{"damage":0,"enemies":"Snecko","floor":30,"turns":2},{"damage":0,"enemies":"Gremlin Leader","floor":31,"turns":3},{"damage":0,"enemies":"Collector","floor":33,"turns":4},{"damage":0,"enemies":"3 Shapes","floor":35,"turns":1},{"damage":1,"enemies":"3 Darklings","floor":39,"turns":4},{"damage":8,"enemies":"Giant Head","floor":40,"turns":5},{"damage":0,"enemies":"Nemesis","floor":46,"turns":5},{"damage":17,"enemies":"Time Eater","floor":50,"turns":8},{"damage":52,"enemies":"Awakened One","floor":51,"turns":10},{"damage":64,"enemies":"Shield and Spear","floor":55,"turns":5},{"damage":54,"enemies":"The Heart","floor":56,"turns":8}],"seed_played":"2670768375923728247","potions_obtained":[{"floor":1,"key":"SmokeBomb"},{"floor":2,"key":"Energy Potion"},{"floor":13,"key":"Regen Potion"}],"is_trial":false,"path_per_floor":["M","M","?","M","M","R","E","R","T","R","?","?","E","$","R","B",null,"M","M","?","M","M","R","E","R","T","M","M","E","M","E","R","B",null,"M","?","$","?","M","E","?","$","T","R","?","E","R","T","R","B","B",null,"R","$","E","B",null],"character_chosen":"IRONCLAD","items_purchased":["Happy Flower","ClockworkSouvenir","Incense Burner","Gambling Chip","Frozen Eye","Reaper+1","Pantograph"],"campfire_rested":0,"item_purchase_floors":[14,37,37,37,42,54,54],"current_hp_per_floor":[61,61,38,38,32,32,24,24,24,24,24,24,9,9,9,37,66,74,69,69,71,71,71,75,75,75,74,74,64,64,75,75,75,75,75,75,75,75,75,67,67,71,71,71,71,71,71,71,71,54,18,58,58,71,65,38],"gold":62,"neow_bonus":"BOSS_RELIC","is_daily":false,"chose_seed":false,"campfire_upgraded":10,"win_rate":0.0,"timestamp":1609598476,"path_taken":["M","M","?","M","M","R","E","R","T","R","?","?","E","$","R","BOSS","M","M","?","M","M","R","E","R","T","M","M","E","?","E","R","BOSS","M","?","$","?","M","E","?","$","T","R","?","E","R","?","R","BOSS","BOSS","R","$","E","BOSS"],"items_purchased_type":["Relic","Relic","Relic","Relic","Relic","Card","Relic"],"build_version":"2020-12-22","purchased_purges":2,"victory":true,"max_hp_per_floor":[75,75,75,75,75,75,75,75,75,75,75,75,75,75,75,75,75,75,75,75,75,75,75,75,75,75,75,75,75,75,75,75,75,75,75,75,75,75,75,75,71,71,71,71,71,71,71,71,71,71,71,71,71,71,71,71],"card_choices":[{"not_picked":["Entrench","Inflame"],"picked":"Heavy Blade","floor":1},{"not_picked":["Combust","Cleave"],"picked":"Pommel Strike","floor":2},{"not_picked":["Combust","Perfected Strike","Wild Strike"],"picked":"SKIP","floor":4},{"not_picked":["Iron Wave","Havoc"],"picked":"Cleave","floor":5},{"not_picked":["Fire Breathing","Brutality"],"picked":"Shockwave","floor":7},{"not_picked":["Warcry","Inflame"],"picked":"Demon Form","floor":13},{"not_picked":["Juggernaut","Barricade"],"picked":"Reaper","floor":16},{"not_picked":["Warcry","Pommel Strike"],"picked":"Whirlwind","floor":18},{"not_picked":["Twin Strike","Warcry","Rage"],"picked":"SKIP","floor":19},{"not_picked":["Flex","Warcry","Fire Breathing"],"picked":"SKIP","floor":21},{"not_picked":["Fiend Fire","Perfected Strike"],"picked":"Shrug It Off","floor":22},{"not_picked":["Infernal Blade","Power Through+1"],"picked":"Feel No Pain","floor":24},{"not_picked":["Reckless Charge","Pommel Strike","Twin Strike","Havoc+1"],"picked":"SKIP","floor":27},{"not_picked":["Reckless Charge","Pommel Strike","Twin Strike","Havoc+1"],"picked":"SKIP","floor":27},{"not_picked":["Clothesline","Inflame","Wild Strike","Headbutt"],"picked":"SKIP","floor":28},{"not_picked":["Twin Strike+1","Thunderclap","Wild Strike","Entrench"],"picked":"SKIP","floor":29},{"not_picked":["Hemokinesis","Cleave","Heavy Blade","Searing Blow"],"picked":"SKIP","floor":30},{"not_picked":["Seeing Red","Inflame","Thunderclap+1"],"picked":"Shrug It Off","floor":31},{"not_picked":["Berserk","Immolate","Brutality"],"picked":"Impervious","floor":33},{"not_picked":["Hemokinesis+1","Sword Boomerang","Iron Wave","True Grit"],"picked":"SKIP","floor":35},{"not_picked":["Juggernaut","Heavy Blade+1","Anger","Pommel Strike"],"picked":"SKIP","floor":39},{"not_picked":["Anger","Perfected Strike","Uppercut","Cleave"],"picked":"SKIP","floor":40},{"not_picked":["Heavy Blade+1","Intimidate","Fire Breathing"],"picked":"Shrug It Off","floor":46},{"not_picked":["Thunderclap+1","Dark Embrace+1","Burning Pact"],"picked":"Shockwave","floor":55}],"player_experience":769644,"relics_obtained":[{"floor":7,"key":"Dead Branch"},{"floor":9,"key":"Pocketwatch"},{"floor":13,"key":"Lizard Tail"},{"floor":24,"key":"Question Card"},{"floor":29,"key":"Pen Nib"},{"floor":31,"key":"Red Skull"},{"floor":40,"key":"MealTicket"},{"floor":43,"key":"Molten Egg 2"},{"floor":46,"key":"Boot"},{"floor":48,"key":"Darkstone Periapt"},{"floor":55,"key":"Mummified Hand"}],"event_choices":[{"damage_healed":0,"gold_gain":0,"player_choice":"Entered Light","damage_taken":23,"max_hp_gain":0,"max_hp_loss":0,"event_name":"Shining Light","floor":3,"gold_loss":0,"cards_upgraded":["Defend_R","Heavy Blade"]},{"damage_healed":0,"gold_gain":0,"player_choice":"Grow","damage_taken":0,"max_hp_gain":0,"max_hp_loss":0,"event_name":"Living Wall","floor":11,"gold_loss":0,"cards_upgraded":["Shockwave"]},{"damage_healed":0,"gold_gain":0,"player_choice":"Searched \u00270\u0027 times","damage_taken":0,"max_hp_gain":0,"max_hp_loss":0,"event_name":"Dead Adventurer","floor":12,"gold_loss":0},{"damage_healed":0,"gold_gain":0,"player_choice":"Bought 1 Potion","damage_taken":0,"max_hp_gain":0,"max_hp_loss":0,"event_name":"The Woman in Blue","floor":20,"gold_loss":0},{"damage_healed":0,"gold_gain":999,"player_choice":"Gold","damage_taken":0,"max_hp_gain":0,"max_hp_loss":0,"event_name":"MindBloom","floor":36,"gold_loss":0,"cards_obtained":["Normality","Normality"]},{"cards_removed":["Strike_R"],"damage_healed":0,"gold_gain":0,"player_choice":"Removed Attack","damage_taken":0,"max_hp_gain":0,"max_hp_loss":0,"event_name":"Falling","floor":38,"gold_loss":0},{"damage_healed":0,"gold_gain":0,"player_choice":"Max HP","damage_taken":0,"max_hp_gain":0,"max_hp_loss":4,"event_name":"Winding Halls","floor":41,"gold_loss":0},{"damage_healed":0,"gold_gain":0,"player_choice":"Ignored","damage_taken":0,"max_hp_gain":0,"max_hp_loss":0,"event_name":"Tomb of Lord Red Mask","floor":45,"gold_loss":0}],"is_beta":false,"boss_relics":[{"not_picked":["Cursed Key","Tiny House"],"picked":"Snecko Eye"},{"not_picked":["Mark of Pain","Philosopher\u0027s Stone"],"picked":"Sozu"}],"items_purged_floors":[37,42],"is_endless":false,"potions_floor_spawned":[1,2,13,19,21,22,28,30,33,35,46],"ascension_level":20}}