{"host":"lg1piimdyocafd6j","time":1609594360,"event":{"mods":["AchievementEnabler","BaseMod","Better Third Choice","BetterRewards","Colored Map","Colored Powertips","Downfall","Minty Spire (QoL Compilation)","Quick Restart","Rare Cards Sparkle","Remove Card Discount Mod","Shop Mod","StSLib","SuperFastMode"],"gold_per_floor":[115,115,115,115,134,167,179,191,276,302,389,250,250,263,263,263,263],"floor_reached":16,"playtime":528,"items_purged":["Defend_B","Defend_B","Dualcast","Zap","Strike_B","Strike_B","Defend_B"],"score":98,"play_id":"d544eb0e-2b96-4284-a344-26c1e5fa84ef","local_time":"20210102143240","is_ascension_mode":false,"campfire_choices":[{"floor":8,"key":"REST"},{"floor":13,"key":"RECALL"},{"floor":15,"key":"REST"}],"circlet_count":0,"master_deck":["Strike_B","Strike_B","Defend_B","Conserve Battery","Conserve Battery","Blizzard","Conserve Battery"],"relics":["Cracked Core","PreservedInsect","Dream Catcher","DataDisk","Golden Idol","Regal Pillow","MawBank","Membership Card"],"acts_visited":["Exordium"],"potions_floor_usage":[6],"damage_taken":[{"damage":0,"enemies":"2 Louse","floor":1,"turns":3},{"damage":0,"enemies":"Small Slimes","floor":5,"turns":4},{"damage":2,"enemies":"Lagavulin","floor":6,"turns":6},{"damage":0,"enemies":"Cultist","floor":10,"turns":4},{"damage":0,"enemies":"3 Louse","floor":14,"turns":5},{"damage":49,"enemies":"Slime Boss","floor":16,"turns":10}],"seed_played":"-3996425503132558362","potions_obtained":[{"floor":1,"key":"LiquidMemories"},{"floor":5,"key":"SteroidPotion"}],"is_trial":false,"path_per_floor":["M","?","?","?","M","E","$","R","T","M","?","$","R","M","R","B"],"character_chosen":"DEFECT","items_purchased":["PreservedInsect","Dream Catcher","Conserve Battery","DataDisk","Conserve Battery","Membership Card"],"campfire_rested":2,"item_purchase_floors":[0,0,0,0,0,12],"current_hp_per_floor":[75,57,57,57,57,55,55,75,75,75,64,64,64,64,75,26,26],"gold":263,"neow_bonus":"","is_daily":false,"chose_seed":false,"campfire_upgraded":0,"win_rate":0.0,"timestamp":1609594360,"path_taken":["M","?","?","?","?","E","$","R","T","M","?","$","R","M","R","BOSS"],"items_purchased_type":["Relic","Relic","Card","Relic","Card","Relic"],"build_version":"2020-12-22","purchased_purges":7,"victory":false,"max_hp_per_floor":[75,75,75,75,75,75,75,75,75,75,75,75,75,75,75,75,75],"card_choices":[{"not_picked":["Coolheaded","Auto Shields","Go for the Eyes"],"picked":"SKIP","floor":1},{"not_picked":["Rebound","Stack","Go for the Eyes"],"picked":"SKIP","floor":5},{"not_picked":["Machine Learning","Hello World","Beam Cell"],"picked":"SKIP","floor":6},{"not_picked":["Turbo","Rebound","Fission"],"picked":"SKIP","floor":10},{"not_picked":["Stack","Static Discharge"],"picked":"Blizzard","floor":14},{"not_picked":["Self Repair","Reinforced Body"],"picked":"Conserve Battery","floor":15}],"player_experience":95676,"relics_obtained":[{"floor":6,"key":"MawBank"}],"event_choices":[{"damage_healed":0,"gold_gain":0,"player_choice":"Take Damage","damage_taken":18,"relics_obtained":["Golden Idol"],"max_hp_gain":0,"max_hp_loss":0,"event_name":"Golden Idol","floor":2,"gold_loss":0},{"damage_healed":0,"gold_gain":0,"player_choice":"Ignored","damage_taken":115,"max_hp_gain":0,"max_hp_loss":0,"event_name":"betterThird:BetterSerpent","floor":3,"gold_loss":0},{"damage_healed":0,"gold_gain":0,"player_choice":"Gave Potion","damage_taken":0,"relics_obtained":["Regal Pillow"],"max_hp_gain":0,"max_hp_loss":0,"event_name":"WeMeetAgain","floor":4,"gold_loss":0},{"damage_healed":0,"gold_gain":75,"player_choice":"Gold","damage_taken":11,"max_hp_gain":0,"max_hp_loss":0,"event_name":"betterThird:BetterGoop","floor":11,"gold_loss":0}],"is_beta":false,"boss_relics":[],"items_purged_floors":[0,0,0,0,0,0,0],"is_endless":false,"potions_floor_spawned":[1,5],"killed_by":"Slime Boss","ascension_level":0}}