{"host":"f5ezd1v29dtbwkzo","time":1609548046,"event":{"mods":["2.2 Compatiblity","BaseMod","Hermit","Hubris","Infinite Spire","Minty Spire (QoL Compilation)","Rare Cards Sparkle","Replay The Spire","StSLib"],"gold_per_floor":[117,117,217,235,245,245,276,276,276,276,289,309,341,361,361,457,457,472,486,116,127,139,139,170,170,221,241,252,351,376,391,391,492,492,510,525,539,555,573,603,603,603,603,633,658,677,690,59,59,59],"floor_reached":51,"playtime":2850,"items_purged":["Strike_B","Strike_R"],"score":915,"play_id":"0a697e40-13e3-4a93-8b0f-653d67d99fe5","local_time":"20210102034046","is_ascension_mode":false,"campfire_choices":[{"data":"Infernal Blade","floor":6,"key":"SMITH"},{"data":"infinitespire:Gouge","floor":8,"key":"SMITH"},{"data":"Exhume","floor":10,"key":"SMITH"},{"data":"Bash","floor":15,"key":"SMITH"},{"data":"Replay:Many Hands","floor":23,"key":"SMITH"},{"data":"ReplayReversal","floor":32,"key":"SMITH"},{"data":"True Grit","floor":41,"key":"SMITH"},{"data":"Juggernaut","floor":49,"key":"SMITH"}],"circlet_count":0,"master_deck":["Strike_R","Strike_R","Strike_R","Defend_R","Defend_R","Defend_R","Defend_R","Bash+1","hermit:Covet","Infernal Blade+1","hubris:Despair","hubris:Gluttony","infinitespire:Gouge+1","Exhume+1","Anger","True Grit+1","Evolve","Replay:Many Hands+1","CurseOfTheBell","Feel No Pain+1","Flex+1","Thunderclap","Battle Trance+1","ReplayReversal+1","Defy Death+1","Armaments+1","Juggernaut+1","Feel No Pain+1"],"relics":["Burning Blood","hubris:BottledRain","Quantum Egg","Pondfish Scales","Replay:Grab Bag","Philosopher\u0027s Stone","Mark of Pain","hubris:HollowSoul","Calling Bell","Lantern","hubris:Metronome","Ice Cream","hubris:SlimyHat","ClockworkSouvenir","Torii","Medical Kit","Tiny Chest","Smiling Mask","Black Star","Replay:Mystery Machine","Eternal Feather","infinitespire:CursedDice","King of Hearts","Red Skull","Boot","Orrery","ReplayFunnel","Another Sword"],"acts_visited":["Exordium","TheCity","TheBeyond"],"potions_floor_usage":[13,13,16,16,35],"damage_taken":[{"damage":1,"enemies":"Cultist","floor":1,"turns":3},{"damage":0,"enemies":"2 Louse","floor":4,"turns":2},{"damage":1,"enemies":"Jaw Worm","floor":5,"turns":3},{"damage":28,"enemies":"3 Sentries","floor":7,"turns":9},{"damage":8,"enemies":"3 Louse","floor":11,"turns":3},{"damage":13,"enemies":"Red Slaver","floor":12,"turns":3},{"damage":2,"enemies":"Gremlin Nob","floor":13,"turns":2},{"damage":5,"enemies":"Looter","floor":14,"turns":3},{"damage":56,"enemies":"Fading Forest","floor":16,"turns":11},{"damage":7,"enemies":"2 Thieves","floor":18,"turns":3},{"damage":0,"enemies":"Spheric Guardian","floor":19,"turns":3},{"damage":16,"enemies":"Centurion and Healer","floor":21,"turns":5},{"damage":7,"enemies":"Cultist and Chosen","floor":22,"turns":3},{"damage":0,"enemies":"Book of Stabbing","floor":24,"turns":1},{"damage":1,"enemies":"3 Cultists","floor":27,"turns":3},{"damage":11,"enemies":"Centurion and Healer","floor":28,"turns":4},{"damage":0,"enemies":"Replay:Snechameleon","floor":30,"turns":2},{"damage":13,"enemies":"Snake Plant","floor":31,"turns":2},{"damage":6,"enemies":"Pondfish","floor":33,"turns":7},{"damage":28,"enemies":"3 Darklings","floor":35,"turns":4},{"damage":0,"enemies":"Orb Walker","floor":36,"turns":3},{"damage":49,"enemies":"4 Shapes","floor":37,"turns":4},{"damage":0,"enemies":"Transient","floor":38,"turns":5},{"damage":0,"enemies":"Spire Growth","floor":39,"turns":2},{"damage":1,"enemies":"Nemesis","floor":40,"turns":3},{"damage":59,"enemies":"Nightmare","floor":44,"turns":8},{"damage":17,"enemies":"Maw","floor":46,"turns":3},{"damage":2,"enemies":"Sphere and 2 Shapes","floor":47,"turns":2},{"damage":34,"enemies":"Replay:Hell Engine","floor":50,"turns":7}],"seed_played":"1114911831242322975","potions_obtained":[{"floor":1,"key":"Venom Potion"},{"floor":7,"key":"Energy Potion"},{"floor":11,"key":"ElixirPotion"},{"floor":12,"key":"Toxic Potion"},{"floor":13,"key":"Strength Potion"},{"floor":16,"key":"ElixirPotion"},{"floor":19,"key":"AttackPotion"},{"floor":22,"key":"Elixir"},{"floor":24,"key":"Fire Potion"},{"floor":30,"key":"FairyPotion"},{"floor":35,"key":"Energy Potion"},{"floor":47,"key":"Fire Potion"}],"is_trial":false,"path_per_floor":["M","?","?","M","M","R","E","R","T","R","M","M","E","M","R","B",null,"M","M","$","M","M","R","E","AVR","T","M","M","?","E","M","R","B",null,"M","M","M","M","M","E","R","?","T","NM","T","M","M","$","R","B",null],"character_chosen":"IRONCLAD","items_purchased":["hubris:SlimyHat","ClockworkSouvenir","Orrery","ReplayFunnel","Another Sword"],"campfire_rested":0,"item_purchase_floors":[20,20,48,48,48],"current_hp_per_floor":[96,96,96,96,96,96,74,74,74,74,72,65,69,70,70,30,96,95,96,96,86,85,85,91,91,91,96,91,91,96,89,89,89,96,74,80,37,43,49,54,69,69,69,16,16,34,38,38,53,25],"gold":59,"neow_bonus":"TWENTY_PERCENT_HP_BONUS","is_daily":false,"chose_seed":false,"campfire_upgraded":8,"win_rate":0.0,"timestamp":1609548046,"path_taken":["M","?","?","M","M","R","E","R","T","R","?","M","E","M","R","BOSS","M","M","$","M","M","R","E","AVR","T","?","M","?","E","M","R","BOSS","M","M","M","M","M","E","R","?","T","NM","?","M","M","$","R","BOSS"],"items_purchased_type":["Relic","Relic","Relic","Relic","Relic"],"build_version":"2020-12-22","purchased_purges":2,"victory":true,"max_hp_per_floor":[96,96,96,96,96,96,96,96,96,96,96,96,96,96,96,96,96,96,96,96,96,96,96,96,96,96,96,96,96,96,96,96,96,96,96,96,96,96,96,96,96,96,96,96,96,96,96,96,96,96],"card_choices":[{"not_picked":["Searing Blow","Shrug It Off"],"picked":"Infernal Blade","floor":1},{"not_picked":["ReplayTheSpireMod:Haul","infinitespire:FutureSight"],"picked":"infinitespire:Gouge","floor":2},{"not_picked":["Infernal Blade","Heavy Blade","Warcry"],"picked":"SKIP","floor":4},{"not_picked":["Cleave","ReplayTheSpireMod:Stacked","Heavy Blade"],"picked":"SKIP","floor":5},{"not_picked":["Intimidate","Body Slam"],"picked":"Exhume","floor":7},{"not_picked":["Warcry","Cleave"],"picked":"Anger","floor":11},{"not_picked":["Havoc","ReplayTheSpireMod:Strike From Hell"],"picked":"True Grit","floor":12},{"not_picked":["Heavy Blade","Flame Barrier"],"picked":"Evolve","floor":13},{"not_picked":["Perfected Strike","Ghostly Armor","Clothesline"],"picked":"SKIP","floor":14},{"not_picked":["Barricade","Double Tap"],"picked":"Replay:Many Hands","floor":16},{"not_picked":["Armaments","Shrug It Off"],"picked":"Feel No Pain+1","floor":18},{"not_picked":["Life Link","Clothesline"],"picked":"Flex+1","floor":19},{"not_picked":["Havoc+1","Dark Embrace","Evolve"],"picked":"SKIP","floor":21},{"not_picked":["Searing Blow","Headbutt","Clash+1"],"picked":"SKIP","floor":22},{"not_picked":["Sword Boomerang","Shockwave"],"picked":"Thunderclap","floor":24},{"not_picked":["Power Through","Clothesline"],"picked":"Battle Trance+1","floor":27},{"not_picked":["Impervious","hubris:ReadiedAction","Flex"],"picked":"SKIP","floor":28},{"not_picked":["Demon Form","Blood for Blood+1","Shockwave"],"picked":"SKIP","floor":30},{"not_picked":["Perfected Strike","Run Through"],"picked":"ReplayReversal","floor":31},{"not_picked":["Sword Boomerang","True Grit","Run Through+1"],"picked":"SKIP","floor":35},{"not_picked":["Iron Wave+1","ReplayTheSpireMod:Corrosion Curse+1","Battle Trance+1"],"picked":"SKIP","floor":36},{"not_picked":["Headbutt","Perfected Strike"],"picked":"Defy Death+1","floor":37},{"not_picked":["Searing Blow","Pommel Strike+1","Iron Wave"],"picked":"SKIP","floor":38},{"not_picked":["Abandon+1","Body Slam+1","Uppercut"],"picked":"SKIP","floor":39},{"not_picked":["Pummel","Sentinel","Dark Embrace"],"picked":"SKIP","floor":40},{"not_picked":["Thunderclap","Sentinel","hubris:ReadiedAction"],"picked":"SKIP","floor":44},{"not_picked":["Massacre","Sword Boomerang","hubris:ReadiedAction+1"],"picked":"SKIP","floor":46},{"not_picked":["Headbutt","Bludgeon","Flex+1"],"picked":"SKIP","floor":47},{"not_picked":["Offering","Flame Barrier+1"],"picked":"Armaments+1","floor":48},{"not_picked":["Wild Strike","Headbutt"],"picked":"Juggernaut","floor":48},{"not_picked":["Uppercut","Disarm+1"],"picked":"Feel No Pain+1","floor":48}],"player_experience":340154,"relics_obtained":[{"floor":7,"key":"hubris:BottledRain"},{"floor":9,"key":"Quantum Egg"},{"floor":13,"key":"Pondfish Scales"},{"floor":17,"key":"Lantern"},{"floor":17,"key":"hubris:Metronome"},{"floor":17,"key":"Ice Cream"},{"floor":24,"key":"Torii"},{"floor":26,"key":"Tiny Chest"},{"floor":30,"key":"Smiling Mask"},{"floor":40,"key":"Replay:Mystery Machine"},{"floor":40,"key":"Eternal Feather"},{"floor":43,"key":"infinitespire:CursedDice"},{"floor":44,"key":"King of Hearts"},{"floor":44,"key":"Red Skull"},{"floor":45,"key":"Boot"}],"event_choices":[{"damage_healed":0,"gold_gain":100,"player_choice":"Gold","damage_taken":0,"max_hp_gain":0,"max_hp_loss":0,"event_name":"Wheel of Change","floor":3,"gold_loss":0},{"damage_healed":0,"gold_gain":99,"player_choice":"Stole From Cult","damage_taken":0,"max_hp_gain":0,"max_hp_loss":0,"event_name":"Nest","floor":29,"gold_loss":0},{"cards_removed":["Strike_R"],"damage_healed":0,"gold_gain":0,"player_choice":"Removed Attack","damage_taken":0,"max_hp_gain":0,"max_hp_loss":0,"event_name":"Falling","floor":42,"gold_loss":0}],"is_beta":false,"boss_relics":[{"not_picked":["Busted Crown","Pandora\u0027s Box"],"picked":"Replay:Grab Bag"},{"not_picked":["Electric Blood","Runic Dome"],"picked":"Philosopher\u0027s Stone"},{"not_picked":["hubris:CrackedHourglass","ChewingGum"],"picked":"Mark of Pain"},{"not_picked":["Astrolabe","hubris:Stopwatch"],"picked":"hubris:HollowSoul"},{"not_picked":["Kintsugi","hubris:ScarierMask"],"picked":"Calling Bell"},{"not_picked":["Ring of Chaos","hubris:RunicObelisk"],"picked":"Black Star"}],"items_purged_floors":[20,48],"is_endless":false,"potions_floor_spawned":[1,7,11,12,13,16,19,22,24,27,30,35,38,40,47],"ascension_level":0}}