{"host":"ifkniheryhug0h86","time":1609551532,"event":{"mods":["AchievementEnabler","BaseMod","Block Reminder","Colored Map","Colored Powertips","DeckTracker","Downfall","Googly Eyes","Hermit","Highlight Path","Hubris","Infinite Spire","Minty Spire (QoL Compilation)","Quick Restart","Relic Sorter","Relic Stats","Replay The Spire","SOS???????","StSLib","SuperFastMode","The Bladedancer","The Construct","The Forsaken","The IronCluck","The Necromancer"],"gold_per_floor":[118,132,143,143,143,143,174,237,264,264,138,199,199,264,264,264,264],"floor_reached":16,"playtime":478,"items_purged":["Attack_a"],"score":102,"play_id":"278a366d-1d31-4f7e-b7c5-a8f1ad55cb27","local_time":"20210101203852","is_ascension_mode":false,"campfire_choices":[{"data":"Stinger","floor":6,"key":"SMITH"},{"floor":10,"key":"REST"},{"floor":13,"key":"REST"},{"floor":15,"key":"REST"}],"circlet_count":0,"master_deck":["Attack_a","Attack_b","Shoot","Shoot","Provocation","Defend_Dante","Defend_Dante","Defend_Dante","Defend_Dante","Redorb","Gunslinger","Stinger+1","Pandora","Doubleshoot","EbonyIvory","Straight"],"relics":["SSS","Combocheck","NeowsBlessing","infinitespire:PuzzleCube","infinitespire:Lucky Rock"],"acts_visited":["Exordium"],"potions_floor_usage":[16],"damage_taken":[{"damage":0,"enemies":"Cultist","floor":1,"turns":1},{"damage":0,"enemies":"Jaw Worm","floor":2,"turns":1},{"damage":0,"enemies":"Small Slimes","floor":3,"turns":2},{"damage":35,"enemies":"Replay:BlueRogue","floor":7,"turns":9},{"damage":21,"enemies":"Red Slaver","floor":8,"turns":5},{"damage":19,"enemies":"Lots of Slimes","floor":12,"turns":3},{"damage":12,"enemies":"2 Fungi Beasts","floor":14,"turns":5},{"damage":44,"enemies":"The Guardian","floor":16,"turns":5}],"seed_played":"1919302890648147023","potions_obtained":[{"floor":1,"key":"SteroidPotion"},{"floor":2,"key":"PowerPotion"},{"floor":5,"key":"BlessingOfTheForge"}],"is_trial":false,"path_per_floor":["M","M","M","?","?","R","E","M","T","R","$","M","R","M","R","B"],"character_chosen":"DANTE","items_purchased":["EbonyIvory"],"campfire_rested":3,"item_purchase_floors":[11],"current_hp_per_floor":[80,80,80,80,80,80,45,24,24,48,48,29,53,41,65,21,21],"gold":264,"neow_bonus":"THREE_ENEMY_KILL","is_daily":false,"chose_seed":false,"campfire_upgraded":1,"win_rate":0.0,"timestamp":1609551532,"path_taken":["M","?","M","?","?","R","E","?","T","R","$","?","R","M","R","BOSS"],"items_purchased_type":["Card"],"build_version":"2020-12-22","purchased_purges":1,"victory":false,"max_hp_per_floor":[80,80,80,80,80,80,80,80,80,80,80,80,80,80,80,80,80],"relic_stats":{"counters":[8,31],"obtain_stats":[{"SSS":0,"NeowsBlessing":0,"infinitespire:Lucky Rock":9,"infinitespire:PuzzleCube":7,"Combocheck":0},{"SSS":0,"NeowsBlessing":0,"infinitespire:Lucky Rock":5,"infinitespire:PuzzleCube":4,"Combocheck":0},{"SSS":0,"NeowsBlessing":0,"infinitespire:Lucky Rock":18,"infinitespire:PuzzleCube":13,"Combocheck":0}]},"card_choices":[{"not_picked":["Greenorb","Kick13"],"picked":"Gunslinger","floor":1},{"not_picked":["Lucifer","Holywater"],"picked":"Stinger","floor":2},{"not_picked":["Lucifer","VitalstarM","Gilgamesh"],"picked":"SKIP","floor":3},{"not_picked":["DevilstarL","Unrisingdragon"],"picked":"Pandora","floor":7},{"not_picked":["Gilgamesh","Greenorb"],"picked":"Doubleshoot","floor":8},{"not_picked":["Weaponchange","Unrisingdragon"],"picked":"Straight","floor":12},{"not_picked":["Greenorb","Weaponchange","DevilstarS"],"picked":"SKIP","floor":14}],"player_experience":24993,"relics_obtained":[{"floor":7,"key":"infinitespire:PuzzleCube"},{"floor":9,"key":"infinitespire:Lucky Rock"}],"event_choices":[{"damage_healed":0,"gold_gain":0,"player_choice":"Got Potions","damage_taken":0,"max_hp_gain":0,"max_hp_loss":0,"event_name":"Lab","floor":5,"gold_loss":0}],"is_beta":false,"boss_relics":[],"items_purged_floors":[11],"is_endless":false,"potions_floor_spawned":[1,2,8,14],"killed_by":"The Guardian","ascension_level":0}}