{"host":"nhy906g2ja00jpid","time":1609572504,"event":{"mods":["BaseMod","Marisa£®ÏF”Í°°ƒß¿Ì…≥£©","Minty Spire (QoL Compilation)","Permanent Neow","Quick Restart","Relic Stats","UnlockEverythingMod"],"gold_per_floor":[116,129,129,142,152,152,181,181,208,224,236,236,236],"floor_reached":12,"playtime":366,"items_purged":[],"score":82,"play_id":"8bd16c56-b576-4e9e-9a1b-a3e782eb0811","local_time":"20210102152824","is_ascension_mode":false,"campfire_choices":[{"data":"MasterSpark","floor":6.0,"key":"SMITH"},{"floor":8,"key":"REST"}],"circlet_count":0,"master_deck":["Strike_MRS","Strike_MRS","Strike_MRS","Strike_MRS","Defend_MRS","Defend_MRS","Defend_MRS","Defend_MRS","MasterSpark+1","UpSweep","DoubleSpark","WitchLeyline","TreasureHunter"],"relics":["MiniHakkero","Ice Cream","Centennial Puzzle","Lantern","Tiny Chest"],"acts_visited":["Exordium"],"potions_floor_usage":[7,12],"damage_taken":[{"damage":6.0,"enemies":"2 Louse","floor":1.0,"turns":3.0},{"damage":2.0,"enemies":"Small Slimes","floor":2.0,"turns":5.0},{"damage":1.0,"enemies":"Cultist","floor":4.0,"turns":3.0},{"damage":22.0,"enemies":"Gremlin Gang","floor":5.0,"turns":5.0},{"damage":13,"enemies":"3 Sentries","floor":7,"turns":7},{"damage":6,"enemies":"3 Louse","floor":10,"turns":3},{"damage":8,"enemies":"Large Slime","floor":11,"turns":2},{"damage":15,"enemies":"Lagavulin","floor":12,"turns":4}],"seed_played":"-7939233641900748695","potions_obtained":[{"floor":5.0,"key":"Energy Potion"},{"floor":7,"key":"Energy Potion"},{"floor":10,"key":"Swift Potion"}],"is_trial":false,"path_per_floor":["M","M","?","M","M","R","E","R","T","M","M","E"],"character_chosen":"MARISA","items_purchased":[],"campfire_rested":1,"item_purchase_floors":[],"current_hp_per_floor":[48,46,43,42,20,20,7,29,29,23,15,0,0],"gold":236,"neow_bonus":"ONE_RARE_RELIC","is_daily":false,"chose_seed":false,"campfire_upgraded":1,"win_rate":0.0,"timestamp":1609572504,"path_taken":["M","M","?","M","M","R","E","R","T","M","M","E"],"items_purchased_type":[],"build_version":"2020-12-22","purchased_purges":0,"victory":false,"max_hp_per_floor":[75,75,75,75,75,75,75,75,75,75,75,75,75],"relic_stats":{"Centennial Puzzle":[15],"counters":[8,32],"Tiny Chest":0,"obtain_stats":[{"Ice Cream":0,"Centennial Puzzle":3,"Lantern":7,"Tiny Chest":9,"MiniHakkero":0},{"Ice Cream":0,"Centennial Puzzle":2,"Lantern":5,"Tiny Chest":5,"MiniHakkero":0},{"Ice Cream":0,"Centennial Puzzle":8,"Lantern":23,"Tiny Chest":23,"MiniHakkero":0}]},"card_choices":[{"not_picked":["UnstableBomb","DoubleSpark","AlicesGift"],"picked":"SKIP","floor":1.0},{"not_picked":["NonDirectionalLaser","AbsoluteMagnitude"],"picked":"DoubleSpark","floor":2.0},{"not_picked":["MysteriousBeam","Occultation","IllusionStar"],"picked":"SKIP","floor":4.0},{"not_picked":["ShootingEcho","Acceleration","DragonMeteor"],"picked":"SKIP","floor":5.0},{"not_picked":["LuminesStrike","MagicAbsorber","AsteroidBelt"],"picked":"SKIP","floor":7},{"not_picked":["WitchLeyline","Singularity","PowerUp"],"picked":"SKIP","floor":10},{"not_picked":["Singularity","PowerUp"],"picked":"WitchLeyline","floor":10},{"not_picked":["IllusionStar","DoubleSpark"],"picked":"TreasureHunter","floor":11}],"player_experience":114406,"relics_obtained":[{"floor":7,"key":"Lantern"},{"floor":9,"key":"Tiny Chest"}],"event_choices":[{"damage_healed":0.0,"max_hp_gain":0.0,"max_hp_loss":0.0,"gold_gain":0.0,"event_name":"Scrap Ooze","player_choice":"Success","floor":3.0,"gold_loss":0.0,"damage_taken":3.0,"relics_obtained":["Centennial Puzzle"]}],"is_beta":false,"boss_relics":[],"items_purged_floors":[],"is_endless":false,"potions_floor_spawned":[5,7,10],"killed_by":"Lagavulin","ascension_level":0}}