{"host":"qxeepl7ydvsgmfdb","time":1609597165,"event":{"mods":["AchievementEnabler","BaseMod","Colored Powertips","Minty Spire (QoL Compilation)","Quick Restart","slay the spire mod where everything is the same but ironclad has a cowboy hat"],"gold_per_floor":[114,114,130,130,130,161,171,197,269,46,65,97,97,97,97,97,97],"floor_reached":16,"playtime":440,"items_purged":[],"score":157,"play_id":"438d38bf-4a10-4152-9903-1e96309e5b34","local_time":"20210102091925","is_ascension_mode":true,"campfire_choices":[{"floor":15,"key":"REST"}],"circlet_count":0,"master_deck":["Strike_B","Strike_B","Strike_B","Defend_B","Defend_B","Defend_B","Defend_B","Zap","Dualcast","Ball Lightning+1","Redo","Reboot","Chaos","White Noise","White Noise","Self Repair","Regret","Leap+1"],"relics":["Cracked Core","NeowsBlessing","Incense Burner","Dream Catcher","Letter Opener","Regal Pillow","Toxic Egg 2","WingedGreaves"],"acts_visited":["Exordium"],"potions_floor_usage":[8,16],"damage_taken":[{"damage":0,"enemies":"2 Louse","floor":1,"turns":1},{"damage":0,"enemies":"Jaw Worm","floor":3,"turns":1},{"damage":0,"enemies":"Lagavulin","floor":6,"turns":1},{"damage":0,"enemies":"Cultist","floor":7,"turns":3},{"damage":26,"enemies":"3 Sentries","floor":8,"turns":5},{"damage":10,"enemies":"2 Fungi Beasts","floor":11,"turns":3},{"damage":31,"enemies":"Lagavulin","floor":12,"turns":4},{"damage":52,"enemies":"The Guardian","floor":16,"turns":7}],"seed_played":"4416184261385896776","potions_obtained":[{"floor":7,"key":"SkillPotion"},{"floor":12,"key":"ColorlessPotion"}],"is_trial":false,"path_per_floor":["M","?","M","$","?","E","M","E","T","$","M","E","?","?","R","B"],"character_chosen":"DEFECT","items_purchased":["Regal Pillow","White Noise"],"campfire_rested":1,"item_purchase_floors":[10,10],"current_hp_per_floor":[75,75,75,75,75,75,75,49,49,49,39,15,15,15,52,0,0],"gold":97,"neow_bonus":"THREE_ENEMY_KILL","is_daily":false,"chose_seed":false,"campfire_upgraded":0,"win_rate":0.0,"timestamp":1609597165,"path_taken":["M","?","M","$","?","E","?","E","T","$","M","E","?","?","R","BOSS"],"items_purchased_type":["Relic","Card"],"build_version":"2020-12-22","purchased_purges":0,"victory":false,"max_hp_per_floor":[75,75,75,75,75,75,75,75,75,75,75,75,75,75,75,75,75],"card_choices":[{"not_picked":["Cold Snap","Beam Cell"],"picked":"Ball Lightning","floor":1},{"not_picked":["Beam Cell","Seek"],"picked":"Redo","floor":3},{"not_picked":["Hologram","Leap"],"picked":"Chaos","floor":6},{"not_picked":["Sunder","Sweeping Beam"],"picked":"White Noise","floor":7},{"not_picked":["Blizzard","Force Field","Tempest"],"picked":"SKIP","floor":8},{"not_picked":["Coolheaded","Sunder"],"picked":"Self Repair","floor":11},{"not_picked":["White Noise+1","Barrage","Stack+1"],"picked":"SKIP","floor":12},{"not_picked":["Reprogram+1","White Noise+1"],"picked":"Leap+1","floor":15}],"player_experience":358397,"relics_obtained":[{"floor":6,"key":"Incense Burner"},{"floor":8,"key":"Dream Catcher"},{"floor":9,"key":"Letter Opener"},{"floor":12,"key":"Toxic Egg 2"}],"event_choices":[{"damage_healed":0,"gold_gain":0,"player_choice":"Grow","damage_taken":0,"max_hp_gain":0,"max_hp_loss":0,"event_name":"Living Wall","floor":2,"gold_loss":0,"cards_upgraded":["Ball Lightning"]},{"damage_healed":0,"gold_gain":0,"cards_transformed":["Strike_B"],"player_choice":"Transformed","damage_taken":0,"max_hp_gain":0,"max_hp_loss":0,"event_name":"Transmorgrifier","floor":5,"gold_loss":0,"cards_obtained":["Reboot"]},{"damage_healed":0,"gold_gain":0,"player_choice":"Ignored","damage_taken":0,"max_hp_gain":0,"max_hp_loss":0,"event_name":"Shining Light","floor":13,"gold_loss":0},{"damage_healed":0,"gold_gain":0,"player_choice":"Box","damage_taken":0,"relics_obtained":["WingedGreaves"],"max_hp_gain":0,"max_hp_loss":0,"event_name":"Big Fish","floor":14,"gold_loss":0,"cards_obtained":["Regret"]}],"is_beta":false,"boss_relics":[],"items_purged_floors":[],"is_endless":false,"potions_floor_spawned":[7,12],"killed_by":"The Guardian","ascension_level":2}}