{"host":"kev6uqotw4tlyx8l","time":1609605432,"event":{"mods":["Act Like it!","Aspiration","BaseMod","Colored Powertips","Dota2Spire","Downfall","Hallownest","Infinite Spire","Marisa????????","Minty Spire (QoL Compilation)","Quick Restart","Remilia??????","Replay The Spire","StSLib","The Cursed","The Marked","The Mystic","The Servant 0.9.4"],"gold_per_floor":[112,9,22,32,32,32,46,46,98,98,98,139,157,182,182,307,307,326,23,38,38,59,59,59,59],"floor_reached":24,"playtime":697,"items_purged":[],"score":198,"play_id":"186b47ce-2310-49e5-8e2f-cc74f8573286","local_time":"20210102233712","is_ascension_mode":false,"campfire_choices":[{"data":"MachineGunSpark","floor":6,"key":"SMITH"},{"data":"MilkyWay","floor":8,"key":"SMITH"},{"floor":11,"key":"REST"},{"data":"Singularity","floor":15,"key":"SMITH"},{"floor":23,"key":"REST"}],"circlet_count":0,"master_deck":["Strike_MRS","Defend_MRS","Defend_MRS","Defend_MRS","Defend_MRS","MasterSpark+1","UpSweep","Singularity+1","MachineGunSpark+1","GrandCross+1","NonDirectionalLaser","EarthLightRay","MilkyWay+1","Skewer","Choke","Die Die Die","CasketOfStar","DoubleSpark","IllusionStar","DoubleSpark","CasketOfStar","DC","DeepEcoloBomb+1","Singularity","Pain","Replay:Sluggish","infinitespire:Starlight","MilkyWay+1","Singularity"],"relics":["MiniHakkero","Golden Idol","Dream Catcher","Divine Protection","ExperimentalFamiliar","Question Card"],"acts_visited":["Exordium","TheCity"],"potions_floor_usage":[12,12,22,24],"damage_taken":[{"damage":6,"enemies":"Cultist","floor":1,"turns":3},{"damage":2,"enemies":"2 Louse","floor":3,"turns":2},{"damage":8,"enemies":"Small Slimes","floor":4,"turns":3},{"damage":0,"enemies":"Exordium Wildlife","floor":7,"turns":2},{"damage":9,"enemies":"Gremlin Nob","floor":12,"turns":3},{"damage":0,"enemies":"Large Slime","floor":13,"turns":6},{"damage":5,"enemies":"Red Slaver","floor":14,"turns":2},{"damage":46,"enemies":"Hexaghost","floor":16,"turns":9},{"damage":23,"enemies":"Shell Parasite","floor":18,"turns":4},{"damage":0,"enemies":"Spheric Guardian","floor":20,"turns":3},{"damage":24,"enemies":"Snecko","floor":22,"turns":4},{"damage":49,"enemies":"Book of Stabbing","floor":24,"turns":5}],"seed_played":"5642347246382268375","potions_obtained":[{"floor":1,"key":"GamblersBrew"},{"floor":4,"key":"Cursed Concoction"},{"floor":7,"key":"Ancient Potion"},{"floor":20,"key":"BottledSpark"},{"floor":22,"key":"GamblersBrew"}],"is_trial":false,"path_per_floor":["M","$","M","M","?","R","M","R","T","?","R","E","M","M","R","B",null,"M","$","M","?","M","R","E"],"character_chosen":"MARISA","items_purchased":["MachineGunSpark","GrandCross+1","Question Card","DeepEcoloBomb+1"],"campfire_rested":2,"item_purchase_floors":[2,2,19,19],"current_hp_per_floor":[69,69,67,59,59,59,63,63,63,63,69,60,64,59,59,17,69,48,48,48,48,24,44,0,0],"gold":59,"neow_bonus":"UPGRADE_CARD","is_daily":false,"chose_seed":false,"campfire_upgraded":3,"win_rate":0.0,"timestamp":1609605432,"path_taken":["M","?","?","M","?","R","M","R","T","?","R","E","M","M","R","BOSS","M","$","M","?","M","R","E"],"items_purchased_type":["Card","Card","Relic","Card"],"build_version":"2020-12-22","purchased_purges":0,"victory":false,"max_hp_per_floor":[75,75,75,75,69,69,69,69,69,69,69,69,69,69,69,69,69,69,69,69,69,69,69,69,69],"card_choices":[{"not_picked":["LuminesStrike","GrandCross"],"picked":"Singularity","floor":1},{"not_picked":["MysteriousBeam","UnstableBomb"],"picked":"NonDirectionalLaser","floor":3},{"not_picked":["DragonMeteor","LuminesStrike"],"picked":"EarthLightRay","floor":4},{"not_picked":["6A","GalacticHalo"],"picked":"MilkyWay","floor":7},{"not_picked":["Robbery","SporeBomb"],"picked":"CasketOfStar","floor":11},{"not_picked":["GrandCross","IllusionStar"],"picked":"DoubleSpark","floor":12},{"not_picked":["WitchLeyline","AsteroidBelt"],"picked":"IllusionStar","floor":13},{"not_picked":["IllusionStar","AsteroidBelt"],"picked":"DoubleSpark","floor":14},{"not_picked":["BinaryStars","BlazingStar"],"picked":"CasketOfStar","floor":16},{"not_picked":["PulseMagic","6A"],"picked":"DC","floor":18},{"not_picked":["OneTimeOff+1","LuminesStrike","WitchLeyline+1"],"picked":"Singularity","floor":20},{"not_picked":["infinitespire:DeathsTouch","infinitespire:SealOfDarkness+"],"picked":"infinitespire:Starlight","floor":21},{"not_picked":["DC","ShootingEcho","DarkSpark+1"],"picked":"MilkyWay+1","floor":22},{"not_picked":["Acceleration","DarkMatter","NonDirectionalLaser"],"picked":"Singularity","floor":23}],"player_experience":61748,"relics_obtained":[{"floor":9,"key":"Dream Catcher"},{"floor":12,"key":"Divine Protection"}],"event_choices":[{"damage_healed":0,"gold_gain":0,"player_choice":"Lose Max HP","damage_taken":0,"relics_obtained":["Golden Idol"],"max_hp_gain":0,"max_hp_loss":6,"event_name":"Golden Idol","floor":5,"gold_loss":0}],"is_beta":false,"boss_relics":[{"not_picked":["Sozu","Tiny House"],"picked":"ExperimentalFamiliar"}],"items_purged_floors":[],"is_endless":false,"potions_floor_spawned":[1,4,7,20,22],"killed_by":"Book of Stabbing","ascension_level":0}}