{"host":"2ehbln4r1tfoeq56","time":1609627736,"event":{"mods":["Aspiration","BaseMod","Better Altar","Better Match","Better Note","Better Sensory Stone","Better Skull","Better Third Choice","Friendly Minions","GifTheSpireLib","Minty Spire (QoL Compilation)","Replay The Spire","Shade Mod","StSLib","The Marked"],"gold_per_floor":[119,119,131,131,151,183,183,203,229,329,348,361,114,64,64,167,167,180,180,196,207,218,218,218,218,218,143,154,154,154],"floor_reached":29,"playtime":2277,"items_purged":[],"score":227,"play_id":"26ba27f5-6a69-44b2-a5fa-5ade50b1c270","local_time":"20210102164856","is_ascension_mode":false,"campfire_choices":[{"data":"theMarked:SoldierOfQuellstein","floor":7,"key":"SMITH"},{"data":"theMarked:SoldierForm","floor":15,"key":"SMITH"},{"data":"theMarked:StartUp","floor":23,"key":"SMITH"},{"data":"theMarked:TwofoldDefense","floor":25,"key":"SMITH"}],"circlet_count":0,"master_deck":["theMarked:Strike","theMarked:Strike","theMarked:Strike","theMarked:Defend","theMarked:Defend+1","theMarked:Defend","theMarked:Defend","theMarked:SoldierOfQuellstein+1","theMarked:StartUp+1","theMarked:SwordAndMagic","theMarked:SoldierForm+1","theMarked:PowerFlow+1","theMarked:TwofoldDefense+1","theMarked:FavorableWinds+1","theMarked:AttractMetal+1","theMarked:Improvise+1","Mayhem+1"],"relics":["theMarked:ArtifactOfAir","aspiration:FrozenJewel","War Paint","Toxic Egg 2","aspiration:FutureDiary","CultistMask","Bottled Flame"],"acts_visited":["Exordium","TheCity"],"potions_floor_usage":[6,6],"damage_taken":[{"damage":0,"enemies":"Small Slimes","floor":1,"turns":3},{"damage":7,"enemies":"Jaw Worm","floor":3,"turns":4},{"damage":0,"enemies":"Cultist","floor":5,"turns":3},{"damage":10,"enemies":"Gremlin Nob","floor":6,"turns":3},{"damage":8,"enemies":"Exordium Wildlife","floor":8,"turns":4},{"damage":0,"enemies":"Lots of Slimes","floor":11,"turns":5},{"damage":0,"enemies":"Blue Slaver","floor":12,"turns":3},{"damage":23,"enemies":"Hexaghost","floor":16,"turns":11},{"damage":1,"enemies":"3 Byrds","floor":18,"turns":6},{"damage":6,"enemies":"2 Thieves","floor":20,"turns":5},{"damage":26,"enemies":"Cultist and Chosen","floor":21,"turns":8},{"damage":11,"enemies":"Snecko","floor":22,"turns":6},{"damage":0,"enemies":"3 Cultists","floor":28,"turns":8},{"damage":9,"enemies":"Snake Plant","floor":29,"turns":4}],"seed_played":"-336677139997946727","potions_obtained":[{"floor":1,"key":"AttackPotion"},{"floor":3,"key":"Adrenaline Potion"},{"floor":8,"key":"SteroidPotion"},{"floor":16,"key":"SpeedPotion"},{"floor":20,"key":"GamblersBrew"},{"floor":21,"key":"Explosive Potion"},{"floor":28,"key":"AttackPotion"}],"is_trial":false,"path_per_floor":["M","?","M","?","M","E","R","M","T","?","M","M","$","?","R","B",null,"M","?","M","M","M","R","?","R","T","?","M","M"],"character_chosen":"THE_DEFAULT","items_purchased":["Toxic Egg 2"],"campfire_rested":0,"item_purchase_floors":[13],"current_hp_per_floor":[77,82,75,75,75,65,65,57,57,57,57,57,57,57,57,34,82,81,73,67,41,30,30,30,30,30,30,30,21,21],"gold":154,"neow_bonus":"TEN_PERCENT_HP_BONUS","is_daily":false,"chose_seed":false,"campfire_upgraded":4,"win_rate":0.0,"timestamp":1609627736,"path_taken":["M","?","M","?","?","E","R","M","T","?","M","?","$","?","R","BOSS","M","?","M","M","M","R","?","R","T","?","M","M"],"items_purchased_type":["Relic"],"build_version":"2020-12-22","purchased_purges":0,"victory":false,"max_hp_per_floor":[77,82,82,82,82,82,82,82,82,82,82,82,82,82,82,82,82,82,82,82,82,82,82,82,82,82,82,82,82,82],"card_choices":[{"not_picked":["theMarked:Parkour","theMarked:Standoff"],"picked":"theMarked:StartUp","floor":1},{"not_picked":["theMarked:BanishingStrike","theMarked:HeightenedSenses"],"picked":"theMarked:SwordAndMagic","floor":3},{"not_picked":["theMarked:SwordAndMagic","theMarked:AttractMetal"],"picked":"theMarked:SoldierForm","floor":5},{"not_picked":["theMarked:Polarize","theMarked:Frustration","theMarked:HeightenedSenses"],"picked":"SKIP","floor":6},{"not_picked":["theMarked:Seal","theMarked:Overcharge"],"picked":"theMarked:PowerFlow","floor":8},{"not_picked":["theMarked:Improvise","theMarked:Aftermath"],"picked":"theMarked:TwofoldDefense","floor":11},{"not_picked":["theMarked:ResourceFulStrike","theMarked:MysticalArsenal","theMarked:ElectricStrings"],"picked":"SKIP","floor":12},{"not_picked":["theMarked:SoldierForm","theMarked:DispelDoubt"],"picked":"theMarked:FavorableWinds+1","floor":16},{"not_picked":["theMarked:RogueSparks","theMarked:Static+1"],"picked":"theMarked:AttractMetal+1","floor":18},{"not_picked":["theMarked:ChainLightning+1","theMarked:TwofoldDefense+1","theMarked:WardOff+1"],"picked":"SKIP","floor":20},{"not_picked":["theMarked:WastefulAttack","theMarked:Defy","theMarked:EmpowerWeapon+1"],"picked":"SKIP","floor":21},{"not_picked":["theMarked:ElectricStrings","theMarked:CreepingChasm+1"],"picked":"theMarked:Improvise+1","floor":22},{"not_picked":["Thinking Ahead+1","Poisoned Strike+1"],"picked":"Mayhem+1","floor":27},{"not_picked":["theMarked:MysticalArsenal","theMarked:BanishingStrike+1","theMarked:DeterminationOfTheMarked"],"picked":"SKIP","floor":28}],"player_experience":90230,"relics_obtained":[{"floor":6,"key":"aspiration:FrozenJewel"},{"floor":9,"key":"War Paint"},{"floor":26,"key":"Bottled Flame"}],"event_choices":[{"damage_healed":0,"gold_gain":0,"player_choice":"Donut","damage_taken":0,"max_hp_gain":5,"max_hp_loss":0,"event_name":"Big Fish","floor":2,"gold_loss":0},{"cards_removed":["theMarked:Strike"],"damage_healed":0,"gold_gain":0,"player_choice":"Offered Basic","damage_taken":0,"max_hp_gain":0,"max_hp_loss":0,"event_name":"Bonfire Elementals","floor":4,"gold_loss":0},{"damage_healed":0,"gold_gain":100,"player_choice":"Pray","damage_taken":0,"max_hp_gain":0,"max_hp_loss":0,"event_name":"Golden Shrine","floor":10,"gold_loss":0},{"cards_removed":["theMarked:Strike"],"damage_healed":0,"gold_gain":0,"player_choice":"Card Removal","damage_taken":0,"max_hp_gain":0,"max_hp_loss":0,"event_name":"The Cleric","floor":14,"gold_loss":50},{"damage_healed":0,"gold_gain":0,"player_choice":"Damaged","damage_taken":8,"max_hp_gain":0,"max_hp_loss":0,"event_name":"Wheel of Change","floor":19,"gold_loss":0},{"damage_healed":0,"gold_gain":0,"player_choice":"Trade","damage_taken":0,"relics_obtained":["CultistMask"],"max_hp_gain":0,"max_hp_loss":0,"event_name":"FaceTrader","floor":24,"gold_loss":0},{"damage_healed":0,"gold_gain":0,"player_choice":"2","damage_taken":0,"max_hp_gain":0,"max_hp_loss":0,"event_name":"betterMatch:BetterMatch","floor":27,"gold_loss":0,"cards_obtained":["betterMatch:ColorlessRareCard"]}],"is_beta":false,"boss_relics":[{"not_picked":["ChewingGum","aspiration:SecretTechniqueScroll"],"picked":"aspiration:FutureDiary"}],"items_purged_floors":[],"is_endless":false,"potions_floor_spawned":[1,3,8,16,20,21,28],"killed_by":"Snake Plant","ascension_level":0}}