{"host":"94aus4jnk6thj94q","time":1609573057,"event":{"mods":["BaseMod","Minty Spire (QoL Compilation)","Quick Restart","StSLib"],"gold_per_floor":[112,22,39,55,68,68,103,103,103,103,122,122,134,153,153,254,254,266,226,0,18,30,30,43,57,57,108,108,119,171,187,187,187,187],"floor_reached":33,"playtime":2588,"items_purged":[],"score":278,"play_id":"16f31f67-efec-460f-9bd0-9783db85b4de","local_time":"20210102093737","is_ascension_mode":false,"campfire_choices":[{"floor":6.0,"key":"REST"},{"floor":8.0,"key":"REST"},{"floor":10.0,"key":"REST"},{"floor":15.0,"key":"REST"},{"floor":23.0,"key":"REST"},{"floor":32,"key":"REST"}],"circlet_count":0,"master_deck":["Strike_G","Strike_G","Strike_G","Strike_G","Strike_G+1","Defend_G","Defend_G","Defend_G","Defend_G","Defend_G","Survivor","Neutralize","Footwork","Footwork","Poisoned Stab","Cloak And Dagger+1","Backstab","Slice","Cloak And Dagger","Infinite Blades","Venomology","Footwork","Footwork","Deadly Poison","Poisoned Stab","Regret","Shame","Clumsy"],"relics":["Ring of the Snake","Tiny Chest","Cursed Key","Snake Skull","Gremlin Horn","Pen Nib","Toy Ornithopter"],"acts_visited":["Exordium","TheCity"],"potions_floor_usage":[25,25,31],"damage_taken":[{"damage":1.0,"enemies":"Cultist","floor":1.0,"turns":4.0},{"damage":0.0,"enemies":"2 Louse","floor":3.0,"turns":2.0},{"damage":4.0,"enemies":"Jaw Worm","floor":4.0,"turns":4.0},{"damage":0.0,"enemies":"2 Fungi Beasts","floor":5.0,"turns":4.0},{"damage":38.0,"enemies":"3 Sentries","floor":7.0,"turns":21.0},{"damage":0.0,"enemies":"Blue Slaver","floor":11.0,"turns":4.0},{"damage":13.0,"enemies":"Gremlin Gang","floor":13.0,"turns":5.0},{"damage":3.0,"enemies":"Exordium Thugs","floor":14.0,"turns":5.0},{"damage":25.0,"enemies":"The Guardian","floor":16.0,"turns":15.0},{"damage":5.0,"enemies":"Chosen","floor":18.0,"turns":7.0},{"damage":1.0,"enemies":"2 Thieves","floor":21.0,"turns":5.0},{"damage":20.0,"enemies":"Sentry and Sphere","floor":22.0,"turns":11.0},{"damage":4.0,"enemies":"Snecko","floor":24.0,"turns":5.0},{"damage":16,"enemies":"Chosen and Byrds","floor":25,"turns":7},{"damage":22,"enemies":"Snake Plant","floor":29,"turns":5},{"damage":18,"enemies":"Snecko","floor":31,"turns":6},{"damage":4,"enemies":"Champ","floor":33,"turns":3}],"seed_played":"8783844030209187518","potions_obtained":[{"floor":1.0,"key":"SpeedPotion"},{"floor":3.0,"key":"Block Potion"},{"floor":13.0,"key":"Poison Potion"},{"floor":14.0,"key":"SpeedPotion"},{"floor":18.0,"key":"EssenceOfSteel"},{"floor":22.0,"key":"Poison Potion"},{"floor":24,"key":"Explosive Potion"},{"floor":29,"key":"CultistPotion"}],"is_trial":false,"path_per_floor":["M","$","M","M","M","R","E","R","T","R","M","?","M","M","R","B",null,"M","?","$","M","M","R","M","M","T","T","$","M","T","M","R","B"],"character_chosen":"THE_SILENT","items_purchased":["Footwork","Poisoned Stab","Footwork","Snake Skull"],"campfire_rested":6,"item_purchase_floors":[2,2,20,20],"current_hp_per_floor":[62,62,62,58,58,83,45,70,70,84,84,84,71,68,84,59,84,79,79,79,78,58,83,79,63,63,63,63,41,41,28,53,49,49],"gold":187,"neow_bonus":"TWENTY_PERCENT_HP_BONUS","is_daily":false,"chose_seed":false,"campfire_upgraded":0,"win_rate":0.0,"timestamp":1609573057,"path_taken":["M","$","M","M","M","R","E","R","T","R","M","?","M","M","R","BOSS","M","?","$","M","M","R","M","M","T","?","$","M","?","M","R","BOSS"],"items_purchased_type":["Card","Card","Card","Relic"],"build_version":"2020-12-22","purchased_purges":0,"victory":false,"max_hp_per_floor":[84,84,84,84,84,84,84,84,84,84,84,84,84,84,84,84,84,84,84,84,84,84,84,84,84,84,84,84,84,84,84,84,84,84],"card_choices":[{"not_picked":["Finisher","Setup"],"picked":"Footwork","floor":1.0},{"not_picked":["Quick Slash","Heel Hook"],"picked":"Cloak And Dagger","floor":3.0},{"not_picked":["Acrobatics","Terror"],"picked":"Backstab","floor":4.0},{"not_picked":["Flechettes","Outmaneuver","PiercingWail"],"picked":"SKIP","floor":5.0},{"not_picked":["All Out Attack","Distraction"],"picked":"Slice","floor":7.0},{"not_picked":["Sucker Punch","All Out Attack"],"picked":"Cloak And Dagger","floor":11.0},{"not_picked":["Setup","Tactician","Heel Hook"],"picked":"SKIP","floor":13.0},{"not_picked":["Endless Agony","Dagger Spray"],"picked":"Infinite Blades","floor":14.0},{"not_picked":["Wraith Form v2","Storm of Steel"],"picked":"Venomology","floor":16.0},{"not_picked":["Cloak And Dagger+1","Outmaneuver+1"],"picked":"Footwork","floor":18.0},{"not_picked":["Dagger Throw","Riddle With Holes"],"picked":"Deadly Poison","floor":21.0},{"not_picked":["Prepared","Dodge and Roll","Deflect"],"picked":"SKIP","floor":22.0},{"not_picked":["Deflect","Masterful Stab+1","Slice"],"picked":"SKIP","floor":24},{"not_picked":["A Thousand Cuts","Sucker Punch"],"picked":"Poisoned Stab","floor":25},{"not_picked":["PiercingWail+1","Flying Knee","Dodge and Roll"],"picked":"SKIP","floor":29},{"not_picked":["Dagger Throw+1","Sucker Punch","Acrobatics"],"picked":"SKIP","floor":31}],"player_experience":5679231,"relics_obtained":[{"floor":7.0,"key":"Tiny Chest"},{"floor":26,"key":"Gremlin Horn"},{"floor":27,"key":"Pen Nib"},{"floor":30,"key":"Toy Ornithopter"}],"event_choices":[{"damage_healed":0.0,"max_hp_gain":0.0,"max_hp_loss":0.0,"gold_gain":0.0,"event_name":"Liars Game","player_choice":"Ignored","floor":12.0,"gold_loss":0.0,"damage_taken":0.0},{"damage_healed":0.0,"max_hp_gain":0.0,"max_hp_loss":0.0,"gold_gain":0.0,"event_name":"Designer","player_choice":"Upgraded Two","floor":19.0,"gold_loss":40.0,"damage_taken":0.0,"cards_upgraded":["Cloak And Dagger","Strike_G"]}],"is_beta":false,"boss_relics":[{"not_picked":["Coffee Dripper","SacredBark"],"picked":"Cursed Key"}],"items_purged_floors":[],"is_endless":false,"potions_floor_spawned":[1,3,13,14,18,22,24,29],"killed_by":"Champ","ascension_level":0}}