{"host":"nlt3cun66idbuazp","time":1609608034,"event":{"mods":["2.2 Compatiblity","Act Like it!","Aspiration","BaseMod","Better Altar","Better Match","Better Skull","Better Third Choice","BetterRewards","Downfall","Evolution","Grow up Mod","Hermit","Hubris","Jorbs\u0027s Wanderer Trilogy","Koishi","Minty Spire (QoL Compilation)","Prisma Mod","Rare Cards Sparkle","Remove Card Discount Mod","Shade Mod","Spicy Shops","StSLib","The Animator","The Construct","The Disciple","The Gatherer","The Marked","vexMod"],"gold_per_floor":[9099,9099,9099,9099,9099,9099,9125,9158,9171,9171,8332,8332,8343,8357,8374,8471,8471,8471,8483,8498,8512,7257,7032,7057,7084,7103,7117,7129,7149,7149,7175,7195,7300,7300,7300,7314,7330,7341,5622,5632,5686,5716,5716,4491,4503,3259,3259,2388,2406,2406,2406,2439,2076,2076,2076],"floor_reached":56,"playtime":2739,"items_purged":["Clumsy","Pain","Shame"],"score":1646,"play_id":"3e985adf-1e08-4019-98a6-d32ec5a75c16","local_time":"20210102122034","is_ascension_mode":false,"campfire_choices":[{"floor":1,"key":"RECALL"},{"data":"champ:CalledShot","floor":10,"key":"SMITH"},{"data":"champ:ViciousMockery","floor":12,"key":"SMITH"},{"data":"champ:DeathBlow","floor":18,"key":"SMITH"},{"data":"champ:StrikeOfGenius","floor":23,"key":"SMITH"},{"data":"Chaos","floor":30,"key":"SMITH"},{"data":"Chaos","floor":35,"key":"SMITH"},{"data":"1","floor":43,"key":"LIFT"},{"data":"2","floor":47,"key":"LIFT"}],"circlet_count":0,"master_deck":["champ:Strike","champ:Strike","champ:Strike","champ:Defend","champ:Defend","champ:Defend","champ:Defend","champ:Execute","champ:Taunt","champ:FanOfKnives","champ:FocusedBerserking+1","champ:GladiatorsShout","champ:CalledShot+1","champ:BringItOn","champ:ViciousMockery+1","champ:ShieldWall","champ:Riposte+1","champ:BerserkerStyle","champ:DeathBlow+1","champ:Haymaker+1","champ:BerserkersShout+1","champ:StrikeOfGenius+1","champ:BladeFlurry","champ:SteelEdge","champ:GladiatorsShout","champ:Shatter+1","champ:PerfectedStrike+1","champ:VampiricStrike","champ:CrownThrow+1","champ:BerserkerStyle+1","champ:Improvising+1","champ:Haymaker+1","champ:BladeFlurry+1","champ:RisingSlash+1","Mayhem","champ:HoldFirm","champ:Backstep+1","champ:RecklessLeap+1","champ:MurderStrike","champ:TornadoPunch+1","Sadistic Nature","champ:EndlessRage","champ:Circumvent+1","expansioncontent:DashGenerateEvil","champ:ShieldWall","Injury","hubris:DuctTapeCard"],"relics":["champ:ChampionCrown","EVO:Axolotl","downfall:HeartsMalice","FossilizedHelix","vexMod:BarristanHead","Pantograph","vexMod:Spyglass","hubris:EmptyBottle","Anchor","hubris:BottledRain","hubris:ScarierMask","Calipers","hubris:SlimyHat","Chemical X","vexMod:HeadHunter","champ:GladiatorsBookOfMartialProwess","ClockworkSouvenir","downfall:HeartBlessingRed","downfall:HeartBlessingGreen","downfall:HeartBlessingBlue","Boot","hubris:DisguiseKit","Art of War","Astrolabe","Kunai","Girya","aspiration:Nostalgia","hermit:Momento","White Beast Statue","Meat on the Bone","Lee\u0027s Waffle","War Paint","Lantern","Happy Flower","aspiration:Lifesprig","Mummified Hand","Blood Vial","champ:BerserkersGuideToSlaughter","Potion Belt","Letter Opener","Sling","PreservedInsect","Bag of Marbles","Cauldron","Orichalcum","InkBottle","HandDrill","Membership Card","MealTicket","hubris:DuctTape","Oddly Smooth Stone","Centennial Puzzle","champ:DefensiveTrainingManual","construct:BoolHorns","Orrery"],"acts_visited":["Exordium","TheCity","TheBeyond","TheEnding"],"potions_floor_usage":[16,16,16,33,33,33,55,55,55,55,55,55,55],"damage_taken":[{"damage":0,"enemies":"Small Slimes","floor":2,"turns":1},{"damage":0,"enemies":"Jaw Worm","floor":4,"turns":1},{"damage":0,"enemies":"Lagavulin","floor":8,"turns":1},{"damage":3,"enemies":"2 Louse","floor":9,"turns":3},{"damage":0,"enemies":"downfall:FleeingMerchant","floor":11,"turns":1},{"damage":0,"enemies":"Lots of Slimes","floor":13,"turns":1},{"damage":0,"enemies":"Blue Slaver","floor":14,"turns":1},{"damage":0,"enemies":"Exordium Thugs","floor":15,"turns":1},{"damage":25,"enemies":"downfall:Ironclad","floor":16,"turns":3},{"damage":0,"enemies":"Shell Parasite","floor":19,"turns":1},{"damage":0,"enemies":"Chosen","floor":20,"turns":1},{"damage":0,"enemies":"Snake Plant","floor":21,"turns":1},{"damage":0,"enemies":"Gremlin Leader","floor":25,"turns":1},{"damage":0,"enemies":"3 Cultists","floor":26,"turns":1},{"damage":18,"enemies":"Cultist and Chosen","floor":27,"turns":3},{"damage":0,"enemies":"Snecko","floor":28,"turns":1},{"damage":0,"enemies":"Centurion and Healer","floor":29,"turns":1},{"damage":0,"enemies":"Book of Stabbing","floor":31,"turns":1},{"damage":0,"enemies":"Cultist and Chosen","floor":32,"turns":1},{"damage":13,"enemies":"downfall:Silent","floor":33,"turns":4},{"damage":0,"enemies":"Orb Walker","floor":36,"turns":1},{"damage":0,"enemies":"3 Shapes","floor":37,"turns":1},{"damage":0,"enemies":"Spire Growth","floor":38,"turns":1},{"damage":0,"enemies":"Writhing Mass","floor":40,"turns":1},{"damage":0,"enemies":"Giant Head","floor":42,"turns":1},{"damage":0,"enemies":"4 Shapes","floor":45,"turns":1},{"damage":0,"enemies":"Jaw Worm Horde","floor":49,"turns":1},{"damage":0,"enemies":"downfall:Watcher","floor":50,"turns":1},{"damage":0,"enemies":"downfall:CharBossMerchant","floor":52,"turns":1},{"damage":88,"enemies":"downfall:NeowBoss","floor":55,"turns":10}],"seed_played":"-192250390071718645","potions_obtained":[{"floor":9,"key":"Weak Potion"},{"floor":14,"key":"champ:UltimateStancePotion"},{"floor":15,"key":"PowerPotion"},{"floor":16,"key":"GamblersBrew"},{"floor":20,"key":"champ:CounterPotion"},{"floor":33,"key":"Regen Potion"},{"floor":38,"key":"DuplicationPotion"},{"floor":46,"key":"Slimebound:ThreeZeroPotion"},{"floor":46,"key":"DuplicationPotion"},{"floor":52,"key":"DuplicationPotion"}],"is_trial":false,"path_per_floor":["R","M","?","M","?","?","T","E","M","R","$","R","M","M","M","B",null,"R","M","M","M","$","R","T","E","M","M","M","M","R","E","M","B",null,"R","M","M","M","$","M","T","E","R","$","M","$","R","$","M","B",null,"E","$","R","B",null],"character_chosen":"THE_CHAMP","items_purchased":["vexMod:BarristanHead","Pantograph","vexMod:Spyglass","hubris:EmptyBottle","Anchor","hubris:BottledRain","champ:ViciousMockery","champ:ShieldWall","SkillPotion","Calipers","hubris:SlimyHat","Chemical X","vexMod:HeadHunter","champ:GladiatorsBookOfMartialProwess","ClockworkSouvenir","champ:BladeFlurry","Mayhem","Kunai","Girya","aspiration:Nostalgia","White Beast Statue","Meat on the Bone","Lee\u0027s Waffle","champ:HoldFirm","champ:Backstep","Happy Flower","aspiration:Lifesprig","Mummified Hand","Blood Vial","champ:BerserkersGuideToSlaughter","Sadistic Nature","champ:EndlessRage","Potion Belt","Letter Opener","Sling","PreservedInsect","Bag of Marbles","Cauldron","expansioncontent:DashGenerateEvil","Orichalcum","InkBottle","HandDrill","Membership Card","MealTicket","champ:ShieldWall","hubris:DuctTape","Centennial Puzzle","champ:DefensiveTrainingManual","construct:BoolHorns","Orrery"],"campfire_rested":0,"item_purchase_floors":[11,11,11,11,11,11,11,11,11,22,22,22,22,22,22,22,39,39,39,39,39,39,39,39,39,44,44,44,44,44,44,44,46,46,46,46,46,46,46,48,48,48,48,48,48,48,53,53,53,53],"current_hp_per_floor":[110,120,130,140,150,160,170,180,190,200,210,220,230,240,250,240,270,280,290,300,310,320,340,350,360,370,380,390,400,410,420,430,440,450,460,470,480,490,507,517,527,537,547,557,567,577,587,597,607,617,627,637,647,657,677],"gold":2076,"neow_bonus":"THREE_ENEMY_KILL","is_daily":false,"chose_seed":false,"campfire_upgraded":6,"win_rate":0.0,"timestamp":1609608034,"path_taken":["R","M","?","M","?","?","T","E","M","R","$","R","M","M","M","BOSS","R","M","?","M","$","R","T","E","?","M","M","M","R","E","M","BOSS","R","?","M","M","$","M","T","E","R","?","M","$","R","?","M","BOSS","E","$","R","BOSS"],"items_purchased_type":["Relic","Relic","Relic","Relic","Relic","Relic","Card","Card","Potion","Relic","Relic","Relic","Relic","Relic","Relic","Card","Card","Relic","Relic","Relic","Relic","Relic","Relic","Card","Card","Relic","Relic","Relic","Relic","Relic","Card","Card","Relic","Relic","Relic","Relic","Relic","Relic","Card","Relic","Relic","Relic","Relic","Relic","Card","Relic","Relic","Relic","Relic","Relic"],"build_version":"2020-12-22","purchased_purges":3,"victory":true,"max_hp_per_floor":[110,120,130,140,150,160,170,180,190,200,210,220,230,240,250,260,270,280,290,300,310,320,340,350,360,370,380,390,400,410,420,430,440,450,460,470,480,490,507,517,527,537,547,557,567,577,587,597,607,617,627,637,647,657,677],"card_choices":[{"not_picked":["champ:PerfectedStrike","champ:AdrenalArmor"],"picked":"champ:FanOfKnives","floor":2},{"not_picked":["champ:FightOn","champ:DefensiveShout"],"picked":"champ:FocusedBerserking","floor":4},{"not_picked":["champ:FaceSlap","champ:DefensiveShout"],"picked":"champ:GladiatorsShout","floor":8},{"not_picked":["champ:DefensiveShout","champ:Lariat"],"picked":"champ:CalledShot","floor":9},{"not_picked":["champ:Encircle","champ:Lariat"],"picked":"champ:BringItOn","floor":11},{"not_picked":["champ:BerserkersShout","champ:PerfectedStrike"],"picked":"champ:Riposte","floor":13},{"not_picked":["champ:SkillfulDodge","champ:PerfectedStrike"],"picked":"champ:BerserkerStyle","floor":14},{"not_picked":["champ:FocusedGladiator","champ:FanOfKnives"],"picked":"champ:DeathBlow","floor":15},{"not_picked":["champ:SwordThrow","champ:ShieldThrow"],"picked":"champ:IgnorePain","floor":16},{"not_picked":["champ:FocusedDefense","champ:Backstep"],"picked":"champ:Haymaker+1","floor":19},{"not_picked":["champ:AdrenalArmor","champ:ViciousMockery"],"picked":"champ:BerserkersShout+1","floor":20},{"not_picked":["champ:GutPunch","champ:FlashCut"],"picked":"champ:StrikeOfGenius","floor":21},{"not_picked":["champ:DancingMaster","champ:ShieldSlam"],"picked":"champ:SteelEdge","floor":25},{"not_picked":["champ:Duel","champ:PerfectedStrike","champ:FanOfKnives"],"picked":"SKIP","floor":25},{"not_picked":["champ:Haymaker","champ:RisingSlash","Darkness"],"picked":"champ:GladiatorsShout","floor":26},{"not_picked":["champ:GladiatorsShout","champ:ViciousMockery","champ:BringItOn+1"],"picked":"Chaos","floor":27},{"not_picked":["champ:Haymaker","champ:GladiatorsShout","Rebound"],"picked":"champ:Shatter+1","floor":28},{"not_picked":["champ:GladiatorsShout","champ:Encircle","Consume"],"picked":"champ:PerfectedStrike+1","floor":29},{"not_picked":["champ:EnchantCrown","champ:ShieldSlam"],"picked":"champ:EnchantShield","floor":31},{"not_picked":["champ:DeathBlow+1","champ:PerfectedStrike","champ:FlashCut+1"],"picked":"Chaos","floor":31},{"not_picked":["champ:GladiatorsShout+1","champ:Haymaker+1","champ:RecklessLeap"],"picked":"Chaos","floor":32},{"not_picked":["champ:ShieldSlam","champ:LastStand","hubris:SpecializedCircuitry"],"picked":"champ:VampiricStrike","floor":33},{"not_picked":["champ:GutPunch+1","champ:FocusedDefense","Barrage"],"picked":"champ:Haymaker+1","floor":36},{"not_picked":["champ:GutPunch+1","champ:Circumvent","Barrage"],"picked":"champ:BladeFlurry+1","floor":37},{"not_picked":["champ:FocusedGladiator","champ:FanOfKnives","Steam"],"picked":"champ:RisingSlash+1","floor":38},{"not_picked":["champ:Riposte","champ:Backstep","Recycle"],"picked":"champ:RecklessLeap+1","floor":40},{"not_picked":["champ:SteelEdge","champ:ShieldSlam"],"picked":"champ:MurderStrike","floor":42},{"not_picked":["champ:ShieldSlam","champ:FlashCut","Recycle"],"picked":"champ:TornadoPunch+1","floor":42},{"not_picked":["champ:CrookedStrike","champ:FlashCut+1","Self Repair"],"picked":"champ:Circumvent+1","floor":45},{"not_picked":["champ:FanOfKnives","champ:Backstep+1","champ:GladiatorStyle","Blizzard"],"picked":"SKIP","floor":49},{"not_picked":["champ:IgnorePain","champ:EnchantShield","champ:SwordThrow"],"picked":"SKIP","floor":52},{"not_picked":["champ:Circumvent+1","champ:BladeFlurry+1","champ:FocusedBerserking","Tempest"],"picked":"SKIP","floor":52}],"player_experience":165943,"relics_obtained":[{"floor":8,"key":"FossilizedHelix"},{"floor":24,"key":"Boot"},{"floor":25,"key":"hubris:DisguiseKit"},{"floor":31,"key":"Art of War"},{"floor":41,"key":"War Paint"},{"floor":42,"key":"Lantern"},{"floor":52,"key":"Oddly Smooth Stone"}],"event_choices":[{"damage_healed":0,"gold_gain":0,"player_choice":"Upgraded","damage_taken":0,"max_hp_gain":0,"max_hp_loss":0,"event_name":"Upgrade Shrine","floor":6,"gold_loss":0,"cards_upgraded":["champ:FocusedBerserking"]}],"is_beta":false,"boss_relics":[{"not_picked":["vexMod:NewClearReactor","hubris:TerracottaHorce"],"picked":"hubris:ScarierMask"},{"not_picked":["Tiny House","vexMod:EndlessSickness"],"picked":"Astrolabe"}],"items_purged_floors":[11,22,44],"is_endless":false,"potions_floor_spawned":[9,14,15,16,20,25,26,28,32,33,38,40,42,45,49,52],"ascension_level":0}}