{"host":"h4lp0eeso8a0ssq0","time":1609550320,"event":{"mods":["2.2 Compatiblity","AchievementEnabler","BaseMod","CapriCore","Colored Map","Lobotomy","Minty Spire (QoL Compilation)","StSLib","SuperFastMode"],"gold_per_floor":[115,115,115,65,65,76,89,89,89,105,117,134,144,156,156,156,156],"floor_reached":16,"playtime":465,"items_purged":[],"score":96,"play_id":"bbbe5676-4ce8-4298-9d87-ac90f1e1529b","local_time":"20210102101840","is_ascension_mode":false,"campfire_choices":[{"data":"Vigilance","floor":8,"key":"SMITH"},{"data":"ClearTheMind","floor":15,"key":"SMITH"}],"circlet_count":0,"master_deck":["Strike_P","Strike_P","Strike_P","Defend_P","Defend_P+1","Eruption+1","Vigilance+1","InnerPeace","ClearTheMind+1"],"relics":["Empty Cage"],"acts_visited":["Exordium"],"potions_floor_usage":[14,16],"damage_taken":[{"damage":0.0,"enemies":"2 Louse","floor":1.0,"turns":3.0},{"damage":2,"enemies":"Small Slimes","floor":6,"turns":4},{"damage":0,"enemies":"Jaw Worm","floor":7,"turns":5},{"damage":3,"enemies":"Exordium Thugs","floor":10,"turns":4},{"damage":6,"enemies":"Lots of Slimes","floor":11,"turns":6},{"damage":1,"enemies":"Red Slaver","floor":12,"turns":3},{"damage":5,"enemies":"Looter","floor":13,"turns":3},{"damage":5,"enemies":"Gremlin Gang","floor":14,"turns":5},{"damage":34,"enemies":"Hexaghost","floor":16,"turns":11}],"seed_played":"524867627725069926","potions_obtained":[{"floor":1.0,"key":"Fruit Juice"},{"floor":7,"key":"SkillPotion"},{"floor":14,"key":"AttackPotion"}],"is_trial":false,"path_per_floor":["M","?","?","?","?","M","M","R","T","M","M","M","M","M","R","B"],"character_chosen":"WATCHER","items_purchased":[],"campfire_rested":0,"item_purchase_floors":[],"current_hp_per_floor":[77,77,62,62,62,60,60,60,60,57,51,50,45,40,40,6,6],"gold":156,"neow_bonus":"BOSS_RELIC","is_daily":false,"chose_seed":false,"campfire_upgraded":2,"win_rate":0.0,"timestamp":1609550320,"path_taken":["M","?","?","?","?","M","M","R","T","M","M","M","?","M","R","BOSS"],"items_purchased_type":[],"build_version":"2020-12-22","purchased_purges":0,"victory":false,"max_hp_per_floor":[77,77,77,77,77,77,77,77,77,77,77,77,77,77,77,77,77],"card_choices":[{"not_picked":["SignatureMove","Meditate","SashWhip"],"picked":"SKIP","floor":1.0},{"not_picked":["Swivel","EmptyFist","Crescendo"],"picked":"SKIP","floor":6},{"not_picked":["Sanctity","JustLucky","SashWhip"],"picked":"SKIP","floor":7},{"not_picked":["CarveReality","ThirdEye","Halt"],"picked":"SKIP","floor":10},{"not_picked":["Protect","Halt","PathToVictory"],"picked":"SKIP","floor":11},{"not_picked":["Vault","SashWhip"],"picked":"InnerPeace","floor":12},{"not_picked":["DeceiveReality","Evaluate","SignatureMove"],"picked":"SKIP","floor":13},{"not_picked":["EmptyBody","DevaForm"],"picked":"ClearTheMind","floor":14}],"player_experience":19808,"relics_obtained":[],"event_choices":[{"damage_healed":0.0,"max_hp_gain":0.0,"max_hp_loss":0.0,"gold_gain":0.0,"event_name":"Scrap Ooze","player_choice":"Fled","floor":2.0,"gold_loss":0.0,"damage_taken":0.0},{"damage_healed":0.0,"max_hp_gain":0.0,"max_hp_loss":0.0,"gold_gain":0.0,"event_name":"Shining Light","player_choice":"Entered Light","floor":3.0,"gold_loss":0.0,"damage_taken":15.0,"cards_upgraded":["Eruption","Defend_P"]},{"cards_removed":["Strike_P"],"damage_healed":0.0,"max_hp_gain":0.0,"max_hp_loss":0.0,"gold_gain":0.0,"event_name":"The Cleric","player_choice":"Card Removal","floor":4.0,"gold_loss":50.0,"damage_taken":0.0},{"damage_healed":0.0,"max_hp_gain":0.0,"max_hp_loss":0.0,"gold_gain":0.0,"event_name":"Liars Game","player_choice":"Ignored","floor":5.0,"gold_loss":0.0,"damage_taken":0.0}],"is_beta":false,"boss_relics":[],"items_purged_floors":[],"is_endless":false,"potions_floor_spawned":[1,7,14],"killed_by":"Hexaghost","ascension_level":0}}