{"host":"g01l53quoe6lrer0","time":1609604698,"event":{"mods":["2.2 Compatiblity","AchievementEnabler","BaseMod","Colored Map","Highlight Path","Keyboard Shortcuts","Minty Spire (QoL Compilation)","Permanent Neow","Quick Restart","StSLib","SuperFastMode","everything is the same but u backflip on backflip"],"gold_per_floor":[213,44,44,56,73,73,85,96,123,158,83,96,122,134,134,236,236,248,347,363,12,12,12,39,39,39,59,59,87,87,106,106,206,206,218,93,193,209,223,223,573,573,573,573,583,596,596,612,612,612],"floor_reached":51,"playtime":2232,"items_purged":["Strike_G","Strike_G","Strike_G"],"score":764,"play_id":"9d3feb41-f9f6-4e86-849b-6d387cd37f6f","local_time":"20210103012458","is_ascension_mode":false,"campfire_choices":[{"data":"Skewer","floor":6.0,"key":"SMITH"},{"data":"Bouncing Flask","floor":15.0,"key":"SMITH"},{"data":"Apotheosis","floor":23.0,"key":"SMITH"},{"data":"Footwork","floor":25.0,"key":"SMITH"},{"floor":28.0,"key":"REST"},{"floor":30.0,"key":"REST"},{"data":"Tactician","floor":32.0,"key":"SMITH"},{"floor":40.0,"key":"REST"},{"data":"Backflip","floor":42.0,"key":"SMITH"},{"floor":44.0,"key":"REST"},{"floor":47.0,"key":"REST"},{"floor":49.0,"key":"REST"}],"circlet_count":0,"master_deck":["Defend_G","Defend_G","Defend_G","Defend_G","Defend_G","Survivor","Neutralize","Skewer+1","Acrobatics","Backflip+1","PiercingWail","Flying Knee","All Out Attack","Outmaneuver","Bouncing Flask+1","Heel Hook+1","Footwork+1","Apotheosis+1","Expertise","Tactician+1","Deadly Poison+1","Underhanded Strike+1","Die Die Die+1","Noxious Fumes+1","PiercingWail+1"],"relics":["Ring of the Snake","Chemical X","Potion Belt","Bag of Marbles","Odd Mushroom","Empty Cage","Boot","Molten Egg 2","Frozen Egg 2","Runic Pyramid","Old Coin","Kunai"],"acts_visited":["Exordium","TheCity","TheBeyond"],"potions_floor_usage":[50,50,50],"damage_taken":[{"damage":0.0,"enemies":"2 Louse","floor":1.0,"turns":3.0},{"damage":0.0,"enemies":"Jaw Worm","floor":4.0,"turns":4.0},{"damage":0.0,"enemies":"Cultist","floor":5.0,"turns":3.0},{"damage":1.0,"enemies":"2 Fungi Beasts","floor":7.0,"turns":4.0},{"damage":1.0,"enemies":"Lots of Slimes","floor":8.0,"turns":3.0},{"damage":20.0,"enemies":"Gremlin Nob","floor":10.0,"turns":5.0},{"damage":4.0,"enemies":"Looter","floor":12.0,"turns":3.0},{"damage":8.0,"enemies":"The Mushroom Lair","floor":13.0,"turns":4.0},{"damage":0.0,"enemies":"Large Slime","floor":14.0,"turns":2.0},{"damage":0.0,"enemies":"Slime Boss","floor":16.0,"turns":1.0},{"damage":2.0,"enemies":"Chosen","floor":18.0,"turns":5.0},{"damage":3.0,"enemies":"Shell Parasite","floor":20.0,"turns":4.0},{"damage":11.0,"enemies":"Gremlin Leader","floor":24.0,"turns":7.0},{"damage":0.0,"enemies":"Centurion and Healer","floor":27.0,"turns":6.0},{"damage":32.0,"enemies":"Slavers","floor":29.0,"turns":6.0},{"damage":0.0,"enemies":"Chosen and Byrds","floor":31.0,"turns":7.0},{"damage":40.0,"enemies":"Automaton","floor":33.0,"turns":10.0},{"damage":5.0,"enemies":"3 Shapes","floor":35.0,"turns":5.0},{"damage":12.0,"enemies":"3 Darklings","floor":38.0,"turns":5.0},{"damage":13.0,"enemies":"4 Shapes","floor":39.0,"turns":4.0},{"damage":0.0,"enemies":"Mind Bloom Boss Battle","floor":41.0,"turns":6.0},{"damage":11.0,"enemies":"Jaw Worm Horde","floor":45.0,"turns":5.0},{"damage":22.0,"enemies":"3 Darklings","floor":46.0,"turns":5.0},{"damage":8.0,"enemies":"Spire Growth","floor":48.0,"turns":5.0},{"damage":16,"enemies":"Awakened One","floor":50,"turns":15}],"seed_played":"-8941249646992492048","potions_obtained":[{"floor":4.0,"key":"ColorlessPotion"},{"floor":7.0,"key":"Swift Potion"},{"floor":12.0,"key":"DuplicationPotion"},{"floor":13.0,"key":"Poison Potion"},{"floor":16.0,"key":"Explosive Potion"},{"floor":24.0,"key":"EssenceOfSteel"},{"floor":29.0,"key":"Fire Potion"},{"floor":33.0,"key":"SpeedPotion"},{"floor":38.0,"key":"PowerPotion"},{"floor":39.0,"key":"Swift Potion"},{"floor":48.0,"key":"FearPotion"}],"is_trial":false,"path_per_floor":["M","$","?","M","M","R","M","M","T","E","$","M","?","M","R","B",null,"M","?","M","$","?","R","E","R","T","M","R","E","R","M","R","B",null,"M","$","?","M","M","R","?","R","T","R","M","M","R","M","R","B",null],"character_chosen":"THE_SILENT","items_purchased":["Chemical X","Acrobatics","Footwork","Apotheosis"],"campfire_rested":6,"item_purchase_floors":[2,2,21,21],"current_hp_per_floor":[70,70,70,70,70,70,69,68,68,48,48,44,36,36,36,36,70,68,68,65,65,65,65,54,54,54,54,70,38,59,59,59,19,70,65,65,65,53,40,61,61,61,61,70,59,37,58,50,70,54],"gold":612,"neow_bonus":"HUNDRED_GOLD","is_daily":false,"chose_seed":false,"campfire_upgraded":6,"win_rate":0.0,"timestamp":1609604698,"path_taken":["M","$","?","M","M","R","M","M","T","E","$","M","?","M","R","BOSS","M","?","M","$","?","R","E","R","T","M","R","E","R","M","R","BOSS","M","$","?","M","?","R","?","R","T","R","M","M","R","M","R","BOSS"],"items_purchased_type":["Relic","Card","Card","Card"],"build_version":"2020-12-22","purchased_purges":3,"victory":true,"max_hp_per_floor":[70,70,70,70,70,70,70,70,70,70,70,70,70,70,70,70,70,70,70,70,70,70,70,70,70,70,70,70,70,70,70,70,70,70,70,70,70,70,70,70,70,70,70,70,70,70,70,70,70,70],"card_choices":[{"not_picked":["Slice","Finisher"],"picked":"Skewer","floor":1.0},{"not_picked":["Underhanded Strike","Deadly Poison"],"picked":"Backflip","floor":4.0},{"not_picked":["Riddle With Holes","Infinite Blades"],"picked":"PiercingWail","floor":5.0},{"not_picked":["Predator","Blade Dance"],"picked":"Flying Knee","floor":7.0},{"not_picked":["Dagger Throw","Blade Dance"],"picked":"All Out Attack","floor":8.0},{"not_picked":["Finisher","Blur"],"picked":"Leg Sweep","floor":10.0},{"not_picked":["Envenom","Flechettes"],"picked":"Outmaneuver","floor":12.0},{"not_picked":["Backflip","Leg Sweep"],"picked":"Bouncing Flask","floor":13.0},{"not_picked":["Backflip","Dagger Throw","Quick Slash"],"picked":"SKIP","floor":14.0},{"not_picked":["Glass Knife","Malaise"],"picked":"Envenom","floor":16.0},{"not_picked":["Flying Knee","Acrobatics+1","Quick Slash"],"picked":"SKIP","floor":18.0},{"not_picked":["Backstab","Choke"],"picked":"Heel Hook+1","floor":20.0},{"not_picked":["Dodge and Roll","PiercingWail","Heel Hook+1"],"picked":"SKIP","floor":24.0},{"not_picked":["Outmaneuver+1","PiercingWail+1"],"picked":"Deadly Poison+1","floor":27.0},{"not_picked":["Tools of the Trade+1","Quick Slash+1"],"picked":"Underhanded Strike+1","floor":29.0},{"not_picked":["Dodge and Roll","Slice+1","Acrobatics"],"picked":"SKIP","floor":31.0},{"not_picked":["Venomology","Wraith Form v2+1"],"picked":"Die Die Die+1","floor":33.0},{"not_picked":["Flying Knee+1","Caltrops+1"],"picked":"Noxious Fumes+1","floor":35.0},{"not_picked":["Dash+1","PiercingWail","Dodge and Roll+1"],"picked":"SKIP","floor":38.0},{"not_picked":["Prepared","Flying Knee+1","Deadly Poison"],"picked":"SKIP","floor":39.0},{"not_picked":["Backflip","Dagger Throw+1"],"picked":"PiercingWail+1","floor":45.0},{"not_picked":["Deflect","Poisoned Stab+1","Predator+1"],"picked":"SKIP","floor":46.0},{"not_picked":["Acrobatics+1","Quick Slash+1","Infinite Blades+1"],"picked":"SKIP","floor":48.0},{"not_picked":["Acrobatics+1","Quick Slash+1","Infinite Blades+1"],"picked":"SKIP","floor":48.0}],"player_experience":29868,"relics_obtained":[{"floor":9.0,"key":"Potion Belt"},{"floor":10.0,"key":"Bag of Marbles"},{"floor":13.0,"key":"Odd Mushroom"},{"floor":24.0,"key":"Boot"},{"floor":26.0,"key":"Molten Egg 2"},{"floor":29.0,"key":"Frozen Egg 2"},{"floor":41.0,"key":"Old Coin"},{"floor":43.0,"key":"Kunai"}],"event_choices":[{"damage_healed":0.0,"max_hp_gain":0.0,"max_hp_loss":0.0,"gold_gain":0.0,"event_name":"The Cleric","player_choice":"Leave","floor":3.0,"gold_loss":0.0,"damage_taken":0.0},{"damage_healed":0.0,"max_hp_gain":0.0,"max_hp_loss":0.0,"gold_gain":0.0,"event_name":"Mushrooms","player_choice":"Fought Mushrooms","floor":13.0,"gold_loss":0.0,"damage_taken":0.0},{"damage_healed":0.0,"max_hp_gain":0.0,"max_hp_loss":0.0,"gold_gain":99.0,"event_name":"Nest","player_choice":"Stole From Cult","floor":19.0,"gold_loss":0.0,"damage_taken":0.0},{"damage_healed":0.0,"max_hp_gain":0.0,"max_hp_loss":0.0,"gold_gain":0.0,"cards_transformed":["Envenom","Leg Sweep"],"event_name":"Drug Dealer","player_choice":"Became Test Subject","floor":22.0,"gold_loss":0.0,"damage_taken":0.0,"cards_obtained":["Expertise","Tactician"]},{"damage_healed":0.0,"max_hp_gain":0.0,"max_hp_loss":0.0,"gold_gain":100.0,"event_name":"Golden Shrine","player_choice":"Pray","floor":37.0,"gold_loss":0.0,"damage_taken":0.0},{"damage_healed":0.0,"max_hp_gain":0.0,"max_hp_loss":0.0,"gold_gain":0.0,"event_name":"MindBloom","player_choice":"Fight","floor":41.0,"gold_loss":0.0,"damage_taken":0.0}],"is_beta":false,"boss_relics":[{"not_picked":["Busted Crown","Calling Bell"],"picked":"Empty Cage"},{"not_picked":["Velvet Choker","Black Star"],"picked":"Runic Pyramid"}],"items_purged_floors":[11,21,36],"is_endless":false,"potions_floor_spawned":[4,7,12,13,16,24,29,33,38,39,41,48],"ascension_level":0}}