{"host":"qwttrqaysb380yri","time":1609615773,"event":{"mods":["BaseMod","Custom Start","Minty Spire (QoL Compilation)","Permanent Neow","Puzzle Mod","Relic Stats","StSLib","The Hierophant"],"gold_per_floor":[116,116,131,147,163,198,198,198,198],"floor_reached":8,"playtime":379,"items_purged":[],"score":102,"play_id":"c2868fb9-e961-4eb9-a802-7e023ac58a95","local_time":"20210102202933","is_ascension_mode":true,"campfire_choices":[{"floor":7,"key":"REST"}],"circlet_count":0,"master_deck":["AscendersBane","Strike_G","Strike_G","Strike_G","Strike_G","Strike_G","Defend_G","Defend_G","Defend_G","Defend_G","Survivor","Neutralize","Acrobatics","PiercingWail","Sucker Punch","Underhanded Strike","Blade Dance"],"relics":["Ring of the Snake","FaceOfCleric","FossilizedHelix"],"acts_visited":["Exordium"],"potions_floor_usage":[6],"damage_taken":[{"damage":2,"enemies":"Small Slimes","floor":1,"turns":4},{"damage":3,"enemies":"Cultist","floor":3,"turns":4},{"damage":10,"enemies":"Jaw Worm","floor":4,"turns":7},{"damage":34,"enemies":"Gremlin Gang","floor":5,"turns":7},{"damage":42,"enemies":"3 Sentries","floor":6,"turns":10},{"damage":30,"enemies":"Lagavulin","floor":8,"turns":8}],"seed_played":"8747245610720136075","potions_obtained":[{"floor":1,"key":"SpeedPotion"},{"floor":4,"key":"FairyPotion"},{"floor":5,"key":"Regen Potion"}],"is_trial":false,"path_per_floor":["M","?","M","M","M","E","R","E"],"character_chosen":"THE_SILENT","items_purchased":[],"campfire_rested":1,"item_purchase_floors":[],"current_hp_per_floor":[57,57,55,46,13,13,34,4,4],"gold":198,"neow_bonus":"TRANSFORM_CARD","is_daily":false,"chose_seed":false,"campfire_upgraded":0,"win_rate":0.0,"timestamp":1609615773,"path_taken":["M","?","M","M","M","E","R","E"],"items_purchased_type":[],"build_version":"2020-12-22","purchased_purges":0,"victory":false,"max_hp_per_floor":[66,66,67,68,69,70,70,70,70],"relic_stats":{"FaceOfCleric":4,"counters":[6,40],"obtain_stats":[{"FaceOfCleric":2,"FossilizedHelix":6,"Ring of the Snake":0},{"FaceOfCleric":1,"FossilizedHelix":5,"Ring of the Snake":0},{"FaceOfCleric":4,"FossilizedHelix":32,"Ring of the Snake":0}],"Ring of the Snake":[12]},"card_choices":[{"not_picked":["Infinite Blades","Flechettes"],"picked":"PiercingWail","floor":1},{"not_picked":["Heel Hook","PiercingWail"],"picked":"Sucker Punch","floor":3},{"not_picked":["Slice","Acrobatics"],"picked":"Underhanded Strike","floor":4},{"not_picked":["Cloak And Dagger","Backflip","Dodge and Roll"],"picked":"SKIP","floor":5},{"not_picked":["Burst","Grand Finale"],"picked":"Blade Dance","floor":6}],"player_experience":1978450,"relics_obtained":[{"floor":6,"key":"FossilizedHelix"}],"event_choices":[{"damage_healed":0,"gold_gain":0,"player_choice":"Trade","damage_taken":0,"relics_obtained":["FaceOfCleric"],"max_hp_gain":0,"max_hp_loss":0,"event_name":"FaceTrader","floor":2,"gold_loss":0}],"is_beta":false,"boss_relics":[],"items_purged_floors":[],"is_endless":false,"potions_floor_spawned":[1,4,5],"killed_by":"Lagavulin","ascension_level":15}}