{"host":"08t08ld674si40tv","time":1609597676,"event":{"mods":["AchievementEnabler","BaseMod","Colored Map","Minty Spire (QoL Compilation)","StSLib","SuperFastMode"],"gold_per_floor":[118,138,157,206,226,226,251,251,251,201,201,201,201,233,233,305,305,321,321,236,236,248,248,309,309,309],"floor_reached":25,"playtime":524,"items_purged":[],"score":345,"play_id":"51e9d88e-6d79-418a-94f1-6163d928a68c","local_time":"20210102232756","is_ascension_mode":true,"campfire_choices":[{"data":"Apotheosis","floor":6,"key":"SMITH"},{"floor":8,"key":"REST"},{"floor":11,"key":"RECALL"},{"data":"Heatsinks","floor":13,"key":"SMITH"},{"data":"Chill","floor":15,"key":"SMITH"},{"data":"Biased Cognition","floor":23,"key":"SMITH"}],"circlet_count":0,"master_deck":["AscendersBane","Strike_B","Strike_B","Strike_B","Defend_B","Defend_B","Defend_B","Defend_B","Zap","Dualcast","Apotheosis+1","Cold Snap","Cold Snap","Conserve Battery","Heatsinks+1","Chill+1","Barrage","Biased Cognition+1","Ball Lightning","Self Repair"],"relics":["Cracked Core","Orichalcum","Vajra","Question Card","Eternal Feather","Philosopher\u0027s Stone","Torii","SsserpentHead"],"acts_visited":["Exordium","TheCity"],"potions_floor_usage":[18,24],"damage_taken":[{"damage":0,"enemies":"Cultist","floor":1,"turns":3},{"damage":2,"enemies":"Jaw Worm","floor":2,"turns":4},{"damage":0,"enemies":"Small Slimes","floor":3,"turns":3},{"damage":16,"enemies":"Exordium Thugs","floor":5,"turns":6},{"damage":14,"enemies":"3 Sentries","floor":7,"turns":7},{"damage":1,"enemies":"Lagavulin","floor":14,"turns":7},{"damage":50,"enemies":"Slime Boss","floor":16,"turns":12},{"damage":5,"enemies":"2 Thieves","floor":18,"turns":5},{"damage":2,"enemies":"Shell Parasite","floor":22,"turns":5},{"damage":1,"enemies":"Shelled Parasite and Fungi","floor":24,"turns":5},{"damage":79,"enemies":"Gremlin Leader","floor":25,"turns":7}],"seed_played":"4993803852226244161","potions_obtained":[{"floor":7,"key":"Weak Potion"},{"floor":16,"key":"Explosive Potion"}],"is_trial":false,"path_per_floor":["M","M","M","T","M","R","E","R","T","?","R","?","R","E","R","B",null,"M","?","?","?","M","R","M","E"],"character_chosen":"DEFECT","items_purchased":[],"campfire_rested":1,"item_purchase_floors":[],"current_hp_per_floor":[68,66,66,66,50,50,36,56,56,56,56,61,61,60,69,19,60,55,55,55,55,53,62,61,0,0],"gold":309,"neow_bonus":"RANDOM_COLORLESS_2","is_daily":false,"chose_seed":false,"campfire_upgraded":4,"win_rate":0.0,"timestamp":1609597676,"path_taken":["M","M","M","?","?","R","E","R","T","?","R","?","R","E","R","BOSS","M","?","?","?","M","R","?","E"],"items_purchased_type":[],"build_version":"2020-12-22","purchased_purges":0,"victory":false,"max_hp_per_floor":[68,68,68,68,68,68,68,68,68,68,68,73,73,73,73,73,73,73,73,73,73,73,73,73,73,73],"card_choices":[{"not_picked":["Violence","Metamorphosis"],"picked":"Apotheosis","floor":0},{"not_picked":["Chaos","Coolheaded"],"picked":"Cold Snap","floor":1},{"not_picked":["Streamline","Turbo"],"picked":"Cold Snap","floor":2},{"not_picked":["Chaos","Hologram"],"picked":"Conserve Battery","floor":3},{"not_picked":["Ball Lightning","Gash"],"picked":"Heatsinks","floor":5},{"not_picked":["Rip and Tear","Thunder Strike"],"picked":"Chill","floor":7},{"not_picked":["Turbo","Steam","Stack"],"picked":"Barrage","floor":14},{"not_picked":["Thunder Strike","Seek","Amplify"],"picked":"Biased Cognition","floor":16},{"not_picked":["Conserve Battery+1","Hologram","Steam"],"picked":"Ball Lightning","floor":18},{"not_picked":["Consume","Leap+1","Genetic Algorithm","Stack"],"picked":"SKIP","floor":22},{"not_picked":["Rebound","Stack","Streamline"],"picked":"Self Repair","floor":24}],"player_experience":197201,"relics_obtained":[{"floor":4,"key":"Orichalcum"},{"floor":7,"key":"Vajra"},{"floor":9,"key":"Question Card"},{"floor":14,"key":"Eternal Feather"}],"event_choices":[{"cards_removed":["Strike_B"],"damage_healed":0,"gold_gain":0,"player_choice":"Card Removal","damage_taken":0,"max_hp_gain":0,"max_hp_loss":0,"event_name":"The Cleric","floor":10,"gold_loss":50},{"damage_healed":0,"gold_gain":0,"player_choice":"Donut","damage_taken":0,"max_hp_gain":5,"max_hp_loss":0,"event_name":"Big Fish","floor":12,"gold_loss":0},{"damage_healed":0,"gold_gain":0,"player_choice":"Ignored","damage_taken":0,"max_hp_gain":0,"max_hp_loss":0,"event_name":"The Mausoleum","floor":19,"gold_loss":0},{"damage_healed":0,"gold_gain":0,"player_choice":"Obtained Relic","damage_taken":0,"relics_obtained":["Torii"],"max_hp_gain":0,"max_hp_loss":0,"event_name":"Addict","floor":20,"gold_loss":85},{"damage_healed":0,"gold_gain":0,"player_choice":"Trade","damage_taken":0,"relics_obtained":["SsserpentHead"],"max_hp_gain":0,"max_hp_loss":0,"event_name":"FaceTrader","floor":21,"gold_loss":0}],"is_beta":false,"boss_relics":[{"not_picked":["Sozu","Cursed Key"],"picked":"Philosopher\u0027s Stone"}],"items_purged_floors":[],"is_endless":false,"potions_floor_spawned":[7,16],"killed_by":"Gremlin Leader","ascension_level":13}}