{"host":"j356dfgkwbkgh9zu","time":1609591806,"event":{"mods":["2.2 Compatiblity","ATMod(阿瑾Mod)","Act Like it!","BaseMod","Colored Map","Colored Powertips","Hermit","Lobotomy","Luminous","Minty Spire (QoL Compilation)","Quick Restart","RumiaBox-露米娅的神秘盒子","Shop Mod","Spicy Shops","StSLib","The Marked","The Mystic","【功能Mod】混沌之环修复补丁","篝火指南"],"gold_per_floor":[156,42,42,42,42,42,138,138,138,237,336,432,73,127,127,246,246,303,43,43,0,0],"floor_reached":21,"playtime":1276,"items_purged":["Writhe","mysticmod:Defend_Mystic"],"score":477,"play_id":"1e229d4b-48be-4c8a-925b-85d8571f085a","local_time":"20210102205006","daily_mods":["Heirloom","Time Dilation","Flight","DeadlyEvents","Elite Swarm","Midas"],"is_ascension_mode":true,"campfire_choices":[{"floor":6,"key":"REST"},{"floor":8,"key":"REST"},{"floor":15,"key":"REST"}],"circlet_count":0,"master_deck":["mysticmod:Strike_Mystic","mysticmod:Strike_Mystic","mysticmod:Strike_Mystic","mysticmod:Strike_Mystic","mysticmod:Defend_Mystic","mysticmod:Defend_Mystic","mysticmod:Defend_Mystic","mysticmod:ArcaneDodge","mysticmod:ShockingGrasp","mysticmod:MirrorEntity+1","mysticmod:GreaterInvisibility+1","mysticmod:MysticalShield+1","mysticmod:Momentum","mysticmod:PowerSlash","mysticmod:Disintegrate","mysticmod:RapidCaster+1","Necronomicurse"],"relics":["mysticmod:BlessedBook","AT_ATBox","AT_SilvercatRing","AT_ChloranthyRing","Baka2","Mummified Hand","GodSword5","MagicDraw1","MerchantsRug","AT_ArchangelStaff","Frozen Egg 2","AT_SunfireAegis","Necronomicon"],"acts_visited":["Exordium","TheCity"],"potions_floor_usage":[7,12,12,21],"damage_taken":[{"damage":0,"enemies":"Jaw Worm","floor":1,"turns":2},{"damage":31,"enemies":"3 Sentries","floor":7,"turns":10},{"damage":0,"enemies":"Gremlin Nob","floor":10,"turns":3},{"damage":20,"enemies":"Lagavulin","floor":11,"turns":6},{"damage":28,"enemies":"Gremlin Nob","floor":12,"turns":6},{"damage":1,"enemies":"Cultist","floor":14,"turns":4},{"damage":7,"enemies":"Hexaghost","floor":16,"turns":7},{"damage":36,"enemies":"Shell Parasite","floor":18,"turns":8},{"damage":14,"enemies":"2 Thieves","floor":21,"turns":3}],"seed_played":"4841020776197332673","potions_obtained":[{"floor":1,"key":"FearPotion"},{"floor":3,"key":"ColorlessPotion"},{"floor":3,"key":"Weak Potion"},{"floor":11,"key":"DuplicationPotion"},{"floor":16,"key":"LiquidMemories"}],"is_trial":true,"path_per_floor":["M","$","?","$","?","R","E","R","T","E","E","E","$","M","R","B",null,"M","$","?","M"],"character_chosen":"MYSTIC_CLASS","items_purchased":["AT_SilvercatRing","MerchantsRug","AT_ArchangelStaff","Frozen Egg 2","AT_SunfireAegis"],"campfire_rested":3,"item_purchase_floors":[2,13,13,13,19],"current_hp_per_floor":[65,65,65,65,47,68,37,58,58,58,38,10,10,10,36,29,69,33,33,12,0,0],"gold":0,"neow_bonus":"","is_daily":false,"chose_seed":false,"campfire_upgraded":0,"win_rate":0.0,"timestamp":1609591806,"path_taken":["M","$","?","?","?","R","E","R","T","E","E","?","$","M","R","BOSS","M","$","?","?"],"items_purchased_type":["Relic","Relic","Relic","Relic","Relic"],"build_version":"2020-12-22","purchased_purges":2,"victory":false,"max_hp_per_floor":[72,72,72,72,72,72,72,72,72,72,72,72,72,72,72,72,72,72,72,72,72,72],"card_choices":[{"not_picked":["mysticmod:Flurry","mysticmod:Disengage","mysticmod:SuddenClarity"],"picked":"SKIP","floor":1},{"not_picked":["mysticmod:GreaterInvisibility","mysticmod:Discipline"],"picked":"mysticmod:MirrorEntity","floor":7},{"not_picked":["mysticmod:ClosingBarrage","mysticmod:SpellRecall"],"picked":"mysticmod:GreaterInvisibility","floor":10},{"not_picked":["mysticmod:Spellstrike","mysticmod:ObscuringMist"],"picked":"mysticmod:MysticalShield","floor":11},{"not_picked":["mysticmod:Natural20","mysticmod:GeminiForm"],"picked":"mysticmod:Momentum","floor":12},{"not_picked":["mysticmod:VorpalThrust","mysticmod:Daze"],"picked":"mysticmod:PowerSlash","floor":14},{"not_picked":["mysticmod:Spellstrike","mysticmod:SpellRecall"],"picked":"mysticmod:Disintegrate","floor":16},{"not_picked":["mysticmod:Shield","mysticmod:Probe"],"picked":"mysticmod:RapidCaster+1","floor":18}],"player_experience":218027,"relics_obtained":[{"floor":1,"key":"Baka"},{"floor":7,"key":"Baka2"},{"floor":7,"key":"FossilizedHelix"},{"floor":9,"key":"Mummified Hand"},{"floor":10,"key":"AT_RabadonDeathcap"},{"floor":11,"key":"GodSword5"},{"floor":12,"key":"MagicDraw1"},{"floor":20,"key":"Necronomicon"}],"event_choices":[{"damage_healed":0,"gold_gain":0,"player_choice":"Got Potions","damage_taken":0,"max_hp_gain":0,"max_hp_loss":0,"event_name":"Lab","floor":3,"gold_loss":0},{"damage_healed":0,"gold_gain":0,"player_choice":"Success","damage_taken":18,"relics_obtained":["AT_ChloranthyRing"],"max_hp_gain":0,"max_hp_loss":0,"event_name":"Scrap Ooze","floor":5,"gold_loss":0},{"damage_healed":0,"gold_gain":0,"player_choice":"Obtained Book","damage_taken":21,"max_hp_gain":0,"max_hp_loss":0,"event_name":"Cursed Tome","floor":20,"gold_loss":0}],"is_beta":false,"boss_relics":[{"not_picked":["SoulBox","EasyGame_NEW"],"picked":"mysticmod:BlessedBook"}],"items_purged_floors":[13,19],"is_endless":true,"potions_floor_spawned":[1,11,16],"killed_by":"2 Thieves","ascension_level":20}}