{"host":"3a1ypf1irl30q4k8","time":1609628826,"event":{"mods":["AchievementEnabler","BaseMod","Bestiary","Colored Map","Minty Spire (QoL Compilation)","Relic Stats"],"gold_per_floor":[99,99,99,99,99,49,49,49,49,49,49,49,49,49,49,49,49,49,49,49,49,49,49,49,49,49,49,22,22,22,22,22,22,22,22,22,22,22,22,22,22,22,22,22,22,22,22,22,22,22],"floor_reached":51,"playtime":2777,"items_purged":[],"score":859,"play_id":"fe3ca4a8-ed9a-42eb-b841-d725e1efb318","local_time":"20210102230706","is_ascension_mode":true,"campfire_choices":[{"data":"Dagger Spray","floor":7,"key":"SMITH"},{"data":"Flying Knee","floor":11,"key":"SMITH"},{"data":"Quick Slash","floor":15,"key":"SMITH"},{"data":"A Thousand Cuts","floor":23,"key":"SMITH"},{"data":"Footwork","floor":25,"key":"SMITH"},{"floor":32,"key":"REST"},{"data":"Burst","floor":40,"key":"SMITH"},{"floor":49,"key":"REST"}],"circlet_count":0,"master_deck":["Survivor","Neutralize","Poisoned Stab","Blade Dance","Dagger Spray+1","Blade Dance","Flying Knee+1","PiercingWail","Quick Slash+1","Burst+1","A Thousand Cuts+1","Footwork+1","Leg Sweep+1","PiercingWail","Backflip","PiercingWail+1","Wraith Form v2","Catalyst","Catalyst","Tools of the Trade","Footwork","Concentrate","PiercingWail","Bouncing Flask","Quick Slash","Deadly Poison","Backflip","Terror+1","Finisher","Blade Dance","Flash of Steel","Flash of Steel","PiercingWail+1","PiercingWail+1"],"relics":["Ectoplasm","Happy Flower","Mango","Black Star","Blue Candle","Thread and Needle","Old Coin","Shuriken","Pandora\u0027s Box","Orichalcum","Omamori","Bird Faced Urn","Singing Bowl","Pen Nib","CaptainsWheel"],"acts_visited":["Exordium","TheCity","TheBeyond"],"potions_floor_usage":[13,16,16,27,29,33,33,50,50,50],"damage_taken":[{"damage":1,"enemies":"Cultist","floor":1,"turns":4},{"damage":2,"enemies":"Small Slimes","floor":2,"turns":3},{"damage":0,"enemies":"Jaw Worm","floor":3,"turns":4},{"damage":0,"enemies":"2 Fungi Beasts","floor":4,"turns":3},{"damage":0,"enemies":"3 Louse","floor":5,"turns":3},{"damage":16,"enemies":"Gremlin Nob","floor":8,"turns":4},{"damage":2,"enemies":"Gremlin Gang","floor":12,"turns":4},{"damage":3,"enemies":"Red Slaver","floor":13,"turns":2},{"damage":0,"enemies":"3 Louse","floor":14,"turns":2},{"damage":8,"enemies":"The Guardian","floor":16,"turns":12},{"damage":0,"enemies":"3 Byrds","floor":18,"turns":4},{"damage":2,"enemies":"Chosen","floor":24,"turns":4},{"damage":5,"enemies":"Book of Stabbing","floor":27,"turns":5},{"damage":15,"enemies":"Gremlin Leader","floor":29,"turns":8},{"damage":0,"enemies":"Centurion and Healer","floor":30,"turns":5},{"damage":0,"enemies":"Shelled Parasite and Fungi","floor":31,"turns":5},{"damage":49,"enemies":"Champ","floor":33,"turns":10},{"damage":3,"enemies":"3 Darklings","floor":35,"turns":3},{"damage":6,"enemies":"3 Shapes","floor":36,"turns":8},{"damage":21,"enemies":"Reptomancer","floor":41,"turns":5},{"damage":2,"enemies":"3 Darklings","floor":42,"turns":6},{"damage":0,"enemies":"Giant Head","floor":46,"turns":5},{"damage":7,"enemies":"Maw","floor":48,"turns":5},{"damage":31,"enemies":"Donu and Deca","floor":50,"turns":6}],"seed_played":"-8262416256345004075","potions_obtained":[{"floor":2,"key":"Weak Potion"},{"floor":3,"key":"DistilledChaos"},{"floor":8,"key":"Swift Potion"},{"floor":12,"key":"CultistPotion"},{"floor":16,"key":"DistilledChaos"},{"floor":24,"key":"Strength Potion"},{"floor":30,"key":"Poison Potion"},{"floor":31,"key":"LiquidBronze"},{"floor":33,"key":"Weak Potion"},{"floor":42,"key":"EntropicBrew"}],"is_trial":false,"path_per_floor":["M","M","M","M","M","?","R","E","T","?","R","M","M","M","R","B",null,"M","?","?","?","?","R","M","R","T","E","$","E","M","M","R","B",null,"M","M","?","?","$","R","E","M","T","?","T","E","$","M","R","B",null],"character_chosen":"THE_SILENT","items_purchased":["PiercingWail"],"campfire_rested":2,"item_purchase_floors":[28],"current_hp_per_floor":[69,67,67,67,67,67,67,51,65,65,65,63,60,60,60,52,84,84,68,68,68,68,68,66,66,66,61,61,46,46,46,72,23,89,86,80,80,80,80,80,59,57,57,52,52,62,62,61,87,60],"gold":22,"neow_bonus":"BOSS_RELIC","is_daily":false,"chose_seed":false,"campfire_upgraded":6,"win_rate":0.0,"timestamp":1609628826,"path_taken":["M","M","M","M","?","?","R","E","T","?","R","M","M","M","R","BOSS","M","?","?","?","?","R","M","R","T","E","$","E","M","?","R","BOSS","M","M","?","?","$","R","E","?","T","?","?","E","$","?","R","BOSS"],"items_purchased_type":["Card"],"build_version":"2020-12-22","purchased_purges":0,"victory":true,"max_hp_per_floor":[70,70,70,70,70,70,70,70,84,84,84,84,84,84,84,84,84,84,89,89,89,89,89,89,89,89,89,89,89,89,89,89,89,89,89,89,89,89,89,89,89,89,89,89,89,89,89,89,89,89],"relic_stats":{"Happy Flower":[33],"Singing Bowl":0,"counters":[24,120],"Shuriken":[40],"Blue Candle":[0],"Bird Faced Urn":[20],"Pandora\u0027s Box":["Catalyst","Catalyst","Tools of the Trade","Footwork","Concentrate","PiercingWail","Bouncing Flask","Quick Slash","Deadly Poison","Backflip"],"Ectoplasm":906,"Pen Nib":[4],"Black Star":4,"Orichalcum":[48],"obtain_stats":[{"Happy Flower":8,"Singing Bowl":45,"Blue Candle":27,"Mango":9,"Thread and Needle":27,"Pen Nib":46,"Omamori":41,"Orichalcum":41,"Old Coin":29,"CaptainsWheel":46,"Shuriken":29,"Bird Faced Urn":43,"Pandora\u0027s Box":34,"Ectoplasm":0,"Black Star":17,"Ring of the Snake":0},{"Happy Flower":6,"Singing Bowl":21,"Blue Candle":13,"Mango":6,"Thread and Needle":13,"Pen Nib":22,"Omamori":20,"Orichalcum":20,"Old Coin":14,"CaptainsWheel":22,"Shuriken":14,"Bird Faced Urn":21,"Pandora\u0027s Box":17,"Ectoplasm":0,"Black Star":10,"Ring of the Snake":0},{"Happy Flower":21,"Singing Bowl":104,"Blue Candle":54,"Mango":21,"Thread and Needle":54,"Pen Nib":109,"Omamori":98,"Orichalcum":98,"Old Coin":62,"CaptainsWheel":109,"Shuriken":62,"Bird Faced Urn":104,"Pandora\u0027s Box":82,"Ectoplasm":0,"Black Star":41,"Ring of the Snake":0}]},"card_choices":[{"not_picked":["Underhanded Strike","Outmaneuver"],"picked":"Poisoned Stab","floor":1},{"not_picked":["Concentrate","Flying Knee"],"picked":"Blade Dance","floor":2},{"not_picked":["Distraction","Escape Plan"],"picked":"Dagger Spray","floor":3},{"not_picked":["Choke","Masterful Stab"],"picked":"Blade Dance","floor":4},{"not_picked":["Setup","Acrobatics"],"picked":"Backflip","floor":5},{"not_picked":["Acrobatics","PiercingWail"],"picked":"Flying Knee","floor":8},{"not_picked":["Poisoned Stab","Distraction"],"picked":"PiercingWail","floor":12},{"not_picked":["Flying Knee","Eviscerate"],"picked":"Quick Slash","floor":13},{"not_picked":["Prepared","Expertise"],"picked":"Burst","floor":14},{"not_picked":["Doppelganger","Phantasmal Killer"],"picked":"A Thousand Cuts","floor":16},{"not_picked":["Dodge and Roll","Slice","Cloak And Dagger"],"picked":"SKIP","floor":18},{"not_picked":["Masterful Stab+1","Catalyst+1"],"picked":"Footwork","floor":24},{"not_picked":["Well Laid Plans","Caltrops+1"],"picked":"Leg Sweep+1","floor":27},{"not_picked":["Dagger Throw","Dodge and Roll"],"picked":"Backflip","floor":29},{"not_picked":["Deadly Poison+1","Dagger Throw"],"picked":"PiercingWail+1","floor":30},{"not_picked":["PiercingWail","Endless Agony","Cloak And Dagger"],"picked":"SKIP","floor":31},{"not_picked":["After Image","Burst"],"picked":"Wraith Form v2","floor":33},{"not_picked":["Dodge and Roll+1","Bane+1"],"picked":"Terror+1","floor":35},{"not_picked":["Flechettes","Dagger Throw","Grand Finale"],"picked":"SKIP","floor":36},{"not_picked":["Sucker Punch","Deadly Poison"],"picked":"Finisher","floor":41},{"not_picked":["Prepared+1","Dagger Throw+1"],"picked":"Blade Dance","floor":42},{"not_picked":["Jack Of All Trades","Good Instincts"],"picked":"Flash of Steel","floor":44},{"not_picked":["Deep Breath","Mayhem"],"picked":"Flash of Steel","floor":44},{"not_picked":["Caltrops+1","Bane+1"],"picked":"PiercingWail+1","floor":46},{"not_picked":["Flying Knee","Deflect"],"picked":"PiercingWail+1","floor":48}],"player_experience":959062,"relics_obtained":[{"floor":8,"key":"Happy Flower"},{"floor":9,"key":"Mango"},{"floor":27,"key":"Blue Candle"},{"floor":27,"key":"Thread and Needle"},{"floor":29,"key":"Old Coin"},{"floor":29,"key":"Shuriken"},{"floor":41,"key":"Orichalcum"},{"floor":41,"key":"Omamori"},{"floor":43,"key":"Bird Faced Urn"},{"floor":45,"key":"Singing Bowl"},{"floor":46,"key":"Pen Nib"},{"floor":46,"key":"CaptainsWheel"}],"event_choices":[{"cards_removed":["Strike_G"],"damage_healed":0,"gold_gain":0,"player_choice":"Card Removal","damage_taken":0,"max_hp_gain":0,"max_hp_loss":0,"event_name":"The Cleric","floor":6,"gold_loss":50},{"damage_healed":0,"gold_gain":0,"player_choice":"Ignored","damage_taken":0,"max_hp_gain":0,"max_hp_loss":0,"event_name":"Liars Game","floor":10,"gold_loss":0},{"damage_healed":0,"gold_gain":0,"player_choice":"Shed Blood","damage_taken":21,"max_hp_gain":5,"max_hp_loss":0,"event_name":"Forgotten Altar","floor":19,"gold_loss":0},{"damage_healed":0,"gold_gain":0,"player_choice":"Simplicity","damage_taken":0,"max_hp_gain":0,"max_hp_loss":0,"event_name":"Back to Basics","floor":21,"gold_loss":0,"cards_upgraded":["Strike_G","Strike_G","Strike_G","Strike_G","Defend_G","Defend_G","Defend_G","Defend_G","Defend_G"]},{"cards_removed":["Backflip"],"damage_healed":0,"gold_gain":0,"player_choice":"Took Card","damage_taken":0,"max_hp_gain":0,"max_hp_loss":0,"event_name":"NoteForYourself","floor":22,"gold_loss":0,"cards_obtained":["Strike_R"]},{"damage_healed":0,"gold_gain":0,"player_choice":"Ignored","damage_taken":0,"max_hp_gain":0,"max_hp_loss":0,"event_name":"Mysterious Sphere","floor":37,"gold_loss":0},{"damage_healed":0,"gold_gain":0,"player_choice":"Ignored","damage_taken":0,"max_hp_gain":0,"max_hp_loss":0,"event_name":"SecretPortal","floor":38,"gold_loss":0},{"damage_healed":0,"gold_gain":0,"player_choice":"Memory 2","damage_taken":5,"max_hp_gain":0,"max_hp_loss":0,"event_name":"SensoryStone","floor":44,"gold_loss":0}],"is_beta":false,"boss_relics":[{"not_picked":["Runic Dome","HoveringKite"],"picked":"Black Star"},{"not_picked":["Empty Cage","SacredBark"],"picked":"Pandora\u0027s Box"}],"items_purged_floors":[],"is_endless":false,"potions_floor_spawned":[2,3,8,12,16,24,30,31,33,42],"ascension_level":1}}