{"host":"foq4mrde4mssg7vt","time":1609623913,"event":{"mods":["AchievementEnabler","BaseMod","Colored Map","Colored Powertips","Highlight Path","Minty Spire (QoL Compilation)","Relic Stats","everything is the same but u backflip on backflip"],"gold_per_floor":[115,134,152,162,162,162,127,127,153,171,219,219,219,233,233,304,304,316,316,331,331,8,8,8,36,36,36,68,85,98,112,112,112,112],"floor_reached":33,"playtime":1007,"items_purged":["Strike_R"],"score":471,"play_id":"5191ab43-3c88-4902-b740-d365e9b6d557","local_time":"20210103054513","is_ascension_mode":true,"campfire_choices":[{"data":"Searing Blow","floor":6.0,"key":"SMITH"},{"data":"True Grit","floor":8.0,"key":"SMITH"},{"data":"Searing Blow+1","floor":12.0,"key":"SMITH"},{"data":"Searing Blow+2","floor":15.0,"key":"SMITH"},{"data":"Searing Blow+3","floor":23.0,"key":"SMITH"},{"data":"Searing Blow+4","floor":27.0,"key":"SMITH"},{"floor":32.0,"key":"REST"}],"circlet_count":0,"master_deck":["AscendersBane","Strike_R+1","Strike_R+1","Strike_R+1","Strike_R+1","Defend_R+1","Defend_R+1","Defend_R+1","Defend_R+1","Bash","Immolate","Twin Strike","True Grit+1","Searing Blow+5","Brutality","Double Tap","J.A.X.","Headbutt","Dual Wield","Power Through"],"relics":["Burning Blood","Happy Flower","Nunchaku","Art of War","Sozu","Paper Frog","Ancient Tea Set","Omamori","Torii"],"acts_visited":["Exordium","TheCity"],"potions_floor_usage":[],"damage_taken":[{"damage":0.0,"enemies":"2 Louse","floor":1.0,"turns":3.0},{"damage":2.0,"enemies":"Jaw Worm","floor":2.0,"turns":3.0},{"damage":0.0,"enemies":"Small Slimes","floor":3.0,"turns":3.0},{"damage":16.0,"enemies":"Red Slaver","floor":4.0,"turns":6.0},{"damage":3.0,"enemies":"2 Fungi Beasts","floor":10.0,"turns":2.0},{"damage":0.0,"enemies":"Large Slime","floor":14.0,"turns":5.0},{"damage":36.0,"enemies":"The Guardian","floor":16.0,"turns":14.0},{"damage":1.0,"enemies":"Spheric Guardian","floor":18.0,"turns":3.0},{"damage":35.0,"enemies":"3 Byrds","floor":20.0,"turns":4.0},{"damage":31.0,"enemies":"Gremlin Leader","floor":25.0,"turns":3.0},{"damage":17.0,"enemies":"Slavers","floor":28.0,"turns":6.0},{"damage":1.0,"enemies":"Cultist and Chosen","floor":29.0,"turns":3.0},{"damage":24.0,"enemies":"Shelled Parasite and Fungi","floor":30.0,"turns":4.0},{"damage":14.0,"enemies":"Snake Plant","floor":31.0,"turns":3.0},{"damage":77,"enemies":"Automaton","floor":33,"turns":6}],"seed_played":"-432827649377062301","potions_obtained":[{"floor":1.0,"key":"Strength Potion"},{"floor":3.0,"key":"Dexterity Potion"}],"is_trial":false,"path_per_floor":["M","M","M","M","?","R","?","R","T","M","T","R","?","M","R","B",null,"M","?","M","?","$","R","?","E","T","R","E","M","M","M","R","B"],"character_chosen":"IRONCLAD","items_purchased":["Paper Frog"],"campfire_rested":1,"item_purchase_floors":[22],"current_hp_per_floor":[56,60,66,56,49,49,67,67,67,70,70,70,70,75,75,45,68,73,73,44,69,69,69,69,44,44,44,33,38,20,12,34,0,0],"gold":112,"neow_bonus":"THREE_RARE_CARDS","is_daily":false,"chose_seed":false,"campfire_upgraded":6,"win_rate":0.0,"timestamp":1609623913,"path_taken":["M","M","M","M","?","R","?","R","T","M","?","R","?","M","R","BOSS","M","?","M","?","$","R","?","E","T","R","E","M","M","M","R","BOSS"],"items_purchased_type":["Relic"],"build_version":"2020-12-22","purchased_purges":1,"victory":false,"max_hp_per_floor":[75,75,75,75,75,75,75,75,75,75,75,75,75,75,75,75,75,75,75,75,75,75,75,75,75,75,75,75,75,75,75,75,75,75],"relic_stats":{"Sozu":1,"Nunchaku":[9],"Happy Flower":[17],"Torii":5,"counters":[15,68],"Art of War":[4],"obtain_stats":[{"Sozu":17,"Nunchaku":9,"Happy Flower":5,"Torii":28,"Art of War":11,"Omamori":26,"Ancient Tea Set":25,"Burning Blood":0,"Paper Frog":22},{"Sozu":7,"Nunchaku":4,"Happy Flower":4,"Torii":11,"Art of War":5,"Omamori":10,"Ancient Tea Set":10,"Burning Blood":0,"Paper Frog":9},{"Sozu":36,"Nunchaku":15,"Happy Flower":15,"Torii":52,"Art of War":17,"Omamori":46,"Ancient Tea Set":46,"Burning Blood":0,"Paper Frog":43}],"Burning Blood":83},"card_choices":[{"not_picked":["Impervious","Berserk"],"picked":"Immolate","floor":0.0},{"not_picked":["Shockwave","Warcry"],"picked":"Twin Strike","floor":1.0},{"not_picked":["Dual Wield","Clash"],"picked":"True Grit","floor":2.0},{"not_picked":["Infernal Blade","Carnage"],"picked":"Searing Blow","floor":3.0},{"not_picked":["Whirlwind","Flex","Thunderclap"],"picked":"SKIP","floor":4.0},{"not_picked":["Blood for Blood","Pommel Strike","Armaments"],"picked":"SKIP","floor":10.0},{"not_picked":["Pommel Strike","Anger"],"picked":"Brutality","floor":14.0},{"not_picked":["Corruption","Reaper"],"picked":"Double Tap","floor":16.0},{"not_picked":["Heavy Blade","Perfected Strike","Flame Barrier"],"picked":"SKIP","floor":18.0},{"not_picked":["Clash","Pommel Strike"],"picked":"Headbutt","floor":20.0},{"not_picked":["Fiend Fire","Sword Boomerang+1"],"picked":"Dual Wield","floor":25.0},{"not_picked":["Pommel Strike","Clash","True Grit"],"picked":"SKIP","floor":28.0},{"not_picked":["Flex","True Grit","Dark Embrace"],"picked":"SKIP","floor":29.0},{"not_picked":["Twin Strike","Perfected Strike","Headbutt"],"picked":"SKIP","floor":30.0},{"not_picked":["Whirlwind","Thunderclap"],"picked":"Power Through","floor":31.0}],"player_experience":382356,"relics_obtained":[{"floor":9.0,"key":"Nunchaku"},{"floor":11.0,"key":"Art of War"},{"floor":25.0,"key":"Ancient Tea Set"},{"floor":26.0,"key":"Omamori"},{"floor":28.0,"key":"Torii"}],"event_choices":[{"damage_healed":0.0,"max_hp_gain":0.0,"max_hp_loss":0.0,"gold_gain":0.0,"event_name":"Scrap Ooze","player_choice":"Success","floor":5.0,"gold_loss":0.0,"damage_taken":7.0,"relics_obtained":["Happy Flower"]},{"damage_healed":18.0,"max_hp_gain":0.0,"max_hp_loss":0.0,"gold_gain":0.0,"event_name":"The Cleric","player_choice":"Healed","floor":7.0,"gold_loss":35.0,"damage_taken":0.0},{"damage_healed":0.0,"max_hp_gain":0.0,"max_hp_loss":0.0,"gold_gain":0.0,"event_name":"Match and Keep!","player_choice":"0 cards matched","floor":13.0,"gold_loss":0.0,"damage_taken":0.0,"cards_obtained":[]},{"damage_healed":0.0,"max_hp_gain":0.0,"max_hp_loss":0.0,"gold_gain":0.0,"event_name":"Drug Dealer","player_choice":"Obtain J.A.X.","floor":19.0,"gold_loss":0.0,"damage_taken":0.0,"cards_obtained":["J.A.X."]},{"damage_healed":25.0,"max_hp_gain":0.0,"max_hp_loss":0.0,"gold_gain":0.0,"event_name":"The Library","player_choice":"Heal","floor":21.0,"gold_loss":0.0,"damage_taken":0.0},{"damage_healed":0.0,"max_hp_gain":0.0,"max_hp_loss":0.0,"gold_gain":0.0,"event_name":"Back to Basics","player_choice":"Simplicity","floor":24.0,"gold_loss":0.0,"damage_taken":0.0,"cards_upgraded":["Strike_R","Strike_R","Strike_R","Strike_R","Defend_R","Defend_R","Defend_R","Defend_R"]}],"is_beta":false,"boss_relics":[{"not_picked":["Mark of Pain","Calling Bell"],"picked":"Sozu"}],"items_purged_floors":[22],"is_endless":false,"potions_floor_spawned":[1,3,4,16,20,25,31],"killed_by":"Automaton","ascension_level":14}}