{"host":"y3ukzuzbm6pszj00","time":1609552542,"event":{"mods":["A Magickal Journey","Astrologer","Bard","BaseMod","Downfall","Hubris","Minty Spire (QoL Compilation)","Quick Restart","Replay The Spire","Robot Space Explorer","StSLib","The Bug Knight","The Construct","The Cursed","The Disciple","The Factory","The Hayseed","The Hierophant","The Jungle","The Marked","The Necromancer","The Poker Player","The Problem Sleuth","The Runesmith"],"gold_per_floor":[112,128,138,138,138,138,138,138],"floor_reached":7,"playtime":281,"items_purged":[],"score":41,"play_id":"c6ee3960-008f-4772-901f-3f3f323f4e6e","local_time":"20210101195542","is_ascension_mode":false,"campfire_choices":[{"data":"RobotSpaceExplorer:StunGrenade","floor":6,"key":"SMITH"}],"circlet_count":0,"master_deck":["RobotSpaceExplorer:Strike","RobotSpaceExplorer:Strike","RobotSpaceExplorer:Strike","RobotSpaceExplorer:Strike","RobotSpaceExplorer:Defend","RobotSpaceExplorer:Defend","RobotSpaceExplorer:Defend","RobotSpaceExplorer:Defend","RobotSpaceExplorer:Scan","RobotSpaceExplorer:MiniLasers","RobotSpaceExplorer:FranticSearch","RobotSpaceExplorer:GlueShot","RobotSpaceExplorer:StunGrenade+1","hubris:Greed","Regret","hubris:Greed"],"relics":["RobotSpaceExplorer:RoboCore","NeowsBlessing","ReplayTheSpireMod:Ring of Sloth","ReplayTheSpireMod:Ring of Collecting","Ice Cream"],"acts_visited":["Exordium"],"potions_floor_usage":[],"damage_taken":[{"damage":0,"enemies":"Small Slimes","floor":1,"turns":1},{"damage":0,"enemies":"2 Louse","floor":2,"turns":1},{"damage":0,"enemies":"Jaw Worm","floor":3,"turns":1},{"damage":43,"enemies":"Gremlin Nob","floor":7,"turns":5}],"seed_played":"5769933706205572925","potions_obtained":[],"is_trial":false,"path_per_floor":["M","M","M","?","?","R","E"],"character_chosen":"RobotSpaceExplorer","items_purchased":[],"campfire_rested":0,"item_purchase_floors":[],"current_hp_per_floor":[75,75,75,75,75,75,32,32],"gold":138,"neow_bonus":"THREE_ENEMY_KILL","is_daily":false,"chose_seed":false,"campfire_upgraded":1,"win_rate":0.0,"timestamp":1609552542,"path_taken":["M","M","M","?","?","R","E"],"items_purchased_type":[],"build_version":"2020-12-22","purchased_purges":0,"victory":false,"max_hp_per_floor":[75,75,75,75,75,75,75,75],"card_choices":[{"not_picked":["RobotSpaceExplorer:Counterblock","RobotSpaceExplorer:GlueShot"],"picked":"RobotSpaceExplorer:FranticSearch","floor":1},{"not_picked":["RobotSpaceExplorer:Electroshield","RobotSpaceExplorer:FrostMissile"],"picked":"RobotSpaceExplorer:GlueShot","floor":2},{"not_picked":["RobotSpaceExplorer:GearShield","RobotSpaceExplorer:ImprovisedAttack"],"picked":"RobotSpaceExplorer:StunGrenade","floor":3}],"player_experience":308850,"relics_obtained":[{"floor":4,"key":"ReplayTheSpireMod:Ring of Sloth"},{"floor":4,"key":"ReplayTheSpireMod:Ring of Collecting"}],"event_choices":[{"damage_healed":0,"gold_gain":0,"player_choice":"Box","damage_taken":0,"relics_obtained":["Ice Cream"],"max_hp_gain":0,"max_hp_loss":0,"event_name":"Big Fish","floor":5,"gold_loss":0,"cards_obtained":["Regret"]}],"is_beta":false,"boss_relics":[],"items_purged_floors":[],"is_endless":false,"potions_floor_spawned":[],"killed_by":"Gremlin Nob","ascension_level":0}}