{"host":"2se5dq1do2gp0x9k","time":1609620396,"event":{"mods":["AchievementEnabler","BaseMod","Block Reminder","Colored Map","Colored Powertips","Minty Spire (QoL Compilation)","Relic Stats","StSLib","SuperFastMode"],"gold_per_floor":[117,92,106,121,121,153,25,25,25,55,71,146,164,178,178,278,278,298,298,174,194,194,194,227,227,295,315,315,315,329,345,345,345,345],"floor_reached":33,"playtime":1241,"items_purged":["Eruption","Strike_P"],"score":319,"play_id":"1226ff13-9e98-474e-93a7-ab9fb12a46df","local_time":"20210102124636","is_ascension_mode":true,"campfire_choices":[{"data":"PathToVictory","floor":8.0,"key":"SMITH"},{"data":"PathToVictory","floor":15.0,"key":"SMITH"},{"data":"Vault","floor":23.0,"key":"SMITH"},{"floor":25.0,"key":"REST"},{"floor":29.0,"key":"REST"},{"floor":32.0,"key":"REST"}],"circlet_count":0,"master_deck":["Strike_P","Strike_P","Defend_P","Defend_P+1","Defend_P+1","Defend_P","Vigilance","Weave","CutThroughFate","PathToVictory+1","PathToVictory+1","WaveOfTheHand","CutThroughFate","Protect","Collect","Vault+1","ThirdEye","Weave","ThirdEye","PathToVictory"],"relics":["PureWater","NeowsBlessing","Letter Opener","Smiling Mask","War Paint","Black Star","Darkstone Periapt","Damaru","Tiny Chest","Mercury Hourglass"],"acts_visited":["Exordium","TheCity"],"potions_floor_usage":[33,33],"damage_taken":[{"damage":0.0,"enemies":"2 Louse","floor":1.0,"turns":1.0},{"damage":0.0,"enemies":"Cultist","floor":3.0,"turns":1.0},{"damage":0.0,"enemies":"Small Slimes","floor":4.0,"turns":1.0},{"damage":28.0,"enemies":"Gremlin Nob","floor":6.0,"turns":4.0},{"damage":19.0,"enemies":"3 Sentries","floor":10.0,"turns":6.0},{"damage":0.0,"enemies":"3 Louse","floor":11.0,"turns":2.0},{"damage":0.0,"enemies":"Gremlin Gang","floor":13.0,"turns":4.0},{"damage":4.0,"enemies":"Blue Slaver","floor":14.0,"turns":3.0},{"damage":6.0,"enemies":"Hexaghost","floor":16.0,"turns":6.0},{"damage":9.0,"enemies":"Shell Parasite","floor":18.0,"turns":6.0},{"damage":6.0,"enemies":"3 Byrds","floor":21.0,"turns":4.0},{"damage":36.0,"enemies":"Book of Stabbing","floor":24.0,"turns":6.0},{"damage":25.0,"enemies":"Cultist and Chosen","floor":27.0,"turns":7.0},{"damage":0.0,"enemies":"Snecko","floor":30.0,"turns":6.0},{"damage":0.0,"enemies":"Centurion and Healer","floor":31.0,"turns":6.0},{"damage":54,"enemies":"Automaton","floor":33,"turns":6}],"seed_played":"5979641912726516899","potions_obtained":[{"floor":1.0,"key":"BottledMiracle"},{"floor":4.0,"key":"Regen Potion"},{"floor":10.0,"key":"EntropicBrew"},{"floor":11.0,"key":"DuplicationPotion"},{"floor":24.0,"key":"Weak Potion"},{"floor":31.0,"key":"SpeedPotion"}],"is_trial":false,"path_per_floor":["M","$","M","M","?","E","$","R","T","E","M","?","M","M","R","B",null,"M","?","$","M","?","R","E","R","T","M","?","R","M","M","R","B"],"character_chosen":"WATCHER","items_purchased":["CutThroughFate","CutThroughFate","Weave"],"campfire_rested":3,"item_purchase_floors":[2,7,20],"current_hp_per_floor":[72,72,72,72,65,37,37,37,37,33,33,26,26,22,22,16,72,63,63,63,57,44,44,8,31,31,6,6,29,29,29,52,0,0],"gold":345,"neow_bonus":"THREE_ENEMY_KILL","is_daily":false,"chose_seed":false,"campfire_upgraded":3,"win_rate":0.0,"timestamp":1609620396,"path_taken":["M","$","M","M","?","E","$","R","T","E","M","?","M","?","R","BOSS","M","?","$","M","?","R","E","R","T","M","?","R","M","M","R","BOSS"],"items_purchased_type":["Card","Card","Card"],"build_version":"2020-12-22","purchased_purges":2,"victory":false,"max_hp_per_floor":[72,72,72,72,72,72,72,72,72,72,72,72,72,72,72,72,72,72,72,72,72,77,77,77,77,77,77,77,77,77,77,77,77,77],"relic_stats":{"Darkstone Periapt":0,"counters":[16,69],"Tiny Chest":0,"Black Star":1,"Letter Opener":[274],"War Paint":["Defend_P","Defend_P"],"Smiling Mask":50,"obtain_stats":[{"Darkstone Periapt":19,"NeowsBlessing":0,"Damaru":24,"Tiny Chest":24,"Black Star":17,"Letter Opener":6,"PureWater":0,"War Paint":10,"Smiling Mask":9,"Mercury Hourglass":26},{"Darkstone Periapt":10,"NeowsBlessing":0,"Damaru":12,"Tiny Chest":12,"Black Star":9,"Letter Opener":4,"PureWater":0,"War Paint":5,"Smiling Mask":4,"Mercury Hourglass":12},{"Darkstone Periapt":34,"NeowsBlessing":0,"Damaru":44,"Tiny Chest":44,"Black Star":28,"Letter Opener":7,"PureWater":0,"War Paint":13,"Smiling Mask":7,"Mercury Hourglass":44}],"Mercury Hourglass":[123]},"card_choices":[{"not_picked":["InnerPeace","FlyingSleeves"],"picked":"Weave","floor":1.0},{"not_picked":["FlyingSleeves","Prostrate"],"picked":"PathToVictory","floor":3.0},{"not_picked":["InnerPeace","Collect"],"picked":"PathToVictory","floor":4.0},{"not_picked":["ReachHeaven","Crescendo"],"picked":"WaveOfTheHand","floor":6.0},{"not_picked":["Swivel","FlyingSleeves","FlurryOfBlows"],"picked":"SKIP","floor":10.0},{"not_picked":["Swivel","FlyingSleeves","FlurryOfBlows"],"picked":"SKIP","floor":10.0},{"not_picked":["Blasphemy","Collect"],"picked":"Protect","floor":11.0},{"not_picked":["CrushJoints","Prostrate","WheelKick"],"picked":"SKIP","floor":13.0},{"not_picked":["Crescendo","ClearTheMind"],"picked":"Collect","floor":14.0},{"not_picked":["Omniscience","LessonLearned"],"picked":"Vault","floor":16.0},{"not_picked":["SignatureMove+1","Consecrate"],"picked":"ThirdEye","floor":18.0},{"not_picked":["Adaptation","ClearTheMind","EmptyBody"],"picked":"SKIP","floor":21.0},{"not_picked":["Consecrate+1","Scrawl"],"picked":"ThirdEye","floor":24.0},{"not_picked":["FlyingSleeves","SashWhip","FlurryOfBlows"],"picked":"SKIP","floor":27.0},{"not_picked":["JustLucky","Evaluate"],"picked":"PathToVictory","floor":30.0},{"not_picked":["BowlingBash","Protect","EmptyFist"],"picked":"SKIP","floor":31.0}],"player_experience":3712469,"relics_obtained":[{"floor":6.0,"key":"Letter Opener"},{"floor":9.0,"key":"Smiling Mask"},{"floor":10.0,"key":"War Paint"},{"floor":24.0,"key":"Damaru"},{"floor":24.0,"key":"Tiny Chest"},{"floor":26.0,"key":"Mercury Hourglass"}],"event_choices":[{"cards_removed":["Strike_P"],"damage_healed":0.0,"max_hp_gain":0.0,"max_hp_loss":0.0,"gold_gain":0.0,"event_name":"Golden Wing","player_choice":"Card Removal","floor":5.0,"gold_loss":0.0,"damage_taken":7.0},{"damage_healed":0.0,"max_hp_gain":0.0,"max_hp_loss":0.0,"gold_gain":75.0,"event_name":"FaceTrader","player_choice":"Touch","floor":12.0,"gold_loss":0.0,"damage_taken":7.0},{"damage_healed":0.0,"max_hp_gain":0.0,"max_hp_loss":0.0,"gold_gain":0.0,"event_name":"The Mausoleum","player_choice":"Opened","floor":19.0,"gold_loss":0.0,"damage_taken":0.0,"relics_obtained":["Darkstone Periapt"]},{"damage_healed":0.0,"max_hp_gain":5.0,"max_hp_loss":0.0,"gold_gain":0.0,"event_name":"Forgotten Altar","player_choice":"Shed Blood","floor":22.0,"gold_loss":0.0,"damage_taken":18.0},{"damage_healed":0.0,"max_hp_gain":0.0,"max_hp_loss":0.0,"gold_gain":0.0,"event_name":"Match and Keep!","player_choice":"0 cards matched","floor":28.0,"gold_loss":0.0,"damage_taken":0.0,"cards_obtained":[]}],"is_beta":false,"boss_relics":[{"not_picked":["Fusion Hammer","Velvet Choker"],"picked":"Black Star"}],"items_purged_floors":[7,20],"is_endless":false,"potions_floor_spawned":[1,4,10,11,14,24,31],"killed_by":"Automaton","ascension_level":3}}