{"host":"xwqwvmlzre68xjvm","time":1609559471,"event":{"mods":["BaseMod","Colored Map","Colored Powertips","Hermit","Minty Spire (QoL Compilation)","Replay The Spire","StSLib","SuperFastMode","Td1madao Mod","The Bug Knight","The Cursed","The Hierophant","The Runesmith"],"gold_per_floor":[114,114,114,26,43,78,94,126,126,126,137,137,150,162,162,264,264,286,286,306,306,323,323,323,323],"floor_reached":24,"playtime":1108,"items_purged":[],"score":233,"play_id":"7d0cb37c-6551-4e5f-9eab-7c04c0f00a42","local_time":"20210102125111","is_ascension_mode":false,"campfire_choices":[{"data":"Dualcast","floor":10,"key":"SMITH"},{"floor":15,"key":"DIG"},{"data":"Mirror Shield","floor":23,"key":"SMITH"}],"circlet_count":0,"master_deck":["Strike_B","Strike_B","Strike_B","Defend_B","Defend_B","Defend_B+1","Defend_B","Zap+1","Dualcast+1","Cold Snap","Finesse","Time Bomb","Skim","Consume","Panic Button","Electrodynamics","CurseOfTheBell","Panic Button","Mirror Shield+1","Coolheaded","FIFO Queue+1"],"relics":["Cracked Core","NeowsBlessing","Blood Vial","Mirror","Gremlin Horn","ReplayTheSpireMod:Ninjato","Divine Protection","Calling Bell","Replay:Bandana","HollowMod:LifeEnderRelic","Unceasing Top","Question Card"],"acts_visited":["Exordium","TheCity"],"potions_floor_usage":[8,18,24,24,24],"damage_taken":[{"damage":0,"enemies":"Cultist","floor":1,"turns":1},{"damage":0,"enemies":"Jaw Worm","floor":5,"turns":1},{"damage":0,"enemies":"Gremlin Nob","floor":6,"turns":1},{"damage":0,"enemies":"Small Slimes","floor":7,"turns":3},{"damage":14,"enemies":"Lagavulin","floor":8,"turns":5},{"damage":5,"enemies":"Blue Slaver","floor":11,"turns":4},{"damage":10,"enemies":"Exordium Thugs","floor":13,"turns":5},{"damage":8,"enemies":"2 Fungi Beasts","floor":14,"turns":5},{"damage":18,"enemies":"Fading Forest","floor":16,"turns":11},{"damage":8,"enemies":"Spheric Guardian","floor":18,"turns":4},{"damage":14,"enemies":"Chosen and Byrds","floor":20,"turns":5},{"damage":3,"enemies":"Snake Plant","floor":22,"turns":3},{"damage":64,"enemies":"Gremlin Leader","floor":24,"turns":7}],"seed_played":"-8127761792258046953","potions_obtained":[{"floor":5,"key":"Dexterity Potion"},{"floor":7,"key":"AttackPotion"},{"floor":11,"key":"Block Potion"},{"floor":13,"key":"DuplicationPotion"},{"floor":20,"key":"PowerPotion"}],"is_trial":false,"path_per_floor":["M","T","?","$","M","E","M","E","T","R","M","?","M","M","R_BF","B",null,"M","?","M","?","M","R","E"],"character_chosen":"DEFECT","items_purchased":["Finesse"],"campfire_rested":0,"item_purchase_floors":[4],"current_hp_per_floor":[75,75,60,60,62,64,66,54,54,54,51,44,36,30,30,34,75,67,67,55,55,54,54,0,0],"gold":323,"neow_bonus":"THREE_ENEMY_KILL","is_daily":false,"chose_seed":false,"campfire_upgraded":2,"win_rate":0.0,"timestamp":1609559471,"path_taken":["M","?","?","?","M","E","M","E","T","R","M","?","M","M","R_BF","BOSS","M","?","M","?","M","R","E"],"items_purchased_type":["Card"],"build_version":"2020-12-22","purchased_purges":0,"victory":false,"max_hp_per_floor":[75,75,75,75,75,75,75,75,75,75,75,75,75,75,75,75,75,75,75,75,75,75,75,75,75],"card_choices":[{"not_picked":["BasicCrystalCard","Leap"],"picked":"Cold Snap","floor":1},{"not_picked":["Stack","Barrage"],"picked":"Time Bomb","floor":5},{"not_picked":["Sweeping Beam","Redo","Gash"],"picked":"SKIP","floor":6},{"not_picked":["Coolheaded","Go for the Eyes"],"picked":"Skim","floor":7},{"not_picked":["Leap","Undo","Stack"],"picked":"SKIP","floor":8},{"not_picked":["Ball Lightning","Go for the Eyes","Leap"],"picked":"SKIP","floor":11},{"not_picked":["Sweeping Beam","Panic Button"],"picked":"Consume","floor":13},{"not_picked":["Scrape","Redo"],"picked":"Panic Button","floor":14},{"not_picked":["Fission","Thunder Strike"],"picked":"Electrodynamics","floor":16},{"not_picked":["Beam Cell","Gash"],"picked":"Panic Button","floor":18},{"not_picked":["Panic Button","Sweeping Beam","Undo"],"picked":"Mirror Shield","floor":20},{"not_picked":["Panic Button","Aggregate","Streamline+1"],"picked":"FIFO Queue+1","floor":22}],"player_experience":18892,"relics_obtained":[{"floor":2,"key":"Blood Vial"},{"floor":6,"key":"Mirror"},{"floor":8,"key":"Gremlin Horn"},{"floor":9,"key":"ReplayTheSpireMod:Ninjato"},{"floor":15,"key":"Divine Protection"},{"floor":17,"key":"Replay:Bandana"},{"floor":17,"key":"HollowMod:LifeEnderRelic"},{"floor":17,"key":"Unceasing Top"}],"event_choices":[{"damage_healed":0,"gold_gain":0,"player_choice":"Entered Light","damage_taken":15,"max_hp_gain":0,"max_hp_loss":0,"event_name":"Shining Light","floor":3,"gold_loss":0,"cards_upgraded":["Zap","Defend_B"]},{"cards_removed":["Strike_B"],"damage_healed":0,"gold_gain":0,"player_choice":"Card Removal","damage_taken":7,"max_hp_gain":0,"max_hp_loss":0,"event_name":"Golden Wing","floor":12,"gold_loss":0},{"damage_healed":0,"gold_gain":0,"player_choice":"Opened","damage_taken":0,"relics_obtained":["Question Card"],"max_hp_gain":0,"max_hp_loss":0,"event_name":"The Mausoleum","floor":19,"gold_loss":0},{"damage_healed":0,"gold_gain":0,"player_choice":"Read","damage_taken":0,"max_hp_gain":0,"max_hp_loss":0,"event_name":"The Library","floor":21,"gold_loss":0,"cards_obtained":["Coolheaded"]}],"is_beta":false,"boss_relics":[{"not_picked":["Velvet Choker","Philosopher\u0027s Stone"],"picked":"Calling Bell"}],"items_purged_floors":[],"is_endless":false,"potions_floor_spawned":[5,7,11,13,20,22],"killed_by":"Gremlin Leader","ascension_level":0}}