{"host":"1qhzi8r9ejho5yph","time":1609561069,"event":{"mods":["AchievementEnabler","BaseMod","Colored Map","Colored Powertips","Highlight Path","Minty Spire (QoL Compilation)","Permanent Neow","Quick Restart","Random Character Button","StSLib","SuperFastMode"],"gold_per_floor":[17,17,36,36,36,66,81,81,81,81,81,81,41,61,61,160,160,160,160],"floor_reached":18,"playtime":414,"items_purged":[],"score":275,"play_id":"375cea55-360a-457c-a9de-3b294f6228c5","local_time":"20210102121749","is_ascension_mode":true,"campfire_choices":[{"data":"Limit Break","floor":8,"key":"SMITH"},{"data":"Pommel Strike","floor":10,"key":"SMITH"},{"floor":12,"key":"REST"},{"floor":15,"key":"REST"}],"circlet_count":0,"master_deck":["AscendersBane","Strike_R","Strike_R","Defend_R+1","Defend_R","Defend_R+1","Defend_R","Bash","Limit Break+1","Heavy Blade","Thunderclap","Pommel Strike+1","Inflame"],"relics":["Burning Blood","StoneCalendar","Omamori","Bird Faced Urn","Empty Cage"],"acts_visited":["Exordium","TheCity"],"potions_floor_usage":[18],"damage_taken":[{"damage":9,"enemies":"2 Louse","floor":1,"turns":3},{"damage":4,"enemies":"Cultist","floor":3,"turns":5},{"damage":40,"enemies":"Gremlin Nob","floor":6,"turns":5},{"damage":12,"enemies":"Small Slimes","floor":7,"turns":4},{"damage":16,"enemies":"2 Fungi Beasts","floor":14,"turns":4},{"damage":53,"enemies":"The Guardian","floor":16,"turns":12},{"damage":65,"enemies":"3 Byrds","floor":18,"turns":6}],"seed_played":"-2112930982618681044","potions_obtained":[{"floor":6,"key":"Explosive Potion"}],"is_trial":false,"path_per_floor":["M","?","M","?","?","E","M","R","T","R","?","R","$","M","R","B",null,"M"],"character_chosen":"IRONCLAD","items_purchased":["Inflame"],"campfire_rested":2,"item_purchase_floors":[13],"current_hp_per_floor":[69,69,71,71,71,37,31,31,31,31,15,39,39,31,55,10,63,0,0],"gold":160,"neow_bonus":"THREE_RARE_CARDS","is_daily":false,"chose_seed":false,"campfire_upgraded":2,"win_rate":0.0,"timestamp":1609561069,"path_taken":["M","?","?","?","?","E","M","R","T","R","?","R","$","M","R","BOSS","M"],"items_purchased_type":["Card"],"build_version":"2020-12-22","purchased_purges":0,"victory":false,"max_hp_per_floor":[80,80,80,80,80,80,80,80,80,80,80,80,80,80,80,80,80,80,80],"card_choices":[{"not_picked":["Offering","Brutality"],"picked":"Limit Break","floor":0},{"not_picked":["Second Wind","Body Slam"],"picked":"Heavy Blade","floor":1},{"not_picked":["Clash","Wild Strike"],"picked":"Thunderclap","floor":3},{"not_picked":["Clothesline","Hemokinesis","Feel No Pain"],"picked":"SKIP","floor":6},{"not_picked":["Carnage","Flex"],"picked":"Pommel Strike","floor":7},{"not_picked":["Blood for Blood","Havoc","Dark Embrace"],"picked":"SKIP","floor":14}],"player_experience":318428,"relics_obtained":[{"floor":2,"key":"StoneCalendar"},{"floor":6,"key":"Omamori"},{"floor":9,"key":"Bird Faced Urn"}],"event_choices":[{"damage_healed":0,"gold_gain":0,"player_choice":"Relic","damage_taken":0,"max_hp_gain":0,"max_hp_loss":0,"event_name":"Wheel of Change","floor":2,"gold_loss":0},{"cards_removed":["Strike_R"],"damage_healed":0,"gold_gain":0,"player_choice":"Forget","damage_taken":0,"max_hp_gain":0,"max_hp_loss":0,"event_name":"Living Wall","floor":4,"gold_loss":0},{"damage_healed":0,"gold_gain":0,"player_choice":"Ignored","damage_taken":0,"max_hp_gain":0,"max_hp_loss":0,"event_name":"Liars Game","floor":5,"gold_loss":0},{"damage_healed":0,"gold_gain":0,"player_choice":"Entered Light","damage_taken":16,"max_hp_gain":0,"max_hp_loss":0,"event_name":"Shining Light","floor":11,"gold_loss":0,"cards_upgraded":["Defend_R","Defend_R"]}],"is_beta":false,"boss_relics":[{"not_picked":["Astrolabe","SlaversCollar"],"picked":"Empty Cage"}],"items_purged_floors":[],"is_endless":false,"potions_floor_spawned":[6,16],"killed_by":"3 Byrds","ascension_level":10}}