{"host":"2uzrezb18q7r18aw","time":1609612127,"event":{"mods":["Act Like it!","BaseMod","Gensokyo","Minty Spire (QoL Compilation)","StSLib"],"gold_per_floor":[114,114,44,124,124,153,186,186,198,70,182,194,232,268,280,395,407,429,53,65,96,0,40,52,164,224,236,169,169,49,78,78,183,183,195,195,195,195,195,229,229,229,229,229,303,303,303,303,303,303],"floor_reached":51,"playtime":1504,"items_purged":[],"score":1163,"play_id":"3bcb3b74-4c84-452d-b3f1-e83e25806891","local_time":"20210103032847","daily_mods":["SealedDeck","Heirloom","Time Dilation","Flight"],"is_ascension_mode":false,"campfire_choices":[{"data":"Underhanded Strike","floor":15,"key":"SMITH"},{"data":"Leg Sweep","floor":32,"key":"SMITH"},{"data":"1","floor":44,"key":"LIFT"},{"data":"2","floor":46,"key":"LIFT"},{"data":"3","floor":49,"key":"LIFT"}],"circlet_count":0,"master_deck":["Cloak And Dagger+1","Underhanded Strike+1","Acrobatics+1","Tactician+1","Tactician+1","Acrobatics+1","Blur+1","Injury","Gensokyo:SevenSchoolMysteries","Footwork+1","Writhe"],"relics":["Ring of the Snake","Torii","Darkstone Periapt","Juzu Bracelet","MawBank","Shuriken","Du-Vu Doll","Unceasing Top","Question Card","Smiling Mask","Coffee Dripper","Bag of Marbles","Pantograph","Gremlin Horn","Prayer Wheel","Lizard Tail","Ancient Tea Set","Gensokyo:SpiderMask","Mango","Dream Catcher","SacredBark","Anchor","Gensokyo:EmptyGrave","Girya","InkBottle","Calipers"],"acts_visited":["Exordium","Gensokyo:Gensokyo","Gensokyo:Gensokyoer"],"potions_floor_usage":[23,38,50],"damage_taken":[{"damage":0,"enemies":"Gensokyo:2_Kodama","floor":1,"turns":1},{"damage":0,"enemies":"Gensokyo:Aya","floor":6,"turns":1},{"damage":0,"enemies":"Gensokyo:Cirno","floor":7,"turns":4},{"damage":0,"enemies":"Gensokyo:Mamizou","floor":13,"turns":1},{"damage":1,"enemies":"Gensokyo:Kokoro","floor":16,"turns":9},{"damage":0,"enemies":"Gensokyo:CosmicMonolith","floor":18,"turns":1},{"damage":0,"enemies":"Gensokyo:Chomper","floor":21,"turns":4},{"damage":0,"enemies":"Gensokyo:Tenshi","floor":23,"turns":3},{"damage":0,"enemies":"Gensokyo:Tenshi","floor":25,"turns":2},{"damage":0,"enemies":"Gensokyo:Reisen","floor":31,"turns":2},{"damage":0,"enemies":"Gensokyo:Eiki","floor":33,"turns":3},{"damage":0,"enemies":"Gensokyo:3_Bats","floor":35,"turns":1},{"damage":1,"enemies":"Gensokyo:3_Bats","floor":38,"turns":4},{"damage":0,"enemies":"Gensokyo:Doremy","floor":40,"turns":2},{"damage":0,"enemies":"Gensokyo:Yuyuko","floor":50,"turns":1}],"seed_played":"5729678795787395246","potions_obtained":[{"floor":1,"key":"SpeedPotion"},{"floor":13,"key":"BlessingOfTheForge"},{"floor":25,"key":"SmokeBomb"},{"floor":31,"key":"Strength Potion"}],"is_trial":true,"path_per_floor":["M","?","?","?","?","E","E","?","T","?","?","?","E","T","R","B",null,"M","COS","?","M","?","E","?","?","T","?","$","?","?","E","R","B",null,"M","?","?","?","?","E","?","?","T","R","T","R","?","?","R","B",null],"character_chosen":"THE_SILENT","items_purchased":["Reflex"],"campfire_rested":0,"item_purchase_floors":[28],"current_hp_per_floor":[70,63,63,63,63,63,63,49,49,49,49,55,55,55,55,54,76,76,76,76,76,76,76,76,76,76,82,82,88,88,102,102,102,102,102,102,87,87,87,87,87,87,87,94,94,94,94,57,57,57],"gold":303,"neow_bonus":"","is_daily":false,"chose_seed":false,"campfire_upgraded":2,"win_rate":0.0,"timestamp":1609612127,"path_taken":["M","?","?","?","?","E","E","?","T","?","?","?","E","?","R","BOSS","M","COS","?","M","?","E","?","?","T","?","$","?","?","E","R","BOSS","M","?","?","?","?","E","?","?","T","R","?","R","?","?","R","BOSS"],"items_purchased_type":["Card"],"build_version":"2020-12-22","purchased_purges":0,"victory":true,"max_hp_per_floor":[70,70,70,70,70,70,70,70,70,70,70,76,76,76,76,76,76,76,76,76,76,76,76,76,76,76,82,82,88,88,102,102,102,102,102,102,102,102,102,102,94,94,94,94,94,94,94,94,94,94],"card_choices":[{"not_picked":["PiercingWail","Underhanded Strike","Poisoned Stab"],"picked":"SKIP","floor":1},{"not_picked":["Wraith Form v2","Eviscerate","Blur"],"picked":"SKIP","floor":6},{"not_picked":["Prepared","Flechettes","Riddle With Holes"],"picked":"SKIP","floor":7},{"not_picked":["Noxious Fumes","Underhanded Strike","Dagger Spray"],"picked":"SKIP","floor":13},{"not_picked":["Tactician","Dagger Throw+1","Calculated Gamble","Quick Slash"],"picked":"SKIP","floor":18},{"not_picked":["Backstab","Backflip+1","Predator","Blur"],"picked":"SKIP","floor":21},{"not_picked":["Noxious Fumes","Venomology","Accuracy","Quick Slash+1"],"picked":"SKIP","floor":23},{"not_picked":["Cloak And Dagger","Crippling Poison","Prepared","Blur"],"picked":"SKIP","floor":31},{"not_picked":["Dagger Throw+1","Calculated Gamble","Deflect+1","Bane"],"picked":"SKIP","floor":35},{"not_picked":["Escape Plan+1","Dagger Throw+1","Noxious Fumes+1","Dodge and Roll+1"],"picked":"SKIP","floor":35},{"not_picked":["Dagger Spray+1","Dodge and Roll","Backstab","Bouncing Flask"],"picked":"SKIP","floor":40}],"player_experience":590906,"relics_obtained":[{"floor":6,"key":"Darkstone Periapt"},{"floor":7,"key":"Juzu Bracelet"},{"floor":9,"key":"Shuriken"},{"floor":13,"key":"Question Card"},{"floor":14,"key":"Smiling Mask"},{"floor":23,"key":"Pantograph"},{"floor":25,"key":"Prayer Wheel"},{"floor":25,"key":"Lizard Tail"},{"floor":26,"key":"Ancient Tea Set"},{"floor":31,"key":"Dream Catcher"},{"floor":40,"key":"Anchor"},{"floor":43,"key":"Girya"},{"floor":45,"key":"InkBottle"}],"event_choices":[],"is_beta":false,"boss_relics":[{"not_picked":["Snecko Eye","Runic Dome"],"picked":"Coffee Dripper"},{"not_picked":["Astrolabe","Philosopher\u0027s Stone"],"picked":"SacredBark"}],"items_purged_floors":[],"is_endless":false,"potions_floor_spawned":[1,13,25,31],"ascension_level":0}}