{"host":"emut9mh212kd9b86","time":1609592803,"event":{"mods":["ATMod(°¢èªMod)","Act Like it!","BaseMod","Better Vampires","Downfall","Koishi","KomeijiMod","Minty Spire (QoL Compilation)","MostiFishMod","Shop Mod","Spicy Shops","StSLib","TestMod","Waifu the Spire","noobMod","¡¾ÒÅÎï¿¨ÅÆ¡¿REMEMod"],"gold_per_floor":[160,177,194,206,225,241,241,24,34,54,89,89,14,45,55,156,156,156,171,96,115,133,161,186,208,255,167,267,277,290,0,12,114,114,114,124,144,144,467,495,495,505,505,540,557,571,31,31,49,49],"floor_reached":51,"playtime":2295,"items_purged":["Defend_Remirira","Defend_Remirira","Defend_Remirira","Strike_Remiria"],"score":1417,"play_id":"4b491c9a-d590-49d0-9e6b-7792074e3f6d","local_time":"20210102210643","is_ascension_mode":true,"campfire_choices":[{"floor":1,"key":"RECALL"},{"data":"BloodyLaserofSeventeenArticles","floor":13,"key":"SMITH"},{"data":"FateEnsemble","floor":18,"key":"SMITH"},{"data":"AT_WindFlip","floor":35,"key":"SMITH"},{"data":"FateSonata","floor":43,"key":"SMITH"}],"circlet_count":0,"master_deck":["Strike_Remiria","Strike_Remiria","Defend_Remirira","Absorbed","Scratch","AT_WindFlip+1","WreathOfFlame+1","FateSonata+1","BloodyLaserofSeventeenArticles+1","FateEnsemble+1","StigmaNizer+1","TrickFate+1"],"relics":["testmod-TestBox","ice","DaveBox","AT_ATBox","REME_ComplimentaryCards","GuanYuAspect","Mercury Hourglass","MerchantsRug","Frozen Egg 2","ThirstyCrossSpe","SpellCardsRuleRemi","downfall:HeartBlessingRed","Black Star","Pocketwatch","AT_SunfireAegis","Pen Nib","testmod-TurbochargingSystem","Nunchaku","Lantern","expansioncontent:StudyCardRelic","Toxic Egg 2","ShirouKen","Bottled Flame","Bag of Preparation","Vajra","Lee\u0027s Waffle","testmod-Nyarlathotep","AT_Manta"],"acts_visited":["Exordium","TheCity","TheBeyond"],"potions_floor_usage":[12,22,27,30],"damage_taken":[{"damage":0,"enemies":"Cultist","floor":2,"turns":2},{"damage":0,"enemies":"Small Slimes","floor":3,"turns":1},{"damage":0,"enemies":"Jaw Worm","floor":4,"turns":1},{"damage":0,"enemies":"Blue Slaver","floor":5,"turns":1},{"damage":0,"enemies":"Gremlin Gang","floor":6,"turns":1},{"damage":0,"enemies":"downfall:FleeingMerchant","floor":8,"turns":4},{"damage":0,"enemies":"3 Louse","floor":9,"turns":1},{"damage":0,"enemies":"Red Slaver","floor":10,"turns":1},{"damage":0,"enemies":"3 Sentries","floor":11,"turns":2},{"damage":7,"enemies":"3 Sentries","floor":12,"turns":6},{"damage":20,"enemies":"Lagavulin","floor":14,"turns":3},{"damage":0,"enemies":"Exordium Thugs","floor":15,"turns":1},{"damage":0,"enemies":"downfall:Watcher","floor":16,"turns":1},{"damage":18,"enemies":"Shell Parasite","floor":19,"turns":3},{"damage":5,"enemies":"downfall:FleeingMerchant","floor":20,"turns":4},{"damage":0,"enemies":"Cultist and Chosen","floor":21,"turns":3},{"damage":8,"enemies":"Chosen and Byrds","floor":22,"turns":2},{"damage":0,"enemies":"Gremlin Leader","floor":23,"turns":3},{"damage":16,"enemies":"Snake Plant","floor":25,"turns":2},{"damage":0,"enemies":"Book of Stabbing","floor":26,"turns":1},{"damage":0,"enemies":"downfall:FleeingMerchant","floor":27,"turns":1},{"damage":0,"enemies":"Shelled Parasite and Fungi","floor":29,"turns":1},{"damage":0,"enemies":"Centurion and Healer","floor":30,"turns":2},{"damage":0,"enemies":"Sentry and Sphere","floor":32,"turns":2},{"damage":44,"enemies":"downfall:Silent","floor":33,"turns":5},{"damage":6,"enemies":"Orb Walker","floor":36,"turns":2},{"damage":0,"enemies":"3 Darklings","floor":37,"turns":1},{"damage":0,"enemies":"Reptomancer","floor":40,"turns":2},{"damage":0,"enemies":"Jaw Worm Horde","floor":42,"turns":1},{"damage":18,"enemies":"Nemesis","floor":44,"turns":3},{"damage":0,"enemies":"Transient","floor":45,"turns":5},{"damage":0,"enemies":"Sphere and 2 Shapes","floor":46,"turns":1},{"damage":0,"enemies":"Spire Growth","floor":49,"turns":1},{"damage":0,"enemies":"downfall:Defect","floor":50,"turns":3}],"seed_played":"-4912188248765761227","potions_obtained":[{"floor":4,"key":"Explosive Potion"},{"floor":9,"key":"Swift Potion"},{"floor":11,"key":"BlessingOfTheForge"},{"floor":14,"key":"GamblersBrew"},{"floor":21,"key":"Explosive Potion"},{"floor":25,"key":"testmod-TimePotion"},{"floor":29,"key":"SpeedPotion"},{"floor":30,"key":"testmod-SpacePotion"},{"floor":31,"key":"Regen Potion"},{"floor":33,"key":"BlessingOfTheForge"},{"floor":37,"key":"Swift Potion"},{"floor":48,"key":"GamblersBrew"},{"floor":48,"key":"LiquidMemories"},{"floor":48,"key":"SmokeBomb"}],"is_trial":false,"path_per_floor":["R","M","M","M","M","M","T","$","M","M","E","?","R","E","M","B",null,"R","M","$","M","M","E","T","M","E","$","?","M","M","?","M","B",null,"R","M","M","?","?","E","T","M","R","E","M","M","$","?","M","B",null],"character_chosen":"RemiriaScarlet","items_purchased":["MerchantsRug","testmod-TurbochargingSystem","Nunchaku","Fruit Juice","Lee\u0027s Waffle","testmod-Nyarlathotep","AT_Manta"],"campfire_rested":0,"item_purchase_floors":[8,27,27,27,47,47,47],"current_hp_per_floor":[50,50,50,50,50,50,50,50,50,50,50,50,50,31,33,36,42,42,35,50,50,47,50,50,35,42,45,45,50,58,58,63,47,54,54,56,65,65,65,65,65,65,65,56,65,65,72,72,72,72],"gold":49,"neow_bonus":"UPGRADE_CARD","is_daily":false,"chose_seed":false,"campfire_upgraded":4,"win_rate":0.0,"timestamp":1609592803,"path_taken":["R","M","M","?","M","M","T","$","M","M","E","?","R","E","M","BOSS","R","M","$","M","M","E","T","M","E","$","?","?","M","?","M","BOSS","R","M","M","?","?","E","T","M","R","E","M","?","$","?","M","BOSS"],"items_purchased_type":["Relic","Relic","Relic","Potion","Relic","Relic","Relic"],"build_version":"2020-12-22","purchased_purges":4,"victory":true,"max_hp_per_floor":[50,50,50,50,50,50,50,50,50,50,50,50,50,50,50,50,50,50,50,50,50,50,50,50,50,60,65,65,65,65,65,65,65,65,65,65,65,65,65,65,65,65,65,65,65,65,72,72,72,72],"card_choices":[{"not_picked":["BloodCollect","Feint","YoungDemonLord"],"picked":"SKIP","floor":2},{"not_picked":["CombatMeter","FateMeister","BodyStrengthen"],"picked":"SKIP","floor":3},{"not_picked":["ServantFlier","MiserableFate_Remiria","Cripple"],"picked":"SKIP","floor":4},{"not_picked":["DemonsDinnerFork_Remiria","RocketKickup","Feint"],"picked":"SKIP","floor":5},{"not_picked":["BathedInBlood","FastHealing","Warpath"],"picked":"SKIP","floor":6},{"not_picked":["CombatMeter","BloodCollect","BloodySuit"],"picked":"SKIP","floor":8},{"not_picked":["Exsanguinate","DamonLordCradle_Remiria","DoubleEdge"],"picked":"SKIP","floor":9},{"not_picked":["PainBurst","PartStrengthen"],"picked":"FateSonata","floor":10},{"not_picked":["NaturallyHealing+1","DoubleEdge","DamonLordCradle_Remiria"],"picked":"SKIP","floor":11},{"not_picked":["BloodyCatastrophe","SuperhumanBloodyKnife"],"picked":"BloodyLaserofSeventeenArticles","floor":12},{"not_picked":["VampirishNight","Culling","BodyStrengthen"],"picked":"SKIP","floor":14},{"not_picked":["ThirstForBlood","YoungDemonLord"],"picked":"FateEnsemble","floor":15},{"not_picked":["FateEnsemble","FierceSweep","ThirstForBlood"],"picked":"SKIP","floor":19},{"not_picked":["BloodCollect","Tearing+1","ThePrice"],"picked":"SKIP","floor":20},{"not_picked":["BloodCollect","TricksterDevil+1","FierceSweep"],"picked":"SKIP","floor":21},{"not_picked":["DamonLordCradle_Remiria","DoubleEdge","ServantFlier"],"picked":"SKIP","floor":22},{"not_picked":["Exsanguinate+1","DemonsDinnerFork_Remiria","Warpath+1"],"picked":"SKIP","floor":23},{"not_picked":["BathedInBlood+1","FateCollect+1","ServantFlier"],"picked":"SKIP","floor":25},{"not_picked":["PartStrengthen+1","RedMagic+1","BloodCollect"],"picked":"SKIP","floor":26},{"not_picked":["BloodCollect+1","DemonsDinnerFork_Remiria","FastHealing"],"picked":"SKIP","floor":27},{"not_picked":["BloodCleaner","TricksterDevil+1","DamonLordCradle_Remiria"],"picked":"SKIP","floor":29},{"not_picked":["BloodCleaner+1","FateMeister+1"],"picked":"StigmaNizer+1","floor":30},{"not_picked":["BloodySuit","FastHealing+1","FierceSweep+1"],"picked":"SKIP","floor":32},{"not_picked":["StigmaNizer+1","DamonLordCradle_Remiria","RocketKickup+1"],"picked":"SKIP","floor":36},{"not_picked":["StigmaNizer","BodyStrengthen+1","VampirishNight"],"picked":"SKIP","floor":37},{"not_picked":["BodyStrengthen+1","CruelSlaughter","ThePrice+1"],"picked":"SKIP","floor":40},{"not_picked":["FateCollect+1","FitfulNightmare+1","TricksterDevil+1"],"picked":"SKIP","floor":42},{"not_picked":["ChainGang+1","DoubleEdge+1","BodyStrengthen+1"],"picked":"SKIP","floor":44},{"not_picked":["TricksterDevil+1","DemonsDinnerFork_Remiria+1"],"picked":"TrickFate+1","floor":45},{"not_picked":["Impregnable+1","NaturallyHealing+1","DemonsDinnerFork_Remiria+1"],"picked":"SKIP","floor":46},{"not_picked":["BathedInBlood+1","TricksterDevil+1","BodyStrengthen+1"],"picked":"SKIP","floor":49}],"player_experience":419992,"relics_obtained":[{"floor":7,"key":"Mercury Hourglass"},{"floor":11,"key":"Frozen Egg 2"},{"floor":12,"key":"ThirstyCrossSpe"},{"floor":12,"key":"SpellCardsRuleRemi"},{"floor":14,"key":"AT_GoldPhoenixTree"},{"floor":23,"key":"Pocketwatch"},{"floor":23,"key":"AT_SunfireAegis"},{"floor":24,"key":"MawBank"},{"floor":26,"key":"Pen Nib"},{"floor":26,"key":"Pear"},{"floor":31,"key":"Lantern"},{"floor":40,"key":"Toxic Egg 2"},{"floor":40,"key":"ShirouKen"},{"floor":41,"key":"Bottled Flame"},{"floor":44,"key":"Bag of Preparation"},{"floor":44,"key":"Vajra"}],"event_choices":[{"cards_removed":["Strike_Remiria"],"damage_healed":0,"gold_gain":0,"player_choice":"Removed Attack","damage_taken":0,"max_hp_gain":0,"max_hp_loss":0,"event_name":"Falling","floor":38,"gold_loss":0},{"damage_healed":0,"gold_gain":0,"player_choice":"Got Potions","damage_taken":0,"max_hp_gain":0,"max_hp_loss":0,"event_name":"Lab","floor":48,"gold_loss":0}],"is_beta":false,"boss_relics":[{"not_picked":["ExusiaiGun","GreenFoldingFan"],"picked":"Black Star"},{"not_picked":["JellyFishMachine","Pandora\u0027s Box"],"picked":"expansioncontent:StudyCardRelic"}],"items_purged_floors":[8,20,27,47],"is_endless":false,"potions_floor_spawned":[4,9,11,14,21,25,29,30,33,37,42,49],"ascension_level":6}}