{"host":"u4pncpybdtxxvw4r","time":1609602246,"event":{"mods":["AchievementEnabler","BaseMod","Block Reminder","Colored Powertips","Downfall","Marisa£®ÏF”Í°°ƒß¿Ì…≥£©","Minty Spire (QoL Compilation)","Permanent Neow","Potion Indicator Mod","Rare Cards Sparkle","StSLib","SuperFastMode"],"gold_per_floor":[115,132,12,28,45,45,74,5,5,5,20,20,20,34,34,133,133,144,162,179,179,196,196,196,196],"floor_reached":24,"playtime":1169,"items_purged":["Strike_G"],"score":200,"play_id":"0e5e7024-78d3-47ec-8c17-f03d3ce7be8c","local_time":"20210102234406","is_ascension_mode":false,"campfire_choices":[{"data":"Noxious Fumes","floor":6,"key":"SMITH"},{"floor":10,"key":"REST"},{"floor":12,"key":"REST"},{"data":"Noxious Fumes","floor":15,"key":"SMITH"},{"floor":23,"key":"REST"}],"circlet_count":0,"master_deck":["Strike_G","Strike_G","Strike_G","Strike_G","Defend_G","Defend_G","Defend_G","Defend_G","Defend_G","Survivor","Neutralize","Prepared","Noxious Fumes+1","Outmaneuver","Outmaneuver","Noxious Fumes+1","Phantasmal Killer","Dagger Throw","Acrobatics","Deflect","Deadly Poison","Phantasmal Killer","Dash","Quick Slash","Dagger Spray"],"relics":["Ring of the Snake","Nunchaku","Ninja Scroll","StoneCalendar","Busted Crown","MutagenicStrength"],"acts_visited":["Exordium","TheCity"],"potions_floor_usage":[22,24],"damage_taken":[{"damage":0,"enemies":"Jaw Worm","floor":1,"turns":4},{"damage":0,"enemies":"2 Louse","floor":2,"turns":3},{"damage":1,"enemies":"Cultist","floor":4,"turns":4},{"damage":20,"enemies":"Large Slime","floor":5,"turns":8},{"damage":13,"enemies":"Lagavulin","floor":7,"turns":7},{"damage":13,"enemies":"3 Louse","floor":11,"turns":4},{"damage":2,"enemies":"Exordium Thugs","floor":14,"turns":5},{"damage":33,"enemies":"Slime Boss","floor":16,"turns":7},{"damage":22,"enemies":"Spheric Guardian","floor":18,"turns":6},{"damage":13,"enemies":"Chosen","floor":19,"turns":5},{"damage":33,"enemies":"3 Cultists","floor":20,"turns":6},{"damage":5,"enemies":"Snecko","floor":22,"turns":3},{"damage":24,"enemies":"Shelled Parasite and Fungi","floor":24,"turns":4}],"seed_played":"5132056502313808462","potions_obtained":[{"floor":1,"key":"Dexterity Potion"},{"floor":5,"key":"SkillPotion"},{"floor":11,"key":"Fire Potion"}],"is_trial":false,"path_per_floor":["M","M","$","M","M","R","E","$","T","R","M","R","?","M","R","B",null,"M","M","M","?","M","R","M"],"character_chosen":"THE_SILENT","items_purchased":["Outmaneuver","Dagger Throw","Acrobatics"],"campfire_rested":3,"item_purchase_floors":[3,8,8],"current_hp_per_floor":[70,70,70,69,49,49,36,36,36,57,44,65,70,68,68,35,75,53,40,7,7,2,24,0,0],"gold":196,"neow_bonus":"RANDOM_COMMON_RELIC","is_daily":false,"chose_seed":false,"campfire_upgraded":2,"win_rate":0.0,"timestamp":1609602246,"path_taken":["M","M","$","M","M","R","E","$","T","R","M","R","?","M","R","BOSS","M","M","M","?","M","R","M"],"items_purchased_type":["Card","Card","Card"],"build_version":"2020-12-22","purchased_purges":1,"victory":false,"max_hp_per_floor":[70,70,70,70,70,70,70,70,70,70,70,70,75,75,75,75,75,75,75,75,75,75,75,75,75],"card_choices":[{"not_picked":["Dash","Well Laid Plans"],"picked":"Prepared","floor":1},{"not_picked":["Underhanded Strike","Caltrops"],"picked":"Noxious Fumes","floor":2},{"not_picked":["Expertise","Footwork"],"picked":"Outmaneuver","floor":4},{"not_picked":["Sucker Punch","Infinite Blades"],"picked":"Noxious Fumes","floor":5},{"not_picked":["Choke","Flying Knee"],"picked":"Phantasmal Killer","floor":7},{"not_picked":["Escape Plan","Deadly Poison"],"picked":"Deflect","floor":11},{"not_picked":["PiercingWail","Dagger Throw"],"picked":"Deadly Poison","floor":14},{"not_picked":["Wraith Form v2","Night Terror"],"picked":"Phantasmal Killer","floor":16},{"not_picked":[],"picked":"Dash","floor":18},{"not_picked":["Expertise"],"picked":"SKIP","floor":19},{"not_picked":[],"picked":"Quick Slash","floor":20},{"not_picked":[],"picked":"Dagger Spray","floor":22}],"player_experience":11852,"relics_obtained":[{"floor":7,"key":"Ninja Scroll"},{"floor":9,"key":"StoneCalendar"}],"event_choices":[{"damage_healed":0,"gold_gain":0,"player_choice":"Donut","damage_taken":0,"max_hp_gain":5,"max_hp_loss":0,"event_name":"Big Fish","floor":13,"gold_loss":0},{"damage_healed":0,"gold_gain":0,"player_choice":"Inject Mutagens","damage_taken":0,"relics_obtained":["MutagenicStrength"],"max_hp_gain":0,"max_hp_loss":0,"event_name":"Drug Dealer","floor":21,"gold_loss":0}],"is_beta":false,"boss_relics":[{"not_picked":["Ring of the Serpent","HoveringKite"],"picked":"Busted Crown"}],"items_purged_floors":[3],"is_endless":false,"potions_floor_spawned":[1,5,11,14,19,20],"killed_by":"Shelled Parasite and Fungi","ascension_level":0}}