{"host":"my77oq6kb6j47rwl","time":1609567892,"event":{"mods":["BaseMod","Emptier Cage","Ironclad Rager","Minty Spire (QoL Compilation)","Quick Restart","Rare Cards Sparkle","StSLib"],"gold_per_floor":[113,132,132,57,74,104,104,129,210,225,243,243,30,30,30,108,108,128,128,145,161,174,174,205,205,205,205,205],"floor_reached":27,"playtime":1944,"items_purged":["Strike_R"],"score":442,"play_id":"f1667464-5c75-4199-89de-9d5c642a936d","local_time":"20210102011132","is_ascension_mode":true,"campfire_choices":[{"data":"Bash","floor":7,"key":"SMITH"},{"floor":12,"key":"REST"},{"data":"Rupture","floor":15,"key":"SMITH"},{"floor":23,"key":"REST"},{"data":"Limit Break","floor":25,"key":"SMITH"}],"circlet_count":0,"master_deck":["AscendersBane","Strike_R","Strike_R","Strike_R","Strike_R","Defend_R","Defend_R","Defend_R","Bash+1","Shrug It Off","Fire Breathing","Immolate","Armaments","Disarm","Rupture+1","Evolve","Fire Breathing","Combust","Limit Break+1","Sword Boomerang+1","Armaments"],"relics":["Burning Blood","Thread and Needle","Regal Pillow","The Courier","Snecko Eye","MutagenicStrength","Pantograph","Orichalcum"],"acts_visited":["Exordium","TheCity"],"potions_floor_usage":[6,24,24],"damage_taken":[{"damage":0,"enemies":"Small Slimes","floor":1,"turns":3},{"damage":1,"enemies":"Cultist","floor":2,"turns":3},{"damage":5,"enemies":"2 Louse","floor":5,"turns":3},{"damage":40,"enemies":"Gremlin Nob","floor":6,"turns":5},{"damage":43,"enemies":"Lagavulin","floor":8,"turns":7},{"damage":0,"enemies":"2 Fungi Beasts","floor":10,"turns":2},{"damage":1,"enemies":"Exordium Wildlife","floor":11,"turns":4},{"damage":36,"enemies":"Slime Boss","floor":16,"turns":5},{"damage":3,"enemies":"Chosen","floor":18,"turns":5},{"damage":26,"enemies":"Shell Parasite","floor":20,"turns":5},{"damage":43,"enemies":"Snake Plant","floor":21,"turns":5},{"damage":11,"enemies":"Cultist and Chosen","floor":22,"turns":5},{"damage":0,"enemies":"Slavers","floor":24,"turns":3},{"damage":66,"enemies":"Book of Stabbing","floor":27,"turns":6}],"seed_played":"-4517994903266592037","potions_obtained":[{"floor":1,"key":"BlessingOfTheForge"},{"floor":3,"key":"Dexterity Potion"},{"floor":8,"key":"Strength Potion"}],"is_trial":false,"path_per_floor":["M","M","?","$","M","E","R","E","T","M","M","R","$","?","R","B",null,"M","?","M","M","M","R","E","R","T","E"],"character_chosen":"IRONCLAD","items_purchased":["Rupture","Evolve","Fire Breathing","Combust"],"campfire_rested":2,"item_purchase_floors":[13,13,13,13],"current_hp_per_floor":[86,88,88,88,88,54,54,17,17,23,28,69,69,69,69,39,76,79,79,59,22,17,58,64,64,64,0,0],"gold":205,"neow_bonus":"TEN_PERCENT_HP_BONUS","is_daily":false,"chose_seed":false,"campfire_upgraded":3,"win_rate":0.0,"timestamp":1609567892,"path_taken":["M","M","?","?","M","E","R","E","T","M","?","R","$","?","R","BOSS","M","?","M","M","M","R","E","R","T","E"],"items_purchased_type":["Card","Card","Card","Card"],"build_version":"2020-12-22","purchased_purges":1,"victory":false,"max_hp_per_floor":[88,88,88,88,88,88,88,88,88,88,88,88,88,88,88,88,88,88,88,88,88,88,88,88,88,88,88,88],"card_choices":[{"not_picked":["Entrench","Havoc","Reckless Charge"],"picked":"SKIP","floor":1},{"not_picked":["Pommel Strike","Iron Wave"],"picked":"Shrug It Off","floor":2},{"not_picked":["Clash","Sentinel"],"picked":"Fire Breathing","floor":5},{"not_picked":["Pummel","Carnage"],"picked":"Immolate","floor":6},{"not_picked":["Blood for Blood","Dark Embrace","Searing Blow"],"picked":"SKIP","floor":8},{"not_picked":["Perfected Strike","Shrug It Off"],"picked":"Armaments","floor":10},{"not_picked":["Heavy Blade","True Grit"],"picked":"Disarm","floor":11},{"not_picked":["Bludgeon","Demon Form"],"picked":"Limit Break","floor":16},{"not_picked":["Sentinel","Iron Wave","Wild Strike"],"picked":"SKIP","floor":18},{"not_picked":["Havoc+1","Pommel Strike"],"picked":"Sword Boomerang+1","floor":20},{"not_picked":["Clash+1","Cleave","Heavy Blade"],"picked":"SKIP","floor":21},{"not_picked":["Intimidate","Pummel+1"],"picked":"Armaments","floor":22},{"not_picked":["Perfected Strike","Immolate","Whirlwind+1"],"picked":"SKIP","floor":24}],"player_experience":1012488,"relics_obtained":[{"floor":6,"key":"Thread and Needle"},{"floor":8,"key":"Regal Pillow"},{"floor":9,"key":"The Courier"},{"floor":24,"key":"Pantograph"},{"floor":26,"key":"Orichalcum"}],"event_choices":[{"damage_healed":0,"gold_gain":0,"player_choice":"Got Potions","damage_taken":0,"max_hp_gain":0,"max_hp_loss":0,"event_name":"Lab","floor":3,"gold_loss":0},{"cards_removed":["Defend_R"],"damage_healed":0,"gold_gain":0,"player_choice":"Offered Basic","damage_taken":0,"max_hp_gain":0,"max_hp_loss":0,"event_name":"Bonfire Elementals","floor":14,"gold_loss":0},{"damage_healed":0,"gold_gain":0,"player_choice":"Inject Mutagens","damage_taken":0,"relics_obtained":["MutagenicStrength"],"max_hp_gain":0,"max_hp_loss":0,"event_name":"Drug Dealer","floor":19,"gold_loss":0}],"is_beta":false,"boss_relics":[{"not_picked":["Runic Pyramid","Runic Dome"],"picked":"Snecko Eye"}],"items_purged_floors":[4],"is_endless":false,"potions_floor_spawned":[1,8,10,20,22],"killed_by":"Book of Stabbing","ascension_level":13}}