{"host":"aas8f8jvicx6tcxp","time":1609597933,"event":{"mods":["BaseMod","Better Third Choice","BetterRewards","Downfall","Hermit","Jorbs\u0027s Wanderer Trilogy","Minty Spire (QoL Compilation)","Robot Space Explorer","StSLib","The Cursed"],"gold_per_floor":[110,29,45,45,57,57,27,46,46,81,95,125,143,132,132,228,228,242,242,341,341,351,351,351,351],"floor_reached":24,"playtime":2145,"items_purged":[],"score":208,"play_id":"7c16d6a9-dd95-4fc0-85f1-6d8b6f884caf","local_time":"20210102083213","is_ascension_mode":false,"campfire_choices":[{"data":"hermit:Combo","floor":6,"key":"SMITH"},{"floor":15,"key":"REST"},{"floor":23,"key":"REST"}],"circlet_count":0,"master_deck":["hermit:Strike_Hermit","hermit:Strike_Hermit","hermit:Strike_Hermit","hermit:Strike_Hermit","hermit:Defend_Hermit","hermit:Defend_Hermit","hermit:Defend_Hermit","hermit:Defend_Hermit","hermit:Snapshot","hermit:Covet","hermit:Deadeye","hermit:Combo+1","hermit:Feint","hermit:LuckOfTheDraw","hermit:Brawl","hermit:Midnight","hermit:PistolWhip","hermit:HighNoon","CurseOfTheBell","hermit:Determination+1","hermit:Combo+1","hermit:SprayPray+1"],"relics":["hermit:Momento","Ornamental Fan","Oddly Smooth Stone","TungstenRod","Pen Nib","Calling Bell","Smiling Mask","HornCleat","Lizard Tail"],"acts_visited":["Exordium","TheCity"],"potions_floor_usage":[8,10,10,10,10,11,12,16,22],"damage_taken":[{"damage":1,"enemies":"Cultist","floor":1,"turns":3},{"damage":6,"enemies":"Small Slimes","floor":3,"turns":4},{"damage":0,"enemies":"2 Louse","floor":5,"turns":2},{"damage":5,"enemies":"Exordium Thugs","floor":8,"turns":3},{"damage":12,"enemies":"Lagavulin","floor":10,"turns":5},{"damage":0,"enemies":"Looter","floor":11,"turns":2},{"damage":9,"enemies":"3 Sentries","floor":12,"turns":10},{"damage":1,"enemies":"Blue Slaver","floor":13,"turns":3},{"damage":9,"enemies":"Exordium Thugs","floor":14,"turns":4},{"damage":45,"enemies":"Hexaghost","floor":16,"turns":14},{"damage":40,"enemies":"Shell Parasite","floor":18,"turns":7},{"damage":37,"enemies":"Chosen","floor":22,"turns":5},{"damage":72,"enemies":"Book of Stabbing","floor":24,"turns":7}],"seed_played":"-4972143468734728584","potions_obtained":[{"floor":1,"key":"hermit:Tonic"},{"floor":7,"key":"ColorlessPotion"},{"floor":7,"key":"EntropicBrew"},{"floor":8,"key":"DistilledChaos"},{"floor":10,"key":"ColorlessPotion"},{"floor":14,"key":"Weak Potion"},{"floor":18,"key":"DuplicationPotion"}],"is_trial":false,"path_per_floor":["M","$","M","T","M","R","?","M","T","E","M","E","M","M","R","B",null,"M","?","?","?","M","R","E"],"character_chosen":"HERMIT","items_purchased":["hermit:Combo"],"campfire_rested":2,"item_purchase_floors":[2],"current_hp_per_floor":[81,81,75,75,75,75,75,70,70,58,58,49,48,39,63,18,82,42,42,42,42,5,29,0,0],"gold":351,"neow_bonus":"TEN_PERCENT_HP_BONUS","is_daily":false,"chose_seed":false,"campfire_upgraded":1,"win_rate":0.0,"timestamp":1609597933,"path_taken":["M","$","M","?","M","R","?","M","T","E","M","E","?","M","R","BOSS","M","?","?","?","M","R","E"],"items_purchased_type":["Card"],"build_version":"2020-12-22","purchased_purges":0,"victory":false,"max_hp_per_floor":[82,82,82,82,82,82,82,82,82,82,82,82,82,82,82,82,82,82,82,82,82,82,82,82,82],"card_choices":[{"not_picked":["hermit:Midnight","hermit:CalledShot"],"picked":"hermit:Deadeye","floor":1},{"not_picked":["hermit:Vantage","hermit:Roulette"],"picked":"hermit:Feint","floor":3},{"not_picked":["hermit:Roulette","hermit:Ricochet"],"picked":"hermit:LuckOfTheDraw","floor":5},{"not_picked":["hermit:Desperado","hermit:HighCaliber"],"picked":"hermit:Brawl","floor":8},{"not_picked":["hermit:Brawl","hermit:LuckOfTheDraw"],"picked":"hermit:Midnight","floor":10},{"not_picked":["hermit:Misfire","hermit:HoleUp","hermit:Manifest"],"picked":"SKIP","floor":11},{"not_picked":["hermit:Scavenge","hermit:HoleUp"],"picked":"hermit:PistolWhip","floor":12},{"not_picked":["hermit:Headshot","hermit:SprayPray","hermit:Coalescence"],"picked":"SKIP","floor":13},{"not_picked":["hermit:Desperado","hermit:NoHoldsBarred","hermit:Cheat"],"picked":"SKIP","floor":14},{"not_picked":["hermit:DeadOrAlive","hermit:Roughhouse"],"picked":"hermit:HighNoon","floor":16},{"not_picked":["hermit:PistolWhip","hermit:WideOpen"],"picked":"hermit:Determination+1","floor":18},{"not_picked":["hermit:Coalescence","hermit:Headshot"],"picked":"hermit:SprayPray+1","floor":22}],"player_experience":290768,"relics_obtained":[{"floor":4,"key":"Ornamental Fan"},{"floor":9,"key":"Oddly Smooth Stone"},{"floor":10,"key":"TungstenRod"},{"floor":12,"key":"Pen Nib"},{"floor":17,"key":"Smiling Mask"},{"floor":17,"key":"HornCleat"},{"floor":17,"key":"Lizard Tail"}],"event_choices":[{"damage_healed":0,"gold_gain":0,"player_choice":"Bought 2 Potions","damage_taken":0,"max_hp_gain":0,"max_hp_loss":0,"event_name":"The Woman in Blue","floor":7,"gold_loss":0},{"damage_healed":0,"gold_gain":99,"player_choice":"Steal","damage_taken":0,"max_hp_gain":0,"max_hp_loss":0,"event_name":"betterThird:BetterNest","floor":20,"gold_loss":0},{"damage_healed":0,"gold_gain":0,"player_choice":"Copied","damage_taken":0,"max_hp_gain":0,"max_hp_loss":0,"event_name":"Duplicator","floor":21,"gold_loss":0,"cards_obtained":["hermit:Combo"]}],"is_beta":false,"boss_relics":[{"not_picked":["Fusion Hammer","Pandora\u0027s Box"],"picked":"Calling Bell"}],"items_purged_floors":[],"is_endless":false,"potions_floor_spawned":[1,8,10,14,18],"killed_by":"Book of Stabbing","ascension_level":0}}