{"host":"l9yshwnp37vxhsgm","time":1609617149,"event":{"mods":["BaseMod","Block Reminder","Colored Map","Colored Powertips","DeckTracker","Highlight Path","Minty Spire (QoL Compilation)","Quick Restart","Relic Stats","StSLib","The Cursed"],"gold_per_floor":[114,114,14,31,48,48,67,67,118,92,117,117,117,136,136,136,136],"floor_reached":16,"playtime":667,"items_purged":[],"score":90,"play_id":"db21982c-734a-4156-9208-46a7c2e87e9c","local_time":"20210102205229","is_ascension_mode":false,"campfire_choices":[{"data":"TheCursedMod:CursedShiv","floor":6.0,"key":"SMITH"},{"data":"TheCursedMod:TacticalStrike","floor":12.0,"key":"SMITH"},{"data":"TheCursedMod:SurpriseAttack","floor":15.0,"key":"SMITH"}],"circlet_count":0,"master_deck":["TheCursedMod:Strike_TheCursed","TheCursedMod:Strike_TheCursed","TheCursedMod:Strike_TheCursed","TheCursedMod:Strike_TheCursed","TheCursedMod:Defend_TheCursed","TheCursedMod:Defend_TheCursed","TheCursedMod:Defend_TheCursed","TheCursedMod:Defend_TheCursed","TheCursedMod:CursedWand","TheCursedMod:CleanUpWorkshop","TheCursedMod:Dregs","TheCursedMod:CircleOfFlame","TheCursedMod:TacticalStrike+1","TheCursedMod:CursedShiv+1","TheCursedMod:CircleOfWindfury","TheCursedMod:CursedBoomerang","TheCursedMod:Obscuration","TheCursedMod:SurpriseAttack+1"],"relics":["TheCursedMod:BlackMagic101","NeowsBlessing","Omamori","Golden Idol","Vajra","Lantern","InkBottle"],"acts_visited":["Exordium"],"potions_floor_usage":[16,16],"damage_taken":[{"damage":0.0,"enemies":"Jaw Worm","floor":1.0,"turns":1.0},{"damage":0.0,"enemies":"Small Slimes","floor":4.0,"turns":1.0},{"damage":0.0,"enemies":"2 Louse","floor":5.0,"turns":1.0},{"damage":0.0,"enemies":"2 Fungi Beasts","floor":7.0,"turns":2.0},{"damage":4.0,"enemies":"Blue Slaver","floor":14.0,"turns":3.0},{"damage":80,"enemies":"The Guardian","floor":16,"turns":15}],"seed_played":"-2775527621846000617","potions_obtained":[{"floor":5.0,"key":"Energy Potion"}],"is_trial":false,"path_per_floor":["M","?","$","M","M","R","M","?","T","$","T","R","?","M","R","B"],"character_chosen":"THE_CURSED","items_purchased":["TheCursedMod:TacticalStrike","AttackPotion","TheCursedMod:Obscuration"],"campfire_rested":0,"item_purchase_floors":[3,3,10],"current_hp_per_floor":[75,68,68,68,68,68,68,68,68,68,68,68,68,64,64,0,0],"gold":136,"neow_bonus":"THREE_ENEMY_KILL","is_daily":false,"chose_seed":false,"campfire_upgraded":3,"win_rate":0.0,"timestamp":1609617149,"path_taken":["M","?","$","M","M","R","M","?","T","$","?","R","?","M","R","BOSS"],"items_purchased_type":["Card","Potion","Card"],"build_version":"2020-12-22","purchased_purges":0,"victory":false,"max_hp_per_floor":[75,75,75,75,75,75,75,75,75,75,75,75,75,75,75,75,75],"relic_stats":{"counters":[6,23],"Golden Idol":4,"obtain_stats":[{"TheCursedMod:BlackMagic101":0,"Lantern":11,"NeowsBlessing":0,"Golden Idol":8,"Vajra":9,"Omamori":2,"InkBottle":13},{"TheCursedMod:BlackMagic101":0,"Lantern":4,"NeowsBlessing":0,"Golden Idol":4,"Vajra":4,"Omamori":1,"InkBottle":4},{"TheCursedMod:BlackMagic101":0,"Lantern":5,"NeowsBlessing":0,"Golden Idol":5,"Vajra":5,"Omamori":1,"InkBottle":5}],"InkBottle":[3]},"card_choices":[{"not_picked":["TheCursedMod:RavingStaff","TheCursedMod:Wield"],"picked":"TheCursedMod:CircleOfFlame","floor":1.0},{"not_picked":["TheCursedMod:StingEye","TheCursedMod:WearCloak"],"picked":"TheCursedMod:CursedShiv","floor":4.0},{"not_picked":["TheCursedMod:FleshFromBone","TheCursedMod:Torture"],"picked":"TheCursedMod:CircleOfWindfury","floor":5.0},{"not_picked":["TheCursedMod:FleshFromBone","TheCursedMod:SmokeScreen"],"picked":"TheCursedMod:CursedBoomerang","floor":7.0},{"not_picked":["TheCursedMod:HellfireBreathing","TheCursedMod:OutForBlood"],"picked":"TheCursedMod:SurpriseAttack","floor":14.0}],"player_experience":117462,"relics_obtained":[{"floor":9.0,"key":"Vajra"},{"floor":11.0,"key":"Lantern"}],"event_choices":[{"damage_healed":0.0,"max_hp_gain":0.0,"max_hp_loss":0.0,"gold_gain":0.0,"event_name":"Scrap Ooze","player_choice":"Success","floor":2.0,"gold_loss":0.0,"damage_taken":7.0,"relics_obtained":["Omamori"]},{"damage_healed":0.0,"max_hp_gain":0.0,"max_hp_loss":0.0,"gold_gain":0.0,"event_name":"Golden Idol","player_choice":"Take Wound","floor":8.0,"gold_loss":0.0,"damage_taken":0.0,"relics_obtained":["Golden Idol"],"cards_obtained":["Injury"]},{"damage_healed":0.0,"max_hp_gain":0.0,"max_hp_loss":0.0,"gold_gain":0.0,"event_name":"Dead Adventurer","player_choice":"Searched \u00271\u0027 times","floor":13.0,"gold_loss":0.0,"damage_taken":0.0,"relics_obtained":["InkBottle"]}],"is_beta":false,"boss_relics":[],"items_purged_floors":[],"is_endless":false,"potions_floor_spawned":[5],"killed_by":"The Guardian","ascension_level":0}}