{"host":"6pcojuaa041y50xg","time":1609599463,"event":{"mods":["2.2 Compatiblity","Act Like it!","Arknights The Spire","BaseMod","Better Match","Better Third Choice","BetterRewards","ChefMod","Colored Powertips","Conspire","Ekko","GifTheSpireLib","Halation","Hallownest","Hermit","Hubris","Infinite Spire","Mad Scientist","Minty Spire (QoL Compilation)","Pale of the Ancients","Rare Cards Sparkle","StSLib","Stuff the Spire","SuperFastMode","The Animator","The Bladedancer","The Bug Knight","The Factory","The Gatherer","The IronCluck","The Judge","The Jungle","The Marked","The Runesmith","The Servant 0.9.4","The Valiant","The Witch","TheSwordswoman","Trackpad","Wandering Minibosses","everything is the same but u backflip on backflip","vexMod"],"gold_per_floor":[110,110,65,65,65,93,110,35,103,118,129,129,129,149,149,253,253,267,267,267],"floor_reached":19,"playtime":753,"items_purged":["hermit:Strike_Hermit"],"score":192,"play_id":"edee6f6f-774d-4c26-aab6-f9868b714676","local_time":"20210102065743","is_ascension_mode":false,"campfire_choices":[{"data":"hermit:Grudge","floor":12,"key":"SMITH"},{"data":"hermit:Malice","floor":15,"key":"SMITH"}],"circlet_count":0,"master_deck":["hermit:Defend_Hermit","hermit:Defend_Hermit","hermit:Defend_Hermit","hermit:Defend_Hermit","hermit:Snapshot","hermit:Covet","hermit:SprayPray","StuffTheSpire:CuriosityCurse","hermit:SprayPray","hermit:Grudge+1","hermit:Malice+1","hermit:Gambit"],"relics":["hermit:Momento","NeowsBlessing","Toy Ornithopter","Hallownest:DreamNailRelic","StrikeDummy","halation:SelfBoilingWater","trackpad:StolenKidneys"],"acts_visited":["Hallownest:Greenpath","TheCity"],"potions_floor_usage":[16,16],"damage_taken":[{"damage":0,"enemies":"Hallownest:monsterHuskGuard","floor":1,"turns":1},{"damage":0,"enemies":"Hallownest:eliteVengeflyKing","floor":6,"turns":1},{"damage":0,"enemies":"2_ Uuma","floor":7,"turns":1},{"damage":17,"enemies":"Hallownest:2_Tiktiks_and_1_Crawlid","floor":10,"turns":5},{"damage":16,"enemies":"Hallownest:Guard_and_Warrior","floor":11,"turns":4},{"damage":2,"enemies":"Hallownest:monsterMossCharger","floor":14,"turns":5},{"damage":42,"enemies":"Hallownest:BossFalseKnight","floor":16,"turns":10},{"damage":11,"enemies":"Spheric Guardian","floor":18,"turns":3},{"damage":76,"enemies":"3 Byrds","floor":19,"turns":4}],"seed_played":"2790730868248348586","potions_obtained":[{"floor":1,"key":"Dexterity Potion"},{"floor":11,"key":"LiquidMemories"},{"floor":18,"key":"hermit:Tonic"}],"is_trial":false,"path_per_floor":["M","?","$","?","?","E","M","$","T","M","M","R","?","M","R","B",null,"M","M"],"character_chosen":"HERMIT","items_purchased":["hermit:SprayPray"],"campfire_rested":0,"item_purchase_floors":[3],"current_hp_per_floor":[75,75,75,75,75,75,75,75,75,58,42,42,42,40,40,8,75,64,0,0],"gold":267,"neow_bonus":"THREE_ENEMY_KILL","is_daily":false,"chose_seed":false,"campfire_upgraded":2,"win_rate":0.0,"timestamp":1609599463,"path_taken":["M","?","$","?","?","E","?","$","T","M","M","R","?","M","R","BOSS","M","M"],"items_purchased_type":["Card"],"build_version":"2020-12-22","purchased_purges":1,"victory":false,"max_hp_per_floor":[75,75,75,75,75,75,75,75,75,75,75,75,75,75,75,75,75,75,75,75],"card_choices":[{"not_picked":["hermit:HoleUp","hermit:Showdown"],"picked":"hermit:SprayPray","floor":1},{"not_picked":["hermit:Combo","hermit:FullyLoaded","hermit:Shortfuse"],"picked":"SKIP","floor":6},{"not_picked":["hermit:Quickdraw","hermit:Magnum"],"picked":"hermit:Grudge","floor":7},{"not_picked":["hermit:Misfire","hermit:Roulette"],"picked":"hermit:Malice","floor":10},{"not_picked":["hermit:PistolWhip","hermit:HighCaliber","hermit:Malice"],"picked":"SKIP","floor":11},{"not_picked":["hermit:Feint","hermit:Dive","hermit:Roulette"],"picked":"SKIP","floor":14},{"not_picked":["hermit:Roughhouse","hermit:Purgatory"],"picked":"hermit:Gambit","floor":16},{"not_picked":["hermit:Dive","hermit:CalledShot","hermit:Showdown"],"picked":"SKIP","floor":18}],"player_experience":496519,"relics_obtained":[{"floor":6,"key":"StrikeDummy"},{"floor":9,"key":"halation:SelfBoilingWater"}],"event_choices":[{"damage_healed":0,"gold_gain":0,"player_choice":"2","damage_taken":0,"max_hp_gain":0,"max_hp_loss":0,"event_name":"betterMatch:BetterMatch","floor":13,"gold_loss":0,"cards_obtained":["betterMatch:UncommonCard"]}],"is_beta":false,"boss_relics":[{"not_picked":["Runesmith:UraniumAnvil","vexMod:EndlessSickness"],"picked":"trackpad:StolenKidneys"}],"items_purged_floors":[8],"is_endless":false,"potions_floor_spawned":[1,11,18],"killed_by":"3 Byrds","ascension_level":0}}