{"host":"4lxzgdqpvzyot39g","time":1609560156,"event":{"mods":["Abigail Mod","Act Like it!","Aspiration","BaseMod","Beaked The Cultist","Better Altar","Better Match","Better Note","Better Sensory Stone","Better Skull","Better Third Choice","CCEM","Colored Map","Colored Powertips","Conspire","Displayed Cursed Tome","Dota2Spire","Energized Spire","Friendly Minions","Gensokyo","GifTheSpireLib","Halation","Hallownest","Hermit","Highlight Path","HololiveMod","Hubris","Infinite Spire","Jedi Mod","JesterMod","Mari Mod (Legacy)","Mari\u0027s V1 Patch","MarisaÅiñ∂âJÅ@ñÇóùçπÅj","Minty Spire (QoL Compilation)","Prisma Mod","Quarter Circle Forward PUNCH!","Relic Filter","Replay The Spire","Robot Space Explorer","SCP261 Mod","Small Relic Pack","Spicy Shops","Spikes Relics","StSLib","Stuff the Spire","The Alterego","The Blue Laboratory","The Bug Knight","The Cursed","The Fake Hero","The Servant 0.9.4","The Wild Card","Trackpad","Waifu the Spire","WarShipGirlsR/??è≠èóR mod","vexMod","Åy?ï®?îvÅzREMEMod"],"gold_per_floor":[515,440,62,72,87,116,116,116,116,129,144,175,175,175,175,280,280,294,314,239,239,239,239,239],"floor_reached":23,"playtime":1223,"items_purged":["luka_mod:Wait"],"score":364,"play_id":"bc8b9bb6-0dfd-4652-a886-9ac17204db21","local_time":"20210101230236","is_ascension_mode":true,"campfire_choices":[{"data":"alterego_mod:ChallengeComplete","floor":8,"key":"SMITH"},{"floor":15,"key":"REST"}],"circlet_count":0,"master_deck":["AscendersBane","luka_mod:StrikeLukaOne","luka_mod:StrikeLukaTwo","luka_mod:StrikeLukaThree","luka_mod:StrikeLukaFour","luka_mod:StrikeLukaFive","luka_mod:StrikeLukaSix+1","luka_mod:Salt+1","luka_mod:Guard","luka_mod:Edging","luka_mod:FlailWildly","luka_mod:Meditation","luka_mod:Surrender","alterego_mod:ChallengeComplete+1","luka_mod:StrikeLuka","luka_mod:AlmaElma","luka_mod:SmallBody","luka_mod:Gnome","luka_mod:Salamander","luka_mod:VaporizingRebellionSword+1","luka_mod:Erubetie","luka_mod:PrayToIlias"],"relics":["luka_mod:KeepsakeRing","REME_ComplimentaryCards","aspiration:DSix","Lantern","Blue Doll","Hallownest:DreamNailRelic","Replay:Rubber Ducky","Replay:Wax Seal","StuffTheSpire:Experiment12","Dream Catcher","hubris:VirtuousBlindfold"],"acts_visited":["Hallownest:Greenpath","Hallownest:CityofTears"],"potions_floor_usage":[4,6,23],"damage_taken":[{"damage":3,"enemies":"Hallownest:monsterHuskWarrior","floor":1,"turns":4},{"damage":13,"enemies":"Hallownest:2_Tiktiks_and_1_Crawlid","floor":4,"turns":3},{"damage":8,"enemies":"Hallownest:monsterHuskGuard","floor":5,"turns":4},{"damage":10,"enemies":"Hallownest:eliteCrystalGuardian","floor":6,"turns":5},{"damage":10,"enemies":"Hallownest:Guard_and_Warrior","floor":10,"turns":5},{"damage":6,"enemies":"Hallownest:1_Baldur_1_Crawlid_1_Warrior","floor":11,"turns":8},{"damage":1,"enemies":"Hallownest:eliteMossKnight","floor":12,"turns":7},{"damage":0,"enemies":"Hallownest:BossFalseKnight","floor":16,"turns":8},{"damage":15,"enemies":"Hallownest:Guard_and_Sentry","floor":18,"turns":5},{"damage":0,"enemies":"Hallownest:2_Mistakes","floor":19,"turns":4},{"damage":18,"enemies":"Hallownest:eliteSoulWarrior","floor":23,"turns":1}],"seed_played":"-1982064814685982091","potions_obtained":[{"floor":1,"key":"AttackPotion"},{"floor":4,"key":"blueLaboratory:BottledHope"},{"floor":18,"key":"blueLaboratory:Moonshine"},{"floor":19,"key":"blueLaboratory:FruitPunch"}],"is_trial":false,"path_per_floor":["M","?","$","M","M","E","?","R","T","M","M","E","?","?","R","B",null,"M","M","?","?","?","E"],"character_chosen":"LUKA_CLASS","items_purchased":["luka_mod:AlmaElma","Lantern"],"campfire_rested":1,"item_purchase_floors":[3,3],"current_hp_per_floor":[40,40,40,30,40,37,37,37,37,40,40,40,40,9,21,40,40,25,25,25,25,3,0,0],"gold":239,"neow_bonus":"DSIX","is_daily":false,"chose_seed":false,"campfire_upgraded":1,"win_rate":0.0,"timestamp":1609560156,"path_taken":["M","?","$","M","M","E","?","R","T","M","?","E","?","?","R","BOSS","M","?","?","?","?","E"],"items_purchased_type":["Card","Relic"],"build_version":"2020-12-22","purchased_purges":1,"victory":false,"max_hp_per_floor":[40,40,40,40,40,40,40,40,40,40,40,40,40,40,40,40,40,40,40,40,40,40,42,42],"card_choices":[{"not_picked":["luka_mod:WaterSlash","luka_mod:ThunderThrust"],"picked":"luka_mod:StrikeLuka","floor":1},{"not_picked":["luka_mod:StrikeLuka","luka_mod:Request"],"picked":"luka_mod:SmallBody","floor":4},{"not_picked":["luka_mod:GuardTraining","luka_mod:SealingStrike","luka_mod:Optimistic"],"picked":"SKIP","floor":5},{"not_picked":["luka_mod:Overexert","luka_mod:AlicesGuard"],"picked":"luka_mod:Gnome","floor":6},{"not_picked":["luka_mod:EarthSlash","luka_mod:WaterSlash","luka_mod:StressRelief"],"picked":"SKIP","floor":10},{"not_picked":["luka_mod:LightningSwordFlash","luka_mod:ThunderThrust","luka_mod:DeathSwordChaosStar"],"picked":"SKIP","floor":11},{"not_picked":["luka_mod:WaterSlash","luka_mod:IliasesJudgement"],"picked":"luka_mod:Salamander","floor":12},{"not_picked":["luka_mod:WaterSlash","luka_mod:GuardedStrike"],"picked":"luka_mod:VaporizingRebellionSword","floor":15},{"not_picked":["luka_mod:AlmaElma","luka_mod:Alice"],"picked":"luka_mod:Erubetie","floor":16},{"not_picked":["luka_mod:FireSlash","luka_mod:Intense","luka_mod:HeroicStrike+1"],"picked":"SKIP","floor":18},{"not_picked":["luka_mod:EndlessGuard","luka_mod:ThunderThrust"],"picked":"luka_mod:PrayToIlias","floor":19}],"player_experience":1011144,"relics_obtained":[{"floor":6,"key":"Blue Doll"},{"floor":12,"key":"Replay:Rubber Ducky"}],"event_choices":[{"damage_healed":0,"gold_gain":0,"player_choice":"2","damage_taken":0,"max_hp_gain":0,"max_hp_loss":0,"event_name":"betterMatch:BetterMatch","floor":2,"gold_loss":0,"cards_obtained":["betterMatch:CommonCard"]},{"damage_healed":0,"gold_gain":0,"player_choice":"RE RE RE ","damage_taken":37,"relics_obtained":["Replay:Wax Seal","StuffTheSpire:Experiment12","Dream Catcher"],"max_hp_gain":0,"max_hp_loss":0,"event_name":"betterSkull:BetterSkull","floor":14,"gold_loss":0,"cards_upgraded":[]},{"damage_healed":0,"gold_gain":0,"player_choice":"2","damage_taken":0,"max_hp_gain":0,"max_hp_loss":0,"event_name":"betterMatch:BetterMatch","floor":20,"gold_loss":0,"cards_obtained":["betterMatch:CommonCard"]},{"damage_healed":0,"gold_gain":2,"player_choice":"1","damage_taken":0,"max_hp_gain":0,"max_hp_loss":0,"event_name":"betterStone:BetterStone","floor":21,"gold_loss":0},{"damage_healed":0,"gold_gain":0,"player_choice":"UP UP UP ","damage_taken":28,"relics_obtained":[],"max_hp_gain":0,"max_hp_loss":0,"event_name":"betterSkull:BetterSkull","floor":22,"gold_loss":0,"cards_upgraded":["luka_mod:VaporizingRebellionSword","luka_mod:StrikeLukaSix","luka_mod:Salt"]}],"is_beta":false,"boss_relics":[{"not_picked":["REME_DemonsWealth","vexMod:EndlessSickness"],"picked":"hubris:VirtuousBlindfold"}],"items_purged_floors":[3],"is_endless":false,"potions_floor_spawned":[1,4,18,19],"killed_by":"Hallownest:eliteSoulWarrior","ascension_level":10}}