{"host":"g01l53quoe6lrer0","time":1609601084,"event":{"mods":["2.2 Compatiblity","AchievementEnabler","BaseMod","Colored Map","Highlight Path","Keyboard Shortcuts","Minty Spire (QoL Compilation)","Permanent Neow","Quick Restart","StSLib","SuperFastMode","everything is the same but u backflip on backflip"],"gold_per_floor":[117,133,58,58,75,75,110,110,122,166,193,215,227,259,271,379,391,415,427,439,451,562,599,611,641,653,665,691,631,661,691,703,815,827,859,871,38,88,0,0,12,12,12,29,57,72,72,91,91,91],"floor_reached":51,"playtime":1724,"items_purged":["Shame","Strike_R"],"score":943,"play_id":"34efd139-8979-4496-ad4c-5c050c58a40e","local_time":"20210103002444","is_ascension_mode":true,"campfire_choices":[{"floor":6.0,"key":"DIG"},{"floor":8.0,"key":"DIG"},{"floor":13.0,"key":"DIG"},{"floor":15.0,"key":"DIG"},{"floor":24.0,"key":"DIG"},{"floor":27.0,"key":"DIG"},{"floor":32.0,"key":"REST"},{"data":"Whirlwind","floor":40.0,"key":"SMITH"},{"floor":47.0,"key":"DIG"},{"data":"Heavy Blade","floor":49,"key":"SMITH"}],"circlet_count":0,"master_deck":["Strike_R","Strike_R+1","Strike_R","Defend_R","Defend_R","Defend_R","Defend_R","Bash","Warcry","Clash","Pommel Strike+1","Shrug It Off+1","Intimidate+1","Rampage","Flex+1","Inflame","Brutality","Flex+1","Dark Embrace","Pain","Disarm+1","Corruption","Wild Strike+1","Madness+1","Madness+1","Whirlwind+1","Demon Form","Feel No Pain+1","Dual Wield+1","Regret","Parasite","Pommel Strike+1","Havoc+1","Shockwave+1","Heavy Blade+1"],"relics":["Burning Blood","Shovel","Incense Burner","Toxic Egg 2","MawBank","Gambling Chip","Whetstone","Nunchaku","Vajra","Cursed Key","Charon\u0027s Ashes","Pear","Ice Cream","Blue Candle","Mango","Mark of Pain","ClockworkSouvenir","Eternal Feather","Ancient Tea Set","TungstenRod","Red Mask","Meat on the Bone","Bottled Tornado","Mercury Hourglass"],"acts_visited":["Exordium","TheCity","TheBeyond"],"potions_floor_usage":[],"damage_taken":[{"damage":0.0,"enemies":"Cultist","floor":1.0,"turns":4.0},{"damage":11.0,"enemies":"Jaw Worm","floor":2.0,"turns":4.0},{"damage":0.0,"enemies":"Small Slimes","floor":5.0,"turns":3.0},{"damage":25.0,"enemies":"Lagavulin","floor":7.0,"turns":6.0},{"damage":20.0,"enemies":"3 Sentries","floor":10.0,"turns":9.0},{"damage":0.0,"enemies":"Looter","floor":11.0,"turns":2.0},{"damage":1.0,"enemies":"Exordium Thugs","floor":12.0,"turns":4.0},{"damage":4.0,"enemies":"2 Fungi Beasts","floor":14.0,"turns":2.0},{"damage":28.0,"enemies":"Hexaghost","floor":16.0,"turns":9.0},{"damage":3.0,"enemies":"Chosen","floor":18.0,"turns":4.0},{"damage":21.0,"enemies":"Gremlin Leader","floor":23.0,"turns":5.0},{"damage":18.0,"enemies":"3 Byrds","floor":25.0,"turns":6.0},{"damage":3.0,"enemies":"Snake Plant","floor":28.0,"turns":2.0},{"damage":19.0,"enemies":"Centurion and Healer","floor":30.0,"turns":3.0},{"damage":20.0,"enemies":"Shelled Parasite and Fungi","floor":31.0,"turns":4.0},{"damage":74.0,"enemies":"Collector","floor":33.0,"turns":10.0},{"damage":17.0,"enemies":"3 Shapes","floor":35.0,"turns":3.0},{"damage":7.0,"enemies":"Mind Bloom Boss Battle","floor":38.0,"turns":5.0},{"damage":0.0,"enemies":"3 Darklings","floor":41.0,"turns":1.0},{"damage":0.0,"enemies":"Writhing Mass","floor":44.0,"turns":2.0},{"damage":6.0,"enemies":"Nemesis","floor":45.0,"turns":5.0},{"damage":0.0,"enemies":"Maw","floor":46.0,"turns":4.0},{"damage":2.0,"enemies":"3 Darklings","floor":48.0,"turns":2.0},{"damage":17,"enemies":"Awakened One","floor":50,"turns":6}],"seed_played":"4485544125585557805","potions_obtained":[{"floor":7.0,"key":"FairyPotion"},{"floor":11.0,"key":"Swift Potion"},{"floor":12.0,"key":"SteroidPotion"},{"floor":14.0,"key":"SteroidPotion"},{"floor":44.0,"key":"ColorlessPotion"},{"floor":45.0,"key":"SpeedPotion"},{"floor":48.0,"key":"ColorlessPotion"}],"is_trial":false,"path_per_floor":["M","M","$","?","M","R","E","R","T","E","M","M","R","M","R","B",null,"M","$","?","$","?","E","R","M","T","R","M","?","M","M","R","B",null,"M","?","$","?","?","R","M","?","T","M","E","M","R","M","R","B",null],"character_chosen":"IRONCLAD","items_purchased":["Whirlwind","ClockworkSouvenir","Eternal Feather","Ancient Tea Set","Demon Form"],"campfire_rested":1,"item_purchase_floors":[37,37,37,37,37],"current_hp_per_floor":[80,75,75,75,80,80,61,61,61,47,53,58,58,60,60,38,80,80,80,65,65,65,50,60,48,48,48,51,65,52,38,70,36,109,98,84,84,83,83,98,104,104,104,109,109,109,109,109,109,98],"gold":91,"neow_bonus":"ONE_RARE_RELIC","is_daily":false,"chose_seed":false,"campfire_upgraded":2,"win_rate":0.0,"timestamp":1609601084,"path_taken":["M","M","?","?","M","R","E","R","T","E","M","M","R","M","R","BOSS","M","?","?","$","?","E","R","M","T","R","M","?","M","?","R","BOSS","M","?","$","?","?","R","?","?","T","M","E","M","R","M","R","BOSS"],"items_purchased_type":["Card","Relic","Relic","Relic","Card"],"build_version":"2020-12-22","purchased_purges":2,"victory":true,"max_hp_per_floor":[80,80,80,80,80,80,80,80,80,80,80,80,80,80,80,80,80,80,80,85,85,85,85,95,95,95,95,95,109,109,109,109,109,109,109,109,109,109,109,109,109,109,109,109,109,109,109,109,109,109],"card_choices":[{"not_picked":["Burning Pact","Armaments"],"picked":"Warcry","floor":1.0},{"not_picked":["Seeing Red","Perfected Strike"],"picked":"Clash","floor":2.0},{"not_picked":["Thunderclap","Heavy Blade"],"picked":"Pommel Strike","floor":5.0},{"not_picked":["Heavy Blade","Fiend Fire"],"picked":"Shrug It Off+1","floor":7.0},{"not_picked":["Wild Strike","Seeing Red+1"],"picked":"Intimidate+1","floor":10.0},{"not_picked":["Heavy Blade","Rage+1"],"picked":"Rampage","floor":11.0},{"not_picked":["Entrench+1","Pommel Strike"],"picked":"Flex+1","floor":12.0},{"not_picked":["Havoc+1","Carnage"],"picked":"Inflame","floor":14.0},{"not_picked":["Impervious+1","Bludgeon"],"picked":"Brutality","floor":16.0},{"not_picked":["Wild Strike","Evolve+1"],"picked":"Flex+1","floor":18.0},{"not_picked":["Cleave+1","Flame Barrier+1"],"picked":"Dark Embrace","floor":23.0},{"not_picked":["Metallicize","Cleave","Pommel Strike"],"picked":"SKIP","floor":25.0},{"not_picked":["Shrug It Off+1","Perfected Strike+1","Wild Strike"],"picked":"SKIP","floor":28.0},{"not_picked":["Inflame","Thunderclap","Combust"],"picked":"SKIP","floor":30.0},{"not_picked":["Entrench+1","Cleave"],"picked":"Disarm+1","floor":31.0},{"not_picked":["Fiend Fire","Brutality"],"picked":"Corruption","floor":33.0},{"not_picked":["Intimidate+1","Havoc+1"],"picked":"Wild Strike+1","floor":35.0},{"not_picked":["Anger","Perfected Strike+1"],"picked":"Feel No Pain+1","floor":38.0},{"not_picked":["Clothesline+1","Reckless Charge"],"picked":"Dual Wield+1","floor":41.0},{"not_picked":["Armaments+1","Clash+1"],"picked":"Pommel Strike+1","floor":44.0},{"not_picked":["Battle Trance+1","Wild Strike+1"],"picked":"Havoc+1","floor":45.0},{"not_picked":["Anger","Rage+1"],"picked":"Shockwave+1","floor":46.0},{"not_picked":["Clash+1","Flex+1"],"picked":"Heavy Blade","floor":48.0}],"player_experience":26968,"relics_obtained":[{"floor":6.0,"key":"Incense Burner"},{"floor":7.0,"key":"Toxic Egg 2"},{"floor":8.0,"key":"MawBank"},{"floor":9.0,"key":"Gambling Chip"},{"floor":10.0,"key":"Whetstone"},{"floor":13.0,"key":"Nunchaku"},{"floor":15.0,"key":"Vajra"},{"floor":23.0,"key":"Charon\u0027s Ashes"},{"floor":24.0,"key":"Pear"},{"floor":26.0,"key":"Ice Cream"},{"floor":27.0,"key":"Blue Candle"},{"floor":38.0,"key":"TungstenRod"},{"floor":43.0,"key":"Meat on the Bone"},{"floor":45.0,"key":"Bottled Tornado"},{"floor":47.0,"key":"Mercury Hourglass"}],"event_choices":[{"cards_removed":["Strike_R"],"damage_healed":0.0,"max_hp_gain":0.0,"max_hp_loss":0.0,"gold_gain":0.0,"event_name":"Bonfire Elementals","player_choice":"Offered Basic","floor":4.0,"gold_loss":0.0,"damage_taken":0.0},{"damage_healed":0.0,"max_hp_gain":5.0,"max_hp_loss":0.0,"gold_gain":0.0,"event_name":"Forgotten Altar","player_choice":"Shed Blood","floor":20.0,"gold_loss":0.0,"damage_taken":20.0},{"damage_healed":0.0,"max_hp_gain":0.0,"max_hp_loss":0.0,"gold_gain":99.0,"event_name":"Nest","player_choice":"Stole From Cult","floor":22.0,"gold_loss":0.0,"damage_taken":0.0},{"damage_healed":0.0,"max_hp_gain":0.0,"max_hp_loss":0.0,"gold_gain":0.0,"event_name":"WeMeetAgain","player_choice":"Paid Gold","floor":29.0,"gold_loss":72.0,"damage_taken":0.0,"relics_obtained":["Mango"]},{"damage_healed":0.0,"max_hp_gain":0.0,"max_hp_loss":0.0,"gold_gain":0.0,"event_name":"Winding Halls","player_choice":"Embrace Madness","floor":36.0,"gold_loss":0.0,"damage_taken":14.0,"cards_obtained":["Madness","Madness"]},{"damage_healed":0.0,"max_hp_gain":0.0,"max_hp_loss":0.0,"gold_gain":0.0,"event_name":"MindBloom","player_choice":"Fight","floor":38.0,"gold_loss":0.0,"damage_taken":0.0},{"damage_healed":0.0,"max_hp_gain":0.0,"max_hp_loss":0.0,"gold_gain":0.0,"event_name":"Tomb of Lord Red Mask","player_choice":"Paid","floor":39.0,"gold_loss":88.0,"damage_taken":0.0,"relics_obtained":["Red Mask"]},{"damage_healed":0.0,"max_hp_gain":0.0,"max_hp_loss":0.0,"gold_gain":0.0,"event_name":"Mysterious Sphere","player_choice":"Ignored","floor":42.0,"gold_loss":0.0,"damage_taken":0.0}],"is_beta":false,"boss_relics":[{"not_picked":["Tiny House","Philosopher\u0027s Stone"],"picked":"Cursed Key"},{"not_picked":["SacredBark","Velvet Choker"],"picked":"Mark of Pain"}],"items_purged_floors":[3,37],"is_endless":false,"potions_floor_spawned":[7,11,12,14,23,28,31,44,45,48],"ascension_level":4}}