{"host":"37dk0reb6x0du8wx","time":1609595852,"event":{"mods":["BaseMod","Colored Map","DeckTracker","Minty Spire (QoL Compilation)","Quick Restart","StSLib","The Dragon Tamer"],"gold_per_floor":[118,43,54,129,139,139,154,181,181,181,201,201,216,229,229,334,334,348,364,212,137,156,156,166,166,190,190,209,209,209,209,209,309,309,326,326,336,336,386,386,402,402,484,484,495,514,548,566,566,566,566],"floor_reached":50,"playtime":1594,"items_purged":["Strike_G","Strike_G"],"score":551,"play_id":"13c03194-bf81-4056-830b-08fb4e15aeb8","local_time":"20210102225732","is_ascension_mode":true,"campfire_choices":[{"data":"Cloak And Dagger","floor":6,"key":"SMITH"},{"data":"Blade Dance","floor":10,"key":"SMITH"},{"floor":15,"key":"REST"},{"data":"Blade Dance","floor":27,"key":"SMITH"},{"floor":32,"key":"REST"},{"floor":40,"key":"REST"},{"data":"Blade Dance","floor":42,"key":"SMITH"},{"floor":49,"key":"REST"}],"circlet_count":0,"master_deck":["Strike_G","Strike_G","Defend_G","Defend_G","Defend_G","Defend_G","Survivor","Neutralize","Blade Dance+1","Cloak And Dagger+1","Blade Dance+1","Blade Dance+1","Deflect","Corpse Explosion","Slice","Cloak And Dagger+1","Blade Dance+1","Blade Dance","Envenom","Blade Dance+1","Cloak And Dagger+1","Flash of Steel","Parasite","Blade Dance","Blade Dance","Deflect+1","Slice+1"],"relics":["Ring of the Snake","Regal Pillow","Juzu Bracelet","Toy Ornithopter","WristBlade","Vajra","SacredBark","Torii","Mummified Hand","Gremlin Horn"],"acts_visited":["Exordium","TheCity","TheBeyond"],"potions_floor_usage":[8,16,16,33,33,47,50,50],"damage_taken":[{"damage":0,"enemies":"2 Louse","floor":1,"turns":4},{"damage":6,"enemies":"Jaw Worm","floor":3,"turns":4},{"damage":1,"enemies":"Cultist","floor":5,"turns":4},{"damage":0,"enemies":"3 Louse","floor":7,"turns":3},{"damage":7,"enemies":"3 Sentries","floor":8,"turns":6},{"damage":7,"enemies":"Exordium Thugs","floor":11,"turns":4},{"damage":5,"enemies":"Large Slime","floor":13,"turns":4},{"damage":0,"enemies":"Looter","floor":14,"turns":3},{"damage":43,"enemies":"Hexaghost","floor":16,"turns":12},{"damage":0,"enemies":"3 Byrds","floor":18,"turns":2},{"damage":1,"enemies":"Chosen","floor":19,"turns":3},{"damage":8,"enemies":"Snecko","floor":22,"turns":3},{"damage":3,"enemies":"Centurion and Healer","floor":24,"turns":3},{"damage":0,"enemies":"Chosen and Byrds","floor":28,"turns":3},{"damage":44,"enemies":"Champ","floor":33,"turns":9},{"damage":17,"enemies":"3 Darklings","floor":35,"turns":2},{"damage":0,"enemies":"Orb Walker","floor":37,"turns":1},{"damage":20,"enemies":"Mind Bloom Boss Battle","floor":39,"turns":7},{"damage":21,"enemies":"Writhing Mass","floor":41,"turns":6},{"damage":0,"enemies":"Jaw Worm Horde","floor":45,"turns":2},{"damage":1,"enemies":"3 Darklings","floor":46,"turns":2},{"damage":53,"enemies":"Nemesis","floor":47,"turns":7},{"damage":40,"enemies":"Writhing Mass","floor":48,"turns":5},{"damage":60,"enemies":"Donu and Deca","floor":50,"turns":6}],"seed_played":"-3065757939120026825","potions_obtained":[{"floor":1,"key":"SteroidPotion"},{"floor":5,"key":"Swift Potion"},{"floor":7,"key":"FairyPotion"},{"floor":11,"key":"DistilledChaos"},{"floor":19,"key":"AttackPotion"},{"floor":24,"key":"CultistPotion"},{"floor":41,"key":"SneckoOil"},{"floor":45,"key":"Dexterity Potion"},{"floor":48,"key":"Swift Potion"}],"is_trial":false,"path_per_floor":["M","$","M","?","M","R","M","E","T","R","M","?","M","M","R","B",null,"M","M","$","?","M","?","M","?","T","R","M","?","?","?","R","B",null,"M","?","M","?","?","R","M","R","T","?","M","M","E","M","R","B"],"character_chosen":"THE_SILENT","items_purchased":["Cloak And Dagger"],"campfire_rested":4,"item_purchase_floors":[20],"current_hp_per_floor":[70,70,64,53,52,52,52,45,45,45,38,38,33,33,69,36,70,70,69,69,69,61,61,58,45,45,45,45,45,45,45,75,38,75,58,58,58,58,38,75,54,54,54,54,54,53,5,12,49,0,0],"gold":566,"neow_bonus":"RANDOM_COMMON_RELIC","is_daily":false,"chose_seed":false,"campfire_upgraded":4,"win_rate":0.0,"timestamp":1609595852,"path_taken":["M","$","M","?","M","R","M","E","T","R","M","?","M","M","R","BOSS","M","M","$","?","M","?","M","?","T","R","M","?","?","?","R","BOSS","M","?","M","?","?","R","M","R","T","?","M","M","E","M","R","BOSS"],"items_purchased_type":["Card"],"build_version":"2020-12-22","purchased_purges":2,"victory":false,"max_hp_per_floor":[70,70,70,70,70,70,70,70,70,70,70,70,70,70,70,70,70,70,70,70,70,70,70,70,75,75,75,75,75,75,75,75,75,75,75,75,75,75,75,75,75,75,75,75,75,75,75,75,75,75,75],"card_choices":[{"not_picked":["Outmaneuver","Dagger Spray"],"picked":"Blade Dance","floor":1},{"not_picked":["Underhanded Strike","Acrobatics"],"picked":"Cloak And Dagger","floor":3},{"not_picked":["Backflip","Well Laid Plans"],"picked":"Blade Dance","floor":5},{"not_picked":["Crippling Poison","Grand Finale"],"picked":"Blade Dance","floor":7},{"not_picked":["Catalyst","PiercingWail","Eviscerate"],"picked":"SKIP","floor":8},{"not_picked":["All Out Attack","Escape Plan","Quick Slash"],"picked":"SKIP","floor":11},{"not_picked":["Quick Slash","Calculated Gamble","Deadly Poison"],"picked":"SKIP","floor":13},{"not_picked":["Dash","Expertise"],"picked":"Deflect","floor":14},{"not_picked":["Adrenaline","Unload"],"picked":"Corpse Explosion","floor":16},{"not_picked":["Poisoned Stab","Dagger Spray+1","Flying Knee+1"],"picked":"SKIP","floor":18},{"not_picked":["Dagger Throw+1","Dodge and Roll"],"picked":"Slice","floor":19},{"not_picked":["Acrobatics","Poisoned Stab"],"picked":"Blade Dance","floor":22},{"not_picked":["Night Terror","Escape Plan","Well Laid Plans"],"picked":"SKIP","floor":24},{"not_picked":["Dodge and Roll","Skewer","Poisoned Stab"],"picked":"SKIP","floor":28},{"not_picked":["Wraith Form v2","Venomology"],"picked":"Envenom","floor":33},{"not_picked":["Choke","Flechettes+1","Heel Hook"],"picked":"SKIP","floor":35},{"not_picked":["Poisoned Stab","PiercingWail+1"],"picked":"Cloak And Dagger+1","floor":37},{"not_picked":["Panacea","Trip"],"picked":"Flash of Steel","floor":38},{"not_picked":["Quick Slash","Dash+1"],"picked":"Blade Dance","floor":41},{"not_picked":["Poisoned Stab","PiercingWail","Underhanded Strike"],"picked":"SKIP","floor":45},{"not_picked":["All Out Attack","Acrobatics"],"picked":"Blade Dance","floor":46},{"not_picked":["Malaise","Outmaneuver+1"],"picked":"Deflect+1","floor":47},{"not_picked":["Tactician+1","Choke+1"],"picked":"Slice+1","floor":48}],"player_experience":122942,"relics_obtained":[{"floor":8,"key":"Juzu Bracelet"},{"floor":9,"key":"Toy Ornithopter"},{"floor":26,"key":"Vajra"},{"floor":39,"key":"Torii"},{"floor":43,"key":"Mummified Hand"},{"floor":47,"key":"Gremlin Horn"}],"event_choices":[{"damage_healed":0,"gold_gain":75,"player_choice":"Gather Gold","damage_taken":11,"max_hp_gain":0,"max_hp_loss":0,"event_name":"World of Goop","floor":4,"gold_loss":0},{"damage_healed":0,"gold_gain":0,"player_choice":"Upgraded","damage_taken":0,"max_hp_gain":0,"max_hp_loss":0,"event_name":"Upgrade Shrine","floor":12,"gold_loss":0,"cards_upgraded":["Blade Dance"]},{"cards_removed":["Defend_G"],"damage_healed":0,"gold_gain":0,"player_choice":"Gave Gold","damage_taken":0,"max_hp_gain":0,"max_hp_loss":0,"event_name":"Beggar","floor":21,"gold_loss":75},{"cards_removed":["Strike_G"],"damage_healed":0,"gold_gain":0,"player_choice":"Purged","damage_taken":0,"max_hp_gain":0,"max_hp_loss":0,"event_name":"Purifier","floor":23,"gold_loss":0},{"damage_healed":0,"gold_gain":0,"player_choice":"Shed Blood","damage_taken":18,"max_hp_gain":5,"max_hp_loss":0,"event_name":"Forgotten Altar","floor":25,"gold_loss":0},{"damage_healed":0,"gold_gain":0,"player_choice":"Ignored","damage_taken":0,"max_hp_gain":0,"max_hp_loss":0,"event_name":"Vampires","floor":29,"gold_loss":0},{"damage_healed":0,"gold_gain":0,"player_choice":"Read","damage_taken":0,"max_hp_gain":0,"max_hp_loss":0,"event_name":"The Library","floor":30,"gold_loss":0,"cards_obtained":["Blade Dance"]},{"damage_healed":0,"gold_gain":0,"player_choice":"Forge","damage_taken":0,"max_hp_gain":0,"max_hp_loss":0,"event_name":"Accursed Blacksmith","floor":31,"gold_loss":0,"cards_upgraded":["Cloak And Dagger"]},{"damage_healed":0,"gold_gain":0,"player_choice":"Copied","damage_taken":0,"max_hp_gain":0,"max_hp_loss":0,"event_name":"Duplicator","floor":36,"gold_loss":0,"cards_obtained":["Blade Dance"]},{"damage_healed":0,"gold_gain":0,"player_choice":"Memory 1","damage_taken":0,"max_hp_gain":0,"max_hp_loss":0,"event_name":"SensoryStone","floor":38,"gold_loss":0},{"damage_healed":0,"gold_gain":0,"player_choice":"Fight","damage_taken":0,"max_hp_gain":0,"max_hp_loss":0,"event_name":"MindBloom","floor":39,"gold_loss":0},{"damage_healed":0,"gold_gain":0,"player_choice":"Ignored","damage_taken":0,"max_hp_gain":0,"max_hp_loss":0,"event_name":"Tomb of Lord Red Mask","floor":44,"gold_loss":0}],"is_beta":false,"boss_relics":[{"not_picked":["Snecko Eye","Sozu"],"picked":"WristBlade"},{"not_picked":["Velvet Choker","Runic Pyramid"],"picked":"SacredBark"}],"items_purged_floors":[2,20],"is_endless":false,"potions_floor_spawned":[1,5,7,11,13,19,24,41,45,48],"killed_by":"Donu and Deca","ascension_level":1}}