{"host":"9l1knhxfturzliqa","time":1609577829,"event":{"mods":["BaseMod","Colored Map","Colored Powertips","DeckTracker","Highlight Path","Keyboard Shortcuts","Minty Spire (QoL Compilation)","Random Character Button"],"gold_per_floor":[112,37,49,68,84,84,44,44,44,70,83,95,95,121,121,217,217,235,235,235,251,75,75,94,94,145,164,164,192,208,218,218,314,314,328,328,341,358,372,372,398,398,398,398,414,442,442,26,26,26],"floor_reached":51,"playtime":8522,"items_purged":["Strike_G","Defend_G","Defend_G"],"score":924,"play_id":"e661a203-f377-43ff-b36e-a1050118e646","local_time":"20210102175709","is_ascension_mode":true,"campfire_choices":[{"data":"Masterful Stab","floor":6.0,"key":"SMITH"},{"data":"Neutralize","floor":8.0,"key":"SMITH"},{"data":"Tactician","floor":13.0,"key":"SMITH"},{"data":"Tools of the Trade","floor":15.0,"key":"SMITH"},{"data":"RitualDagger","floor":23.0,"key":"SMITH"},{"data":"Infinite Blades","floor":28.0,"key":"SMITH"},{"data":"Blade Dance","floor":32.0,"key":"SMITH"},{"data":"Storm of Steel","floor":40.0,"key":"SMITH"},{"data":"Cloak And Dagger","floor":42.0,"key":"SMITH"},{"data":"1","floor":44.0,"key":"LIFT"},{"data":"Finisher","floor":47.0,"key":"SMITH"},{"data":"2","floor":49.0,"key":"LIFT"}],"circlet_count":0,"master_deck":["Strike_G","Strike_G","Strike_G","Defend_G","Survivor","Neutralize+1","Escape Plan","PiercingWail","Backflip","Masterful Stab+1","Noxious Fumes","Dagger Spray","Tactician+1","Tools of the Trade+1","Doppelganger","CurseOfTheBell","Backflip+1","RitualDagger+1","Blade Dance+1","Infinite Blades+1","Dagger Throw","Cloak And Dagger+1","Storm of Steel+1","PiercingWail+1","Well Laid Plans+1","Outmaneuver+1","Finisher+1"],"relics":["Ring of the Snake","Shuriken","Ornamental Fan","Juzu Bracelet","Calling Bell","Toy Ornithopter","White Beast Statue","Pocketwatch","Vajra","Girya","HoveringKite","Bronze Scales","Dream Catcher","Happy Flower","Bottled Tornado"],"acts_visited":["Exordium","TheCity","TheBeyond"],"potions_floor_usage":[50,50,50],"damage_taken":[{"damage":0.0,"enemies":"Small Slimes","floor":1.0,"turns":4.0},{"damage":0.0,"enemies":"Cultist","floor":3.0,"turns":4.0},{"damage":0.0,"enemies":"2 Louse","floor":4.0,"turns":4.0},{"damage":2.0,"enemies":"2 Fungi Beasts","floor":5.0,"turns":6.0},{"damage":1.0,"enemies":"Lagavulin","floor":10.0,"turns":6.0},{"damage":0.0,"enemies":"Blue Slaver","floor":11.0,"turns":3.0},{"damage":0.0,"enemies":"Exordium Thugs","floor":12.0,"turns":3.0},{"damage":10.0,"enemies":"Gremlin Nob","floor":14.0,"turns":4.0},{"damage":34.0,"enemies":"Slime Boss","floor":16.0,"turns":11.0},{"damage":0.0,"enemies":"3 Byrds","floor":18.0,"turns":4.0},{"damage":1.0,"enemies":"Shell Parasite","floor":21.0,"turns":7.0},{"damage":13.0,"enemies":"Snake Plant","floor":24.0,"turns":6.0},{"damage":0.0,"enemies":"Chosen and Byrds","floor":27.0,"turns":4.0},{"damage":0.0,"enemies":"Gremlin Leader","floor":29.0,"turns":3.0},{"damage":0.0,"enemies":"Snecko","floor":30.0,"turns":3.0},{"damage":3.0,"enemies":"Shelled Parasite and Fungi","floor":31.0,"turns":4.0},{"damage":42.0,"enemies":"Automaton","floor":33.0,"turns":8.0},{"damage":3.0,"enemies":"Orb Walker","floor":35.0,"turns":2.0},{"damage":3.0,"enemies":"3 Darklings","floor":37.0,"turns":3.0},{"damage":9.0,"enemies":"Maw","floor":38.0,"turns":6.0},{"damage":1.0,"enemies":"4 Shapes","floor":39.0,"turns":6.0},{"damage":30.0,"enemies":"Reptomancer","floor":41.0,"turns":6.0},{"damage":1.0,"enemies":"Spire Growth","floor":45.0,"turns":3.0},{"damage":0.0,"enemies":"Nemesis","floor":46.0,"turns":3.0},{"damage":50,"enemies":"Awakened One","floor":50,"turns":6}],"seed_played":"1171640477139400789","potions_obtained":[{"floor":1.0,"key":"Explosive Potion"},{"floor":7.0,"key":"Dexterity Potion"},{"floor":7.0,"key":"DistilledChaos"},{"floor":7.0,"key":"BlessingOfTheForge"},{"floor":10.0,"key":"PowerPotion"},{"floor":11.0,"key":"Block Potion"},{"floor":14.0,"key":"CultistPotion"},{"floor":18.0,"key":"Regen Potion"},{"floor":21.0,"key":"Strength Potion"},{"floor":24.0,"key":"Strength Potion"},{"floor":27.0,"key":"Dexterity Potion"},{"floor":29.0,"key":"CunningPotion"},{"floor":30.0,"key":"SmokeBomb"},{"floor":31.0,"key":"SteroidPotion"},{"floor":33.0,"key":"Poison Potion"},{"floor":35.0,"key":"Weak Potion"},{"floor":37.0,"key":"Swift Potion"},{"floor":38.0,"key":"Poison Potion"},{"floor":39.0,"key":"SneckoOil"},{"floor":41.0,"key":"Swift Potion"},{"floor":45.0,"key":"AttackPotion"},{"floor":46.0,"key":"Energy Potion"}],"is_trial":false,"path_per_floor":["M","$","M","M","M","R","?","R","T","E","M","M","R","E","R","B",null,"M","?","?","M","$","R","M","?","T","M","R","E","M","M","R","B",null,"M","?","M","M","M","R","E","R","T","R","M","E","R","$","R","B",null],"character_chosen":"THE_SILENT","items_purchased":["Infinite Blades","Bottled Tornado","SteroidPotion"],"campfire_rested":0,"item_purchase_floors":[22,48,48],"current_hp_per_floor":[49,49,49,49,47,47,47,47,47,46,46,46,46,36,36,2,53,53,53,47,46,46,46,53,53,53,53,53,63,68,65,65,23,58,55,55,62,57,61,61,36,36,36,36,40,45,45,45,45,10],"gold":26,"neow_bonus":"REMOVE_TWO","is_daily":false,"chose_seed":false,"campfire_upgraded":10,"win_rate":0.0,"timestamp":1609577829,"path_taken":["M","$","M","M","M","R","?","R","T","E","M","?","R","E","R","BOSS","M","?","?","M","$","R","M","?","T","M","R","E","M","M","R","BOSS","M","?","M","M","M","R","E","R","T","R","M","E","R","$","R","BOSS"],"items_purchased_type":["Card","Relic","Potion"],"build_version":"2020-12-22","purchased_purges":3,"victory":true,"max_hp_per_floor":[70,70,70,70,70,70,70,70,70,70,70,70,70,70,70,70,70,70,70,70,70,70,70,70,70,70,70,70,70,70,70,70,70,70,70,66,66,66,66,66,66,66,66,66,66,66,66,66,66,66],"card_choices":[{"not_picked":["Outmaneuver","Prepared"],"picked":"Escape Plan","floor":1.0},{"not_picked":["Dodge and Roll","Cloak And Dagger"],"picked":"PiercingWail","floor":3.0},{"not_picked":["Bane","Deadly Poison"],"picked":"Backflip","floor":4.0},{"not_picked":["Crippling Poison","Sucker Punch"],"picked":"Masterful Stab","floor":5.0},{"not_picked":["Dodge and Roll","Unload"],"picked":"Noxious Fumes","floor":10.0},{"not_picked":["Deadly Poison","Outmaneuver"],"picked":"Dagger Spray","floor":11.0},{"not_picked":["Skewer","Flying Knee"],"picked":"Tactician","floor":12.0},{"not_picked":["Poisoned Stab","Flying Knee"],"picked":"Tools of the Trade","floor":14.0},{"not_picked":["Bullet Time","Venomology"],"picked":"Doppelganger","floor":16.0},{"not_picked":["Dagger Spray+1","Poisoned Stab"],"picked":"Backflip+1","floor":18.0},{"not_picked":["Cloak And Dagger","Acrobatics"],"picked":"Blade Dance","floor":21.0},{"not_picked":["Heel Hook","Backflip+1","Bane"],"picked":"SKIP","floor":24.0},{"not_picked":["PiercingWail","Deadly Poison"],"picked":"Dagger Throw","floor":27.0},{"not_picked":["PiercingWail","Corpse Explosion"],"picked":"Cloak And Dagger","floor":29.0},{"not_picked":["Dagger Throw","Catalyst","Deadly Poison"],"picked":"SKIP","floor":30.0},{"not_picked":["PiercingWail","Quick Slash+1","Dagger Throw+1"],"picked":"SKIP","floor":31.0},{"not_picked":["Wraith Form v2","Envenom"],"picked":"Storm of Steel","floor":33.0},{"not_picked":["Quick Slash","All Out Attack+1","Bane"],"picked":"SKIP","floor":35.0},{"not_picked":["Caltrops+1","Concentrate","Deflect"],"picked":"SKIP","floor":37.0},{"not_picked":["Noxious Fumes+1","Deadly Poison+1"],"picked":"PiercingWail+1","floor":38.0},{"not_picked":["Deflect+1","Dash"],"picked":"Well Laid Plans+1","floor":39.0},{"not_picked":["Slice","Flying Knee+1"],"picked":"Outmaneuver+1","floor":41.0},{"not_picked":["Underhanded Strike+1","Concentrate","Crippling Poison"],"picked":"SKIP","floor":45.0},{"not_picked":["A Thousand Cuts","Crippling Poison+1"],"picked":"Finisher","floor":46.0}],"player_experience":300631,"relics_obtained":[{"floor":9.0,"key":"Shuriken"},{"floor":10.0,"key":"Ornamental Fan"},{"floor":14.0,"key":"Juzu Bracelet"},{"floor":17.0,"key":"Toy Ornithopter"},{"floor":17.0,"key":"White Beast Statue"},{"floor":17.0,"key":"Pocketwatch"},{"floor":26.0,"key":"Vajra"},{"floor":29.0,"key":"Girya"},{"floor":41.0,"key":"Bronze Scales"},{"floor":43.0,"key":"Dream Catcher"},{"floor":46.0,"key":"Happy Flower"}],"event_choices":[{"damage_healed":0.0,"max_hp_gain":0.0,"max_hp_loss":0.0,"gold_gain":0.0,"event_name":"The Woman in Blue","player_choice":"Bought 3 Potions","floor":7.0,"gold_loss":0.0,"damage_taken":0.0},{"damage_healed":0.0,"max_hp_gain":0.0,"max_hp_loss":0.0,"gold_gain":0.0,"event_name":"Vampires","player_choice":"Ignored","floor":19.0,"gold_loss":0.0,"damage_taken":0.0},{"damage_healed":0.0,"max_hp_gain":0.0,"max_hp_loss":0.0,"gold_gain":0.0,"event_name":"Nest","player_choice":"Joined the Cult","floor":20.0,"gold_loss":0.0,"damage_taken":6.0,"cards_obtained":["RitualDagger"]},{"cards_removed":["Defend_G"],"damage_healed":0.0,"max_hp_gain":0.0,"max_hp_loss":0.0,"gold_gain":0.0,"event_name":"Back to Basics","player_choice":"Elegance","floor":25.0,"gold_loss":0.0,"damage_taken":0.0},{"damage_healed":0.0,"max_hp_gain":0.0,"max_hp_loss":4.0,"gold_gain":0.0,"event_name":"Winding Halls","player_choice":"Max HP","floor":36.0,"gold_loss":0.0,"damage_taken":0.0}],"is_beta":false,"boss_relics":[{"not_picked":["SlaversCollar","Ectoplasm"],"picked":"Calling Bell"},{"not_picked":["Snecko Eye","Fusion Hammer"],"picked":"HoveringKite"}],"items_purged_floors":[2,22,48],"is_endless":false,"potions_floor_spawned":[1,10,11,14,18,21,24,27,29,30,31,33,35,37,38,39,41,45,46],"ascension_level":5}}