{"host":"sum4dy402bbv9y4o","time":1609605763,"event":{"mods":["Aspiration","BaseMod","Conspire","Highlight Path","Minty Spire (QoL Compilation)","StSLib"],"gold_per_floor":[118,3,3,3,14,14,41,41,90,90,100,134,148,148,148,225,225,238,238,252,268,268,268,268],"floor_reached":23,"playtime":938,"items_purged":["Strike_B"],"score":473,"play_id":"0f7baccd-cbe1-4f96-af40-131d4e1debbc","local_time":"20210102194243","is_ascension_mode":true,"campfire_choices":[{"data":"Dualcast","floor":6,"key":"SMITH"},{"data":"Zap","floor":8,"key":"SMITH"},{"floor":15,"key":"REST"}],"circlet_count":0,"master_deck":["AscendersBane","conspire:GhostlyStrike","conspire:GhostlyStrike","conspire:GhostlyStrike+1","conspire:GhostlyDefend","conspire:GhostlyDefend","conspire:GhostlyDefend+1","conspire:GhostlyDefend","Zap+1","Dualcast+1","Gash","White Noise","Coolheaded","Genetic Algorithm","Melter","Defragment","Barrage","Chill","Conserve Battery+1"],"relics":["Cracked Core","NeowsBlessing","aspiration:FaultyCoupler","PreservedInsect","conspire:TopHat","Orichalcum","Blue Candle","aspiration:FrozenJewel"],"acts_visited":["Exordium","TheCity"],"potions_floor_usage":[12,18,23],"damage_taken":[{"damage":0,"enemies":"Cultist","floor":1,"turns":1},{"damage":0,"enemies":"Jaw Worm","floor":5,"turns":1},{"damage":0,"enemies":"Lagavulin","floor":7,"turns":3},{"damage":2,"enemies":"2 Louse","floor":11,"turns":2},{"damage":7,"enemies":"3 Sentries","floor":12,"turns":6},{"damage":1,"enemies":"Blue Slaver","floor":13,"turns":2},{"damage":31,"enemies":"Slime Boss","floor":16,"turns":13},{"damage":21,"enemies":"3 Byrds","floor":18,"turns":6},{"damage":9,"enemies":"Chosen","floor":20,"turns":5},{"damage":13,"enemies":"Snecko","floor":21,"turns":8},{"damage":33,"enemies":"Gremlin Leader","floor":23,"turns":6}],"seed_played":"-8454622862435168012","potions_obtained":[{"floor":1,"key":"Block Potion"},{"floor":12,"key":"FearPotion"},{"floor":16,"key":"AttackPotion"},{"floor":18,"key":"PowerPotion"}],"is_trial":false,"path_per_floor":["M","$","T","?","M","R","E","R","T","?","M","E","M","T","R","B",null,"M","?","M","M","T","E"],"character_chosen":"DEFECT","items_purchased":["White Noise"],"campfire_rested":1,"item_purchase_floors":[2],"current_hp_per_floor":[64,64,64,43,43,43,43,43,43,43,41,34,33,33,54,23,59,38,52,43,30,30,0,0],"gold":268,"neow_bonus":"THREE_ENEMY_KILL","is_daily":false,"chose_seed":false,"campfire_upgraded":2,"win_rate":0.0,"timestamp":1609605763,"path_taken":["M","$","?","?","M","R","E","R","T","?","M","E","?","?","R","BOSS","M","?","M","M","?","E"],"items_purchased_type":["Card"],"build_version":"2020-12-22","purchased_purges":1,"victory":false,"max_hp_per_floor":[71,71,71,71,71,71,71,71,71,71,71,71,71,71,71,71,71,71,71,71,71,71,71,71],"card_choices":[{"not_picked":["Fusion","Barrage"],"picked":"Gash","floor":1},{"not_picked":["Hologram","Reprogram"],"picked":"Coolheaded","floor":5},{"not_picked":["Redo","Rip and Tear"],"picked":"Genetic Algorithm","floor":7},{"not_picked":["Sweeping Beam","Leap"],"picked":"Melter","floor":11},{"not_picked":["Multi-Cast","Hologram"],"picked":"Defragment","floor":12},{"not_picked":["Turbo","FTL"],"picked":"Barrage","floor":13},{"not_picked":["Hologram","Beam Cell"],"picked":"Chill","floor":18},{"not_picked":["White Noise","Leap","Doom and Gloom"],"picked":"SKIP","floor":20},{"not_picked":["Blizzard+1","Coolheaded+1"],"picked":"Conserve Battery+1","floor":21}],"player_experience":2888405,"relics_obtained":[{"floor":3,"key":"aspiration:FaultyCoupler"},{"floor":7,"key":"PreservedInsect"},{"floor":9,"key":"conspire:TopHat"},{"floor":12,"key":"Orichalcum"},{"floor":14,"key":"Blue Candle"},{"floor":22,"key":"aspiration:FrozenJewel"}],"event_choices":[{"damage_healed":0,"gold_gain":0,"player_choice":"Entered Light","damage_taken":21,"max_hp_gain":0,"max_hp_loss":0,"event_name":"Shining Light","floor":4,"gold_loss":0,"cards_upgraded":["Defend_B","Strike_B"]},{"damage_healed":0,"gold_gain":0,"player_choice":"Agree","damage_taken":0,"max_hp_gain":0,"max_hp_loss":0,"event_name":"conspire:LoneGhost","floor":10,"gold_loss":0},{"damage_healed":14,"gold_gain":0,"player_choice":"Heal","damage_taken":0,"max_hp_gain":0,"max_hp_loss":0,"event_name":"The Library","floor":19,"gold_loss":0}],"is_beta":false,"boss_relics":[{"not_picked":["conspire:SlowCooker","aspiration:RandomNobGenerator","conspire:SeveredTorchhead"]}],"items_purged_floors":[2],"is_endless":false,"potions_floor_spawned":[1,12,16,18,21],"killed_by":"Gremlin Leader","ascension_level":20}}