{"host":"56ghxnzsglgdq727","time":1609596775,"event":{"mods":["AchievementEnabler","BaseMod","Downfall","Minty Spire (QoL Compilation)","StSLib"],"gold_per_floor":[99,99,119,182,199,199,199,218,218,247,172,197,122,156,176,176,176],"floor_reached":16,"playtime":546,"items_purged":[],"score":167,"play_id":"852ddb93-f71d-4081-b256-334c1cea21aa","local_time":"20210102091255","is_ascension_mode":true,"campfire_choices":[{"data":"expansioncontent:DashGenerateEvil","floor":1,"key":"SMITH"},{"data":"sneckomod:DiceBoulder","floor":9,"key":"SMITH"},{"floor":11,"key":"RECALL"},{"data":"sneckomod:DiceBoulder+1","floor":13,"key":"SMITH"}],"circlet_count":0,"master_deck":["sneckomod:Strike","sneckomod:Strike","sneckomod:Strike","sneckomod:Defend","sneckomod:Defend","sneckomod:Defend","sneckomod:TailWhip","sneckomod:SnekBite","sneckomod:Unknown","sneckomod:Unknown","expansioncontent:DashGenerateEvil+1","sneckomod:UnknownClassTHE_CHAMP_GRAY","sneckomod:DiceBoulder+2","sneckomod:UnknownUncommonSkill","sneckomod:UnknownVulnerable+1","sneckomod:UnknownClassRED+1","sneckomod:UnknownEthereal+1","sneckomod:UnknownClassRED+1"],"relics":["sneckomod:SneckoSoul","Meat on the Bone","Mummified Hand","Toxic Egg 2","downfall:HeartBlessingGreen","downfall:HeartBlessingRed","Pear"],"acts_visited":["Exordium"],"potions_floor_usage":[14,16,16],"damage_taken":[{"damage":0,"enemies":"2 Louse","floor":3,"turns":2},{"damage":33,"enemies":"Lagavulin Event","floor":4,"turns":6},{"damage":12,"enemies":"Small Slimes","floor":5,"turns":2},{"damage":6,"enemies":"Cultist","floor":8,"turns":3},{"damage":14,"enemies":"Gremlin Nob","floor":10,"turns":3},{"damage":6,"enemies":"2 Fungi Beasts","floor":12,"turns":3},{"damage":6,"enemies":"Lagavulin","floor":14,"turns":2},{"damage":0,"enemies":"Blue Slaver","floor":15,"turns":3},{"damage":67,"enemies":"downfall:Defect","floor":16,"turns":5}],"seed_played":"-1660825862268696350","potions_obtained":[{"floor":8,"key":"Dexterity Potion"},{"floor":12,"key":"AttackPotion"},{"floor":15,"key":"LiquidMemories"}],"is_trial":false,"path_per_floor":["R","?","M","?","M","?","T","M","R","E","R","M","R","E","M","B"],"character_chosen":"THE_SNECKO","items_purchased":[],"campfire_rested":0,"item_purchase_floors":[],"current_hp_per_floor":[90,90,91,58,46,46,46,53,53,52,52,59,59,64,65,0,0],"gold":176,"neow_bonus":"RANDOM_COLORLESS_2","is_daily":false,"chose_seed":false,"campfire_upgraded":3,"win_rate":0.0,"timestamp":1609596775,"path_taken":["R","?","M","?","M","?","T","M","R","E","R","?","R","E","M","BOSS"],"items_purchased_type":[],"build_version":"2020-12-22","purchased_purges":0,"victory":false,"max_hp_per_floor":[90,90,91,91,91,91,91,92,92,93,93,94,94,105,106,106,106],"card_choices":[{"not_picked":["The Bomb","Magnetism"],"picked":"expansioncontent:DashGenerateEvil","floor":0},{"not_picked":["sneckomod:Nope","sneckomod:PureSnecko"],"picked":"sneckomod:UnknownClassTHE_CHAMP_GRAY","floor":3},{"not_picked":["sneckomod:UnknownCommonAttack","sneckomod:SnakeSap"],"picked":"sneckomod:DiceBoulder","floor":4},{"not_picked":["sneckomod:QuickMove","sneckomod:SoulCleanse","sneckomod:UnknownClassPURPLE"],"picked":"SKIP","floor":5},{"not_picked":["sneckomod:WideSting","sneckomod:SnakeSap"],"picked":"sneckomod:UnknownUncommonSkill","floor":8},{"not_picked":["sneckomod:UnknownUncommonAttack","sneckomod:Nope+1"],"picked":"sneckomod:UnknownVulnerable+1","floor":10},{"not_picked":["sneckomod:SnekBeam","sneckomod:QuickBite"],"picked":"sneckomod:UnknownClassRED+1","floor":12},{"not_picked":["sneckomod:WideSting","sneckomod:DangerNoodle"],"picked":"sneckomod:UnknownEthereal+1","floor":14},{"not_picked":["sneckomod:UnknownUncommonPower","sneckomod:UnknownWeak+1"],"picked":"sneckomod:UnknownClassRED+1","floor":15}],"player_experience":93099,"relics_obtained":[{"floor":4,"key":"Meat on the Bone"},{"floor":7,"key":"Mummified Hand"},{"floor":10,"key":"Toxic Egg 2"},{"floor":14,"key":"Pear"}],"event_choices":[{"cards_removed":["Regret"],"damage_healed":0,"gold_gain":0,"player_choice":"Purged","damage_taken":0,"max_hp_gain":0,"max_hp_loss":0,"event_name":"Purifier","floor":6,"gold_loss":0}],"is_beta":false,"boss_relics":[],"items_purged_floors":[],"is_endless":false,"potions_floor_spawned":[8,12,15],"killed_by":"downfall:Defect","ascension_level":1}}