{"host":"d40xu1tklzkpvzv9","time":1609627322,"event":{"mods":["Aspiration","BaseMod","BetterRewards","Colored Map","Colored Powertips","Conspire","Custom Start","DeckTracker","Downfall","Highlight Path","Hubris","Infinite Spire","Mimic Mod","Minty Spire (QoL Compilation)","Quick Restart","Replay The Spire","StSLib","SuperFastMode"],"gold_per_floor":[109,126,126,142,187,218,238,250,274,317,317,492,492,513,513,519,519],"floor_reached":16,"playtime":1246,"items_purged":[],"score":137,"play_id":"62f3511e-7ae6-44aa-b8da-cb23606f9b07","local_time":"20210102234202","is_ascension_mode":false,"campfire_choices":[{"floor":13.0,"key":"REST"},{"data":"Study","floor":15.0,"key":"SMITH"}],"circlet_count":0,"master_deck":["Strike_P","Strike_P","Strike_P","Strike_P","Defend_P+1","Defend_P","Defend_P","Defend_P+1","Eruption","Vigilance","Study+1","Replay:ManipulateFuture","DeceiveReality","Replay:Anticipation","Replay:Anticipation","Doubt","Pray"],"relics":["sneckomod:SneckoSoul","aspiration:Nostalgia","m_SnakeBloodCore","infinitespire:Cubic Diamond","Matryoshka","Replay:Bandana","hubris:ToyBattleship","Boot","War Paint","hubris:EvacipatedBox"],"acts_visited":["Exordium"],"potions_floor_usage":[16,16],"damage_taken":[{"damage":2.0,"enemies":"2 Louse","floor":1.0,"turns":3.0},{"damage":0.0,"enemies":"Jaw Worm","floor":2.0,"turns":5.0},{"damage":2.0,"enemies":"Cultist","floor":4.0,"turns":3.0},{"damage":27.0,"enemies":"3 Sentries","floor":6.0,"turns":16.0},{"damage":4.0,"enemies":"Red Slaver","floor":7.0,"turns":9.0},{"damage":10.0,"enemies":"Gremlin Gang","floor":8.0,"turns":9.0},{"damage":0.0,"enemies":"Lagavulin","floor":10.0,"turns":7.0},{"damage":3.0,"enemies":"Large Slime","floor":14.0,"turns":8.0},{"damage":29,"enemies":"Hexaghost","floor":16,"turns":16}],"seed_played":"-6067051824485124462","potions_obtained":[{"floor":4.0,"key":"Energy Potion"},{"floor":6.0,"key":"Strength Potion"},{"floor":7.0,"key":"DistilledChaos"},{"floor":10.0,"key":"Toxic Potion"}],"is_trial":false,"path_per_floor":["M","M","?","M","?","E","M","M","T","E","$","?","R","M","R","B"],"character_chosen":"WATCHER","items_purchased":["hubris:EvacipatedBox"],"campfire_rested":1,"item_purchase_floors":[11],"current_hp_per_floor":[72,72,72,72,54,30,29,22,22,25,6,6,27,27,27,0,0],"gold":519,"neow_bonus":"NOSTALGIA","is_daily":false,"chose_seed":false,"campfire_upgraded":1,"win_rate":0.0,"timestamp":1609627322,"path_taken":["M","M","?","M","?","E","M","?","T","E","?","?","R","M","R","BOSS"],"items_purchased_type":["Relic"],"build_version":"2020-12-22","purchased_purges":0,"victory":false,"max_hp_per_floor":[72,72,72,72,72,72,72,72,72,72,72,72,72,72,72,72,72],"card_choices":[{"not_picked":["Replay:Cycle","Dagger Throw"],"picked":"Study","floor":1.0},{"not_picked":["InnerPeace","SashWhip","Prostrate"],"picked":"SKIP","floor":2.0},{"not_picked":["FearNoEvil","LikeWater"],"picked":"Replay:ManipulateFuture","floor":4.0},{"not_picked":["EmptyFist","CutThroughFate"],"picked":"DeceiveReality","floor":5.0},{"not_picked":["Weave","FlyingSleeves"],"picked":"Replay:Anticipation","floor":5.0},{"not_picked":["Replay:Battleflow","Replay:AtTheReady","Replay:Hum"],"picked":"SKIP","floor":6.0},{"not_picked":["Meditate","Infernal Blade","Prostrate"],"picked":"SKIP","floor":7.0},{"not_picked":["ReplayTheSpireMod:LeadingStrike","Halt"],"picked":"Replay:Anticipation","floor":8.0},{"not_picked":["SignatureMove","CrushJoints","BowlingBash"],"picked":"SKIP","floor":10.0},{"not_picked":["BattleHymn","Replay:ManipulateFuture"],"picked":"Pray","floor":14.0}],"player_experience":111553,"relics_obtained":[{"floor":5.0,"key":"Matryoshka"},{"floor":6.0,"key":"Replay:Bandana"},{"floor":9.0,"key":"hubris:ToyBattleship"},{"floor":9.0,"key":"Boot"},{"floor":10.0,"key":"War Paint"}],"event_choices":[{"damage_healed":0.0,"max_hp_gain":0.0,"max_hp_loss":0.0,"gold_gain":175.0,"event_name":"Liars Game","player_choice":"AGREE","floor":12.0,"gold_loss":0.0,"damage_taken":0.0,"cards_obtained":["Doubt"]}],"is_beta":false,"boss_relics":[],"items_purged_floors":[],"is_endless":false,"potions_floor_spawned":[4,6,7,10],"killed_by":"Hexaghost","ascension_level":0}}