{"host":"dlskvfecb6rtl9z1","time":1609631380,"event":{"mods":["2.2 Compatiblity","AchievementEnabler","Aspiration","BaseMod","Better Third Choice","Colored Map","Colored Powertips","Downfall","Duelist Mod","Hermit","Hubris","Infinite Spire","KinomotoSakuraMod(????)","Koishi","Marisa????????","Minty Spire (QoL Compilation)","Remilia??????","Replay The Spire","Shop Mod","StSLib","Td1madao Mod","The Administrix","The Bug Knight","The Construct","The Cursed","The Disciple","The Hierophant","The Jungle","The Mystic","The Necromancer","The Runesmith","The Senshi","The Servant 0.9.4"],"gold_per_floor":[115,160,170,170,188,220,220,252,275,275,295,295,310,310,310,415,415,432,449,449,460,129,129,129,129],"floor_reached":24,"playtime":1719,"items_purged":["Strike_R"],"score":247,"play_id":"fdf8f2e3-6275-47be-b896-efd98bf4c53b","local_time":"20210103014940","is_ascension_mode":true,"campfire_choices":[{"floor":7,"key":"REST"},{"floor":10,"key":"REST"},{"floor":15,"key":"REST"},{"data":"Feed","floor":23,"key":"SMITH"}],"circlet_count":0,"master_deck":["Strike_R+1","Strike_R","Strike_R","Strike_R","Defend_R+1","Defend_R+1","Defend_R+1","Defend_R+1","Bash+1","Brutality","Offering+1","Seeing Red+1","Seeing Red+1","Feed+1","True Grit+1"],"relics":["Burning Blood","ReplayTheSpireMod:Lightbulb","HollowMod:StagPassRelic","aspiration:HummingbirdHeart","MerchantsRug"],"acts_visited":["Exordium","TheCity"],"potions_floor_usage":[6,16,24],"damage_taken":[{"damage":2,"enemies":"Cultist","floor":1,"turns":3},{"damage":1,"enemies":"2 Louse","floor":3,"turns":2},{"damage":25,"enemies":"infinitespire:Voidling","floor":5,"turns":4},{"damage":53,"enemies":"HollowMod:MossKnight","floor":6,"turns":8},{"damage":27,"enemies":"Gremlin Nob","floor":8,"turns":4},{"damage":13,"enemies":"Exordium Thugs","floor":11,"turns":4},{"damage":14,"enemies":"Lots of Slimes","floor":13,"turns":4},{"damage":53,"enemies":"The Guardian","floor":16,"turns":13},{"damage":23,"enemies":"3 Byrds","floor":18,"turns":4},{"damage":22,"enemies":"Chosen and Byrds","floor":19,"turns":4},{"damage":35,"enemies":"Snecko","floor":21,"turns":5},{"damage":35,"enemies":"Cultist and Chosen","floor":24,"turns":6}],"seed_played":"-3933391960273395596","potions_obtained":[{"floor":5,"key":"Explosive Potion"},{"floor":8,"key":"Energy Potion"},{"floor":16,"key":"LiquidMemories"},{"floor":18,"key":"Dexterity Potion"},{"floor":19,"key":"SpeedPotion"},{"floor":21,"key":"champ:CounterPotion"}],"is_trial":false,"path_per_floor":["M","T","M","?","M","E","R","E","T","R","M","T","M","?","R","B",null,"M","M","?","M","$","R","M"],"character_chosen":"IRONCLAD","items_purchased":["aspiration:HummingbirdHeart","MerchantsRug","True Grit"],"campfire_rested":3,"item_purchase_floors":[22,22,22],"current_hp_per_floor":[80,80,80,80,66,19,43,22,22,46,39,39,31,31,55,8,80,66,53,53,24,24,24,0,0],"gold":129,"neow_bonus":"THREE_RARE_CARDS","is_daily":false,"chose_seed":false,"campfire_upgraded":1,"win_rate":0.0,"timestamp":1609631380,"path_taken":["M","?","?","?","?","E","R","E","T","R","M","?","?","?","R","BOSS","M","M","?","?","$","R","?"],"items_purchased_type":["Relic","Relic","Card"],"build_version":"2020-12-22","purchased_purges":1,"victory":false,"max_hp_per_floor":[80,80,80,80,80,80,80,80,80,80,80,80,80,80,80,80,80,83,86,86,86,86,86,86,86],"card_choices":[{"not_picked":["Hemogenesis","Barricade"],"picked":"Brutality","floor":0},{"not_picked":["Body Slam","Heavy Blade","Armaments"],"picked":"SKIP","floor":1},{"not_picked":["Perfected Strike","Havoc","Pommel Strike"],"picked":"SKIP","floor":3},{"not_picked":["Iron Wave","ReplayTheSpireMod:Strike From Hell"],"picked":"Offering","floor":5},{"not_picked":["Wild Strike","infinitespire:OneForAll","Body Slam"],"picked":"SKIP","floor":6},{"not_picked":["Uppercut","ReplayTheSpireMod:Limb From Limb"],"picked":"Seeing Red","floor":8},{"not_picked":["Iron Wave","hubris:SharpeningStone"],"picked":"Seeing Red","floor":11},{"not_picked":["Evolve","Pummel","Anger"],"picked":"SKIP","floor":13},{"not_picked":["Double Tap","Fiend Fire"],"picked":"Feed","floor":16},{"not_picked":["Pommel Strike","Warcry","Armaments"],"picked":"SKIP","floor":18},{"not_picked":["Twin Strike","ReplayTheSpireMod:Corrosion Curse","Dual Wield"],"picked":"SKIP","floor":19},{"not_picked":["Clothesline","Headbutt+1","Pommel Strike+1"],"picked":"SKIP","floor":21}],"player_experience":118995,"relics_obtained":[{"floor":2,"key":"ReplayTheSpireMod:Lightbulb"},{"floor":6,"key":"King of Hearts"},{"floor":8,"key":"HollowMod:StagPassRelic"},{"floor":9,"key":"Whetstone"},{"floor":12,"key":"hubris:BottledRain"}],"event_choices":[{"cards_removed":["theDuelist:CurseAnubis"],"damage_healed":0,"gold_gain":0,"player_choice":"Removed Curses","damage_taken":0,"max_hp_gain":0,"max_hp_loss":0,"event_name":"Fountain of Cleansing","floor":4,"gold_loss":0},{"damage_healed":0,"gold_gain":0,"player_choice":"0 cards matched","damage_taken":0,"max_hp_gain":0,"max_hp_loss":0,"event_name":"Match and Keep!","floor":20,"gold_loss":0,"cards_obtained":[]}],"is_beta":false,"boss_relics":[{"not_picked":["Kintsugi","Replay:Fungal Core"],"picked":"Electric Blood"}],"items_purged_floors":[22],"is_endless":false,"potions_floor_spawned":[5,8,16,18,19,21],"killed_by":"Cultist and Chosen","ascension_level":4}}