{"host":"okln270zkafj6dck","time":1609626886,"event":{"mods":["BaseMod","Minty Spire (QoL Compilation)","Permanent Neow","Quick Restart","Relic Stats","StSLib","SuperFastMode"],"gold_per_floor":[117,117,132,190,190,190,218,218,218,252,271,289,289,316,316,394,394,405,51,67,67,16,49,49,69,69,69,69],"floor_reached":27,"playtime":541,"items_purged":["Strike_G"],"score":478,"play_id":"8c5e24f5-0672-465b-a984-1fb2c032d7a0","local_time":"20210102143446","is_ascension_mode":true,"campfire_choices":[{"data":"Poisoned Stab","floor":6.0,"key":"SMITH"},{"data":"Glass Knife","floor":8.0,"key":"SMITH"},{"data":"Noxious Fumes","floor":13.0,"key":"SMITH"},{"data":"Strike_G","floor":15.0,"key":"PURGE"},{"floor":24,"key":"REST"}],"circlet_count":0,"master_deck":["AscendersBane","Strike_G","Strike_G","Strike_G","Defend_G","Defend_G","Defend_G","Defend_G","Defend_G","Survivor","Neutralize+1","Masterful Stab","Poisoned Stab+1","Glass Knife+1","Noxious Fumes+1","Crippling Poison","Phantasmal Killer","Backflip+1","Writhe","Deadly Poison+1"],"relics":["Runic Pyramid","Pen Nib","Peace Pipe","Ancient Tea Set","Odd Mushroom","Sozu","Toxic Egg 2","Kunai","InkBottle","Molten Egg 2","Du-Vu Doll"],"acts_visited":["Exordium","TheCity"],"potions_floor_usage":[23,23],"damage_taken":[{"damage":6.0,"enemies":"2 Louse","floor":1.0,"turns":4.0},{"damage":1.0,"enemies":"Small Slimes","floor":3.0,"turns":4.0},{"damage":17.0,"enemies":"3 Sentries","floor":7.0,"turns":10.0},{"damage":4.0,"enemies":"Lagavulin","floor":10.0,"turns":5.0},{"damage":0.0,"enemies":"Jaw Worm","floor":11.0,"turns":1.0},{"damage":0.0,"enemies":"Looter","floor":12.0,"turns":3.0},{"damage":4.0,"enemies":"The Mushroom Lair","floor":14.0,"turns":4.0},{"damage":2.0,"enemies":"Hexaghost","floor":16.0,"turns":7.0},{"damage":17.0,"enemies":"2 Thieves","floor":18.0,"turns":3.0},{"damage":10.0,"enemies":"Spheric Guardian","floor":20.0,"turns":4.0},{"damage":20,"enemies":"Book of Stabbing","floor":23,"turns":6},{"damage":20,"enemies":"Shelled Parasite and Fungi","floor":25,"turns":7},{"damage":9,"enemies":"Centurion and Healer","floor":27,"turns":1}],"seed_played":"-3011557216415353014","potions_obtained":[{"floor":1.0,"key":"DistilledChaos"},{"floor":7.0,"key":"Explosive Potion"},{"floor":14.0,"key":"Poison Potion"}],"is_trial":false,"path_per_floor":["M","?","M","?","?","R","E","R","T","E","M","M","R","?","R","B",null,"M","$","M","?","?","E","R","M","T","M"],"character_chosen":"THE_SILENT","items_purchased":["Toxic Egg 2"],"campfire_rested":1,"item_purchase_floors":[19],"current_hp_per_floor":[53,53,52,52,52,52,35,35,35,31,31,31,31,27,27,25,56,39,39,29,29,29,9,28,8,8,0,0],"gold":69,"neow_bonus":"BOSS_RELIC","is_daily":false,"chose_seed":false,"campfire_upgraded":3,"win_rate":0.0,"timestamp":1609626886,"path_taken":["M","?","M","?","?","R","E","R","T","E","M","M","R","?","R","BOSS","M","$","M","?","?","E","R","?","T","M"],"items_purchased_type":["Relic"],"build_version":"2020-12-22","purchased_purges":1,"victory":false,"max_hp_per_floor":[66,66,66,66,66,66,66,66,66,66,66,66,66,66,66,66,66,66,66,66,66,66,66,66,66,66,66,66],"relic_stats":{"Peace Pipe":1,"Sozu":2,"counters":[13,59],"Pen Nib":[8],"Kunai":[1],"obtain_stats":[{"Peace Pipe":9,"Sozu":17,"Du-Vu Doll":26,"Molten Egg 2":23,"Pen Nib":7,"Kunai":21,"Odd Mushroom":14,"Toxic Egg 2":19,"Ancient Tea Set":10,"InkBottle":22,"Ring of the Snake":0,"Runic Pyramid":0},{"Peace Pipe":3,"Sozu":8,"Du-Vu Doll":12,"Molten Egg 2":11,"Pen Nib":3,"Kunai":10,"Odd Mushroom":7,"Toxic Egg 2":9,"Ancient Tea Set":4,"InkBottle":10,"Ring of the Snake":0,"Runic Pyramid":0},{"Peace Pipe":18,"Sozu":38,"Du-Vu Doll":58,"Molten Egg 2":51,"Pen Nib":18,"Kunai":45,"Odd Mushroom":31,"Toxic Egg 2":41,"Ancient Tea Set":23,"InkBottle":45,"Ring of the Snake":0,"Runic Pyramid":0}],"InkBottle":[5]},"card_choices":[{"not_picked":["Quick Slash","Acrobatics"],"picked":"Masterful Stab","floor":1.0},{"not_picked":["Tactician","Slice"],"picked":"Poisoned Stab","floor":3.0},{"not_picked":["Eviscerate","Deadly Poison"],"picked":"Glass Knife","floor":7.0},{"not_picked":["Flying Knee","Skewer"],"picked":"Noxious Fumes","floor":10.0},{"not_picked":["Accuracy","Sucker Punch","Dagger Spray"],"picked":"SKIP","floor":11.0},{"not_picked":["Setup","Caltrops"],"picked":"Crippling Poison","floor":12.0},{"not_picked":["Tools of the Trade","Doppelganger"],"picked":"Phantasmal Killer","floor":16.0},{"not_picked":["Underhanded Strike","Dagger Throw","Accuracy"],"picked":"SKIP","floor":18.0},{"not_picked":["Blur+1","Dagger Spray"],"picked":"Backflip+1","floor":20.0},{"not_picked":["Setup+1","Infinite Blades","Choke+1"],"picked":"SKIP","floor":23},{"not_picked":["Tactician+1","Flying Knee+1"],"picked":"Deadly Poison+1","floor":25}],"player_experience":76783,"relics_obtained":[{"floor":7.0,"key":"Pen Nib"},{"floor":9.0,"key":"Peace Pipe"},{"floor":10.0,"key":"Ancient Tea Set"},{"floor":14.0,"key":"Odd Mushroom"},{"floor":23,"key":"Molten Egg 2"},{"floor":26,"key":"Du-Vu Doll"}],"event_choices":[{"damage_healed":0.0,"max_hp_gain":0.0,"max_hp_loss":0.0,"gold_gain":0.0,"event_name":"Living Wall","player_choice":"Grow","floor":2.0,"gold_loss":0.0,"damage_taken":0.0,"cards_upgraded":["Neutralize"]},{"damage_healed":0.0,"max_hp_gain":0.0,"max_hp_loss":0.0,"gold_gain":58.0,"event_name":"Golden Wing","player_choice":"Gained Gold","floor":4.0,"gold_loss":0.0,"damage_taken":0.0},{"damage_healed":0.0,"max_hp_gain":0.0,"max_hp_loss":0.0,"gold_gain":0.0,"event_name":"Liars Game","player_choice":"Ignored","floor":5.0,"gold_loss":0.0,"damage_taken":0.0},{"damage_healed":0.0,"max_hp_gain":0.0,"max_hp_loss":0.0,"gold_gain":0.0,"event_name":"Mushrooms","player_choice":"Fought Mushrooms","floor":14.0,"gold_loss":0.0,"damage_taken":0.0},{"damage_healed":0.0,"max_hp_gain":0.0,"max_hp_loss":0.0,"gold_gain":0.0,"event_name":"The Mausoleum","player_choice":"Opened","floor":21.0,"gold_loss":0.0,"damage_taken":0.0,"relics_obtained":["Kunai"],"cards_obtained":["Writhe"]},{"damage_healed":0.0,"max_hp_gain":0.0,"max_hp_loss":0.0,"gold_gain":0.0,"event_name":"WeMeetAgain","player_choice":"Paid Gold","floor":22.0,"gold_loss":51.0,"damage_taken":0.0,"relics_obtained":["InkBottle"]}],"is_beta":false,"boss_relics":[{"not_picked":["HoveringKite","Black Star"],"picked":"Sozu"}],"items_purged_floors":[19],"is_endless":false,"potions_floor_spawned":[1,7,10,14,18,20],"killed_by":"Centurion and Healer","ascension_level":20}}