{"host":"7r6bd5ce6zscnmwq","time":1609613199,"event":{"mods":["BaseMod","Better Altar","Better Match","Better Note","Better Sensory Stone","Better Skull","Better Third Choice","Better Vampires","Block Reminder","Colored Powertips","Displayed Cursed Tome","Minty Spire (QoL Compilation)","Permanent Neow","Quick Restart","Shop Mod","Spicy Shops","StSLib","The Marked"],"gold_per_floor":[115,115,128,128,58,73,73,93,393,404,404,79,79,103,103,203,203,223,20,33,46,46,77,77,112,112,112,139,139,239,249,249,353,353,371,371,65,82,0,0,33,33,56,56,56],"floor_reached":44,"playtime":3372,"items_purged":["theMarked:Strike","theMarked:Defend"],"score":554,"play_id":"0d09cb86-ae27-41cd-a025-f63c6b4c51b1","local_time":"20210103034639","is_ascension_mode":true,"campfire_choices":[{"data":"theMarked:GodGivenPower","floor":7,"key":"SMITH"},{"data":"theMarked:ElementalBlade","floor":15,"key":"SMITH"},{"floor":24,"key":"REST"},{"floor":27,"key":"REST"},{"floor":29,"key":"REST"},{"floor":32,"key":"REST"},{"floor":40,"key":"REST"}],"circlet_count":0,"master_deck":["theMarked:Strike+1","theMarked:Defend","theMarked:SoldierOfQuellstein+1","theMarked:RepellingDischarge","theMarked:ElementalBlade+1","theMarked:GodGivenPower+1","theMarked:MaelstromOfLightning","Trip","theMarked:SoldierOfQuellstein+1","theMarked:Challenge","theMarked:ElectricStrings","theMarked:TwofoldDefense","theMarked:TurnInvisible","theMarked:TakeOffHeels","theMarked:TakeCover+1","theMarked:Aftermath+1","theMarked:SuspiciousRaven+1","theMarked:ElectricStrings"],"relics":["theMarked:ArtifactOfAir","Old Coin","DollysMirror","Juzu Bracelet","Black Star","Happy Flower","theMarked:VonisonLock","Lantern","Vajra","Blood Vial","Sundial","White Beast Statue","Darkstone Periapt","Astrolabe","ClockworkSouvenir","Oddly Smooth Stone","Red Mask","InkBottle","Gremlin Horn","Omamori"],"acts_visited":["Exordium","TheCity","TheBeyond"],"potions_floor_usage":[20,20,23,23,28,38,38,41,44,44],"damage_taken":[{"damage":8.0,"enemies":"Jaw Worm","floor":1.0,"turns":4.0},{"damage":1,"enemies":"Cultist","floor":3,"turns":3},{"damage":0,"enemies":"2 Louse","floor":6,"turns":2},{"damage":3,"enemies":"Large Slime","floor":8,"turns":5},{"damage":1,"enemies":"2 Fungi Beasts","floor":10,"turns":3},{"damage":20,"enemies":"The Guardian","floor":16,"turns":7},{"damage":2,"enemies":"3 Byrds","floor":18,"turns":6},{"damage":20,"enemies":"2 Thieves","floor":20,"turns":3},{"damage":9,"enemies":"Centurion and Healer","floor":21,"turns":5},{"damage":33,"enemies":"Slavers","floor":23,"turns":7},{"damage":10,"enemies":"Book of Stabbing","floor":25,"turns":7},{"damage":31,"enemies":"Slavers","floor":28,"turns":7},{"damage":13,"enemies":"Snecko","floor":31,"turns":6},{"damage":28,"enemies":"Champ","floor":33,"turns":11},{"damage":2,"enemies":"Orb Walker","floor":35,"turns":4},{"damage":26,"enemies":"3 Darklings","floor":38,"turns":5},{"damage":61,"enemies":"Giant Head","floor":41,"turns":11},{"damage":0,"enemies":"Maw","floor":44,"turns":2}],"seed_played":"-893924652194368068","potions_obtained":[{"floor":6,"key":"GamblersBrew"},{"floor":8,"key":"Energy Potion"},{"floor":16,"key":"Explosive Potion"},{"floor":20,"key":"DuplicationPotion"},{"floor":25,"key":"Swift Potion"},{"floor":31,"key":"Explosive Potion"},{"floor":33,"key":"Explosive Potion"},{"floor":35,"key":"FearPotion"},{"floor":38,"key":"Dexterity Potion"},{"floor":41,"key":"Strength Potion"}],"is_trial":false,"path_per_floor":["M","?","M","?","$","M","R","M","T","M","?","$","?","T","R","B",null,"M","$","M","M","$","E","R","E","T","R","E","R","?","M","R","B",null,"M","?","$","M","?","R","E","$","T","M"],"character_chosen":"THE_DEFAULT","items_purchased":["theMarked:ElementalBlade","DollysMirror","Happy Flower","theMarked:ElectricStrings","ClockworkSouvenir","Oddly Smooth Stone"],"campfire_rested":5,"item_purchase_floors":[5,12,19,19,37,37],"current_hp_per_floor":[62,48,47,47,47,47,47,44,44,43,43,43,43,43,43,23,70,68,68,48,39,39,6,27,17,17,38,9,30,30,19,40,14,70,68,68,68,44,44,65,6,6,6,8,8],"gold":56,"neow_bonus":"REMOVE_CARD","is_daily":false,"chose_seed":false,"campfire_upgraded":2,"win_rate":0.0,"timestamp":1609613199,"path_taken":["M","?","M","?","$","M","R","?","T","M","?","$","?","?","R","BOSS","M","$","M","M","?","E","R","E","T","R","E","R","?","M","R","BOSS","M","?","$","M","?","R","E","$","T","M"],"items_purchased_type":["Card","Relic","Relic","Card","Relic","Relic"],"build_version":"2020-12-22","purchased_purges":2,"victory":false,"max_hp_per_floor":[70,70,70,70,70,70,70,70,70,70,70,70,70,70,70,70,70,70,70,70,70,70,70,70,70,70,70,70,70,70,70,70,70,70,70,70,70,70,70,70,70,70,70,70,70],"card_choices":[{"not_picked":["theMarked:Parry","theMarked:KeepCalmAndFightOn"],"picked":"theMarked:RepellingDischarge","floor":1.0},{"not_picked":["theMarked:WastefulDefense","theMarked:Parkour","theMarked:TakeCover"],"picked":"SKIP","floor":3},{"not_picked":["theMarked:HeritageOfTheMarked","theMarked:EmpowerWeapon"],"picked":"theMarked:GodGivenPower","floor":6},{"not_picked":["theMarked:Seal","theMarked:EnhanceMovement"],"picked":"theMarked:MaelstromOfLightning","floor":8},{"not_picked":["theMarked:ElementalBlade","theMarked:BanishingStrike","theMarked:Electrify"],"picked":"SKIP","floor":10},{"not_picked":["Enlightenment","Mind Blast"],"picked":"Trip","floor":11},{"not_picked":["theMarked:MagicAdept","theMarked:SuspiciousRaven"],"picked":"theMarked:Challenge","floor":16},{"not_picked":["theMarked:WastefulAttack","theMarked:Standoff+1","theMarked:ParalyzingBlade"],"picked":"SKIP","floor":18},{"not_picked":["theMarked:Aftermath+1","theMarked:BanishingStrike"],"picked":"theMarked:TwofoldDefense","floor":20},{"not_picked":["theMarked:ElementalBlade+1","theMarked:Seal"],"picked":"theMarked:RepellingDischarge","floor":21},{"not_picked":["theMarked:TwofoldDefense+1","theMarked:ElementalBlade"],"picked":"theMarked:TurnInvisible","floor":23},{"not_picked":["theMarked:SwordAndMagic","theMarked:Challenge","theMarked:MaelstromOfLightning"],"picked":"SKIP","floor":25},{"not_picked":["theMarked:Improvise","theMarked:RepellingDischarge","theMarked:ElectricStrings"],"picked":"SKIP","floor":28},{"not_picked":["theMarked:CreepingChasm","theMarked:BanishingStrike","theMarked:Overcharge"],"picked":"SKIP","floor":31},{"not_picked":["theMarked:FavorableWinds","theMarked:Defy"],"picked":"theMarked:TakeOffHeels","floor":33},{"not_picked":["theMarked:SelfDefenseTraining","theMarked:RepellingDischarge","theMarked:EmpowerWeapon+1"],"picked":"SKIP","floor":35},{"not_picked":["theMarked:RogueSparks+1","theMarked:TunnelVision"],"picked":"theMarked:ElectricStrings","floor":38},{"not_picked":["theMarked:CreepingChasm","theMarked:ComboAttacks","theMarked:ElectricStrings"],"picked":"SKIP","floor":41}],"player_experience":624641,"relics_obtained":[{"floor":9,"key":"Old Coin"},{"floor":14,"key":"Juzu Bracelet"},{"floor":23,"key":"theMarked:VonisonLock"},{"floor":23,"key":"Lantern"},{"floor":25,"key":"Vajra"},{"floor":25,"key":"Blood Vial"},{"floor":26,"key":"Sundial"},{"floor":28,"key":"White Beast Statue"},{"floor":28,"key":"Darkstone Periapt"},{"floor":41,"key":"InkBottle"},{"floor":41,"key":"Gremlin Horn"},{"floor":43,"key":"Omamori"}],"event_choices":[{"damage_healed":62,"gold_gain":0,"player_choice":"Upgrade","damage_taken":14,"max_hp_gain":0,"max_hp_loss":70,"event_name":"betterThird:BetterShining","floor":2,"gold_loss":0,"cards_upgraded":["theMarked:Strike","theMarked:SoldierOfQuellstein"]},{"cards_removed":["theMarked:Strike"],"damage_healed":0,"gold_gain":0,"player_choice":"Offered Basic","damage_taken":0,"max_hp_gain":0,"max_hp_loss":0,"event_name":"Bonfire Elementals","floor":4,"gold_loss":0},{"damage_healed":0,"gold_gain":1,"player_choice":"1","damage_taken":0,"max_hp_gain":0,"max_hp_loss":0,"event_name":"betterStone:BetterStone","floor":11,"gold_loss":0},{"damage_healed":0,"gold_gain":0,"player_choice":"Ignored","damage_taken":79,"max_hp_gain":0,"max_hp_loss":0,"event_name":"betterThird:BetterSerpent","floor":13,"gold_loss":0},{"damage_healed":0,"gold_gain":100,"player_choice":"Pray","damage_taken":0,"max_hp_gain":0,"max_hp_loss":0,"event_name":"Golden Shrine","floor":30,"gold_loss":0},{"cards_removed":["theMarked:RepellingDischarge"],"damage_healed":0,"gold_gain":0,"player_choice":"Removed Skill","damage_taken":0,"max_hp_gain":0,"max_hp_loss":0,"event_name":"Falling","floor":36,"gold_loss":0},{"damage_healed":0,"gold_gain":0,"player_choice":"Paid","damage_taken":0,"relics_obtained":["Red Mask"],"max_hp_gain":0,"max_hp_loss":0,"event_name":"Tomb of Lord Red Mask","floor":39,"gold_loss":82}],"is_beta":false,"boss_relics":[{"not_picked":["Cursed Key","Runic Dome"],"picked":"Black Star"},{"not_picked":["Pandora\u0027s Box","Busted Crown"],"picked":"Astrolabe"}],"items_purged_floors":[12,12],"is_endless":false,"potions_floor_spawned":[6,8,16,20,25,31,33,35,38,41],"killed_by":"Maw","ascension_level":3}}