{"host":"d9m9v0h6vo0edadb","time":1609581611,"event":{"mods":["BaseMod","Hermit","Keyboard Shortcuts","Minty Spire (QoL Compilation)","StSLib","SuperFastMode","The Cursed"],"gold_per_floor":[119,137,36,46,58,90,107,118,141,153,153,153,172,188,188,264,264,281,292,306,320,333,333,117,117,117,133,150,150,169,169,169,243,243,259,259,124,124,135,135,149,167,217,235,235,235,253,266,266,266,266,266],"floor_reached":51,"playtime":1377,"items_purged":["Strike_B","Strike_B","Strike_B"],"score":1326,"play_id":"b5153edf-6add-4330-b550-01c3ad3fd646","local_time":"20210102190011","is_ascension_mode":true,"campfire_choices":[{"data":"Go for the Eyes","floor":15.0,"key":"SMITH"},{"data":"Defragment","floor":23.0,"key":"SMITH"},{"data":"Biased Cognition","floor":25.0,"key":"SMITH"},{"data":"Coolheaded","floor":29.0,"key":"SMITH"},{"floor":32.0,"key":"REST"},{"data":"Loop","floor":40.0,"key":"SMITH"},{"floor":45.0,"key":"REST"},{"data":"Dualcast","floor":49.0,"key":"SMITH"}],"circlet_count":0,"master_deck":["AscendersBane","Defend_B","Defend_B","Defend_B","Defend_B","Zap","Dualcast+1","Buffer+1","Self Repair","Coolheaded+1","Cold Snap","Streamline","Core Surge","Gash","Capacitor","Go for the Eyes+1","Biased Cognition+1","Barrage+1","Defragment+1","Turbo","Chill+1","Electrodynamics","Core Surge","Loop+1","Parasite"],"relics":["Cracked Core","Smiling Mask","Orichalcum","Inserter","Membership Card","Bottled Lightning","Nuclear Battery","Boot","Ornamental Fan"],"acts_visited":["Exordium","TheCity","TheBeyond"],"potions_floor_usage":[51,51],"damage_taken":[{"damage":2.0,"enemies":"Jaw Worm","floor":1.0,"turns":4.0},{"damage":0.0,"enemies":"Cultist","floor":2.0,"turns":5.0},{"damage":3.0,"enemies":"Small Slimes","floor":4.0,"turns":5.0},{"damage":20.0,"enemies":"Exordium Thugs","floor":5.0,"turns":7.0},{"damage":10.0,"enemies":"3 Sentries","floor":6.0,"turns":10.0},{"damage":4.0,"enemies":"Blue Slaver","floor":7.0,"turns":5.0},{"damage":14.0,"enemies":"Gremlin Gang","floor":8.0,"turns":5.0},{"damage":4.0,"enemies":"Looter","floor":10.0,"turns":4.0},{"damage":12.0,"enemies":"Lots of Slimes","floor":13.0,"turns":5.0},{"damage":18.0,"enemies":"Exordium Thugs","floor":14.0,"turns":6.0},{"damage":0.0,"enemies":"The Guardian","floor":16.0,"turns":14.0},{"damage":3.0,"enemies":"Spheric Guardian","floor":18.0,"turns":6.0},{"damage":4.0,"enemies":"Chosen","floor":19.0,"turns":6.0},{"damage":16.0,"enemies":"Centurion and Healer","floor":20.0,"turns":10.0},{"damage":27.0,"enemies":"Chosen and Byrds","floor":21.0,"turns":7.0},{"damage":7.0,"enemies":"Sentry and Sphere","floor":22.0,"turns":6.0},{"damage":0.0,"enemies":"Snecko","floor":27.0,"turns":7.0},{"damage":16.0,"enemies":"Snake Plant","floor":28.0,"turns":5.0},{"damage":5.0,"enemies":"Centurion and Healer","floor":30.0,"turns":6.0},{"damage":4.0,"enemies":"Champ","floor":33.0,"turns":12.0},{"damage":9.0,"enemies":"3 Darklings","floor":35.0,"turns":5.0},{"damage":17.0,"enemies":"Orb Walker","floor":39.0,"turns":4.0},{"damage":14.0,"enemies":"3 Darklings","floor":41.0,"turns":7.0},{"damage":39.0,"enemies":"Transient","floor":42.0,"turns":6.0},{"damage":0.0,"enemies":"Writhing Mass","floor":44.0,"turns":6.0},{"damage":0.0,"enemies":"4 Shapes","floor":47.0,"turns":8.0},{"damage":0.0,"enemies":"Maw","floor":48.0,"turns":8.0},{"damage":51.0,"enemies":"Awakened One","floor":50.0,"turns":18.0},{"damage":20,"enemies":"Time Eater","floor":51,"turns":6}],"seed_played":"-7352088610535041650","potions_obtained":[{"floor":2.0,"key":"BlessingOfTheForge"},{"floor":5.0,"key":"Ancient Potion"},{"floor":6.0,"key":"Regen Potion"},{"floor":8.0,"key":"PowerPotion"},{"floor":13.0,"key":"Regen Potion"},{"floor":16.0,"key":"Swift Potion"},{"floor":27.0,"key":"EntropicBrew"},{"floor":35.0,"key":"SkillPotion"},{"floor":42.0,"key":"FearPotion"}],"is_trial":false,"path_per_floor":["M","M","$","M","M","E","M","M","T","M","?","?","M","M","R","B",null,"M","M","M","M","M","R","$","R","T","M","M","R","M","?","R","B",null,"M","?","$","?","M","R","M","M","T","M","R","T","M","M","R","B","B"],"character_chosen":"DEFECT","items_purchased":["Cold Snap","Membership Card","Core Surge"],"campfire_rested":2,"item_purchase_floors":[3,24,37],"current_hp_per_floor":[62,69,69,71,58,55,71,64,64,60,65,65,60,49,49,56,71,75,76,67,47,47,47,47,47,47,54,45,45,47,25,49,52,74,65,65,65,65,55,55,48,16,16,23,46,46,53,60,60,16,0,0],"gold":266,"neow_bonus":"TRANSFORM_CARD","is_daily":false,"chose_seed":false,"campfire_upgraded":6,"win_rate":0.0,"timestamp":1609581611,"path_taken":["M","M","$","M","M","E","M","M","T","M","?","?","M","M","R","BOSS","M","M","?","M","M","R","?","R","T","M","M","R","M","?","R","BOSS","M","?","$","?","M","R","M","M","T","M","R","?","?","?","R","BOSS","BOSS"],"items_purchased_type":["Card","Relic","Card"],"build_version":"2020-12-22","purchased_purges":3,"victory":false,"max_hp_per_floor":[71,71,71,71,71,71,71,71,71,71,76,76,76,76,76,76,76,76,76,76,76,76,76,76,76,76,76,76,76,76,81,81,81,81,81,81,81,77,77,77,77,77,77,77,77,77,77,77,77,77,77,77],"card_choices":[{"not_picked":["Conserve Battery","Reinforced Body"],"picked":"Self Repair","floor":1.0},{"not_picked":["Streamline","Rebound"],"picked":"Coolheaded","floor":2.0},{"not_picked":["Darkness","Static Discharge"],"picked":"Compile Driver","floor":4.0},{"not_picked":["Undo","Sunder"],"picked":"Streamline","floor":5.0},{"not_picked":["Conserve Battery","Ball Lightning"],"picked":"Core Surge","floor":6.0},{"not_picked":["Coolheaded","Redo","Streamline"],"picked":"SKIP","floor":7.0},{"not_picked":["Storm","Static Discharge"],"picked":"Gash","floor":8.0},{"not_picked":["Steam Power","Stack"],"picked":"Capacitor","floor":10.0},{"not_picked":["Streamline","Coolheaded","Beam Cell"],"picked":"SKIP","floor":13.0},{"not_picked":["Melter","Cold Snap"],"picked":"Go for the Eyes","floor":14.0},{"not_picked":["Echo Form","Fission"],"picked":"Biased Cognition","floor":16.0},{"not_picked":["Beam Cell+1","Conserve Battery+1"],"picked":"Barrage+1","floor":18.0},{"not_picked":["Stack","Redo","Reinforced Body"],"picked":"SKIP","floor":19.0},{"not_picked":["Hologram","Stack","Self Repair"],"picked":"SKIP","floor":20.0},{"not_picked":["Gash","Loop"],"picked":"Defragment","floor":21.0},{"not_picked":["Go for the Eyes","Reprogram","Undo"],"picked":"SKIP","floor":22.0},{"not_picked":["Streamline","Barrage","Fission"],"picked":"SKIP","floor":27.0},{"not_picked":["Cold Snap","Auto Shields+1"],"picked":"Turbo","floor":28.0},{"not_picked":["Turbo","Steam"],"picked":"Chill+1","floor":30.0},{"not_picked":["Reboot","Creative AI"],"picked":"Electrodynamics","floor":33.0},{"not_picked":["Fusion","Melter","Chill"],"picked":"SKIP","floor":35.0},{"not_picked":["Redo","Barrage"],"picked":"Loop","floor":39.0},{"not_picked":["Rebound+1","BootSequence","Hologram"],"picked":"SKIP","floor":41.0},{"not_picked":["Ball Lightning","Barrage","Compile Driver+1"],"picked":"SKIP","floor":42.0},{"not_picked":["Hologram+1","Turbo","Steam Power"],"picked":"SKIP","floor":44.0},{"not_picked":["Turbo","Rebound","Coolheaded"],"picked":"SKIP","floor":47.0},{"not_picked":["Coolheaded+1","Go for the Eyes+1","Redo+1"],"picked":"SKIP","floor":48.0}],"player_experience":947080,"relics_obtained":[{"floor":6.0,"key":"Smiling Mask"},{"floor":9.0,"key":"Orichalcum"},{"floor":26.0,"key":"Bottled Lightning"},{"floor":43.0,"key":"Boot"},{"floor":46.0,"key":"Ornamental Fan"}],"event_choices":[{"damage_healed":0.0,"max_hp_gain":5.0,"max_hp_loss":0.0,"gold_gain":0.0,"event_name":"Big Fish","player_choice":"Donut","floor":11.0,"gold_loss":0.0,"damage_taken":0.0},{"damage_healed":0.0,"max_hp_gain":0.0,"max_hp_loss":0.0,"gold_gain":0.0,"event_name":"Accursed Blacksmith","player_choice":"Forge","floor":12.0,"gold_loss":0.0,"damage_taken":0.0,"cards_upgraded":["Buffer"]},{"damage_healed":0.0,"max_hp_gain":5.0,"max_hp_loss":0.0,"gold_gain":0.0,"event_name":"Forgotten Altar","player_choice":"Shed Blood","floor":31.0,"gold_loss":0.0,"damage_taken":27.0},{"cards_removed":["Compile Driver"],"damage_healed":0.0,"max_hp_gain":0.0,"max_hp_loss":0.0,"gold_gain":0.0,"event_name":"Falling","player_choice":"Removed Attack","floor":36.0,"gold_loss":0.0,"damage_taken":0.0},{"damage_healed":0.0,"max_hp_gain":0.0,"max_hp_loss":4.0,"gold_gain":0.0,"event_name":"Winding Halls","player_choice":"Max HP","floor":38.0,"gold_loss":0.0,"damage_taken":0.0}],"is_beta":false,"boss_relics":[{"not_picked":["Snecko Eye","Sozu"],"picked":"Inserter"},{"not_picked":["SlaversCollar","Black Star"],"picked":"Nuclear Battery"}],"items_purged_floors":[3,24,37],"is_endless":false,"potions_floor_spawned":[2,5,6,8,13,16,20,21,27,30,35,42,44],"killed_by":"Time Eater","ascension_level":20}}