{"host":"emut9mh212kd9b86","time":1609590074,"event":{"mods":["ATMod(阿瑾Mod)","Act Like it!","BaseMod","Better Vampires","Downfall","Koishi","KomeijiMod","Minty Spire (QoL Compilation)","MostiFishMod","Shop Mod","Spicy Shops","StSLib","TestMod","Waifu the Spire","noobMod","【遗物卡牌】REMEMod"],"gold_per_floor":[99,117,130,140,315,346,346,25,56,56,84,94,121,139,151,248,248,98,114,134,134,148,248,274,274,305,317,342,342,9,40,50,144,144,144,144,160,160,173,192,192,361,394,16,64,119,119,26,68,92],"floor_reached":51,"playtime":2786,"items_purged":["Koishi:BasicStrike","Regret","Doubt","Writhe","Koishi:BasicStrike+1"],"score":1656,"play_id":"b7e08e6d-d6ef-4aad-b2d7-9cc00f4cdeba","local_time":"20210102202114","is_ascension_mode":true,"campfire_choices":[{"floor":1,"key":"RECALL"},{"data":"Koishi:PredatoryInstincts","floor":18,"key":"SMITH"},{"data":"MostiFishMod:SephirahHod","floor":35,"key":"SMITH"},{"data":"Koishi:JumpScare","floor":47,"key":"SMITH"}],"circlet_count":0,"master_deck":["Koishi:BasicDefend","Koishi:BasicDefend","Koishi:BasicDefend+1","Koishi:BasicDefend+1","Koishi:Provoke","Koishi:HauntingSlash+1","AT_BodySlamDance+1","Koishi:JumpScare+1","Koishi:LastRemote","Koishi:LastRemote","Koishi:PredatoryInstincts+1","MostiFishMod:SephirahHod+1","Koishi:FleetingPhantom"],"relics":["Koishi:ImaginaryFriend","testmod-TestBox","ice","DaveBox","AT_ATBox","REME_ComplimentaryCards","testmod-FatalChain","Nloth\u0027s Gift","testmod-BlackFramedGlasses","MerchantsRug","Juzu Bracelet","AT_SeraphEmbrace","testmod-AssaultLearning","AT_TrinityForce","downfall:HeartBlessingRed","downfall:HeartBlessingGreen","Toy Ornithopter","AT_BellDemon","REME_HandOfSuture","Bag of Preparation","Boot","Letter Opener","FossilizedHelix","Omamori","testmod-Charity","Koishi:BloodstainedWhiteRose","AT_ForceNature","CombinedTypeHook","MostiFishMod:Hod","PreservedInsect","Question Card","Blue Candle","AT_BladeRuinedKing","Nunchaku","StrikeDummy","Bag of Marbles","AT_DeathDance","Happy Flower","AT_MibuBalloonWealth","Toy Ornithopter","ArrowTower","AT_ChloranthyRing","testmod-InfectionSource"],"acts_visited":["Exordium","TheCity","TheBeyond"],"potions_floor_usage":[23,33],"damage_taken":[{"damage":0,"enemies":"Jaw Worm","floor":2,"turns":5},{"damage":1,"enemies":"Small Slimes","floor":3,"turns":6},{"damage":0,"enemies":"Cultist","floor":4,"turns":4},{"damage":85,"enemies":"Gremlin Nob","floor":6,"turns":8},{"damage":0,"enemies":"downfall:FleeingMerchant","floor":8,"turns":4},{"damage":4,"enemies":"Lagavulin","floor":9,"turns":6},{"damage":21,"enemies":"Gremlin Nob","floor":11,"turns":4},{"damage":2,"enemies":"Blue Slaver","floor":12,"turns":2},{"damage":2,"enemies":"3 Sentries","floor":13,"turns":4},{"damage":1,"enemies":"Exordium Wildlife","floor":14,"turns":3},{"damage":0,"enemies":"Gremlin Gang","floor":15,"turns":1},{"damage":5,"enemies":"downfall:Watcher","floor":16,"turns":9},{"damage":13,"enemies":"Spheric Guardian","floor":19,"turns":4},{"damage":2,"enemies":"Shell Parasite","floor":20,"turns":3},{"damage":7,"enemies":"Shelled Parasite and Fungi","floor":22,"turns":3},{"damage":1,"enemies":"downfall:LadyInBlue","floor":23,"turns":3},{"damage":0,"enemies":"REME_1_Revenger","floor":26,"turns":1},{"damage":19,"enemies":"3 Cultists","floor":27,"turns":4},{"damage":0,"enemies":"Book of Stabbing","floor":28,"turns":1},{"damage":12,"enemies":"downfall:FleeingMerchant","floor":30,"turns":4},{"damage":0,"enemies":"Slavers","floor":31,"turns":1},{"damage":0,"enemies":"Snecko","floor":32,"turns":2},{"damage":0,"enemies":"downfall:Defect","floor":33,"turns":5},{"damage":0,"enemies":"Orb Walker","floor":37,"turns":1},{"damage":0,"enemies":"3 Shapes","floor":39,"turns":1},{"damage":0,"enemies":"3 Darklings","floor":40,"turns":1},{"damage":0,"enemies":"Reptomancer","floor":43,"turns":2},{"damage":0,"enemies":"downfall:FleeingMerchant","floor":44,"turns":1},{"damage":0,"enemies":"Giant Head","floor":46,"turns":1},{"damage":1,"enemies":"Maw","floor":49,"turns":1},{"damage":0,"enemies":"downfall:Ironclad","floor":50,"turns":2}],"seed_played":"-797386248729080470","potions_obtained":[{"floor":2,"key":"AttackPotion"},{"floor":3,"key":"ExcitationPotion"},{"floor":6,"key":"Strength Potion"},{"floor":9,"key":"SteroidPotion"},{"floor":12,"key":"CalmPotion"},{"floor":20,"key":"SkillPotion"},{"floor":23,"key":"Fruit Juice"},{"floor":23,"key":"FearPotion"},{"floor":31,"key":"AttackPotion"},{"floor":32,"key":"testmod-TestPotion"},{"floor":39,"key":"Fire Potion"},{"floor":40,"key":"Regen Potion"},{"floor":43,"key":"Strength Potion"}],"is_trial":false,"path_per_floor":["R","M","M","M","?","E","T","$","E","?","E","M","E","M","M","B",null,"R","M","M","?","M","?","T","?","E","M","E","?","$","E","M","B",null,"R","?","M","?","M","M","T","?","E","$","T","E","R","$","M","B",null],"character_chosen":"KOISHI","items_purchased":["MerchantsRug","Whetstone","testmod-Charity","Bag of Marbles","AT_DeathDance","Happy Flower","AT_ChloranthyRing"],"campfire_rested":0,"item_purchase_floors":[8,8,30,44,44,44,48],"current_hp_per_floor":[54,54,54,54,54,19,19,23,31,31,18,20,22,26,29,45,72,72,63,74,74,86,95,95,95,95,98,99,79,75,91,107,123,123,123,123,124,124,126,127,127,128,131,138,139,141,141,142,144,146],"gold":92,"neow_bonus":"REMOVE_TWO","is_daily":false,"chose_seed":false,"campfire_upgraded":3,"win_rate":0.0,"timestamp":1609590074,"path_taken":["R","M","M","M","?","E","T","$","E","?","E","M","E","M","M","BOSS","R","M","M","?","M","?","T","?","E","M","E","?","$","E","M","BOSS","R","?","M","?","M","M","T","?","E","$","?","E","R","$","M","BOSS"],"items_purchased_type":["Relic","Relic","Relic","Relic","Relic","Relic","Relic"],"build_version":"2020-12-22","purchased_purges":5,"victory":true,"max_hp_per_floor":[54,54,54,54,54,55,55,60,63,63,65,66,69,70,70,81,81,81,84,86,86,89,95,95,95,95,99,99,104,113,114,116,123,123,123,123,124,124,126,127,127,128,131,138,139,141,141,142,144,146],"card_choices":[{"not_picked":["Koishi:ConditionedTeleport","Koishi:YoukaiPolygraph","Koishi:ReflexRadar"],"picked":"SKIP","floor":2},{"not_picked":["Koishi:SubconsciousSweep","Koishi:VengefulSpirit","Koishi:RacingHeart"],"picked":"SKIP","floor":3},{"not_picked":["Koishi:SubconsciousSweep","Koishi:PhantomStrike","Koishi:CatchAndRose"],"picked":"SKIP","floor":4},{"not_picked":["Koishi:FleetingPhantom","Koishi:FourthEye"],"picked":"Koishi:JumpScare","floor":6},{"not_picked":["Koishi:PhilosophyOfTheDespised","Koishi:PhantomStrike","Koishi:ApparitionsStalkTheNight"],"picked":"SKIP","floor":8},{"not_picked":["Koishi:MindNumbingTerror","Koishi:GhostParty"],"picked":"Koishi:LastRemote","floor":9},{"not_picked":["Koishi:VengefulSpirit","Koishi:YoukaiPolygraph","Koishi:Jaunt"],"picked":"SKIP","floor":11},{"not_picked":["Koishi:Prune","Koishi:ParalyzingFear","Koishi:GhostParty"],"picked":"SKIP","floor":12},{"not_picked":["Koishi:UnseenTerror","Koishi:Ego"],"picked":"Koishi:LastRemote","floor":13},{"not_picked":["Koishi:DanmakuParanoia","Koishi:DreadfulBlow"],"picked":"Koishi:PredatoryInstincts","floor":14},{"not_picked":["Koishi:HeartStoppingHorror","Koishi:SpiritedAway","Koishi:DreadfulBlow"],"picked":"SKIP","floor":15},{"not_picked":["Koishi:BramblyRoseGarden+1","Koishi:PredatoryInstincts","Koishi:FleetingPhantom"],"picked":"SKIP","floor":19},{"not_picked":["Koishi:EmbryosDream+1","Koishi:TremblingHands","Koishi:PhantomBarrier"],"picked":"SKIP","floor":20},{"not_picked":["Koishi:HeartAttack","Koishi:StrangeCloudFist","Koishi:SubconsciousSweep"],"picked":"SKIP","floor":22},{"not_picked":["Koishi:ApparitionsStalkTheNight","Koishi:SubconsciousSweep+1","Koishi:FadingMemory"],"picked":"SKIP","floor":26},{"not_picked":["Koishi:FleetingPhantom+1","Koishi:StrangeCloudFist","Koishi:UnansweredLove"],"picked":"SKIP","floor":27},{"not_picked":["Koishi:FourthEye","Koishi:EmbersOfLove+1","Koishi:CatchAndRose+1"],"picked":"SKIP","floor":28},{"not_picked":["Koishi:GeneticsOfTheUnconscious+1","Koishi:MindNumbingTerror","Koishi:StingingMind"],"picked":"SKIP","floor":30},{"not_picked":["Koishi:RuptureMind","Koishi:HeartStoppingHorror","Koishi:HeartfeltFancy"],"picked":"SKIP","floor":31},{"not_picked":["Koishi:UnseenTerror+1","Koishi:GrowingPain","Koishi:EmbryosDream"],"picked":"SKIP","floor":32},{"not_picked":["Koishi:UnansweredLove+1","Koishi:MassHysteria+1","Koishi:TraumaticStroke+1"],"picked":"SKIP","floor":37},{"not_picked":["Koishi:Catatonia","Koishi:ImGoingToCallYouNow","Koishi:UnansweredLove"],"picked":"SKIP","floor":39},{"not_picked":["Koishi:RacingHeart","Koishi:SubterraneanRose+1","Koishi:Prune"],"picked":"SKIP","floor":40},{"not_picked":["Koishi:StingingMind","Koishi:UnseenTerror","Koishi:UnansweredLove","Koishi:ReflexRadar"],"picked":"SKIP","floor":43},{"not_picked":["Koishi:CatchAndRose+1","Koishi:UnseenTerror+1","Koishi:RacingHeart","Koishi:SprinkleStarAndHeart+1"],"picked":"SKIP","floor":44},{"not_picked":["Koishi:MentalBreakdown","Koishi:MindStellarRelief","Koishi:HeartStoppingHorror","Koishi:PhantomStrike+1"],"picked":"SKIP","floor":46},{"not_picked":["Koishi:TraumaticStroke+1","Koishi:ApparitionsStalkTheNight","Koishi:SpiritedAway+1","Koishi:UnseenTerror"],"picked":"SKIP","floor":49}],"player_experience":417206,"relics_obtained":[{"floor":6,"key":"ImprovedEquipment"},{"floor":7,"key":"testmod-BlackFramedGlasses"},{"floor":9,"key":"Juzu Bracelet"},{"floor":11,"key":"AT_ArchangelStaff"},{"floor":13,"key":"testmod-AssaultLearning"},{"floor":23,"key":"Toy Ornithopter"},{"floor":24,"key":"AT_BellDemon"},{"floor":26,"key":"Bag of Preparation"},{"floor":26,"key":"testmod-OneHitWonder"},{"floor":27,"key":"Boot"},{"floor":28,"key":"Letter Opener"},{"floor":28,"key":"FossilizedHelix"},{"floor":30,"key":"Omamori"},{"floor":31,"key":"Koishi:BloodstainedWhiteRose"},{"floor":31,"key":"Potion Belt"},{"floor":32,"key":"AT_ForceNature"},{"floor":33,"key":"CombinedTypeHook"},{"floor":37,"key":"PreservedInsect"},{"floor":39,"key":"Gambling Chip"},{"floor":40,"key":"Question Card"},{"floor":41,"key":"Blue Candle"},{"floor":43,"key":"AT_BladeRuinedKing"},{"floor":43,"key":"Nunchaku"},{"floor":44,"key":"StrikeDummy"},{"floor":45,"key":"AT_MibuBalloonWealth"},{"floor":46,"key":"Toy Ornithopter"},{"floor":46,"key":"ArrowTower"},{"floor":49,"key":"testmod-InfectionSource"}],"event_choices":[{"damage_healed":0,"gold_gain":0,"player_choice":"Ignored","damage_taken":0,"max_hp_gain":0,"max_hp_loss":0,"event_name":"给自己的盒子","floor":21,"gold_loss":0},{"damage_healed":0,"gold_gain":0,"cards_transformed":["Slimebound:Gluttony"],"player_choice":"Transformed","damage_taken":0,"max_hp_gain":0,"max_hp_loss":0,"event_name":"Transmorgrifier","floor":36,"gold_loss":0,"cards_obtained":["Koishi:FleetingPhantom"]}],"is_beta":false,"boss_relics":[{"not_picked":["NightmareShop","FrostBlade"],"picked":"AT_TrinityForce"},{"not_picked":["testmod-Recursion","OneHitWonderSystem"],"picked":"MostiFishMod:Hod"}],"items_purged_floors":[8,30,30,44,44],"is_endless":false,"potions_floor_spawned":[2,3,6,9,12,20,26,31,32,39,40,43],"ascension_level":6}}