{"host":"t1puqh5lxz8sp6fn","time":1609591357,"event":{"mods":["AchievementEnabler","BaseMod","Colored Powertips","Hermit","Hubris","Marisa????????","Minty Spire (QoL Compilation)","Rare Cards Sparkle","StSLib","The Cursed","The Mystic","The Runesmith","The Servant 0.9.4"],"gold_per_floor":[109,123,135,135,152,170,195,195,221,14,14,14,14,64,64,159,159,175,194,244,294,294,294],"floor_reached":22,"playtime":773,"items_purged":[],"score":285,"play_id":"ec18ecfa-9606-4a4d-b099-8507c6af03f3","local_time":"20210102094237","is_ascension_mode":true,"campfire_choices":[{"floor":11.0,"key":"REST"},{"data":"Armaments","floor":15.0,"key":"SMITH"}],"circlet_count":0,"master_deck":["AscendersBane","Strike_R","Strike_R","Strike_R","Defend_R+1","Defend_R","Defend_R","Bash","Sword Boomerang","Shrug It Off","Metallicize","Anger","Shrug It Off","Armaments+1","Thunderclap+1","hubris:ReadiedAction","Intimidate","Berserk","Combust","Flex+1","Bloodletting","Forethought"],"relics":["Burning Blood","NeowsBlessing","Juzu Bracelet","Potion Belt","hubris:EmptyBottle","SsserpentHead","SacredBark"],"acts_visited":["Exordium","TheCity"],"potions_floor_usage":[22,22],"damage_taken":[{"damage":0.0,"enemies":"2 Louse","floor":1.0,"turns":1.0},{"damage":0.0,"enemies":"Cultist","floor":2.0,"turns":1.0},{"damage":0.0,"enemies":"Small Slimes","floor":3.0,"turns":1.0},{"damage":5.0,"enemies":"Gremlin Gang","floor":5.0,"turns":6.0},{"damage":15.0,"enemies":"3 Louse","floor":6.0,"turns":6.0},{"damage":47.0,"enemies":"Gremlin Nob","floor":7.0,"turns":5.0},{"damage":11.0,"enemies":"Hexaghost","floor":16.0,"turns":11.0},{"damage":15.0,"enemies":"Spheric Guardian","floor":18.0,"turns":4.0},{"damage":3.0,"enemies":"2 Thieves","floor":19.0,"turns":4.0},{"damage":49,"enemies":"Snake Plant","floor":22,"turns":6}],"seed_played":"-6402460438939984227","potions_obtained":[{"floor":1.0,"key":"GamblersBrew"},{"floor":2.0,"key":"FearPotion"},{"floor":7.0,"key":"HeartOfIron"},{"floor":16.0,"key":"AttackPotion"},{"floor":18.0,"key":"Strength Potion"}],"is_trial":false,"path_per_floor":["M","M","M","?","M","M","E","$","T","$","R","?","?","?","R","B",null,"M","M","?","?","M"],"character_chosen":"IRONCLAD","items_purchased":["hubris:EmptyBottle","hubris:ReadiedAction"],"campfire_rested":1,"item_purchase_floors":[10,10],"current_hp_per_floor":[78,80,80,80,80,71,30,30,30,30,54,38,38,38,38,33,68,59,62,62,44,0,0],"gold":294,"neow_bonus":"THREE_ENEMY_KILL","is_daily":false,"chose_seed":false,"campfire_upgraded":1,"win_rate":0.0,"timestamp":1609591357,"path_taken":["M","M","M","?","M","M","E","$","T","$","R","?","?","?","R","BOSS","M","M","?","?","M"],"items_purchased_type":["Relic","Card"],"build_version":"2020-12-13","purchased_purges":0,"victory":false,"max_hp_per_floor":[80,80,80,80,80,80,80,80,80,80,80,80,80,80,80,80,80,80,80,80,80,80,80],"card_choices":[{"not_picked":["Bloodletting","Infernal Blade"],"picked":"Sword Boomerang","floor":1.0},{"not_picked":["Power Through","Warcry"],"picked":"Shrug It Off","floor":2.0},{"not_picked":["Reckless Charge","Rupture"],"picked":"Metallicize","floor":3.0},{"not_picked":["Headbutt","Pummel"],"picked":"Shrug It Off","floor":5.0},{"not_picked":["Burning Pact","Dark Embrace"],"picked":"Armaments","floor":6.0},{"not_picked":["Warcry","Pommel Strike"],"picked":"Thunderclap","floor":7.0},{"not_picked":["Exhume","Double Tap"],"picked":"Berserk","floor":16.0},{"not_picked":["Ghostly Armor","Intimidate"],"picked":"Combust","floor":18.0},{"not_picked":["Thunderclap","Heavy Blade"],"picked":"Flex+1","floor":19.0}],"player_experience":400806,"relics_obtained":[{"floor":7.0,"key":"Juzu Bracelet"},{"floor":9.0,"key":"Potion Belt"}],"event_choices":[{"damage_healed":0.0,"max_hp_gain":0.0,"max_hp_loss":0.0,"gold_gain":0.0,"cards_transformed":["Strike_R"],"event_name":"Transmorgrifier","player_choice":"Transformed","floor":4.0,"gold_loss":0.0,"damage_taken":0.0,"cards_obtained":["Anger"]},{"damage_healed":0.0,"max_hp_gain":0.0,"max_hp_loss":0.0,"gold_gain":0.0,"event_name":"Shining Light","player_choice":"Entered Light","floor":12.0,"gold_loss":0.0,"damage_taken":16.0,"cards_upgraded":["Thunderclap","Defend_R"]},{"damage_healed":0.0,"max_hp_gain":0.0,"max_hp_loss":0.0,"gold_gain":0.0,"event_name":"FaceTrader","player_choice":"Trade","floor":13.0,"gold_loss":0.0,"damage_taken":0.0,"relics_obtained":["SsserpentHead"]},{"damage_healed":0.0,"max_hp_gain":0.0,"max_hp_loss":0.0,"gold_gain":0.0,"cards_transformed":["Strike_R"],"event_name":"Living Wall","player_choice":"Change","floor":14.0,"gold_loss":0.0,"damage_taken":0.0,"cards_obtained":["Intimidate"]},{"damage_healed":0.0,"max_hp_gain":0.0,"max_hp_loss":0.0,"gold_gain":0.0,"cards_transformed":["Defend_R"],"event_name":"Transmorgrifier","player_choice":"Transformed","floor":20.0,"gold_loss":0.0,"damage_taken":0.0,"cards_obtained":["Bloodletting"]},{"damage_healed":0.0,"max_hp_gain":0.0,"max_hp_loss":0.0,"gold_gain":0.0,"event_name":"Knowing Skull","player_choice":"CARD POTION ","floor":21.0,"potions_obtained":["EssenceOfSteel"],"gold_loss":0.0,"damage_taken":18.0,"cards_obtained":["Forethought"]}],"is_beta":false,"boss_relics":[{"not_picked":["hubris:CrackedHourglass","SlaversCollar"],"picked":"SacredBark"}],"items_purged_floors":[],"is_endless":false,"potions_floor_spawned":[1,2,7,16,18],"killed_by":"Snake Plant","ascension_level":11}}