{"host":"zjc1tzo4ovig5lll","time":1609605362,"event":{"mods":["AchievementEnabler","Aspiration","BaseMod","Beaked The Cultist","Better Altar","Better Match","Better Note","Better Sensory Stone","Colored Map","Colored Powertips","Conspire","Energized Spire","Friendly Minions","GifTheSpireLib","Halation","Hermit","Hubris","Minty Spire (QoL Compilation)","Rare Cards Sparkle","Replay The Spire","StSLib","The Blue Laboratory","The Bug Knight","The Construct","The Jungle","everything is the same but u backflip on backflip","vexMod"],"gold_per_floor":[119,119,4,4,19,51,51,70,70,70,70,80,80,93,93,192,192,204,204,204,204,214,231,231,231,231,231,248,21,33,50,50,153,153,163,182,194,205,205,205,237,162,162,177,177,194,223,223,223,223,223,223,123,153,153],"floor_reached":56,"playtime":4701,"items_purged":["Pain","Pain"],"score":1300,"play_id":"aeedb50c-b430-472f-a282-4c16ee15711d","local_time":"20210102183602","is_ascension_mode":true,"campfire_choices":[{"floor":7,"key":"REST"},{"floor":10,"key":"REST"},{"floor":15,"key":"REST"},{"data":"Bandage Up","floor":24,"key":"SMITH"},{"floor":32,"key":"RECALL"},{"data":"A Thousand Cuts","floor":40,"key":"SMITH"},{"data":"hermit:Brawl","floor":45,"key":"SMITH"},{"floor":49,"key":"DIG"},{"data":"Replay:Bootleg Shield Generator","floor":52,"key":"SMITH"}],"circlet_count":0,"master_deck":["hermit:Strike_Hermit+1","hermit:Strike_Hermit","hermit:Strike_Hermit","hermit:Strike_Hermit","hermit:Defend_Hermit","hermit:Defend_Hermit+1","hermit:Defend_Hermit","hermit:Defend_Hermit","hermit:Snapshot","hermit:Covet","hermit:LuckOfTheDraw","hermit:Glare","hermit:Brawl","hermit:HighNoon","Replay:Bootleg Shield Generator","Bandage Up+1","beaked:Daydream","Iron Wave+1","hermit:Maintenance+1","hubris:EnhanceAbility","beaked:Hexing","A Thousand Cuts","Riddle With Holes","Leap+1","WaveOfTheHand+1","hermit:Strike_Hermit+1","hermit:Strike_Hermit","hermit:Strike_Hermit","hermit:Strike_Hermit","hermit:Defend_Hermit","hermit:Defend_Hermit+1","hermit:Defend_Hermit","hermit:Defend_Hermit","hermit:Snapshot","hermit:Covet","hermit:LuckOfTheDraw","hermit:Glare","hermit:Brawl+1","hermit:HighNoon","Replay:Bootleg Shield Generator+1","Bandage Up+1","beaked:Daydream","Iron Wave+1","hermit:Maintenance+1","hubris:EnhanceAbility","beaked:Hexing","A Thousand Cuts+1","Riddle With Holes","Leap+1","WaveOfTheHand+1","HollowMod:Weaversong"],"relics":["Replay:Fungal Core","halation:PeacePiece","hubris:Icosahedron","vexMod:ScavengeHelm","Kunai","WarpedTongs","energizedSpire:OgreHead","PrismaticShard","aspiration:HummingbirdHeart","vexMod:CursedCompass","Replay:WaspNest","hubris:PeanutButter","halation:WeightlessCrab"],"acts_visited":["Exordium","TheCity","TheBeyond","TheEnding"],"potions_floor_usage":[38,41,55],"damage_taken":[{"damage":8,"enemies":"2 Louse","floor":1,"turns":3},{"damage":2,"enemies":"conspire:RoseBush","floor":5,"turns":5},{"damage":46,"enemies":"Lagavulin","floor":6,"turns":13},{"damage":1,"enemies":"Cultist","floor":8,"turns":4},{"damage":1,"enemies":"Large Slime","floor":12,"turns":4},{"damage":10,"enemies":"Blue Slaver","floor":14,"turns":4},{"damage":38,"enemies":"Hexaghost","floor":16,"turns":13},{"damage":4,"enemies":"conspire:FuzzyDice","floor":18,"turns":7},{"damage":1,"enemies":"Shell Parasite","floor":22,"turns":7},{"damage":28,"enemies":"3 Cultists","floor":23,"turns":7},{"damage":7,"enemies":"Centurion and Healer","floor":28,"turns":8},{"damage":5,"enemies":"Snake Plant","floor":30,"turns":7},{"damage":1,"enemies":"conspire:HollyBat","floor":31,"turns":8},{"damage":4,"enemies":"Pondfish","floor":33,"turns":11},{"damage":6,"enemies":"3 Darklings","floor":35,"turns":8},{"damage":9,"enemies":"3 Shapes","floor":36,"turns":6},{"damage":18,"enemies":"Transient","floor":37,"turns":5},{"damage":35,"enemies":"Sphere and 2 Shapes","floor":38,"turns":10},{"damage":10,"enemies":"Reptomancer","floor":41,"turns":12},{"damage":8,"enemies":"Jaw Worm Horde","floor":44,"turns":5},{"damage":3,"enemies":"Transient","floor":46,"turns":5},{"damage":0,"enemies":"R_Hoarder","floor":47,"turns":13},{"damage":6,"enemies":"Time Eater","floor":50,"turns":17},{"damage":19,"enemies":"Shield and Spear","floor":54,"turns":9},{"damage":38,"enemies":"The Heart","floor":55,"turns":10}],"seed_played":"4456050813998902267","potions_obtained":[{"floor":5,"key":"blueLaboratory:Moonshine"},{"floor":33,"key":"hermit:Tonic"},{"floor":37,"key":"Regen Potion"},{"floor":41,"key":"Explosive Potion"}],"is_trial":false,"path_per_floor":["M","?","$","?","M","E","R","M","T","R","?","M","?","M","R","B",null,"M","?","?","$","M","M","R","?","T","?","M","$","M","M","R","B",null,"M","M","M","M","?","R","E","$","T","M","R","M","E","?","R_BF","B",null,"R","$","E","B",null],"character_chosen":"HERMIT","items_purchased":["halation:PeacePiece","hermit:Maintenance+1","hubris:EnhanceAbility"],"campfire_rested":3,"item_purchase_floors":[3,29,29],"current_hp_per_floor":[67,52,52,52,50,4,26,25,25,47,47,46,46,36,58,20,75,71,71,63,63,66,42,42,42,42,42,41,41,42,47,47,49,75,74,71,59,45,45,45,47,47,47,51,51,60,72,72,72,69,75,75,75,62,36],"gold":153,"neow_bonus":"BOSS_RELIC","is_daily":false,"chose_seed":false,"campfire_upgraded":4,"win_rate":0.0,"timestamp":1609605362,"path_taken":["M","?","$","?","M","E","R","M","T","R","?","?","?","M","R","BOSS","M","?","?","$","M","M","R","?","T","?","?","$","M","M","R","BOSS","M","M","M","M","?","R","E","$","T","?","R","M","E","?","R_BF","BOSS","R","$","E","BOSS"],"items_purchased_type":["Relic","Card","Card"],"build_version":"2020-12-22","purchased_purges":2,"victory":true,"max_hp_per_floor":[75,75,75,75,75,75,75,75,75,75,75,75,75,75,75,75,75,75,75,75,75,75,75,75,75,75,75,75,75,75,75,75,75,75,75,75,75,75,75,75,75,75,75,75,75,75,75,75,75,75,75,75,75,75,75],"card_choices":[{"not_picked":["hermit:Roulette","hermit:Snipe","hermit:Misfire"],"picked":"SKIP","floor":1},{"not_picked":["hermit:Dive","hermit:Cheat"],"picked":"hermit:LuckOfTheDraw","floor":5},{"not_picked":["hermit:Desperado","hermit:Showdown"],"picked":"hermit:Glare","floor":6},{"not_picked":["hermit:Grudge","hermit:Desperado","hermit:Snipe"],"picked":"SKIP","floor":8},{"not_picked":["hermit:ShadowCloak","hermit:HighCaliber","hermit:GoldenBullet"],"picked":"SKIP","floor":12},{"not_picked":["hermit:Glare","hermit:Misfire","hermit:Snipe"],"picked":"SKIP","floor":14},{"not_picked":["hermit:FromBeyond","hermit:Dissolve"],"picked":"hermit:HighNoon","floor":16},{"not_picked":["hermit:Vantage","hermit:Showdown+1","hermit:Glare+1"],"picked":"SKIP","floor":18},{"not_picked":["Transmutation","hubris:Insight"],"picked":"Replay:Bootleg Shield Generator","floor":19},{"not_picked":["Purity","Enlightenment"],"picked":"Bandage Up","floor":19},{"not_picked":["Scrape","Steam","beaked:Redirect"],"picked":"SKIP","floor":22},{"not_picked":["Hologram","construct:Backup"],"picked":"beaked:Daydream","floor":23},{"not_picked":["HollowMod:GreatSlash","Replay:Undeath\u0027s Touch"],"picked":"Iron Wave+1","floor":28},{"not_picked":["construct:Construct_Overclock","SashWhip"],"picked":"beaked:Hexing","floor":30},{"not_picked":["Nirvana","BowlingBash","hermit:FinalCanter"],"picked":"SKIP","floor":31},{"not_picked":["Master of Strategy","Immolate"],"picked":"A Thousand Cuts","floor":33},{"not_picked":["beaked:Flinch","HollowMod:SharpenedShadows+1"],"picked":"Riddle With Holes","floor":35},{"not_picked":["HollowMod:ChannelNail","Crescendo+1","Headbutt+1"],"picked":"SKIP","floor":36},{"not_picked":["HollowMod:RecoilStrike","hubris:SlightOfHand+1"],"picked":"Leap+1","floor":37},{"not_picked":["Beam Cell","WaveOfTheHand+1","PiercingWail"],"picked":"SKIP","floor":38},{"not_picked":["Beam Cell","PiercingWail"],"picked":"WaveOfTheHand+1","floor":38},{"not_picked":["beaked:MachineEssence","hermit:Manifest","beaked:Redirect"],"picked":"SKIP","floor":41},{"not_picked":["Weave","beaked:HuntressSpirit+1","Prostrate"],"picked":"SKIP","floor":44},{"not_picked":["beaked:BraceForImpact","Stack+1","Hologram"],"picked":"SKIP","floor":46},{"not_picked":["Stack","Replay:Sssssssssshield+1","construct:Anticipate+1"],"picked":"SKIP","floor":47},{"not_picked":["Clothesline+1","HollowMod:SoulShaman"],"picked":"HollowMod:Weaversong","floor":54}],"player_experience":593791,"relics_obtained":[{"floor":6,"key":"vexMod:ScavengeHelm"},{"floor":9,"key":"Kunai"},{"floor":20,"key":"PrismaticShard"},{"floor":26,"key":"aspiration:HummingbirdHeart"},{"floor":41,"key":"Replay:WaspNest"},{"floor":47,"key":"hubris:PeanutButter"},{"floor":49,"key":"halation:WeightlessCrab"}],"event_choices":[{"damage_healed":0,"gold_gain":0,"player_choice":"Entered Light","damage_taken":15,"max_hp_gain":0,"max_hp_loss":0,"event_name":"Shining Light","floor":2,"gold_loss":0,"cards_upgraded":["hermit:Defend_Hermit","hermit:Strike_Hermit"]},{"damage_healed":0,"gold_gain":0,"player_choice":"Rummage","damage_taken":0,"relics_obtained":["WarpedTongs"],"max_hp_gain":0,"max_hp_loss":0,"event_name":"Accursed Blacksmith","floor":11,"gold_loss":0,"cards_obtained":["Pain"]},{"damage_healed":0,"gold_gain":2,"player_choice":"1","damage_taken":0,"max_hp_gain":0,"max_hp_loss":0,"event_name":"betterStone:BetterStone","floor":19,"gold_loss":0},{"damage_healed":0,"gold_gain":0,"player_choice":"Ignored","damage_taken":0,"max_hp_gain":0,"max_hp_loss":0,"event_name":"Ghosts","floor":27,"gold_loss":0}],"is_beta":false,"boss_relics":[{"not_picked":["Kintsugi","Calling Bell"],"picked":"energizedSpire:OgreHead"},{"not_picked":["energizedSpire:EnergizedDie","halation:Prosthetics"],"picked":"vexMod:CursedCompass"}],"items_purged_floors":[42,53],"is_endless":false,"potions_floor_spawned":[5,12,14,22,28,33,35,37,41,44,54],"ascension_level":2}}