{"host":"k6u7q08ihsmpx7o5","time":1609621922,"event":{"mods":["BaseMod","Bestiary","Minty Spire (QoL Compilation)","StSLib"],"gold_per_floor":[119,133,143,143,160,160,190,190,190,217,217,217,237,262,262,338,338,354,354,354,354,365,365,397,411,411,74,91,91,120,134,134,212,212,225,1224,1241,753,763,763,795,849,872,899,919,946,946,946,946,946,946,946,946,541,576,576],"floor_reached":57,"playtime":4504,"items_purged":["Shame","Normality","Strike_R+1"],"score":2821,"play_id":"60a3f42f-941e-4194-a953-56a5eaa305a9","local_time":"20210102221202","is_ascension_mode":true,"campfire_choices":[{"data":"Armaments","floor":6,"key":"SMITH"},{"data":"Bash","floor":8,"key":"SMITH"},{"data":"Wild Strike","floor":11,"key":"SMITH"},{"data":"Rampage","floor":15,"key":"SMITH"},{"data":"Feed","floor":23,"key":"SMITH"},{"data":"Iron Wave","floor":29,"key":"SMITH"},{"data":"Cleave","floor":32,"key":"SMITH"},{"data":"Reaper","floor":40,"key":"SMITH"},{"floor":47,"key":"RECALL"},{"data":"Exhume","floor":49,"key":"SMITH"},{"floor":53,"key":"REST"}],"circlet_count":0,"master_deck":["AscendersBane","Strike_R+1","Strike_R+1","Strike_R+1","Defend_R+1","Defend_R+1","Defend_R+1","Defend_R+1","Bash+1","Wild Strike+1","Cleave+1","Iron Wave+1","Rampage+1","Armaments+1","Reaper+1","Feed+1","CurseOfTheBell","Writhe","Shrug It Off+1","Exhume+1","Twin Strike+1","Normality","Uppercut+1","Uppercut+1","Twin Strike","Sword Boomerang+1"],"relics":["Burning Blood","Pocketwatch","Letter Opener","Kunai","Bag of Preparation","Ornamental Fan","Calling Bell","Pen Nib","Darkstone Periapt","Du-Vu Doll","White Beast Statue","Pantograph","Self Forming Clay","Bag of Marbles","Shuriken","Anchor","Velvet Choker","Membership Card","InkBottle","StrikeDummy","Red Skull","Lizard Tail","Singing Bowl","Omamori","Torii","Lee\u0027s Waffle","Calipers","Akabeko","Blue Candle"],"acts_visited":["Exordium","TheCity","TheBeyond","TheEnding"],"potions_floor_usage":[14,16,24,24,28,33,33,41,46,46],"damage_taken":[{"damage":2,"enemies":"Cultist","floor":1,"turns":4},{"damage":2,"enemies":"Jaw Worm","floor":2,"turns":3},{"damage":3,"enemies":"2 Louse","floor":3,"turns":3},{"damage":8,"enemies":"Blue Slaver","floor":5,"turns":3},{"damage":8,"enemies":"3 Sentries","floor":7,"turns":6},{"damage":7,"enemies":"Lagavulin","floor":10,"turns":7},{"damage":2,"enemies":"Exordium Wildlife","floor":13,"turns":6},{"damage":10,"enemies":"Gremlin Nob","floor":14,"turns":3},{"damage":42,"enemies":"Slime Boss","floor":16,"turns":9},{"damage":14,"enemies":"Spheric Guardian","floor":18,"turns":4},{"damage":7,"enemies":"2 Thieves","floor":22,"turns":4},{"damage":52,"enemies":"Book of Stabbing","floor":24,"turns":5},{"damage":21,"enemies":"Snake Plant","floor":25,"turns":4},{"damage":9,"enemies":"Cultist and Chosen","floor":28,"turns":5},{"damage":33,"enemies":"Gremlin Leader","floor":30,"turns":7},{"damage":8,"enemies":"Chosen and Byrds","floor":31,"turns":5},{"damage":80,"enemies":"Automaton","floor":33,"turns":9},{"damage":4,"enemies":"3 Shapes","floor":35,"turns":4},{"damage":9,"enemies":"Orb Walker","floor":37,"turns":3},{"damage":1,"enemies":"Sphere and 2 Shapes","floor":39,"turns":4},{"damage":54,"enemies":"Giant Head","floor":41,"turns":7},{"damage":45,"enemies":"2 Orb Walkers","floor":42,"turns":4},{"damage":9,"enemies":"Reptomancer","floor":44,"turns":5},{"damage":0,"enemies":"Transient","floor":45,"turns":6},{"damage":32,"enemies":"Nemesis","floor":46,"turns":5},{"damage":78,"enemies":"Donu and Deca","floor":50,"turns":11},{"damage":87,"enemies":"Awakened One","floor":51,"turns":16},{"damage":43,"enemies":"Shield and Spear","floor":55,"turns":6},{"damage":116,"enemies":"The Heart","floor":56,"turns":9}],"seed_played":"-6002665442401792267","potions_obtained":[{"floor":1,"key":"Ancient Potion"},{"floor":10,"key":"BloodPotion"},{"floor":14,"key":"GamblersBrew"},{"floor":16,"key":"Block Potion"},{"floor":24,"key":"BlessingOfTheForge"},{"floor":25,"key":"Swift Potion"},{"floor":28,"key":"DuplicationPotion"},{"floor":31,"key":"DuplicationPotion"},{"floor":33,"key":"EntropicBrew"},{"floor":35,"key":"Weak Potion"},{"floor":41,"key":"Ancient Potion"},{"floor":44,"key":"GamblersBrew"},{"floor":46,"key":"FairyPotion"}],"is_trial":false,"path_per_floor":["M","M","M","?","M","R","E","R","T","E","R","?","M","E","R","B",null,"M","?","?","?","M","R","E","M","T","$","M","R","E","M","R","B",null,"M","?","M","$","M","R","E","?","T","E","M","E","R","T","R","B","B",null,"R","$","E","B",null],"character_chosen":"IRONCLAD","items_purchased":["Shuriken","Membership Card","InkBottle","StrikeDummy","Lee\u0027s Waffle","Calipers","Akabeko","Twin Strike"],"campfire_rested":1,"item_purchase_floors":[27,38,38,38,54,54,54,54],"current_hp_per_floor":[54,58,61,61,59,59,57,57,57,56,56,61,69,65,65,49,72,67,73,79,79,89,89,47,54,54,54,55,55,62,64,64,19,96,130,142,143,143,154,154,110,138,138,165,170,172,172,172,172,104,84,156,180,187,154,80],"gold":576,"neow_bonus":"ONE_RARE_RELIC","is_daily":false,"chose_seed":false,"campfire_upgraded":9,"win_rate":0.0,"timestamp":1609621922,"path_taken":["M","M","?","?","M","R","E","R","T","E","R","?","M","E","R","BOSS","M","?","?","?","?","R","E","M","T","$","M","R","E","M","R","BOSS","M","?","M","$","M","R","E","?","T","E","M","E","R","?","R","BOSS","BOSS","R","$","E","BOSS"],"items_purchased_type":["Relic","Relic","Relic","Relic","Relic","Relic","Relic","Card"],"build_version":"2020-12-22","purchased_purges":3,"victory":true,"max_hp_per_floor":[75,75,75,75,75,75,75,75,75,75,75,80,80,80,80,80,80,83,89,95,95,98,98,102,106,106,106,110,110,114,118,118,122,122,130,142,146,146,154,154,158,162,162,168,170,172,172,172,172,176,180,180,180,187,191,191],"card_choices":[{"not_picked":["Rupture","Shrug It Off"],"picked":"Wild Strike","floor":1},{"not_picked":["True Grit","Anger"],"picked":"Cleave","floor":2},{"not_picked":["Headbutt","Pommel Strike"],"picked":"Iron Wave","floor":3},{"not_picked":["Clash","Pommel Strike"],"picked":"Armaments","floor":5},{"not_picked":["Intimidate","Sword Boomerang"],"picked":"Reaper","floor":7},{"not_picked":["Dropkick","Searing Blow","Sever Soul"],"picked":"SKIP","floor":10},{"not_picked":["Heavy Blade","Twin Strike","Anger"],"picked":"SKIP","floor":13},{"not_picked":["Hemokinesis","Dual Wield","Sever Soul"],"picked":"SKIP","floor":14},{"not_picked":["Exhume","Berserk"],"picked":"Feed","floor":16},{"not_picked":["Sword Boomerang","Armaments","Cleave"],"picked":"SKIP","floor":18},{"not_picked":["Headbutt","Iron Wave","Warcry+1"],"picked":"SKIP","floor":22},{"not_picked":["Pommel Strike","Warcry","Havoc"],"picked":"SKIP","floor":24},{"not_picked":["Demon Form","Dropkick","Intimidate"],"picked":"SKIP","floor":25},{"not_picked":["Thunderclap","Body Slam"],"picked":"Shrug It Off+1","floor":28},{"not_picked":["Perfected Strike","Anger+1","Iron Wave"],"picked":"SKIP","floor":30},{"not_picked":["Entrench","Clash","Spot Weakness"],"picked":"SKIP","floor":31},{"not_picked":["Bludgeon","Fiend Fire"],"picked":"Exhume","floor":33},{"not_picked":["Shockwave","Clothesline"],"picked":"Twin Strike+1","floor":35},{"not_picked":["Anger+1","Fiend Fire","Wild Strike"],"picked":"SKIP","floor":37},{"not_picked":["Flex","Rampage"],"picked":"Uppercut+1","floor":39},{"not_picked":["Armaments","Wild Strike"],"picked":"Uppercut+1","floor":41},{"not_picked":["Anger","Sword Boomerang","Iron Wave+1"],"picked":"Singing Bowl","floor":44},{"not_picked":["Thunderclap+1","Shrug It Off","Metallicize"],"picked":"Singing Bowl","floor":45},{"not_picked":["Uppercut","Sentinel","Brutality"],"picked":"Singing Bowl","floor":46},{"not_picked":["Pommel Strike","Sever Soul+1"],"picked":"Sword Boomerang+1","floor":55}],"player_experience":1931931,"relics_obtained":[{"floor":7,"key":"Letter Opener"},{"floor":9,"key":"Kunai"},{"floor":10,"key":"Bag of Preparation"},{"floor":14,"key":"Ornamental Fan"},{"floor":17,"key":"Pen Nib"},{"floor":17,"key":"Darkstone Periapt"},{"floor":17,"key":"Du-Vu Doll"},{"floor":24,"key":"Self Forming Clay"},{"floor":26,"key":"Bag of Marbles"},{"floor":30,"key":"Anchor"},{"floor":41,"key":"Red Skull"},{"floor":42,"key":"Lizard Tail"},{"floor":44,"key":"Singing Bowl"},{"floor":46,"key":"Omamori"},{"floor":48,"key":"Torii"},{"floor":55,"key":"Blue Candle"}],"event_choices":[{"damage_healed":0,"gold_gain":0,"cards_transformed":["Strike_R"],"player_choice":"Change","damage_taken":0,"max_hp_gain":0,"max_hp_loss":0,"event_name":"Living Wall","floor":4,"gold_loss":0,"cards_obtained":["Rampage"]},{"damage_healed":0,"gold_gain":0,"player_choice":"Donut","damage_taken":0,"max_hp_gain":5,"max_hp_loss":0,"event_name":"Big Fish","floor":12,"gold_loss":0},{"damage_healed":0,"gold_gain":0,"player_choice":"Stole Relic","damage_taken":0,"relics_obtained":["White Beast Statue"],"max_hp_gain":0,"max_hp_loss":0,"event_name":"Addict","floor":19,"gold_loss":0,"cards_obtained":["Shame"]},{"damage_healed":0,"gold_gain":0,"player_choice":"Opened","damage_taken":0,"relics_obtained":["Pantograph"],"max_hp_gain":0,"max_hp_loss":0,"event_name":"The Mausoleum","floor":20,"gold_loss":0,"cards_obtained":["Writhe"]},{"damage_healed":0,"gold_gain":0,"player_choice":"Simplicity","damage_taken":0,"max_hp_gain":0,"max_hp_loss":0,"event_name":"Back to Basics","floor":21,"gold_loss":0,"cards_upgraded":["Strike_R","Strike_R","Strike_R","Strike_R","Defend_R","Defend_R","Defend_R","Defend_R"]},{"damage_healed":0,"gold_gain":999,"player_choice":"Gold","damage_taken":0,"max_hp_gain":0,"max_hp_loss":0,"event_name":"MindBloom","floor":36,"gold_loss":0,"cards_obtained":["Normality","Normality"]},{"damage_healed":0,"gold_gain":0,"player_choice":"Fight","damage_taken":0,"max_hp_gain":0,"max_hp_loss":0,"event_name":"Mysterious Sphere","floor":42,"gold_loss":0}],"is_beta":false,"boss_relics":[{"not_picked":["Fusion Hammer","Tiny House"],"picked":"Calling Bell"},{"not_picked":["Philosopher\u0027s Stone","Runic Dome"],"picked":"Velvet Choker"}],"items_purged_floors":[27,38,54],"is_endless":false,"potions_floor_spawned":[1,10,14,16,22,24,25,28,30,31,33,35,37,39,41,42,44,45,46,55],"ascension_level":20}}