{"host":"zntn5kfpqqjb7mu3","time":1609577937,"event":{"mods":["AchievementEnabler","Aspiration","BaseMod","Better-Laid Plans","BetterRewards","Colored Map","Colored Powertips","DNKmod","Decade(王小明)","Friendly Minions","Marked Mod","Minty Spire (QoL Compilation)","Permanent Neow","Quick Restart","Rare Cards Sparkle","Relic Stats","Remove Card Discount Mod","Replay The Spire","StSLib","SuperFastMode","TestMod","Waifu the Spire","vexMod","【遗物卡牌】REMEMod","篝火指南"],"gold_per_floor":[10013,9633,9633,9647,9647,9680,9680,9645,9670,9670,9688,9688,9688],"floor_reached":12,"playtime":542,"items_purged":["Decade_Defend","Decade_Attack","Decade_Attack"],"score":122,"play_id":"2d3f9d5d-14db-4db6-b2c9-2ce27a46b25b","local_time":"20210102165857","is_ascension_mode":true,"campfire_choices":[{"floor":7,"key":"RECALL"},{"data":"KamenRideFaiz","floor":10,"key":"SMITH"}],"circlet_count":0,"master_deck":["AscendersBane","Decade_Attack","Decade_Attack","KamenRide+1","Decade_SpecialSkill+1","Decade_Defend","Decade_Defend","Kabuto_ClockUp","Burst","UnarmedAttack1","FormRideAxel","UnarmedAttack1","Decade_Dash2","DragShield","UnarmedAttack1","Dragreder","KamenRideFaiz+1","Blade_Beat"],"relics":["Decadriver","TOEIDeficitBill","testmod-TestBox","REME_ComplimentaryCards","testmod-BatchProcessingSystem","aspiration:Lifesprig","Blood Vial","War Paint"],"acts_visited":["Exordium"],"potions_floor_usage":[],"damage_taken":[{"damage":0,"enemies":"Cultist","floor":1,"turns":3},{"damage":9,"enemies":"Small Slimes","floor":4,"turns":2},{"damage":5,"enemies":"Lagavulin","floor":6,"turns":4},{"damage":2,"enemies":"Jaw Worm","floor":11,"turns":2},{"damage":29,"enemies":"Gremlin Nob","floor":12,"turns":3}],"seed_played":"4695266347964917660","potions_obtained":[{"floor":4,"key":"SkillPotion"},{"floor":11,"key":"Weak Potion"}],"is_trial":false,"path_per_floor":["M","$","?","M","?","E","R","?","T","R","M","E"],"character_chosen":"Decade","items_purchased":["aspiration:Lifesprig","Blood Vial","UnarmedAttack1","Decade_Dash2"],"campfire_rested":0,"item_purchase_floors":[2,2,2,2],"current_hp_per_floor":[63,63,63,56,56,53,53,70,70,70,68,41,41],"gold":9688,"neow_bonus":"ONE_RANDOM_RARE_CARD","is_daily":false,"chose_seed":false,"campfire_upgraded":1,"win_rate":0.0,"timestamp":1609577937,"path_taken":["M","?","?","?","?","E","R","?","T","R","M","E"],"items_purchased_type":["Relic","Relic","Card","Card"],"build_version":"2020-12-22","purchased_purges":3,"victory":false,"max_hp_per_floor":[70,70,70,70,70,70,70,70,70,70,70,70,70],"relic_stats":{"Blood Vial":6,"counters":[5,14],"War Paint":["Decade_SpecialSkill","KamenRide"],"obtain_stats":[{"Blood Vial":2,"aspiration:Lifesprig":2,"testmod-TestBox":0,"testmod-BatchProcessingSystem":0,"Decadriver":0,"TOEIDeficitBill":0,"War Paint":6,"REME_ComplimentaryCards":0},{"Blood Vial":1,"aspiration:Lifesprig":1,"testmod-TestBox":0,"testmod-BatchProcessingSystem":0,"Decadriver":0,"TOEIDeficitBill":0,"War Paint":3,"REME_ComplimentaryCards":0},{"Blood Vial":3,"aspiration:Lifesprig":3,"testmod-TestBox":0,"testmod-BatchProcessingSystem":0,"Decadriver":0,"TOEIDeficitBill":0,"War Paint":9,"REME_ComplimentaryCards":0}]},"card_choices":[{"not_picked":["UnarmedAttack6","DenO_Ax"],"picked":"UnarmedAttack1","floor":1},{"not_picked":["DenO_Gun","FormRideDogga"],"picked":"FormRideAxel","floor":1},{"not_picked":["UnarmedAttack6","Blade_Slash"],"picked":"UnarmedAttack1","floor":4},{"not_picked":["Kiva_Bats","KamenRideRyuki"],"picked":"Dragreder","floor":4},{"not_picked":["KamenRideDenO","DenO_Rod"],"picked":"KamenRideFaiz","floor":6},{"not_picked":["FormRideGaruru","RideBooker_Skill_2","DenO_Ax"],"picked":"SKIP","floor":6},{"not_picked":["FormRideDogga","FormRideGaruru"],"picked":"Blade_Beat","floor":11}],"player_experience":109828,"relics_obtained":[{"floor":6,"key":"War Paint"}],"event_choices":[{"damage_healed":0,"gold_gain":0,"player_choice":"Ignored","damage_taken":0,"max_hp_gain":0,"max_hp_loss":0,"event_name":"Golden Idol","floor":5,"gold_loss":0},{"damage_healed":17,"gold_gain":0,"player_choice":"Healed","damage_taken":0,"max_hp_gain":0,"max_hp_loss":0,"event_name":"The Cleric","floor":8,"gold_loss":35}],"is_beta":false,"boss_relics":[],"items_purged_floors":[2,2,2],"is_endless":false,"potions_floor_spawned":[4,11],"killed_by":"Gremlin Nob","ascension_level":12}}