{"host":"zig6x0mxqzam82fb","time":1609615179,"event":{"mods":["BaseMod","Block Reminder","Colored Map","Colored Powertips","Marisa????????","Minty Spire (QoL Compilation)","Relic Stats","StSLib","The Cursed","The Marked","Waifu the Spire"],"gold_per_floor":[111,111,111,130,130,161,161,186,211,229,52,52,65,96,96,195,195,212,20,20,20,20,57,57,99,181,181,204,213,256,275,275,383,383,408,426,441,504,41,84,105,105,173,32,391,391,421,443,443,443],"floor_reached":51,"playtime":3673,"items_purged":["Writhe"],"score":936,"play_id":"ae1c825a-be44-4c84-823b-9929674b3e13","local_time":"20210102141939","is_ascension_mode":true,"campfire_choices":[{"floor":7,"key":"REST"},{"floor":12,"key":"REST"},{"floor":15,"key":"REST"},{"floor":24,"key":"REST"},{"floor":27,"key":"REST"},{"floor":32,"key":"REST"},{"floor":42,"key":"REST"},{"data":"theMarked:Levitate","floor":46,"key":"SMITH"},{"floor":49,"key":"REST"}],"circlet_count":0,"master_deck":["theMarked:Strike+1","theMarked:Strike+1","theMarked:Strike+1","theMarked:Strike+1","theMarked:Strike+1","theMarked:Defend+1","theMarked:Defend+1","theMarked:Defend+1","theMarked:Defend+1","theMarked:SoldierOfQuellstein","theMarked:WardOff","theMarked:EnhanceMovement","theMarked:SwordAndMagic","theMarked:ReduceFriction","theMarked:ReduceFriction","theMarked:WastefulDefense","theMarked:Overcharge","theMarked:SwordAndMagic","theMarked:Vacuum","theMarked:ReduceFriction","theMarked:Parkour","theMarked:Levitate+1","theMarked:RogueSparks+1","theMarked:Seal","theMarked:Parry","theMarked:Aftermath","theMarked:Abjuration+1","theMarked:WardOff+1","Madness","Madness","theMarked:SelfDefenseTraining+1","theMarked:BanishingWave+1","theMarked:WardOff+1","theMarked:ElectricStrings+1","theMarked:BanishingWave+1","theMarked:Seal","theMarked:TwofoldDefense+1"],"relics":["theMarked:ArtifactOfAir","Whetstone","Happy Flower","Kunai","Potion Belt","Regal Pillow","Bronze Scales","Boot","Oddly Smooth Stone","Black Star","MealTicket","theMarked:VonisonLock","theMarked:DemonDagger","CeramicFish","Unceasing Top","Nunchaku","Shuriken","Molten Egg 2","theMarked:SecretDocuments","Philosopher\u0027s Stone","StoneCalendar","Strawberry","Blood Vial","Bag of Marbles","Question Card","Sundial","Old Coin","Toy Ornithopter","theMarked:KettuFlask"],"acts_visited":["Exordium","TheCity","TheBeyond"],"potions_floor_usage":[18,23,23,25,30,33,33,37,40,40,40],"damage_taken":[{"damage":3,"enemies":"Jaw Worm","floor":1,"turns":4},{"damage":0,"enemies":"Small Slimes","floor":4,"turns":3},{"damage":42,"enemies":"Gremlin Nob","floor":6,"turns":5},{"damage":21,"enemies":"Lagavulin","floor":8,"turns":6},{"damage":0,"enemies":"2 Louse","floor":10,"turns":2},{"damage":1,"enemies":"Exordium Wildlife","floor":13,"turns":2},{"damage":18,"enemies":"Gremlin Nob","floor":14,"turns":3},{"damage":48,"enemies":"Slime Boss","floor":16,"turns":11},{"damage":14,"enemies":"Shell Parasite","floor":18,"turns":5},{"damage":35,"enemies":"Slavers","floor":23,"turns":7},{"damage":40,"enemies":"Book of Stabbing","floor":25,"turns":4},{"damage":22,"enemies":"2 Thieves","floor":28,"turns":4},{"damage":27,"enemies":"Slavers","floor":30,"turns":6},{"damage":8,"enemies":"Snake Plant","floor":31,"turns":3},{"damage":57,"enemies":"Automaton","floor":33,"turns":10},{"damage":0,"enemies":"3 Shapes","floor":35,"turns":3},{"damage":16,"enemies":"3 Darklings","floor":37,"turns":5},{"damage":47,"enemies":"2 Orb Walkers","floor":38,"turns":5},{"damage":6,"enemies":"Nemesis","floor":40,"turns":3},{"damage":0,"enemies":"Transient","floor":41,"turns":5},{"damage":0,"enemies":"Mind Bloom Boss Battle","floor":45,"turns":2},{"damage":27,"enemies":"Giant Head","floor":47,"turns":7},{"damage":0,"enemies":"Spire Growth","floor":48,"turns":3},{"damage":38,"enemies":"Time Eater","floor":50,"turns":8}],"seed_played":"7492258510702166842","potions_obtained":[{"floor":4,"key":"FairyPotion"},{"floor":6,"key":"Swift Potion"},{"floor":10,"key":"SpeedPotion"},{"floor":13,"key":"Explosive Potion"},{"floor":18,"key":"BlessingOfTheForge"},{"floor":25,"key":"SpeedPotion"},{"floor":28,"key":"Energy Potion"},{"floor":35,"key":"Regen Potion"},{"floor":38,"key":"PowerPotion"},{"floor":41,"key":"Ancient Potion"},{"floor":48,"key":"Fire Potion"}],"is_trial":false,"path_per_floor":["M","?","?","M","T","E","R","E","T","M","$","R","M","E","R","B",null,"M","$","?","?","$","E","R","E","T","R","M","?","E","M","R","B",null,"M","?","M","?","$","E","M","R","T","$","?","R","E","M","R","B",null],"character_chosen":"THE_DEFAULT","items_purchased":["Boot","theMarked:WastefulDefense","MealTicket","Swift Potion","Strawberry","Blood Vial","theMarked:BanishingWave+1","Energy Potion","SkillPotion","theMarked:BanishingWave+1"],"campfire_rested":8,"item_purchase_floors":[11,11,19,19,39,39,39,39,39,44],"current_hp_per_floor":[67,72,60,60,60,18,40,19,19,19,19,56,55,37,74,26,75,61,61,61,61,75,40,75,35,35,72,50,50,23,15,52,22,75,75,66,62,15,37,33,35,74,74,82,82,82,55,57,82,44],"gold":443,"neow_bonus":"RANDOM_COMMON_RELIC","is_daily":false,"chose_seed":false,"campfire_upgraded":1,"win_rate":0.0,"timestamp":1609615179,"path_taken":["M","?","?","M","?","E","R","E","T","M","?","R","M","E","R","BOSS","M","$","?","?","$","E","R","E","T","R","M","?","E","?","R","BOSS","M","?","M","?","$","E","M","R","T","$","?","R","E","M","R","BOSS"],"items_purchased_type":["Relic","Card","Relic","Potion","Relic","Relic","Card","Potion","Potion","Card"],"build_version":"2020-12-22","purchased_purges":1,"victory":true,"max_hp_per_floor":[70,75,75,75,75,75,75,75,75,75,75,75,75,75,75,75,75,75,75,75,75,75,75,75,75,75,75,75,75,75,75,75,75,75,75,75,75,75,82,82,82,82,82,82,82,82,82,82,82,82],"relic_stats":{"Regal Pillow":89,"Happy Flower":[37],"counters":[24,115],"CeramicFish":153,"StoneCalendar":[73],"Whetstone":["theMarked:Strike","theMarked:Strike"],"Boot":[15],"Question Card":4,"Blood Vial":6,"Nunchaku":[11],"Shuriken":[20],"Sundial":[0],"Bronze Scales":[268],"MealTicket":37,"Black Star":5,"Kunai":[34],"obtain_stats":[{"Regal Pillow":8,"CeramicFish":23,"StoneCalendar":38,"Whetstone":0,"Boot":11,"Old Coin":45,"theMarked:KettuFlask":47,"Blood Vial":39,"Nunchaku":25,"theMarked:SecretDocuments":30,"Sundial":43,"Strawberry":39,"MealTicket":19,"Philosopher\u0027s Stone":34,"theMarked:VonisonLock":21,"Kunai":5,"Potion Belt":6,"theMarked:DemonDagger":23,"Happy Flower":3,"Oddly Smooth Stone":14,"Question Card":40,"theMarked:ArtifactOfAir":0,"Shuriken":26,"Bronze Scales":9,"Molten Egg 2":30,"Black Star":17,"Bag of Marbles":40,"Unceasing Top":25,"Toy Ornithopter":47},{"Regal Pillow":4,"CeramicFish":10,"StoneCalendar":18,"Whetstone":0,"Boot":5,"Old Coin":21,"theMarked:KettuFlask":22,"Blood Vial":18,"Nunchaku":11,"theMarked:SecretDocuments":13,"Sundial":20,"Strawberry":18,"MealTicket":9,"Philosopher\u0027s Stone":15,"theMarked:VonisonLock":9,"Kunai":2,"Potion Belt":3,"theMarked:DemonDagger":10,"Happy Flower":1,"Oddly Smooth Stone":7,"Question Card":19,"theMarked:ArtifactOfAir":0,"Shuriken":11,"Bronze Scales":4,"Molten Egg 2":13,"Black Star":8,"Bag of Marbles":19,"Unceasing Top":11,"Toy Ornithopter":22},{"Regal Pillow":18,"CeramicFish":48,"StoneCalendar":87,"Whetstone":0,"Boot":20,"Old Coin":97,"theMarked:KettuFlask":104,"Blood Vial":87,"Nunchaku":52,"theMarked:SecretDocuments":61,"Sundial":95,"Strawberry":87,"MealTicket":41,"Philosopher\u0027s Stone":74,"theMarked:VonisonLock":41,"Kunai":7,"Potion Belt":12,"theMarked:DemonDagger":48,"Happy Flower":4,"Oddly Smooth Stone":25,"Question Card":90,"theMarked:ArtifactOfAir":0,"Shuriken":52,"Bronze Scales":18,"Molten Egg 2":61,"Black Star":36,"Bag of Marbles":90,"Unceasing Top":52,"Toy Ornithopter":104}],"Unceasing Top":[2],"Toy Ornithopter":0},"card_choices":[{"not_picked":["theMarked:TwofoldDefense","theMarked:ResourceFulStrike"],"picked":"theMarked:WardOff","floor":1},{"not_picked":["theMarked:ElectricStrings","theMarked:HeightenedSenses"],"picked":"theMarked:EnhanceMovement","floor":4},{"not_picked":["theMarked:Generate","theMarked:RepellingDischarge"],"picked":"theMarked:SwordAndMagic","floor":6},{"not_picked":["theMarked:HeritageOfTheMarked","theMarked:Improvise"],"picked":"theMarked:ReduceFriction","floor":8},{"not_picked":["theMarked:GodGivenPower","theMarked:MysticalArsenal"],"picked":"theMarked:ReduceFriction","floor":10},{"not_picked":["theMarked:ChainLightning","theMarked:HeritageOfTheMarked"],"picked":"theMarked:Overcharge","floor":13},{"not_picked":["theMarked:Generate","theMarked:Static"],"picked":"theMarked:SwordAndMagic","floor":14},{"not_picked":["theMarked:DispelDoubt","theMarked:TurnInvisible"],"picked":"theMarked:Vacuum","floor":16},{"not_picked":["theMarked:ChainLightning","theMarked:Static"],"picked":"theMarked:ReduceFriction","floor":18},{"not_picked":["theMarked:Snap","theMarked:ChainLightning"],"picked":"theMarked:Parkour","floor":23},{"not_picked":["theMarked:HeightenedSenses","theMarked:WastefulAttack"],"picked":"theMarked:Levitate","floor":25},{"not_picked":["theMarked:Reabsorb+1","theMarked:DeterminationOfTheMarked"],"picked":"theMarked:RogueSparks+1","floor":28},{"not_picked":["theMarked:AttractMetal+1","theMarked:ResourceFulStrike+1"],"picked":"theMarked:Parry","floor":30},{"not_picked":["theMarked:Reabsorb","theMarked:ElementalBlade"],"picked":"theMarked:Aftermath","floor":31},{"not_picked":["theMarked:Challenge","theMarked:SoldierForm"],"picked":"theMarked:Abjuration+1","floor":33},{"not_picked":["theMarked:Standoff+1","theMarked:Parkour+1"],"picked":"theMarked:WardOff+1","floor":35},{"not_picked":["theMarked:WastefulAttack+1","theMarked:RepellingDischarge","theMarked:Improvise+1"],"picked":"SKIP","floor":37},{"not_picked":["theMarked:WastefulDefense+1","theMarked:Aftermath+1"],"picked":"theMarked:SelfDefenseTraining+1","floor":38},{"not_picked":["theMarked:HeritageOfTheMarked+1","theMarked:ChainLightning+1"],"picked":"theMarked:WardOff+1","floor":40},{"not_picked":["theMarked:Parkour+1","theMarked:Improvise","theMarked:Reabsorb"],"picked":"theMarked:ElectricStrings+1","floor":41},{"not_picked":["theMarked:LightningStrikesTwice+1","theMarked:ChainLightning+1","theMarked:HeightenedSenses"],"picked":"theMarked:Seal","floor":45},{"not_picked":["theMarked:Standoff+1","theMarked:EmpowerWeapon+1","theMarked:Reabsorb","theMarked:Electrify+1"],"picked":"SKIP","floor":47},{"not_picked":["theMarked:MagicAdept","theMarked:ResourceFulStrike+1","theMarked:HeightenedSenses"],"picked":"theMarked:TwofoldDefense+1","floor":48}],"player_experience":422343,"relics_obtained":[{"floor":5,"key":"Kunai"},{"floor":6,"key":"Potion Belt"},{"floor":8,"key":"Regal Pillow"},{"floor":9,"key":"Bronze Scales"},{"floor":14,"key":"Oddly Smooth Stone"},{"floor":23,"key":"theMarked:DemonDagger"},{"floor":23,"key":"CeramicFish"},{"floor":25,"key":"Unceasing Top"},{"floor":25,"key":"Nunchaku"},{"floor":26,"key":"Shuriken"},{"floor":30,"key":"Molten Egg 2"},{"floor":30,"key":"theMarked:SecretDocuments"},{"floor":38,"key":"StoneCalendar"},{"floor":40,"key":"Bag of Marbles"},{"floor":40,"key":"Question Card"},{"floor":43,"key":"Sundial"},{"floor":45,"key":"Old Coin"},{"floor":47,"key":"Toy Ornithopter"},{"floor":47,"key":"theMarked:KettuFlask"}],"event_choices":[{"damage_healed":0,"gold_gain":0,"player_choice":"Donut","damage_taken":0,"max_hp_gain":5,"max_hp_loss":0,"event_name":"Big Fish","floor":2,"gold_loss":0},{"damage_healed":0,"gold_gain":0,"player_choice":"Success","damage_taken":12,"relics_obtained":["Happy Flower"],"max_hp_gain":0,"max_hp_loss":0,"event_name":"Scrap Ooze","floor":3,"gold_loss":0},{"damage_healed":0,"gold_gain":0,"player_choice":"Simplicity","damage_taken":0,"max_hp_gain":0,"max_hp_loss":0,"event_name":"Back to Basics","floor":20,"gold_loss":0,"cards_upgraded":["theMarked:Strike","theMarked:Strike","theMarked:Strike","theMarked:Defend","theMarked:Defend","theMarked:Defend","theMarked:Defend"]},{"damage_healed":0,"gold_gain":0,"player_choice":"Opened","damage_taken":0,"relics_obtained":["theMarked:VonisonLock"],"max_hp_gain":0,"max_hp_loss":0,"event_name":"The Mausoleum","floor":21,"gold_loss":0,"cards_obtained":["Writhe"]},{"damage_healed":0,"gold_gain":0,"player_choice":"Read","damage_taken":0,"max_hp_gain":0,"max_hp_loss":0,"event_name":"The Library","floor":29,"gold_loss":0,"cards_obtained":["theMarked:Seal"]},{"damage_healed":0,"gold_gain":0,"player_choice":"Embrace Madness","damage_taken":9,"max_hp_gain":0,"max_hp_loss":0,"event_name":"Winding Halls","floor":36,"gold_loss":0,"cards_obtained":["Madness","Madness"]},{"damage_healed":0,"gold_gain":0,"player_choice":"Fight","damage_taken":0,"max_hp_gain":0,"max_hp_loss":0,"event_name":"Mysterious Sphere","floor":38,"gold_loss":0},{"damage_healed":0,"gold_gain":0,"player_choice":"Fight","damage_taken":0,"max_hp_gain":0,"max_hp_loss":0,"event_name":"MindBloom","floor":45,"gold_loss":0}],"is_beta":false,"boss_relics":[{"not_picked":["Fusion Hammer","Astrolabe"],"picked":"Black Star"},{"not_picked":["Runic Pyramid","theMarked:BronzeBlade"],"picked":"Philosopher\u0027s Stone"}],"items_purged_floors":[44],"is_endless":false,"potions_floor_spawned":[4,6,10,13,18,25,28,35,38,41,48],"ascension_level":3}}