{"host":"yy8mitdds7tg9c5m","time":1609621375,"event":{"mods":["Act Like it!","AlwaysNeverKeys","BaseMod","Better Note","Downfall","GifTheSpireLib","Minty Spire (QoL Compilation)","Permanent Neow","Quick Restart","StSLib","egg"],"gold_per_floor":[0,18,37,51,36,36,36,136,150,75,93,109,137,153,173,270,270,270],"floor_reached":16,"playtime":5938,"items_purged":[],"score":181,"play_id":"dc607f31-a60e-4444-8332-4bd76929eafa","local_time":"20210102170254","is_ascension_mode":false,"campfire_choices":[{"data":"Guardian:TwinSlam","floor":1,"key":"SMITH"},{"data":"1","floor":6,"key":"LIFT"},{"data":"2","floor":10,"key":"LIFT"}],"circlet_count":0,"master_deck":["Guardian:Strike_Guardian","Guardian:Strike_Guardian","Guardian:Strike_Guardian","Guardian:Strike_Guardian","Guardian:Defend_Guardian","Guardian:Defend_Guardian","Guardian:Defend_Guardian","Guardian:Defend_Guardian","Guardian:CurlUp","Guardian:TwinSlam+1","Guardian:PolyBeam","Guardian:DecasProtection","Guardian:DonusPower","Guardian:ExploitGems","Guardian:BronzeOrb","Guardian:Gem_Red","Guardian:Reroute","Guardian:RefractedBeam","Guardian:MultiBeam"],"relics":["Guardian:ModeShifter","Girya","The Courier","downfall:GremlinWheel","downfall:HeartBlessingRed","StrikeDummy"],"acts_visited":["Exordium"],"potions_floor_usage":[5,13,13],"damage_taken":[{"damage":0,"enemies":"2 Louse","floor":2,"turns":3},{"damage":0,"enemies":"Cultist","floor":3,"turns":3},{"damage":0,"enemies":"Small Slimes","floor":4,"turns":3},{"damage":1,"enemies":"downfall:FleeingMerchant","floor":5,"turns":4},{"damage":21,"enemies":"downfall:FleeingMerchant","floor":8,"turns":4},{"damage":5,"enemies":"2 Fungi Beasts","floor":9,"turns":3},{"damage":0,"enemies":"Blue Slaver","floor":11,"turns":1},{"damage":1,"enemies":"3 Louse","floor":12,"turns":2},{"damage":0,"enemies":"Gremlin Nob","floor":13,"turns":2},{"damage":0,"enemies":"Large Slime","floor":14,"turns":2},{"damage":10,"enemies":"Lots of Slimes","floor":15,"turns":3},{"damage":20,"enemies":"downfall:Defect","floor":16,"turns":5}],"seed_played":"-3914618787835256930","potions_obtained":[{"floor":2,"key":"Weak Potion"},{"floor":3,"key":"SmokeBomb"},{"floor":8,"key":"DuplicationPotion"},{"floor":11,"key":"Strength Potion"},{"floor":12,"key":"LiquidMemories"},{"floor":13,"key":"Regen Potion"}],"is_trial":false,"path_per_floor":["R","M","M","M","$","R","T","?","M","R","M","M","E","M","M","B"],"character_chosen":"GUARDIAN","items_purchased":[],"campfire_rested":0,"item_purchase_floors":[],"current_hp_per_floor":[80,80,80,80,79,79,79,58,53,53,53,52,52,52,42,22,22,22],"gold":270,"neow_bonus":"ONE_RARE_RELIC","is_daily":false,"chose_seed":false,"campfire_upgraded":1,"win_rate":0.0,"timestamp":1609621374,"path_taken":["R","M","M","M","$","R","T","?","M","R","M","?","E","M","M","BOSS"],"items_purchased_type":[],"build_version":"2020-12-22","purchased_purges":0,"victory":false,"max_hp_per_floor":[80,80,80,80,80,80,80,80,80,80,80,80,80,80,80,80,80,80],"card_choices":[{"not_picked":["Guardian:Suspension","Guardian:Planning"],"picked":"Guardian:PolyBeam","floor":2},{"not_picked":["Guardian:WalkerClaw","Guardian:Gem_Green"],"picked":"Guardian:DecasProtection","floor":3},{"not_picked":["Guardian:EvasiveProtocol","Guardian:ChargeCore"],"picked":"Guardian:DonusPower","floor":4},{"not_picked":["Guardian:BronzeOrb","Guardian:EvasiveProtocol"],"picked":"Guardian:Gem_Red","floor":5},{"not_picked":["Guardian:Incinerate","Guardian:DonusPower"],"picked":"Guardian:ExploitGems","floor":9},{"not_picked":["Guardian:TemporalShield","Guardian:PiercingHide"],"picked":"Guardian:BronzeOrb","floor":11},{"not_picked":["Guardian:Suspension","Guardian:ChargeCore"],"picked":"Guardian:Gem_Red","floor":12},{"not_picked":["Guardian:TemporalStrike","Guardian:Gem_Purple"],"picked":"Guardian:Reroute","floor":13},{"not_picked":["Guardian:TimeCapacitor","Guardian:VentSteam"],"picked":"Guardian:RefractedBeam","floor":14},{"not_picked":["Guardian:VentSteam","Guardian:Gem_Green"],"picked":"Guardian:MultiBeam","floor":15}],"player_experience":167260,"relics_obtained":[{"floor":7,"key":"The Courier"},{"floor":8,"key":"downfall:GremlinWheel"},{"floor":13,"key":"StrikeDummy"}],"event_choices":[],"is_beta":false,"boss_relics":[],"items_purged_floors":[],"is_endless":false,"potions_floor_spawned":[2,3,8,11,12,13],"killed_by":"downfall:Defect","ascension_level":0}}