{"host":"wg33yb1rgt3nbe17","time":1609548980,"event":{"mods":["AchievementEnabler","BaseMod","Colored Map","Minty Spire (QoL Compilation)","Permanent Neow","Relic Stats","StSLib"],"gold_per_floor":[114,125,141,141,106,137,137,151,151,1,1,1,1],"floor_reached":12,"playtime":421,"items_purged":[],"score":113,"play_id":"0b14a640-a187-4ff0-851c-a1d9f9850595","local_time":"20210101195620","is_ascension_mode":true,"campfire_choices":[{"data":"Night Terror","floor":7,"key":"SMITH"},{"data":"Quick Slash","floor":11,"key":"SMITH"}],"circlet_count":0,"master_deck":["Strike_G","Strike_G","Strike_G","Strike_G","Strike_G","Defend_G","Defend_G","Defend_G","Defend_G","Defend_G","Survivor","Neutralize","Night Terror+1","Sucker Punch","Backflip","Quick Slash+1","Blur","Acrobatics"],"relics":["Ring of the Snake","Golden Idol","Boot","Pantograph","Pen Nib"],"acts_visited":["Exordium"],"potions_floor_usage":[6,6],"damage_taken":[{"damage":9,"enemies":"Small Slimes","floor":1,"turns":5},{"damage":9,"enemies":"Jaw Worm","floor":2,"turns":4},{"damage":9,"enemies":"2 Louse","floor":3,"turns":3},{"damage":21,"enemies":"Lagavulin","floor":6,"turns":6},{"damage":5,"enemies":"Red Slaver","floor":8,"turns":6},{"damage":29,"enemies":"3 Sentries","floor":12,"turns":6}],"seed_played":"6497740172003530292","potions_obtained":[{"floor":2,"key":"Poison Potion"},{"floor":3,"key":"BlessingOfTheForge"}],"is_trial":false,"path_per_floor":["M","M","M","?","?","E","R","M","T","$","R","E"],"character_chosen":"THE_SILENT","items_purchased":["Pen Nib"],"campfire_rested":0,"item_purchase_floors":[10],"current_hp_per_floor":[54,45,36,36,52,31,31,26,26,26,26,0,0],"gold":1,"neow_bonus":"ONE_RANDOM_RARE_CARD","is_daily":false,"chose_seed":false,"campfire_upgraded":2,"win_rate":0.0,"timestamp":1609548980,"path_taken":["M","M","M","?","?","E","R","M","T","$","R","E"],"items_purchased_type":["Relic"],"build_version":"2020-12-22","purchased_purges":0,"victory":false,"max_hp_per_floor":[70,70,70,65,65,65,65,65,65,65,65,65,65],"relic_stats":{"counters":[6,30],"Golden Idol":9,"Pantograph":0,"Pen Nib":[1],"Boot":[14],"obtain_stats":[{"Golden Idol":4,"Pantograph":9,"Pen Nib":10,"Boot":6,"Ring of the Snake":0},{"Golden Idol":3,"Pantograph":5,"Pen Nib":5,"Boot":4,"Ring of the Snake":0},{"Golden Idol":12,"Pantograph":24,"Pen Nib":24,"Boot":18,"Ring of the Snake":0}],"Ring of the Snake":[12]},"card_choices":[{"not_picked":["Deflect","Tactician"],"picked":"Sucker Punch","floor":1},{"not_picked":["Slice","Prepared"],"picked":"Backflip","floor":2},{"not_picked":["Caltrops","Underhanded Strike"],"picked":"Quick Slash","floor":3},{"not_picked":["Quick Slash","Envenom"],"picked":"Blur","floor":6},{"not_picked":["Sucker Punch","Dash"],"picked":"Acrobatics","floor":8}],"player_experience":549427,"relics_obtained":[{"floor":6,"key":"Boot"},{"floor":9,"key":"Pantograph"}],"event_choices":[{"damage_healed":0,"gold_gain":0,"player_choice":"Lose Max HP","damage_taken":0,"relics_obtained":["Golden Idol"],"max_hp_gain":0,"max_hp_loss":5,"event_name":"Golden Idol","floor":4,"gold_loss":0},{"damage_healed":16,"gold_gain":0,"player_choice":"Healed","damage_taken":0,"max_hp_gain":0,"max_hp_loss":0,"event_name":"The Cleric","floor":5,"gold_loss":35}],"is_beta":false,"boss_relics":[],"items_purged_floors":[],"is_endless":false,"potions_floor_spawned":[2,3],"killed_by":"3 Sentries","ascension_level":9}}