{"host":"kiauivt48syq9iz6","time":1609613607,"event":{"mods":["A Magickal Journey","BaseMod","Conspire","Downfall","Hermit","Minty Spire (QoL Compilation)","Replay The Spire","SIMod","Somnambulant","StSLib","The Animator","The Construct","The Cursed","The Disciple","The Forsaken","The Judge","The Marked","The Runesmith","The Servant 0.9.4","The Spell Scribe"],"gold_per_floor":[118,118,129,148,9,9,44,44,95,111,111,111,33,60,60,160,160,170,170,170],"floor_reached":19,"playtime":1162,"items_purged":[],"score":175,"play_id":"8acbcc04-4a27-4a30-9f0d-6d161b2fcebe","local_time":"20210102115327","is_ascension_mode":false,"campfire_choices":[{"floor":6,"key":"REST"},{"floor":8,"key":"REST"},{"data":"LockedBlood","floor":12,"key":"SMITH"}],"circlet_count":0,"master_deck":["Strike_Br","Strike_Br","Strike_Br","Strike_Br","Defend_Br","Defend_Br","Defend_Br","Defend_Br","SecondHand","PatternShift","HandsUpC","LockedBlood+1","ExoVibe","LockedScales","AlternateTimeline","Analog","HandsUpC","LockedWhetstone","Echoward","LockedMedicine","LockedMedicine","HandsUpC","OracleForm","LockedUrn"],"relics":["Chronograph","Bag of Preparation","Blue Doll","Replay:Bottled Snecko","Replay:Multitool","Hand?"],"acts_visited":["Exordium","TheCity"],"potions_floor_usage":[7,16,19],"damage_taken":[{"damage":7,"enemies":"Small Slimes","floor":1,"turns":5},{"damage":2,"enemies":"Jaw Worm","floor":3,"turns":5},{"damage":13,"enemies":"2 Louse","floor":4,"turns":4},{"damage":17,"enemies":"Lagavulin","floor":7,"turns":10},{"damage":0,"enemies":"2 Fungi Beasts","floor":10,"turns":5},{"damage":18,"enemies":"Replay:BlueRogue","floor":14,"turns":7},{"damage":38,"enemies":"Fading Forest","floor":16,"turns":11},{"damage":25,"enemies":"Spheric Guardian","floor":18,"turns":5},{"damage":78,"enemies":"Chosen","floor":19,"turns":10}],"seed_played":"6747457600570689540","potions_obtained":[{"floor":1,"key":"champ:CounterPotion"},{"floor":3,"key":"LiquidBronze"},{"floor":7,"key":"Toxic Potion"},{"floor":16,"key":"Milkshake"}],"is_trial":false,"path_per_floor":["M","?","M","M","$","R","E","R","T","M","T","R","$","E","R","B",null,"M","M"],"character_chosen":"CHRONO_CLASS","items_purchased":["LockedScales","AlternateTimeline","Analog","Echoward","LockedMedicine"],"campfire_rested":2,"item_purchase_floors":[5,5,5,13,13],"current_hp_per_floor":[64,64,62,55,55,71,54,71,71,71,71,71,71,62,62,43,71,49,0,0],"gold":170,"neow_bonus":"TEN_PERCENT_HP_BONUS","is_daily":false,"chose_seed":false,"campfire_upgraded":1,"win_rate":0.0,"timestamp":1609613607,"path_taken":["M","?","M","M","$","R","E","R","T","M","?","R","$","E","R","BOSS","M","M"],"items_purchased_type":["Card","Card","Card","Card","Card"],"build_version":"2020-12-22","purchased_purges":0,"victory":false,"max_hp_per_floor":[71,71,71,71,71,71,71,71,71,71,71,71,71,71,71,71,71,71,71,71],"card_choices":[{"not_picked":["Keepsakes","BlueShift"],"picked":"HandsUpC","floor":1},{"not_picked":["Parity","Backlash"],"picked":"LockedBlood","floor":3},{"not_picked":["LockedAnchor","Parity"],"picked":"ExoVibe","floor":4},{"not_picked":["FormalWear","CrunchTime"],"picked":"HandsUpC","floor":7},{"not_picked":["ExoVibe","Accruing"],"picked":"LockedWhetstone","floor":10},{"not_picked":["Tempo","BiteCommand"],"picked":"HandsUpC","floor":14},{"not_picked":["MasterKey","OldTimer"],"picked":"OracleForm","floor":16},{"not_picked":["LockedOrichalcum","VestedLegacy"],"picked":"LockedUrn","floor":18}],"player_experience":140596,"relics_obtained":[{"floor":7,"key":"Bag of Preparation"},{"floor":9,"key":"Blue Doll"},{"floor":11,"key":"Replay:Bottled Snecko"},{"floor":14,"key":"Replay:Multitool"}],"event_choices":[{"damage_healed":0,"gold_gain":0,"player_choice":"Leave","damage_taken":0,"max_hp_gain":0,"max_hp_loss":0,"event_name":"The Cleric","floor":2,"gold_loss":0}],"is_beta":false,"boss_relics":[{"not_picked":["Black Star","conspire:RunicOctahedron"],"picked":"Chronograph"}],"items_purged_floors":[],"is_endless":false,"potions_floor_spawned":[1,3,7,16],"killed_by":"Chosen","ascension_level":0}}