{"host":"hfcva6mq15ctj0gu","time":1609594437,"event":{"mods":["Abigail Mod","AchievementEnabler","Act Like it!","Alarm Clock","BaseMod","Better Altar","Better Match","Better Note","Better Skull","Better Third Choice","BetterRewards","CapriCore","Card Forge","Colored Map","Curses Come First","Disable Question Mark Monsters","Displayed Cursed Tome","Emptier Cage","FoggyMod","Friendly Minions","Gold Saver","Grow up Mod","Highlight Path","Kiyohime????","Kratos Character Expansion","Marisa????????","Minty Spire (QoL Compilation)","Permanent Neow","Reimu??????","Remilia??????","Shade Mod","Shop Mod","StSLib","The Immortal","The Servant 0.9.4","The Vixen","Transform Curses","Virulent Crown","Yakumo Yukari mod","????"],"gold_per_floor":[110,110,122,122,122,43,87,106,106,147,173,16,91,54,54,177,177,195,195,105,18,18,33,77,77,104,31,31,75,75,75,75,206,206,221,221,286,86,11,51,51,94,118,158,173,199,211,237,249,261,273,336,40,71,71],"floor_reached":56,"playtime":4759,"items_purged":[],"score":1746,"play_id":"a39c30d3-c68c-4aa2-9f25-0549826638ed","local_time":"20210102143357","is_ascension_mode":false,"campfire_choices":[{"floor":15,"key":"RECALL"},{"data":"TheVixenMod:FirePunch+13","floor":25,"key":"SMITH"},{"data":"TheVixenMod:FirePunch+16","floor":30,"key":"SMITH"},{"data":"TheVixenMod:FirePunch+17","floor":32,"key":"SMITH"},{"data":"TheVixenMod:FirePunch+27","floor":47,"key":"SMITH"},{"data":"TheVixenMod:FirePunch+28","floor":49,"key":"SMITH"}],"circlet_count":0,"master_deck":["TheVixenMod:Defend_TheVixen+1","TheVixenMod:SunnyDay+1","TheVixenMod:Ember+1","TheVixenMod:Disable+1","TheVixenMod:Curse+1","TheVixenMod:FlameBody+1","TheVixenMod:MysticalFire+1","TheVixenMod:FirePunch+30","TheVixenMod:Overheat+1","TheVixenMod:Analytic+1","TheVixenMod:LavaPlume+1","TheVixenMod:Spite+1","TheVixenMod:Dazzling+1","TheVixenMod:PerishSong+1","TheVixenMod:FireSpin+1","TheVixenMod:Facade+1","TheVixenMod:ShadowBall+1","TheVixenMod:FirePledge+1","TheVixenMod:BurnUp+1","TheVixenMod:Dazzling+1","TheVixenMod:Blaze+1","Dark Shackles+1","Trip+1","TheVixenMod:Analytic+1","TheVixenMod:Hypnosis+1","TheVixenMod:Psyshock+1"],"relics":["TheVixenMod:BurningStick","Hammer of Thor","Seething Fire","Anvil of the Gods","HornCleat","MerchantsRug","WingedGreaves","Membership Card","TheVixenMod:SereneGrace","Golden Idol","Shuriken","Anchor","Oddly Smooth Stone","Happy Flower","Lantern","PreservedInsect","Sling","Medical Kit","Blood Vial","ClockworkSouvenir","TheVixenMod:TwistedSpoon","TheVixenMod:Synchronize","PureWhite:ReiMu","KratosMod:minohorn","Potion Belt","Bottled Lightning","TheVixenMod:UmbreonRelic","Peace Pipe","MealTicket","Regal Pillow","MawBank","Bag of Marbles","HandDrill","CaptainsWheel","Strawberry"],"acts_visited":["Exordium","TheCity","TheBeyond","TheEnding"],"potions_floor_usage":[3,10],"damage_taken":[{"damage":0,"enemies":"Small Slimes","floor":1,"turns":2},{"damage":0,"enemies":"Cultist","floor":3,"turns":2},{"damage":9,"enemies":"Lagavulin","floor":7,"turns":4},{"damage":0,"enemies":"Jaw Worm","floor":8,"turns":1},{"damage":0,"enemies":"3 Sentries","floor":10,"turns":4},{"damage":3,"enemies":"The Guardian","floor":16,"turns":4},{"damage":0,"enemies":"3 Byrds","floor":18,"turns":6},{"damage":0,"enemies":"Spheric Guardian","floor":23,"turns":2},{"damage":0,"enemies":"Gremlin Leader","floor":24,"turns":1},{"damage":7,"enemies":"Book of Stabbing","floor":29,"turns":3},{"damage":22,"enemies":"Automaton","floor":33,"turns":5},{"damage":0,"enemies":"3 Darklings","floor":35,"turns":4},{"damage":19,"enemies":"3 Darklings","floor":36,"turns":6},{"damage":0,"enemies":"2 Orb Walkers","floor":37,"turns":3},{"damage":0,"enemies":"Reptomancer","floor":40,"turns":2},{"damage":0,"enemies":"Reptomancer","floor":41,"turns":4},{"damage":0,"enemies":"Giant Head","floor":42,"turns":3},{"damage":0,"enemies":"Nemesis","floor":44,"turns":1},{"damage":0,"enemies":"Orb Walker","floor":45,"turns":1},{"damage":0,"enemies":"Sphere and 2 Shapes","floor":48,"turns":2},{"damage":15,"enemies":"Donu and Deca","floor":50,"turns":6},{"damage":28,"enemies":"Shield and Spear","floor":54,"turns":4},{"damage":183,"enemies":"The Heart","floor":55,"turns":6}],"seed_played":"-3253303389961974721","potions_obtained":[{"floor":2,"key":"Strength Potion"},{"floor":2,"key":"SteroidPotion"},{"floor":2,"key":"SteroidPotion"},{"floor":3,"key":"Strength Potion"},{"floor":8,"key":"Fire Potion"},{"floor":16,"key":"SneckoOil"},{"floor":23,"key":"ZuzhouPotion:ReiMu"},{"floor":33,"key":"MagicPotion:ReiMu"},{"floor":35,"key":"Block Potion"},{"floor":40,"key":"SteroidPotion"},{"floor":44,"key":"DistilledChaos"},{"floor":48,"key":"FairyPotion"},{"floor":54,"key":"FairyPotion"}],"is_trial":false,"path_per_floor":["M","?","M","?","?","R","E","M","T","E","T","$","?","$","R","B",null,"M","?","?","$","?","M","E","R","T","R","$","E","R","?","R","B",null,"M","?","?","$","?","E","?","E","T","E","M","T","R","M","R","B",null,"R","$","E","B",null],"character_chosen":"THE_VIXEN","items_purchased":["HornCleat","MerchantsRug","Membership Card","TheVixenMod:Disable","TheVixenMod:Curse","War Paint","TheVixenMod:FlameBody","TheVixenMod:MysticalFire","TheVixenMod:FirePunch","Anchor","TheVixenMod:Analytic","PreservedInsect","Sling","TheVixenMod:CADC","TheVixenMod:Dazzling","TheVixenMod:FireSpin","Medical Kit","TheVixenMod:FirePledge","ClockworkSouvenir","TheVixenMod:TwistedSpoon","KratosMod:minohorn","Potion Belt","Dark Shackles","Bag of Marbles","HandDrill","CaptainsWheel"],"campfire_rested":0,"item_purchase_floors":[0,0,0,0,0,0,0,0,0,6,6,12,12,12,14,21,21,27,27,27,38,38,38,53,53,53],"current_hp_per_floor":[49,59,69,52,62,72,83,93,103,113,123,133,132,142,152,159,260,270,280,290,300,310,320,330,340,350,360,370,373,383,393,403,393,430,440,450,460,470,480,490,500,510,520,530,540,550,560,570,580,575,600,610,620,609,448],"gold":71,"neow_bonus":"","is_daily":false,"chose_seed":false,"campfire_upgraded":5,"win_rate":0.0,"timestamp":1609594437,"path_taken":["M","?","?","?","?","R","E","?","T","E","?","$","?","?","R","BOSS","M","?","?","$","?","?","E","R","T","R","$","E","R","?","R","BOSS","M","?","?","$","?","E","?","E","T","E","?","?","R","?","R","BOSS","R","$","E","BOSS"],"items_purchased_type":["Relic","Relic","Relic","Card","Card","Relic","Card","Card","Card","Relic","Card","Relic","Relic","Card","Card","Card","Relic","Card","Relic","Relic","Relic","Relic","Card","Relic","Relic","Relic"],"build_version":"2020-12-22","purchased_purges":0,"victory":true,"max_hp_per_floor":[90,100,110,120,130,140,160,170,180,190,200,210,220,230,240,250,260,270,280,290,300,310,320,330,340,350,360,370,380,390,400,410,420,430,440,450,460,470,480,490,500,510,520,530,540,550,560,570,580,590,600,610,620,637,657],"card_choices":[{"not_picked":["TheVixenMod:FlameBody","TheVixenMod:NastyPlot"],"picked":"TheVixenMod:Overheat","floor":1},{"not_picked":["TheVixenMod:Confusion","TheVixenMod:FlameCharge","TheVixenMod:Amnesia"],"picked":"SKIP","floor":3},{"not_picked":["TheVixenMod:Confusion","TheVixenMod:SolarBeam"],"picked":"TheVixenMod:LavaPlume","floor":7},{"not_picked":["TheVixenMod:Agility","TheVixenMod:Flamethrower","TheVixenMod:Incinerate"],"picked":"SKIP","floor":8},{"not_picked":["TheVixenMod:Overheat","TheVixenMod:FireBlast"],"picked":"TheVixenMod:Spite","floor":10},{"not_picked":["TheVixenMod:CADC","TheVixenMod:FlareBlitz"],"picked":"TheVixenMod:PerishSong","floor":18},{"not_picked":["TheVixenMod:FirePunch","TheVixenMod:TailWhip"],"picked":"TheVixenMod:Facade+1","floor":23},{"not_picked":["TheVixenMod:Protect","TheVixenMod:FlameCharge"],"picked":"TheVixenMod:ShadowBall","floor":24},{"not_picked":["TheVixenMod:Flamethrower","TheVixenMod:ShadowBall","TheVixenMod:Facade"],"picked":"SKIP","floor":29},{"not_picked":["TheVixenMod:Safeguard","TheVixenMod:Substitute"],"picked":"TheVixenMod:BurnUp","floor":33},{"not_picked":["TheVixenMod:Confusion+1","TheVixenMod:FlareBlitz+1"],"picked":"TheVixenMod:Dazzling","floor":35},{"not_picked":["TheVixenMod:Protect+1","TheVixenMod:Swagger"],"picked":"TheVixenMod:Blaze","floor":36},{"not_picked":["Enlightenment","Mind Blast"],"picked":"Trip","floor":39},{"not_picked":["TheVixenMod:FireFang","TheVixenMod:FlareBlitz+1"],"picked":"TheVixenMod:Analytic","floor":40},{"not_picked":["TheVixenMod:Psychic+1","TheVixenMod:Facade"],"picked":"TheVixenMod:Hypnosis+1","floor":42},{"not_picked":["TheVixenMod:Swagger+1","TheVixenMod:Psybeam+1","TheVixenMod:FutureSight"],"picked":"SKIP","floor":44},{"not_picked":["TheVixenMod:Confusion+1","TheVixenMod:Swagger+1","TheVixenMod:Extrasensory"],"picked":"SKIP","floor":45},{"not_picked":["TheVixenMod:TrickRoom","TheVixenMod:Wish+1","TheVixenMod:ShadowBall+1"],"picked":"SKIP","floor":48},{"not_picked":["TheVixenMod:Psybeam","TheVixenMod:CADC+1"],"picked":"TheVixenMod:Psyshock+1","floor":54}],"player_experience":75615,"relics_obtained":[{"floor":7,"key":"Pear"},{"floor":9,"key":"Oddly Smooth Stone"},{"floor":10,"key":"Happy Flower"},{"floor":11,"key":"Lantern"},{"floor":24,"key":"Blood Vial"},{"floor":29,"key":"TheVixenMod:Synchronize"},{"floor":37,"key":"PureWhite:ReiMu"},{"floor":40,"key":"Bottled Lightning"},{"floor":42,"key":"Peace Pipe"},{"floor":43,"key":"MealTicket"},{"floor":44,"key":"Regal Pillow"},{"floor":46,"key":"MawBank"},{"floor":54,"key":"Strawberry"}],"event_choices":[{"damage_healed":0,"gold_gain":0,"player_choice":"Got Potions","damage_taken":0,"max_hp_gain":0,"max_hp_loss":0,"event_name":"Lab","floor":2,"gold_loss":0},{"damage_healed":0,"gold_gain":0,"player_choice":"Take Damage","damage_taken":27,"relics_obtained":["Golden Idol"],"max_hp_gain":0,"max_hp_loss":0,"event_name":"Golden Idol","floor":4,"gold_loss":0},{"damage_healed":0,"gold_gain":0,"player_choice":"Gave Potion","damage_taken":0,"relics_obtained":["Shuriken"],"max_hp_gain":0,"max_hp_loss":0,"event_name":"WeMeetAgain","floor":5,"gold_loss":0},{"damage_healed":0,"gold_gain":75,"player_choice":"Gold","damage_taken":11,"max_hp_gain":0,"max_hp_loss":0,"event_name":"betterThird:BetterGoop","floor":13,"gold_loss":0},{"cards_removed":["TheVixenMod:CADC"],"damage_healed":0,"gold_gain":0,"player_choice":"Purged","damage_taken":0,"max_hp_gain":0,"max_hp_loss":0,"event_name":"Purifier","floor":19,"gold_loss":0},{"cards_removed":["TheVixenMod:Defend_TheVixen"],"damage_healed":0,"gold_gain":0,"player_choice":"Upgrade and Remove","damage_taken":0,"max_hp_gain":0,"max_hp_loss":0,"event_name":"Designer","floor":20,"gold_loss":90,"cards_upgraded":["TheVixenMod:FirePunch"]},{"damage_healed":0,"gold_gain":0,"player_choice":"Ignored","damage_taken":0,"max_hp_gain":0,"max_hp_loss":0,"event_name":"N\u0027loth","floor":22,"gold_loss":0},{"damage_healed":0,"gold_gain":0,"player_choice":"Ignored","damage_taken":0,"max_hp_gain":0,"max_hp_loss":0,"event_name":"Ghosts","floor":31,"gold_loss":0},{"damage_healed":0,"gold_gain":0,"player_choice":"Fight","damage_taken":0,"max_hp_gain":0,"max_hp_loss":0,"event_name":"Mysterious Sphere","floor":37,"gold_loss":0},{"damage_healed":0,"gold_gain":0,"player_choice":"1","damage_taken":0,"max_hp_gain":0,"max_hp_loss":0,"event_name":"betterMatch:BetterMatch","floor":39,"gold_loss":0,"cards_obtained":["betterMatch:CommonCard","betterMatch:ColorlessUncommonCard"]},{"damage_healed":0,"gold_gain":0,"player_choice":"Fight the Beast\u0027s assailants","damage_taken":0,"relics_obtained":["TheVixenMod:UmbreonRelic"],"max_hp_gain":0,"max_hp_loss":0,"event_name":"Creature of the Night","floor":41,"gold_loss":0}],"is_beta":false,"boss_relics":[{"not_picked":["Coffee Dripper","Fusion Hammer"],"picked":"TheVixenMod:FiriumZ"},{"not_picked":["SacredBark","Pandora\u0027s Box","Calling Bell"]}],"items_purged_floors":[],"is_endless":false,"potions_floor_spawned":[3,8,16,23,33,35,40,41,44,48,54],"ascension_level":0}}