{"host":"61ejhfsushs0xmcl","time":1609552899,"event":{"mods":["ATMod(阿瑾Mod)","Act Like it!","BaseMod","Colored Map","Downfall","Gold Saver","Hallownest","Marisa（F雨　魔理沙）","Minty Spire (QoL Compilation)","MostiFishMod","Pale of the Ancients","Spicy Shops","StSLib","TestMod","Waifu the Spire","【遗物卡牌】REMEMod","篝火指南"],"gold_per_floor":[99,114,174,574,590,590,590,620,620,635,666,293,218,243,262,337,337,337,348,248,322,322,335,361,473,499,361,392,404,442,474,498,592,604,616,646,706,741,773,710,710,727,727,761,761,773,773,829,846,850,850,885,427,427,433],"floor_reached":56,"playtime":4137,"items_purged":["Defend_MRS","Strike_MRS","Defend_MRS","Strike_MRS","Strike_MRS"],"score":2559,"play_id":"910f2cf5-93c1-413d-9173-4304d89f53ff","local_time":"20210102100139","is_ascension_mode":true,"campfire_choices":[{"data":"AT_TinkerSharpsword","floor":1.0,"key":"SMITH"},{"floor":13.0,"key":"RECALL"},{"data":"expansioncontent:QuickStudy","floor":18.0,"key":"SMITH"},{"data":"UltimateShortwave","floor":27.0,"key":"SMITH"},{"data":"UltimateShortwave","floor":29.0,"key":"SMITH"},{"data":"AT_LightSaberMaster","floor":35.0,"key":"SMITH"},{"data":"Impatience","floor":43.0,"key":"SMITH"},{"data":"testmod-ShutDown","floor":45,"key":"SMITH"},{"data":"CasketOfStar","floor":47,"key":"SMITH"},{"data":"StarBarrage","floor":54,"key":"SMITH"}],"circlet_count":0,"master_deck":["AscendersBane","Defend_MRS","Defend_MRS","MasterSpark","UpSweep","AT_TinkerSharpsword+1","expansioncontent:QuickStudy+1","StarBarrage+1","SuperPerseids","UltimateShortwave+1","UltimateShortwave+1","MostiFishMod:KingOfFree","Impatience+1","testmod-ShutDown+1","MilkyWay","AT_LightSaberMaster+1","CasketOfStar+1","Acceleration","MilkyWay+1","MeteoricShower"],"relics":["MiniHakkero","testmod-TestBox","AT_ATBox","REME_ComplimentaryCards","testmod-Recursion","Chemical X","Tiny Chest","AT_SeraphEmbrace","Ancient Tea Set","AT_EbonyIvory","Membership Card","Guardian:GemstoneGun","ClockworkSouvenir","downfall:HeartBlessingGreen","AT_ArcaneBoots","REME_LowDesire","MealTicket","testmod-IndustrialRevolution","HandmadeGrimoire","DollysMirror","MawBank","White Beast Statue","downfall:HeartBlessingRed","downfall:HeartBlessingBlue","testmod-Fortitude","GreenFoldingFan","Orichalcum","Bottled Flame","Thread and Needle","DianPoetry","AT_SunfireAegis","TheAbacus","Bag of Preparation","testmod-LifeArmor","Oddly Smooth Stone"],"acts_visited":["Exordium","TheCity","TheBeyond","TheEnding"],"potions_floor_usage":[46,55,55],"damage_taken":[{"damage":14.0,"enemies":"Small Slimes","floor":2.0,"turns":3.0},{"damage":0.0,"enemies":"Gremlin Nob","floor":3.0,"turns":3.0},{"damage":6.0,"enemies":"2 Louse","floor":5.0,"turns":2.0},{"damage":5.0,"enemies":"Lagavulin","floor":8.0,"turns":4.0},{"damage":7.0,"enemies":"Jaw Worm","floor":10.0,"turns":3.0},{"damage":6.0,"enemies":"3 Sentries","floor":11.0,"turns":5.0},{"damage":0.0,"enemies":"downfall:FleeingMerchant","floor":12.0,"turns":4.0},{"damage":0.0,"enemies":"Lagavulin","floor":14.0,"turns":3.0},{"damage":0.0,"enemies":"Gremlin Gang","floor":15.0,"turns":1.0},{"damage":5.0,"enemies":"downfall:Ironclad","floor":16.0,"turns":4.0},{"damage":9.0,"enemies":"Shell Parasite","floor":19.0,"turns":2.0},{"damage":3.0,"enemies":"downfall:FleeingMerchant","floor":20.0,"turns":4.0},{"damage":0.0,"enemies":"Chosen","floor":23.0,"turns":2.0},{"damage":0.0,"enemies":"downfall:LadyInBlue","floor":25.0,"turns":3.0},{"damage":12.0,"enemies":"Snake Plant","floor":26.0,"turns":2.0},{"damage":0.0,"enemies":"3 Cultists","floor":28.0,"turns":2.0},{"damage":14.0,"enemies":"Book of Stabbing","floor":30.0,"turns":2.0},{"damage":3.0,"enemies":"Centurion and Healer","floor":31.0,"turns":2.0},{"damage":0.0,"enemies":"Cultist and Chosen","floor":32.0,"turns":2.0},{"damage":2.0,"enemies":"downfall:Defect","floor":33.0,"turns":4.0},{"damage":13.0,"enemies":"3 Shapes","floor":36.0,"turns":2.0},{"damage":33.0,"enemies":"3 Darklings","floor":37.0,"turns":3.0},{"damage":2.0,"enemies":"4 Shapes","floor":39.0,"turns":1.0},{"damage":14.0,"enemies":"Transient","floor":42.0,"turns":4.0},{"damage":4.0,"enemies":"Reptomancer","floor":44.0,"turns":2.0},{"damage":14,"enemies":"Maw","floor":46,"turns":3},{"damage":12,"enemies":"2 Orb Walkers","floor":48,"turns":3},{"damage":4,"enemies":"Writhing Mass","floor":49,"turns":2},{"damage":8,"enemies":"downfall:Silent","floor":50,"turns":4},{"damage":7,"enemies":"downfall:CharBossMerchant","floor":52,"turns":2},{"damage":16,"enemies":"downfall:NeowBoss","floor":55,"turns":8}],"seed_played":"-1390373680223309330","potions_obtained":[{"floor":0.0,"key":"Ancient Potion"},{"floor":0.0,"key":"SkillPotion"},{"floor":8.0,"key":"testmod-TimePotion"},{"floor":15.0,"key":"SneckoOil"},{"floor":16.0,"key":"Fire Potion"},{"floor":25.0,"key":"FearPotion"},{"floor":25.0,"key":"AttackPotion"},{"floor":31.0,"key":"testmod-SpacePotion"},{"floor":32.0,"key":"REME_GoldPotion"},{"floor":33.0,"key":"LiquidMemories"},{"floor":37.0,"key":"Fire Potion"},{"floor":44,"key":"Energy Potion"},{"floor":46,"key":"SmokeBomb"},{"floor":52,"key":"Explosive Potion"}],"is_trial":false,"path_per_floor":["R","M","?","?","M","?","T","E","?","M","E","$","R","E","M","B",null,"R","M","$","T","?","M","T","?","M","R","M","R","E","M","M","B",null,"R","M","M","T","M","$","T","M","R","E","R","M","R","?","M","B",null,"E","$","R","B",null],"character_chosen":"MARISA","items_purchased":["Membership Card","Guardian:GemstoneGun","ClockworkSouvenir","testmod-IndustrialRevolution","HandmadeGrimoire","DollysMirror","TheAbacus","Bag of Preparation","testmod-LifeArmor","Oddly Smooth Stone","MeteoricShower","CultistPotion"],"campfire_rested":0,"item_purchase_floors":[12,12,12,20,20,20,53,53,53,53,53,53],"current_hp_per_floor":[63,49,49,49,43,43,43,38,38,31,25,25,25,25,25,20,58,58,49,61,61,61,61,61,61,51,61,63,63,50,48,49,51,73,73,72,52,52,61,76,76,76,76,80,80,77,77,76,80,80,80,80,80,80,80],"gold":433,"neow_bonus":"THREE_SMALL_POTIONS","is_daily":false,"chose_seed":false,"campfire_upgraded":9,"win_rate":0.0,"timestamp":1609552899,"path_taken":["R","M","?","?","M","?","T","E","?","M","E","$","R","E","M","BOSS","R","M","$","?","?","M","T","?","?","R","M","R","E","M","M","BOSS","R","M","M","?","?","$","T","M","R","E","R","M","R","?","M","BOSS","E","$","R","BOSS"],"items_purchased_type":["Relic","Relic","Relic","Relic","Relic","Relic","Relic","Relic","Relic","Relic","Card","Potion"],"build_version":"2020-12-22","purchased_purges":5,"victory":true,"max_hp_per_floor":[70,70,70,70,70,70,70,70,70,70,70,70,70,70,70,70,70,70,70,70,70,70,70,70,70,70,80,80,80,80,80,80,80,80,80,80,80,80,80,80,80,80,80,80,80,80,80,80,80,80,80,80,80,80,80],"card_choices":[{"not_picked":["MilkyWay","ShootingEcho","DoubleSpark"],"picked":"SKIP","floor":2.0},{"not_picked":["LuminesStrike","SporeBomb","WitchLeyline"],"picked":"SKIP","floor":5.0},{"not_picked":["GrandCross","GalacticHalo"],"picked":"StarBarrage","floor":8.0},{"not_picked":["GrandCross","Singularity","DragonMeteor"],"picked":"SKIP","floor":10.0},{"not_picked":["DoubleSpark","BlazeAway","MysteriousBeam"],"picked":"SKIP","floor":11.0},{"not_picked":["EnergyRecoil","ChargingUp"],"picked":"SuperPerseids","floor":12.0},{"not_picked":["Acceleration","DoubleSpark","MagicChant"],"picked":"SKIP","floor":14.0},{"not_picked":["NonDirectionalLaser","MagicAbsorber","6A"],"picked":"SKIP","floor":15.0},{"not_picked":["MaximisePower","SuperNova"],"picked":"UltimateShortwave","floor":16.0},{"not_picked":["IllusionStar","DragonMeteor","SprinkleStarSeal","expansioncontent:BronzeBeam"],"picked":"SKIP","floor":19.0},{"not_picked":["GravityBeat+1","Robbery+1","DragonMeteor","expansioncontent:YouAreMine"],"picked":"SKIP","floor":20.0},{"not_picked":["RefractionSpark","IllusionStar","MagicAbsorber","testmod-TradeIn"],"picked":"SKIP","floor":23.0},{"not_picked":["WitchLeyline","SporeBomb+1","Occultation"],"picked":"MostiFishMod:KingOfFree","floor":25.0},{"not_picked":["GrandCross","OrrerysSun","6A","Impatience"],"picked":"SKIP","floor":26.0},{"not_picked":["GrandCross","OrrerysSun","6A"],"picked":"Impatience","floor":26.0},{"not_picked":["NonDirectionalLaser","MysteriousBeam","GravityBeat"],"picked":"testmod-ShutDown","floor":28.0},{"not_picked":["EarthLightRay","EventHorizon+1","UnstableBomb","expansioncontent:Torchfire"],"picked":"SKIP","floor":30.0},{"not_picked":["DC","DarkMatter","MostiFishMod:Awakening"],"picked":"MilkyWay","floor":31.0},{"not_picked":["EscapeVelocity","WitchOfGreed","ShootTheMoon"],"picked":"AT_LightSaberMaster","floor":32.0},{"not_picked":["FinalSpark","BlazingStar","AT_BreakingExtremeWeapon"],"picked":"CasketOfStar","floor":33.0},{"not_picked":["EnergyRecoil","StarlightTyphoon+1","NonDirectionalLaser","Transmutation"],"picked":"SKIP","floor":36.0},{"not_picked":["PowerUp","MagicChant","EnergyRecoil+1","testmod-PocketStoneCalender"],"picked":"SKIP","floor":37.0},{"not_picked":["Acceleration","EnergyRecoil","EarthLightRay","testmod-FightingIntention"],"picked":"SKIP","floor":39.0},{"not_picked":["EnergyRecoil","EarthLightRay","testmod-FightingIntention"],"picked":"Acceleration","floor":39.0},{"not_picked":["RefractionSpark","MysteriousBeam+1","ShootingEcho","Swift Strike"],"picked":"SKIP","floor":42.0},{"not_picked":["SuperNova","FairyDestructionRay","OortCloud","AT_LightSaberMaster"],"picked":"SKIP","floor":44},{"not_picked":["WitchLeyline+1","PropBag","expansioncontent:Torchfire"],"picked":"MilkyWay+1","floor":46},{"not_picked":["RefractionSpark","SporeBomb+1","LuminesStrike","testmod-HeadAttack"],"picked":"SKIP","floor":49},{"not_picked":["StarBarrage+1","GalacticHalo+1","IllusionStar","The Bomb"],"picked":"SKIP","floor":52}],"player_experience":869185,"relics_obtained":[{"floor":7.0,"key":"AT_ArchangelStaff"},{"floor":8.0,"key":"Ancient Tea Set"},{"floor":11.0,"key":"AT_EbonyIvory"},{"floor":14.0,"key":"AT_SpeedBoots"},{"floor":17.0,"key":"MealTicket"},{"floor":24.0,"key":"MawBank"},{"floor":25.0,"key":"White Beast Statue"},{"floor":30.0,"key":"testmod-Fortitude"},{"floor":38.0,"key":"Orichalcum"},{"floor":41.0,"key":"Bottled Flame"},{"floor":44,"key":"Thread and Needle"},{"floor":48,"key":"DianPoetry"},{"floor":52,"key":"AT_SunfireAegis"}],"event_choices":[{"damage_healed":0.0,"max_hp_gain":0.0,"max_hp_loss":0.0,"gold_gain":400.0,"event_name":"恩洛斯的盘子","player_choice":"Sell","floor":4.0,"relics_lost":["DaveBox"],"gold_loss":0.0,"damage_taken":0.0},{"damage_healed":0.0,"max_hp_gain":0.0,"max_hp_loss":0.0,"gold_gain":0.0,"event_name":"给自己的盒子","player_choice":"Ignored","floor":22.0,"gold_loss":0.0,"damage_taken":0.0},{"damage_healed":0,"gold_gain":0,"player_choice":"Fight","damage_taken":0,"max_hp_gain":0,"max_hp_loss":0,"event_name":"Mysterious Sphere","floor":48,"gold_loss":0}],"is_beta":false,"boss_relics":[{"not_picked":["FixedStarFall","testmod-DreamHouse"],"picked":"REME_LowDesire"},{"not_picked":["Cursed Key","REME_DemonsWealth"],"picked":"GreenFoldingFan"}],"items_purged_floors":[12,20,20,40,53],"is_endless":false,"potions_floor_spawned":[5,8,15,16,26,28,30,31,32,33,36,37,39,42,44,46,48,49,52],"ascension_level":20}}