{"host":"6pgtslebjnyv5xmi","time":1609609046,"event":{"mods":["AchievementEnabler","BaseMod","Colored Map","Minty Spire (QoL Compilation)","Rare Cards Sparkle","StSLib","SuperFastMode","Td1madao Mod","everything is the same but u backflip on backflip"],"gold_per_floor":[112,287,300,300,261,296,310,337,337,348,348,366,379,412,412,509,509,528,234,234,234,234],"floor_reached":21,"playtime":830,"items_purged":[],"score":341,"play_id":"f991cddd-c6cc-4d1b-a0f8-1852270130ff","local_time":"20210103023726","is_ascension_mode":true,"campfire_choices":[{"data":"Clash","floor":15,"key":"SMITH"}],"circlet_count":0,"master_deck":["AscendersBane","Strike_R","Strike_R","Strike_R","Strike_R","Strike_R","Defend_R+1","Defend_R+1","Defend_R","Defend_R","Bash","Sever Soul","Pummel","Impervious","Clash+1","Feed","CurseOfTheBell"],"relics":["Burning Blood","NeowsBlessing","Blood Vial","War Paint","Tiny Chest","StrikeDummy","Spirit Poop","Potion Belt","Calling Bell","Juzu Bracelet","Ornamental Fan","Champion Belt","Incense Burner","Letter Opener"],"acts_visited":["Exordium","TheCity"],"potions_floor_usage":[14],"damage_taken":[{"damage":0,"enemies":"2 Louse","floor":1,"turns":1},{"damage":0,"enemies":"Jaw Worm","floor":3,"turns":1},{"damage":0,"enemies":"Gremlin Nob","floor":6,"turns":1},{"damage":2,"enemies":"Cultist","floor":7,"turns":4},{"damage":11,"enemies":"3 Louse","floor":10,"turns":5},{"damage":2,"enemies":"Gremlin Gang","floor":12,"turns":6},{"damage":9,"enemies":"Lots of Slimes","floor":13,"turns":4},{"damage":27,"enemies":"Lagavulin","floor":14,"turns":4},{"damage":52,"enemies":"Hexaghost","floor":16,"turns":11},{"damage":30,"enemies":"Spheric Guardian","floor":18,"turns":6},{"damage":48,"enemies":"Shell Parasite","floor":21,"turns":7}],"seed_played":"7255791644202352712","potions_obtained":[{"floor":1,"key":"Ancient Potion"},{"floor":7,"key":"FearPotion"}],"is_trial":false,"path_per_floor":["M","?","M","?","$","E","M","T","T","M","?","M","M","E","R","B",null,"M","$","T","M"],"character_chosen":"IRONCLAD","items_purchased":["Pummel","Incense Burner"],"campfire_rested":0,"item_purchase_floors":[5,19],"current_hp_per_floor":[78,78,80,77,77,80,80,80,80,75,75,80,77,58,58,14,64,42,42,42,0,0],"gold":234,"neow_bonus":"THREE_ENEMY_KILL","is_daily":false,"chose_seed":false,"campfire_upgraded":1,"win_rate":0.0,"timestamp":1609609046,"path_taken":["M","?","M","?","$","E","M","?","T","?","?","?","M","E","R","BOSS","M","$","?","M"],"items_purchased_type":["Card","Relic"],"build_version":"2020-12-22","purchased_purges":0,"victory":false,"max_hp_per_floor":[80,80,80,80,80,80,80,80,80,80,80,80,80,80,80,80,80,80,80,80,80,80],"card_choices":[{"not_picked":["Clash","Combust"],"picked":"Sever Soul","floor":1},{"not_picked":["Iron Wave","Body Slam","Twin Strike"],"picked":"SKIP","floor":3},{"not_picked":["Flame Barrier","Wild Strike"],"picked":"Impervious","floor":6},{"not_picked":["Pommel Strike","Power Through"],"picked":"Clash","floor":7},{"not_picked":["Body Slam","Warcry","Shockwave"],"picked":"SKIP","floor":10},{"not_picked":["Twin Strike","Wild Strike","Sword Boomerang"],"picked":"SKIP","floor":12},{"not_picked":["Armaments","Headbutt","Whirlwind"],"picked":"SKIP","floor":13},{"not_picked":["Hemokinesis","Dual Wield","Thunderclap"],"picked":"SKIP","floor":14},{"not_picked":["Juggernaut","Impervious"],"picked":"Feed","floor":16},{"not_picked":["Flex","Clothesline","Reckless Charge+1"],"picked":"SKIP","floor":18}],"player_experience":652548,"relics_obtained":[{"floor":6,"key":"War Paint"},{"floor":8,"key":"Tiny Chest"},{"floor":9,"key":"StrikeDummy"},{"floor":14,"key":"Potion Belt"},{"floor":17,"key":"Juzu Bracelet"},{"floor":17,"key":"Ornamental Fan"},{"floor":17,"key":"Champion Belt"},{"floor":20,"key":"Letter Opener"}],"event_choices":[{"damage_healed":0,"gold_gain":175,"player_choice":"AGREE","damage_taken":0,"max_hp_gain":0,"max_hp_loss":0,"event_name":"Liars Game","floor":2,"gold_loss":0,"cards_obtained":["Doubt"]},{"damage_healed":0,"gold_gain":0,"player_choice":"Success","damage_taken":3,"relics_obtained":["Blood Vial"],"max_hp_gain":0,"max_hp_loss":0,"event_name":"Scrap Ooze","floor":4,"gold_loss":0},{"cards_removed":["Doubt"],"damage_healed":0,"gold_gain":0,"player_choice":"Offered Curse","damage_taken":0,"relics_obtained":["Spirit Poop"],"max_hp_gain":0,"max_hp_loss":0,"event_name":"Bonfire Elementals","floor":11,"gold_loss":0}],"is_beta":false,"boss_relics":[{"not_picked":["Astrolabe","Coffee Dripper"],"picked":"Calling Bell"}],"items_purged_floors":[],"is_endless":false,"potions_floor_spawned":[1,7,10,12],"killed_by":"Shell Parasite","ascension_level":12}}