{"host":"qj91dvco5uhu9oti","time":1609596345,"event":{"mods":["BaseMod","Colored Map","Hermit","Keyboard Shortcuts","Minty Spire (QoL Compilation)","Permanent Neow","Relic Stats","StSLib","SuperFastMode","everything is the same but u backflip on backflip"],"gold_per_floor":[115,128,53,64,79,79,96,96,177,177,102,135,153,164,164,242,242,259,184,234,234,134,134,9,9,9,42,62,102,143,168,168,168,168],"floor_reached":33,"playtime":1081,"items_purged":["Strike_G","Strike_G","Strike_G"],"score":589,"play_id":"df3ba8cf-4c60-4832-9820-64a0723e6edf","local_time":"20210102230545","is_ascension_mode":true,"campfire_choices":[{"data":"Poisoned Stab","floor":6.0,"key":"SMITH"},{"data":"Dash","floor":8.0,"key":"SMITH"},{"data":"Backflip","floor":10.0,"key":"SMITH"},{"data":"Prepared","floor":15.0,"key":"SMITH"},{"data":"Prepared","floor":23.0,"key":"SMITH"},{"data":"Survivor","floor":25.0,"key":"SMITH"},{"floor":32,"key":"REST"}],"circlet_count":0,"master_deck":["AscendersBane","Strike_G","Defend_G","Defend_G","Defend_G","Defend_G","Survivor+1","Neutralize","Backflip+1","Poisoned Stab+1","Deflect","Acrobatics","Dash+1","Prepared+1","Prepared+1","Corpse Explosion","CurseOfTheBell","Deadly Poison+1","Deadly Poison","Deadly Poison+1","Underhanded Strike","Malaise"],"relics":["Ring of the Snake","Boot","White Beast Statue","Tough Bandages","Calling Bell","Art of War","InkBottle","TungstenRod","CeramicFish","Shuriken","Strawberry","Red Mask","Du-Vu Doll"],"acts_visited":["Exordium","TheCity"],"potions_floor_usage":[29,29,31,33,33],"damage_taken":[{"damage":11.0,"enemies":"Jaw Worm","floor":1.0,"turns":4.0},{"damage":3.0,"enemies":"2 Louse","floor":2.0,"turns":3.0},{"damage":3.0,"enemies":"Small Slimes","floor":4.0,"turns":4.0},{"damage":2.0,"enemies":"2 Fungi Beasts","floor":5.0,"turns":4.0},{"damage":6.0,"enemies":"3 Louse","floor":7.0,"turns":4.0},{"damage":12.0,"enemies":"Gremlin Nob","floor":12.0,"turns":4.0},{"damage":1.0,"enemies":"Exordium Thugs","floor":13.0,"turns":3.0},{"damage":4.0,"enemies":"Lots of Slimes","floor":14.0,"turns":4.0},{"damage":15.0,"enemies":"The Guardian","floor":16.0,"turns":15.0},{"damage":5.0,"enemies":"Shell Parasite","floor":18.0,"turns":9.0},{"damage":37.0,"enemies":"Gremlin Leader","floor":27.0,"turns":9.0},{"damage":0.0,"enemies":"Spheric Guardian","floor":28.0,"turns":4.0},{"damage":0,"enemies":"Masked Bandits","floor":29,"turns":2},{"damage":16,"enemies":"Book of Stabbing","floor":30,"turns":7},{"damage":7,"enemies":"Snake Plant","floor":31,"turns":4},{"damage":44,"enemies":"Collector","floor":33,"turns":7}],"seed_played":"675355777557287905","potions_obtained":[{"floor":4.0,"key":"CunningPotion"},{"floor":7.0,"key":"PowerPotion"},{"floor":12.0,"key":"SpeedPotion"},{"floor":13.0,"key":"Fruit Juice"},{"floor":14.0,"key":"Block Potion"},{"floor":16.0,"key":"CunningPotion"},{"floor":18.0,"key":"Regen Potion"},{"floor":27.0,"key":"ColorlessPotion"},{"floor":28.0,"key":"FearPotion"},{"floor":29,"key":"ColorlessPotion"},{"floor":30,"key":"GamblersBrew"},{"floor":31,"key":"Weak Potion"}],"is_trial":false,"path_per_floor":["M","M","$","M","M","R","M","R","T","R","?","E","M","M","R","B",null,"M","?","?","T","$","R","$","R","T","E","M","?","E","M","R","B"],"character_chosen":"THE_SILENT","items_purchased":[],"campfire_rested":1,"item_purchase_floors":[],"current_hp_per_floor":[48,45,45,42,40,40,34,34,34,34,34,22,21,22,22,7,55,50,50,50,50,50,50,50,50,50,35,35,35,19,12,35,0,0],"gold":168,"neow_bonus":"RANDOM_COMMON_RELIC","is_daily":false,"chose_seed":false,"campfire_upgraded":6,"win_rate":0.0,"timestamp":1609596345,"path_taken":["M","M","$","M","M","R","M","R","T","R","?","E","M","M","R","BOSS","M","?","?","?","$","R","$","R","T","E","M","?","E","M","R","BOSS"],"items_purchased_type":[],"build_version":"2020-12-22","purchased_purges":3,"victory":false,"max_hp_per_floor":[66,66,66,66,66,66,66,66,66,66,66,66,66,71,71,71,71,71,71,71,71,71,71,71,71,71,78,78,78,78,78,78,78,78],"relic_stats":{"Tough Bandages":[276],"counters":[16,87],"Shuriken":[2],"CeramicFish":36,"Art of War":[9],"Boot":[57],"obtain_stats":[{"CeramicFish":21,"Boot":0,"White Beast Statue":9,"Calling Bell":17,"Du-Vu Doll":30,"Tough Bandages":12,"Shuriken":26,"Strawberry":27,"Art of War":17,"Red Mask":29,"InkBottle":17,"TungstenRod":17,"Ring of the Snake":0},{"CeramicFish":10,"Boot":0,"White Beast Statue":5,"Calling Bell":9,"Du-Vu Doll":14,"Tough Bandages":6,"Shuriken":10,"Strawberry":11,"Art of War":9,"Red Mask":13,"InkBottle":9,"TungstenRod":9,"Ring of the Snake":0},{"CeramicFish":54,"Boot":0,"White Beast Statue":19,"Calling Bell":45,"Du-Vu Doll":76,"Tough Bandages":23,"Shuriken":54,"Strawberry":63,"Art of War":45,"Red Mask":69,"InkBottle":45,"TungstenRod":45,"Ring of the Snake":0}],"InkBottle":[15],"TungstenRod":21,"Ring of the Snake":[32]},"card_choices":[{"not_picked":["Prepared","Deadly Poison"],"picked":"Backflip","floor":1.0},{"not_picked":["Escape Plan","Sucker Punch"],"picked":"Poisoned Stab","floor":2.0},{"not_picked":["Backflip","Acrobatics"],"picked":"Deflect","floor":4.0},{"not_picked":["Slice","Flying Knee"],"picked":"Acrobatics","floor":5.0},{"not_picked":["Masterful Stab","Underhanded Strike"],"picked":"Dash","floor":7.0},{"not_picked":["Backstab","Backflip"],"picked":"Prepared","floor":12.0},{"not_picked":["Outmaneuver","Dodge and Roll"],"picked":"Prepared","floor":13.0},{"not_picked":["Poisoned Stab","Underhanded Strike","Sucker Punch"],"picked":"SKIP","floor":14.0},{"not_picked":["Storm of Steel","Phantasmal Killer"],"picked":"Corpse Explosion","floor":16.0},{"not_picked":["Infinite Blades","Backstab"],"picked":"Deadly Poison+1","floor":18.0},{"not_picked":["Poisoned Stab","Backflip","Deflect"],"picked":"SKIP","floor":27.0},{"not_picked":["Prepared","Well Laid Plans+1"],"picked":"Deadly Poison","floor":28.0},{"not_picked":["Distraction","Cloak And Dagger"],"picked":"Deadly Poison+1","floor":29},{"not_picked":["Sucker Punch","Predator"],"picked":"Underhanded Strike","floor":30},{"not_picked":["Blade Dance","Riddle With Holes"],"picked":"Malaise","floor":31}],"player_experience":331393,"relics_obtained":[{"floor":9.0,"key":"White Beast Statue"},{"floor":12.0,"key":"Tough Bandages"},{"floor":17.0,"key":"Art of War"},{"floor":17.0,"key":"InkBottle"},{"floor":17.0,"key":"TungstenRod"},{"floor":21.0,"key":"CeramicFish"},{"floor":26.0,"key":"Shuriken"},{"floor":27.0,"key":"Strawberry"},{"floor":29,"key":"Red Mask"},{"floor":30,"key":"Du-Vu Doll"}],"event_choices":[{"cards_removed":["Defend_G"],"damage_healed":0.0,"max_hp_gain":0.0,"max_hp_loss":0.0,"gold_gain":0.0,"event_name":"The Cleric","player_choice":"Card Removal","floor":11.0,"gold_loss":75.0,"damage_taken":0.0},{"cards_removed":["Strike_G"],"damage_healed":0.0,"max_hp_gain":0.0,"max_hp_loss":0.0,"gold_gain":0.0,"event_name":"Beggar","player_choice":"Gave Gold","floor":19.0,"gold_loss":75.0,"damage_taken":0.0},{"damage_healed":0.0,"max_hp_gain":0.0,"max_hp_loss":0.0,"gold_gain":50.0,"event_name":"Nest","player_choice":"Stole From Cult","floor":20.0,"gold_loss":0.0,"damage_taken":0.0},{"damage_healed":0,"gold_gain":0,"player_choice":"Fought Bandits","damage_taken":0,"max_hp_gain":0,"max_hp_loss":0,"event_name":"Masked Bandits","floor":29,"gold_loss":0}],"is_beta":false,"boss_relics":[{"not_picked":["Sozu","Busted Crown"],"picked":"Calling Bell"}],"items_purged_floors":[3,22,24],"is_endless":false,"potions_floor_spawned":[4,7,12,13,14,16,18,27,28,29,30,31],"killed_by":"Collector","ascension_level":18}}