{"host":"htqwg582tjjtn9p7","time":1609597606,"event":{"mods":["2.2 Compatiblity","AchievementEnabler","Act Like it!","Aspiration","BaseMod","Better Third Choice","Colored Map","Conspire","Curses Come First","Displayed Cursed Tome","Energized Spire","Force Act Four","GifTheSpireLib","Hermit","Highlight Path","JesterMod","Mad Scientist","Minty Spire (QoL Compilation)","Pale of the Ancients","Permanent Neow","Random Character Button","Relic Stats","Replay The Spire","Robot Space Explorer","Somnambulant","Spicy Shops","Spikes Relics","StSLib","Stuff the Spire","The Blue Laboratory","The Disciple","The Dragon Tamer","The Forsaken","The Gatherer","The Judge","The Jungle","The Marked","The Runesmith","The Servant 0.9.4","Uncapped","Wandering Minibosses"],"gold_per_floor":[114,114,114,131,131,157,157,168,168,193,193,221,239,259,259,361,361,373,422,69,100,114,114,143,143,143,257,300,325,356,58,358,471,471,504,71,93,122,152,191,223,265,265,12,67,67,67,98,98,125,179,227,227,101,101,185,185,15,15,55],"floor_reached":61,"playtime":3670,"items_purged":["Injury","Defend_G","Defend_G","Defend_G","Defend_G+1","PlatinumSkin"],"score":1939,"play_id":"fa1a97b5-2897-416c-a396-a28d92092040","local_time":"20210102152646","daily_mods":["Heirloom","Colorless Cards","DeadlyEvents"],"is_ascension_mode":false,"campfire_choices":[{"floor":7,"key":"REST"},{"floor":11,"key":"REST"},{"data":"Neutralize","floor":15,"key":"SMITH"},{"data":"Finisher","floor":23,"key":"SMITH"},{"data":"StuffTheSpire:Innocence","floor":25,"key":"SMITH"},{"floor":32,"key":"DIG"},{"data":"ReplayTheSpireMod:Brewmster","floor":46,"key":"SMITH"},{"data":"StuffTheSpire:Innocence","floor":49,"key":"SMITH"},{"data":"Noxious Fumes","floor":57,"key":"SMITH"}],"circlet_count":0,"master_deck":["Neutralize+1","Dramatic Entrance+1","Calculated Gamble+1","StuffTheSpire:Innocence+1","Panacea+1","Cloak And Dagger+1","Backflip+1","Bandage Up+1","Deadly Poison+1","Deflect+1","Thinking Ahead+1","CurseOfTheBell","Dodge and Roll+1","Backflip+1","StuffTheSpire:Innocence+1","Cloak And Dagger+1","Finisher+1","Tactician+1","StuffTheSpire:FreeRealEstate+1","Backstab","conspire:Banana+1","PiercingWail+1","Deflect+1","Deadly Poison+1","Deflect+1","Finesse+1","Backflip+1","Good Instincts+1","Doppelganger+1","Noxious Fumes+1","Acrobatics+1","Deadly Poison+1","Footwork","Calculated Gamble+1","PiercingWail+1","conspire:PoisonWeapons+1","ReplayTheSpireMod:Brewmster+1","Cloak And Dagger+1","Noxious Fumes","aspiration:Lunge","Catalyst+1","Replay:Sssssssssshield+1","Dodge and Roll+1","Injury","Cloak And Dagger+1","Deadly Poison+1"],"relics":["Ring of the Snake","Replay:PocketPolymizer","Toxic Egg 2","Anchor","SpikesRelics:ToyHorsey","Meat on the Bone","conspire:DeflatedDodgeball","Calling Bell","PreservedInsect","StuffTheSpire:RubySignet","Ice Cream","StuffTheSpire:NeowsTribute","DollysMirror","Happy Flower","Nunchaku","Whetstone","Divine Protection","WingedGreaves","Chameleon Ring","StuffTheSpire:Wildfire","Orrery","Old Coin","SacredBark","ClockworkSouvenir","Unceasing Top","BicycleWheel","Replay:WaspNest","Replay:Bandana","aspiration:SneckoTail","Membership Card","Turnip","paleoftheancients:Timepiece","Coffee Dripper","Gremlin Horn","paleoftheancients:SoulOfTheWatcher","StuffTheSpire:Mouthbags","BargainBundle","theForsaken:Lifeblossom"],"acts_visited":["Exordium","TheCity","TheBeyond","TheBeyond"],"potions_floor_usage":[10,16,21,21,33,40,50,50,50,50,50,51,52,52,52,56,56,60,60,60,60,60,60],"damage_taken":[{"damage":1,"enemies":"Cultist","floor":1,"turns":4},{"damage":0,"enemies":"Small Slimes","floor":4,"turns":3},{"damage":39,"enemies":"Lagavulin","floor":6,"turns":13},{"damage":2,"enemies":"Jaw Worm","floor":8,"turns":5},{"damage":0,"enemies":"3 Sentries","floor":10,"turns":4},{"damage":3,"enemies":"Replay:BlueRogue","floor":12,"turns":11},{"damage":0,"enemies":"conspire:2 RoseBushes","floor":13,"turns":4},{"damage":0,"enemies":"2 Fungi Beasts","floor":14,"turns":3},{"damage":30,"enemies":"Slime Boss","floor":16,"turns":13},{"damage":3,"enemies":"Spheric Guardian","floor":18,"turns":9},{"damage":15,"enemies":"conspire:MimicChest","floor":19,"turns":12},{"damage":1,"enemies":"Gremlin Leader","floor":21,"turns":6},{"damage":0,"enemies":"conspire:FuzzyDice","floor":22,"turns":11},{"damage":0,"enemies":"Replay:Snechameleon","floor":24,"turns":4},{"damage":0,"enemies":"Colosseum Slavers","floor":27,"turns":6},{"damage":0,"enemies":"Colosseum Nobs","floor":27,"turns":5},{"damage":0,"enemies":"Slavers","floor":28,"turns":5},{"damage":0,"enemies":"Snake Plant","floor":29,"turns":4},{"damage":0,"enemies":"Shelled Parasite and Fungi","floor":30,"turns":5},{"damage":0,"enemies":"Collector","floor":33,"turns":9},{"damage":0,"enemies":"3 Darklings","floor":35,"turns":8},{"damage":0,"enemies":"Orb Walker","floor":37,"turns":5},{"damage":0,"enemies":"Maw","floor":38,"turns":9},{"damage":0,"enemies":"Reptomancer","floor":40,"turns":6},{"damage":0,"enemies":"Sphere and 2 Shapes","floor":41,"turns":4},{"damage":0,"enemies":"R_Hoarder","floor":42,"turns":7},{"damage":0,"enemies":"Nemesis","floor":45,"turns":3},{"damage":0,"enemies":"Writhing Mass","floor":48,"turns":7},{"damage":0,"enemies":"Time Eater","floor":50,"turns":16},{"damage":0,"enemies":"Time Eater","floor":51,"turns":5},{"damage":0,"enemies":"Time Eater","floor":52,"turns":4},{"damage":0,"enemies":"Time Eater","floor":56,"turns":4},{"damage":0,"enemies":"paleoftheancients:N","floor":60,"turns":9}],"seed_played":"-7971396461393156862","potions_obtained":[{"floor":6,"key":"blueLaboratory:HeartbeatPotion"},{"floor":8,"key":"Explosive Potion"},{"floor":13,"key":"CunningPotion"},{"floor":16,"key":"Poison Potion"},{"floor":19,"key":"Dexterity Potion"},{"floor":22,"key":"blueLaboratory:CorrosionFlask"},{"floor":29,"key":"blueLaboratory:ImpenetrablePotion"},{"floor":30,"key":"blueLaboratory:FruitPunch"},{"floor":37,"key":"blueLaboratory:PolymorphPotion"},{"floor":38,"key":"FearPotion"},{"floor":42,"key":"blueLaboratory:NullPotion"},{"floor":48,"key":"Languid Potion"},{"floor":55,"key":"FearPotion"},{"floor":55,"key":"LiquidBronze"}],"is_trial":true,"path_per_floor":["M","?","?","M","?","E","R","M","T","E","R","E","M","M","R","B",null,"M","?","$","E","M","R","E","R","T","?","E","M","M","$","R_BF","B",null,"M","$","M","M","?","E","M","E","T","$","E","R","?","M","R","B","M","M","?","$","R","M","R","$","?","B",null],"character_chosen":"THE_SILENT","items_purchased":["Backflip+1","DollysMirror","Happy Flower","Deflect+1","Orrery","Noxious Fumes","ClockworkSouvenir","Unceasing Top","Membership Card","conspire:PoisonWeapons+1","Noxious Fumes","StuffTheSpire:Mouthbags","BargainBundle","theForsaken:Lifeblossom","Cloak And Dagger+1","Deadly Poison+1","blueLaboratory:BlinkPotion","Adrenaline Potion"],"campfire_rested":2,"item_purchase_floors":[20,20,20,31,31,36,36,36,44,44,54,58,58,58,58,58,58,58],"current_hp_per_floor":[69,55,55,55,48,9,30,28,28,28,49,52,58,58,58,46,70,70,61,61,66,70,70,70,70,70,70,70,72,74,74,74,79,79,81,81,83,85,64,72,80,88,88,88,93,93,93,96,96,99,102,104,104,104,104,106,106,106,106,108],"gold":55,"neow_bonus":"","is_daily":false,"chose_seed":false,"campfire_upgraded":6,"win_rate":0.0,"timestamp":1609597606,"path_taken":["M","?","?","M","?","E","R","M","T","?","R","E","M","?","R","BOSS","M","?","$","?","M","R","E","R","T","?","E","M","M","$","R_BF","BOSS","M","$","M","M","?","E","M","E","T","$","E","R","?","?","R","BOSS","M","M","?","$","R","M","R","$","?","BOSS"],"items_purchased_type":["Card","Relic","Relic","Card","Relic","Card","Relic","Relic","Relic","Card","Card","Relic","Relic","Relic","Card","Card","Potion","Potion"],"build_version":"2020-12-22","purchased_purges":6,"victory":true,"max_hp_per_floor":[70,70,70,70,70,70,70,70,70,70,70,70,70,70,70,70,70,70,70,70,70,70,70,70,70,70,70,70,72,74,74,74,79,79,81,81,83,85,85,87,89,91,91,91,93,93,93,96,96,99,102,104,104,104,104,106,106,106,106,108],"relic_stats":{"Nunchaku":[34],"Happy Flower":[47],"Gremlin Horn":[20,20],"counters":[33,223],"PreservedInsect":336,"Turnip":[2],"Whetstone":["Strike_G","Dramatic Entrance"],"obtain_stats":[{"Ice Cream":17,"Divine Protection":26,"Replay:PocketPolymizer":0,"aspiration:SneckoTail":43,"Gremlin Horn":50,"SacredBark":34,"theForsaken:Lifeblossom":58,"Whetstone":24,"Old Coin":32,"ClockworkSouvenir":36,"Nunchaku":21,"Replay:Bandana":42,"SpikesRelics:ToyHorsey":9,"Chameleon Ring":27,"DollysMirror":20,"WingedGreaves":27,"paleoftheancients:SoulOfTheWatcher":52,"Toxic Egg 2":3,"StuffTheSpire:NeowsTribute":19,"BicycleWheel":39,"Ring of the Snake":0,"BargainBundle":58,"Happy Flower":20,"StuffTheSpire:Wildfire":28,"PreservedInsect":17,"Replay:WaspNest":40,"Calling Bell":17,"paleoftheancients:Timepiece":50,"Anchor":6,"StuffTheSpire:Mouthbags":58,"Orrery":31,"Turnip":45,"StuffTheSpire:RubySignet":17,"Coffee Dripper":50,"Membership Card":44,"conspire:DeflatedDodgeball":12,"Unceasing Top":36,"Meat on the Bone":10},{"Ice Cream":9,"Divine Protection":14,"Replay:PocketPolymizer":0,"aspiration:SneckoTail":26,"Gremlin Horn":29,"SacredBark":20,"theForsaken:Lifeblossom":32,"Whetstone":14,"Old Coin":19,"ClockworkSouvenir":21,"Nunchaku":12,"Replay:Bandana":26,"SpikesRelics:ToyHorsey":4,"Chameleon Ring":16,"DollysMirror":11,"WingedGreaves":16,"paleoftheancients:SoulOfTheWatcher":31,"Toxic Egg 2":1,"StuffTheSpire:NeowsTribute":11,"BicycleWheel":23,"Ring of the Snake":0,"BargainBundle":32,"Happy Flower":11,"StuffTheSpire:Wildfire":17,"PreservedInsect":9,"Replay:WaspNest":24,"Calling Bell":9,"paleoftheancients:Timepiece":29,"Anchor":3,"StuffTheSpire:Mouthbags":32,"Orrery":19,"Turnip":27,"StuffTheSpire:RubySignet":9,"Coffee Dripper":29,"Membership Card":26,"conspire:DeflatedDodgeball":6,"Unceasing Top":21,"Meat on the Bone":5},{"Ice Cream":60,"Divine Protection":102,"Replay:PocketPolymizer":0,"aspiration:SneckoTail":175,"Gremlin Horn":201,"SacredBark":136,"theForsaken:Lifeblossom":214,"Whetstone":102,"Old Coin":127,"ClockworkSouvenir":144,"Nunchaku":87,"Replay:Bandana":175,"SpikesRelics:ToyHorsey":25,"Chameleon Ring":113,"DollysMirror":81,"WingedGreaves":113,"paleoftheancients:SoulOfTheWatcher":210,"Toxic Egg 2":4,"StuffTheSpire:NeowsTribute":81,"BicycleWheel":158,"Ring of the Snake":0,"BargainBundle":214,"Happy Flower":81,"StuffTheSpire:Wildfire":118,"PreservedInsect":60,"Replay:WaspNest":164,"Calling Bell":60,"paleoftheancients:Timepiece":201,"Anchor":20,"StuffTheSpire:Mouthbags":214,"Orrery":127,"Turnip":178,"StuffTheSpire:RubySignet":60,"Coffee Dripper":201,"Membership Card":175,"conspire:DeflatedDodgeball":40,"Unceasing Top":144,"Meat on the Bone":29}],"Unceasing Top":[5],"Ring of the Snake":[66],"Meat on the Bone":12},"card_choices":[{"not_picked":["Deflect","Poisoned Stab"],"picked":"Dramatic Entrance","floor":1},{"not_picked":["Outmaneuver+1","Acrobatics+1"],"picked":"Calculated Gamble+1","floor":4},{"not_picked":["Replay:Sssssssssshield+1","Backflip+1"],"picked":"Panacea+1","floor":6},{"not_picked":["StuffTheSpire:Repulse+1","Bandage Up+1"],"picked":"Cloak And Dagger+1","floor":8},{"not_picked":["Expertise+1","Poisoned Strike"],"picked":"Backflip+1","floor":10},{"not_picked":["Riddle With Holes","Flying Knee"],"picked":"Dodge and Roll+1","floor":12},{"not_picked":["StuffTheSpire:Injection","Dagger Throw"],"picked":"Deadly Poison+1","floor":13},{"not_picked":["Backflip+1","PiercingWail+1"],"picked":"Deflect+1","floor":14},{"not_picked":["Caltrops","Finisher"],"picked":"Dodge and Roll+1","floor":18},{"not_picked":["Masterful Stab","Poisoned Stab"],"picked":"Blade Dance+1","floor":19},{"not_picked":["Deflect+1","Dagger Throw+1"],"picked":"Cloak And Dagger+1","floor":21},{"not_picked":["Predator","Transmutation+1"],"picked":"Finisher","floor":22},{"not_picked":["StuffTheSpire:ReptileScales+1","Setup+1"],"picked":"StuffTheSpire:FreeRealEstate+1","floor":24},{"not_picked":["Deadly Poison+1","Escape Plan+1"],"picked":"conspire:Banana+1","floor":28},{"not_picked":["All Out Attack","Poisoned Stab","Flying Knee"],"picked":"SKIP","floor":29},{"not_picked":["Replay:Parry","StuffTheSpire:Injection"],"picked":"PiercingWail+1","floor":30},{"not_picked":["Bouncing Flask+1","Accuracy"],"picked":"Deadly Poison+1","floor":31},{"not_picked":["Flying Knee","Slice"],"picked":"Deflect+1","floor":31},{"not_picked":["PiercingWail+1","Quick Slash+1"],"picked":"Finesse+1","floor":31},{"not_picked":["Dagger Spray","ReplayTheSpireMod:Tripwire+1"],"picked":"Backflip+1","floor":31},{"not_picked":["Sadistic Nature","StuffTheSpire:Recharge+1"],"picked":"Doppelganger+1","floor":33},{"not_picked":["Setup+1","Slice","StuffTheSpire:Injection"],"picked":"SKIP","floor":35},{"not_picked":["Escape Plan+1","Cloak And Dagger+1"],"picked":"Acrobatics+1","floor":37},{"not_picked":["Dagger Throw+1","PiercingWail+1"],"picked":"Deadly Poison+1","floor":38},{"not_picked":["Storm of Steel+1","Degenerate"],"picked":"Footwork","floor":39},{"not_picked":["Quick Slash","Dark Shackles+1","Degenerate+1"],"picked":"SKIP","floor":40},{"not_picked":["Concentrate+1","Prepared+1"],"picked":"Calculated Gamble+1","floor":41},{"not_picked":["ReplayTheSpireMod:Private Reserves+1","Underhanded Strike+1"],"picked":"PiercingWail+1","floor":42},{"not_picked":["PiercingWail+1","StuffTheSpire:Fury+1"],"picked":"ReplayTheSpireMod:Brewmster","floor":45},{"not_picked":["Pace+1","Assess+1","Blade Dance+1"],"picked":"SKIP","floor":48},{"not_picked":["Dodge and Roll+1","Poisoned Stab"],"picked":"Cloak And Dagger+1","floor":51},{"not_picked":["Bane+1","PiercingWail+1","Dodge and Roll+1"],"picked":"SKIP","floor":52},{"not_picked":["Backflip+1","Flying Knee"],"picked":"Catalyst+1","floor":56}],"player_experience":1861327,"relics_obtained":[{"floor":6,"key":"Anchor"},{"floor":9,"key":"SpikesRelics:ToyHorsey"},{"floor":10,"key":"Meat on the Bone"},{"floor":12,"key":"conspire:DeflatedDodgeball"},{"floor":17,"key":"PreservedInsect"},{"floor":17,"key":"StuffTheSpire:RubySignet"},{"floor":17,"key":"Ice Cream"},{"floor":19,"key":"StuffTheSpire:NeowsTribute"},{"floor":21,"key":"Nunchaku"},{"floor":24,"key":"Whetstone"},{"floor":26,"key":"Divine Protection"},{"floor":27,"key":"WingedGreaves"},{"floor":27,"key":"Chameleon Ring"},{"floor":28,"key":"StuffTheSpire:Wildfire"},{"floor":32,"key":"Old Coin"},{"floor":39,"key":"BicycleWheel"},{"floor":40,"key":"Replay:WaspNest"},{"floor":42,"key":"Replay:Bandana"},{"floor":43,"key":"aspiration:SneckoTail"},{"floor":45,"key":"Turnip"},{"floor":52,"key":"paleoftheancients:SoulOfTheWatcher"}],"event_choices":[{"damage_healed":69,"gold_gain":0,"player_choice":"Upgrade","damage_taken":14,"max_hp_gain":0,"max_hp_loss":70,"event_name":"betterThird:BetterShining","floor":2,"gold_loss":0,"cards_upgraded":["Defend_G","Strike_G"]},{"damage_healed":0,"gold_gain":0,"player_choice":"Fight","damage_taken":0,"max_hp_gain":0,"max_hp_loss":0,"event_name":"Colosseum","floor":27,"gold_loss":0},{"damage_healed":0,"gold_gain":0,"player_choice":"Fought Nobs","damage_taken":0,"max_hp_gain":0,"max_hp_loss":0,"event_name":"Colosseum","floor":27,"gold_loss":0},{"damage_healed":0,"gold_gain":0,"player_choice":"Leave","damage_taken":0,"max_hp_gain":0,"max_hp_loss":0,"event_name":"conspire:Investor","floor":53,"gold_loss":0}],"is_beta":false,"boss_relics":[{"not_picked":["Empty Cage","Replay:Fungal Core"],"picked":"Calling Bell"},{"not_picked":["aspiration:RitualDagger","aspiration:FutureDiary"],"picked":"SacredBark"}],"items_purged_floors":[20,31,36,44,54,58],"is_endless":false,"potions_floor_spawned":[6,8,13,16,19,22,27,29,30,37,38,42,48,51,56],"ascension_level":0}}