{"host":"96n0ernxosh90i3w","time":1609550386,"event":{"mods":["AchievementEnabler","BaseMod","Colored Powertips","Hubris","Infinite Spire","Minty Spire (QoL Compilation)","Replay The Spire","StSLib"],"gold_per_floor":[115,115,22,45,55,55,66,77,77,27,27,47,57,71,71,168,168,187,187,187,203,227,227,238,254,280,299,313,313,313],"floor_reached":29,"playtime":2521,"items_purged":[],"score":221,"play_id":"dd15f7a8-d3c6-4f24-8276-8efc2525994d","local_time":"20210101201946","is_ascension_mode":false,"campfire_choices":[{"floor":6,"key":"RECALL"},{"data":"Searing Blow","floor":15,"key":"SMITH"},{"data":"Searing Blow+1","floor":23,"key":"SMITH"}],"circlet_count":0,"master_deck":["Strike_R","Strike_R","Strike_R","Strike_R","Strike_R","Defend_R","Defend_R","Defend_R","Defend_R","Bash","Burning Pact","PanicButton","Blood for Blood","Flame Barrier","Searing Blow+2","Twin Strike","Cleave","Eclipse","Run Through","Flex","Defy Death","Feed","Pommel Strike","ReplayTheSpireMod:Strike From Hell+1","Shame","Shrug It Off","Flex","Doubt","Armaments","ReplayTheSpireMod:Limb From Limb"],"relics":["Burning Blood","Gremlin Food","ReplayTheSpireMod:TigerMarble","Cursed Key","hubris:RunicObelisk","Chemical X","ReplayTheSpireMod:Spearhead","hubris:ChampionShield"],"acts_visited":["Exordium","TheCity"],"potions_floor_usage":[8,8,12,13,27,27],"damage_taken":[{"damage":6,"enemies":"2 Louse","floor":1,"turns":3},{"damage":1,"enemies":"Cultist","floor":5,"turns":4},{"damage":13,"enemies":"Jaw Worm","floor":7,"turns":3},{"damage":5,"enemies":"Lots of Slimes","floor":8,"turns":4},{"damage":0,"enemies":"3 Louse","floor":12,"turns":1},{"damage":5,"enemies":"Looter","floor":13,"turns":3},{"damage":0,"enemies":"Exordium Wildlife","floor":14,"turns":2},{"damage":72,"enemies":"The Guardian","floor":16,"turns":16},{"damage":23,"enemies":"3 Byrds","floor":18,"turns":4},{"damage":12,"enemies":"Shell Parasite","floor":21,"turns":2},{"damage":24,"enemies":"Shelled Parasite and Fungi","floor":24,"turns":4},{"damage":7,"enemies":"Centurion and Healer","floor":25,"turns":4},{"damage":8,"enemies":"Cultist and Chosen","floor":27,"turns":6},{"damage":32,"enemies":"Snake Plant","floor":28,"turns":3},{"damage":49,"enemies":"Nightmare","floor":29,"turns":5}],"seed_played":"-4781487366100339330","potions_obtained":[{"floor":1,"key":"Energy Potion"},{"floor":7,"key":"SkillPotion"},{"floor":8,"key":"infinitespire:BlackPotion"},{"floor":12,"key":"Explosive Potion"},{"floor":21,"key":"BlessingOfTheForge"},{"floor":25,"key":"HeartOfIron"}],"is_trial":false,"path_per_floor":["M","?","$","T","M","R","M","M","T","$","?","M","M","M","R","B",null,"M","?","AVR","M","T","R","M","M","T","M","M","NM"],"character_chosen":"IRONCLAD","items_purchased":["PanicButton","Twin Strike"],"campfire_rested":0,"item_purchase_floors":[3,10],"current_hp_per_floor":[80,80,80,80,80,80,73,74,74,74,74,80,80,83,83,17,83,66,83,83,77,77,77,62,68,68,66,43,0,0],"gold":313,"neow_bonus":"RANDOM_COMMON_RELIC","is_daily":false,"chose_seed":false,"campfire_upgraded":2,"win_rate":0.0,"timestamp":1609550386,"path_taken":["M","?","$","?","M","R","M","M","T","$","?","M","M","?","R","BOSS","M","?","AVR","M","?","R","M","M","T","M","?","NM"],"items_purchased_type":["Card","Card"],"build_version":"2020-12-22","purchased_purges":0,"victory":false,"max_hp_per_floor":[80,80,80,80,80,80,80,80,80,80,80,80,80,83,83,83,83,83,83,83,83,83,83,86,86,86,86,89,89,89],"card_choices":[{"not_picked":["Intimidate","Dark Embrace"],"picked":"Burning Pact","floor":1},{"not_picked":["Replay:Undeath\u0027s Touch","Warcry"],"picked":"Blood for Blood","floor":5},{"not_picked":["Run Through","Replay:Undeath\u0027s Touch"],"picked":"Flame Barrier","floor":7},{"not_picked":["Flex","Shrug It Off"],"picked":"Searing Blow","floor":8},{"not_picked":["Battle Trance","Whirlwind"],"picked":"Run Through","floor":12},{"not_picked":["Warcry","Reckless Charge"],"picked":"Flex","floor":13},{"not_picked":["Abandon","Body Slam"],"picked":"Defy Death","floor":14},{"not_picked":["Limit Break","Immolate"],"picked":"Feed","floor":16},{"not_picked":["hubris:ReadiedAction+1","Shrug It Off"],"picked":"Pommel Strike","floor":18},{"not_picked":["Searing Blow","Body Slam"],"picked":"ReplayTheSpireMod:Strike From Hell+1","floor":21},{"not_picked":["hubris:CleavingFinish+1","ReplayTheSpireMod:Strike From Hell"],"picked":"Shrug It Off","floor":24},{"not_picked":["Carnage","Run Through"],"picked":"Flex","floor":25},{"not_picked":["Pommel Strike","Body Slam"],"picked":"Armaments","floor":27},{"not_picked":["Headbutt+1","Warcry+1"],"picked":"ReplayTheSpireMod:Limb From Limb","floor":28}],"player_experience":217058,"relics_obtained":[{"floor":9,"key":"ReplayTheSpireMod:TigerMarble"},{"floor":22,"key":"ReplayTheSpireMod:Spearhead"},{"floor":26,"key":"hubris:ChampionShield"}],"event_choices":[{"damage_healed":0,"gold_gain":0,"player_choice":"Ignored","damage_taken":0,"max_hp_gain":0,"max_hp_loss":0,"event_name":"NoteForYourself","floor":2,"gold_loss":0},{"damage_healed":0,"gold_gain":0,"player_choice":"2 cards matched","damage_taken":0,"max_hp_gain":0,"max_hp_loss":0,"event_name":"Match and Keep!","floor":11,"gold_loss":0,"cards_obtained":["Cleave","Eclipse"]},{"damage_healed":27,"gold_gain":0,"player_choice":"Heal","damage_taken":0,"max_hp_gain":0,"max_hp_loss":0,"event_name":"The Library","floor":19,"gold_loss":0}],"is_beta":false,"boss_relics":[{"not_picked":["Kintsugi","Astrolabe"],"picked":"Cursed Key"}],"items_purged_floors":[],"is_endless":false,"potions_floor_spawned":[1,7,8,12,21,25],"killed_by":"Nightmare","ascension_level":0}}