{"host":"31s8hzukbhz1k6i6","time":1609550106,"event":{"mods":["AchievementEnabler","BaseMod","Bestiary","Colored Map","Minty Spire (QoL Compilation)","Relic Stats","UnlockEverythingMod","ojb\u0027s Info Mod"],"gold_per_floor":[119,69,80,5,5,5,34,50,50,50,50,50],"floor_reached":11,"playtime":277,"items_purged":[],"score":107,"play_id":"97c3ea4d-a2c7-4325-a1d9-573a9157be40","local_time":"20210101171505","is_ascension_mode":true,"campfire_choices":[{"data":"Dagger Spray","floor":6.0,"key":"SMITH"}],"circlet_count":0,"master_deck":["AscendersBane","Strike_G","Strike_G","Strike_G","Strike_G","Strike_G","Defend_G+1","Defend_G","Defend_G","Defend_G+1","Defend_G","Survivor","Neutralize","Flying Knee","Dagger Spray+1","Terror","Cloak And Dagger","Cloak And Dagger"],"relics":["Ring of the Snake","Calipers","Kunai","Shuriken"],"acts_visited":["Exordium"],"potions_floor_usage":[11],"damage_taken":[{"damage":4.0,"enemies":"2 Louse","floor":1.0,"turns":4.0},{"damage":1.0,"enemies":"Small Slimes","floor":3.0,"turns":4.0},{"damage":30.0,"enemies":"3 Sentries","floor":7.0,"turns":9.0},{"damage":0.0,"enemies":"Jaw Worm","floor":8.0,"turns":4.0},{"damage":0,"enemies":"Gremlin Nob","floor":11,"turns":3}],"seed_played":"7089467587010244145","potions_obtained":[{"floor":1.0,"key":"Dexterity Potion"},{"floor":3.0,"key":"Poison Potion"}],"is_trial":false,"path_per_floor":["M","?","M","$","?","R","E","M","T","?","E"],"character_chosen":"THE_SILENT","items_purchased":["Terror"],"campfire_rested":0,"item_purchase_floors":[4],"current_hp_per_floor":[59,59,58,58,44,44,14,14,14,14,14,14],"gold":50,"neow_bonus":"ONE_RARE_RELIC","is_daily":false,"chose_seed":true,"campfire_upgraded":1,"win_rate":0.0,"timestamp":1609550105,"path_taken":["M","?","M","$","?","R","E","M","T","?","E"],"items_purchased_type":["Card"],"build_version":"2020-12-22","purchased_purges":0,"victory":false,"max_hp_per_floor":[70,70,70,70,70,70,70,70,70,70,70,70],"relic_stats":{"counters":[5,24],"Shuriken":[2],"Kunai":[3],"obtain_stats":[{"Calipers":0,"Shuriken":9,"Kunai":7,"Ring of the Snake":0},{"Calipers":0,"Shuriken":4,"Kunai":3,"Ring of the Snake":0},{"Calipers":0,"Shuriken":21,"Kunai":17,"Ring of the Snake":0}],"Ring of the Snake":[10]},"card_choices":[{"not_picked":["Expertise","Setup"],"picked":"Flying Knee","floor":1.0},{"not_picked":["Dagger Throw","Deflect"],"picked":"Dagger Spray","floor":3.0},{"not_picked":["Corpse Explosion","Noxious Fumes"],"picked":"Cloak And Dagger","floor":7.0},{"not_picked":["Backflip","Poisoned Stab"],"picked":"Cloak And Dagger","floor":8.0}],"player_experience":129841,"relics_obtained":[{"floor":7.0,"key":"Kunai"},{"floor":9.0,"key":"Shuriken"}],"event_choices":[{"cards_removed":["Doubt"],"damage_healed":0.0,"max_hp_gain":0.0,"max_hp_loss":0.0,"gold_gain":0.0,"event_name":"The Cleric","player_choice":"Card Removal","floor":2.0,"gold_loss":50.0,"damage_taken":0.0},{"damage_healed":0.0,"max_hp_gain":0.0,"max_hp_loss":0.0,"gold_gain":0.0,"event_name":"Shining Light","player_choice":"Entered Light","floor":5.0,"gold_loss":0.0,"damage_taken":14.0,"cards_upgraded":["Defend_G","Defend_G"]},{"damage_healed":0.0,"max_hp_gain":0.0,"max_hp_loss":0.0,"gold_gain":0.0,"event_name":"Scrap Ooze","player_choice":"Fled","floor":10.0,"gold_loss":0.0,"damage_taken":0.0}],"is_beta":false,"boss_relics":[],"items_purged_floors":[],"is_endless":false,"potions_floor_spawned":[1,3],"killed_by":"Gremlin Nob","ascension_level":10}}