{"host":"51f0ad793vly1w6u","time":1609587510,"event":{"mods":["BaseMod","Colored Map","DeckTracker","Minty Spire (QoL Compilation)","StSLib","SuperFastMode"],"gold_per_floor":[109,259,259,277,293,293,322,322,322,336,336,336],"floor_reached":11,"playtime":132,"items_purged":[],"score":146,"play_id":"ec5ca8e7-e000-40c9-a81b-b954781aec5f","local_time":"20210102203830","is_ascension_mode":true,"campfire_choices":[{"data":"Bludgeon","floor":6.0,"key":"SMITH"}],"circlet_count":0,"master_deck":["AscendersBane","Strike_R","Strike_R","Strike_R","Strike_R","Strike_R","Defend_R","Defend_R","Defend_R","Defend_R","Bash","Bludgeon+1","Doubt","Cleave","Power Through","Spot Weakness"],"relics":["Burning Blood","Kunai","Blood Vial","Eternal Feather","Ornamental Fan"],"acts_visited":["Exordium"],"potions_floor_usage":[11],"damage_taken":[{"damage":0.0,"enemies":"Small Slimes","floor":1.0,"turns":2.0},{"damage":12.0,"enemies":"Jaw Worm","floor":4.0,"turns":2.0},{"damage":6.0,"enemies":"Cultist","floor":5.0,"turns":3.0},{"damage":32.0,"enemies":"Gremlin Nob","floor":7.0,"turns":4.0},{"damage":28,"enemies":"Large Slime","floor":10,"turns":6},{"damage":25,"enemies":"Lagavulin","floor":11,"turns":5}],"seed_played":"-4833818219608037320","potions_obtained":[{"floor":10,"key":"Strength Potion"}],"is_trial":false,"path_per_floor":["M","?","T","M","M","R","E","?","T","M","E"],"character_chosen":"IRONCLAD","items_purchased":[],"campfire_rested":0,"item_purchase_floors":[],"current_hp_per_floor":[74,74,74,68,68,68,42,42,42,22,0,0],"gold":336,"neow_bonus":"ONE_RANDOM_RARE_CARD","is_daily":false,"chose_seed":false,"campfire_upgraded":1,"win_rate":0.0,"timestamp":1609587510,"path_taken":["M","?","?","M","M","R","E","?","T","M","E"],"items_purchased_type":[],"build_version":"2020-12-22","purchased_purges":0,"victory":false,"max_hp_per_floor":[75,75,75,75,75,75,75,75,75,75,75,75],"card_choices":[{"not_picked":["Heavy Blade","Warcry","Reckless Charge"],"picked":"SKIP","floor":1.0},{"not_picked":["Flex","Anger"],"picked":"Cleave","floor":4.0},{"not_picked":["True Grit","Metallicize","Sever Soul"],"picked":"SKIP","floor":5.0},{"not_picked":["True Grit","Heavy Blade"],"picked":"Power Through","floor":7.0},{"not_picked":["Burning Pact","Sword Boomerang"],"picked":"Spot Weakness","floor":10}],"player_experience":1380062,"relics_obtained":[{"floor":3.0,"key":"Kunai"},{"floor":7.0,"key":"Blood Vial"},{"floor":9,"key":"Ornamental Fan"}],"event_choices":[{"damage_healed":0.0,"max_hp_gain":0.0,"max_hp_loss":0.0,"gold_gain":150.0,"event_name":"Liars Game","player_choice":"AGREE","floor":2.0,"gold_loss":0.0,"damage_taken":0.0,"cards_obtained":["Doubt"]},{"damage_healed":0,"gold_gain":0,"player_choice":"Searched \u00272\u0027 times","damage_taken":0,"relics_obtained":["Eternal Feather"],"max_hp_gain":0,"max_hp_loss":0,"event_name":"Dead Adventurer","floor":8,"gold_loss":0}],"is_beta":false,"boss_relics":[],"items_purged_floors":[],"is_endless":false,"potions_floor_spawned":[10],"killed_by":"Lagavulin","ascension_level":20}}