{"host":"i0avyit1s6jb1siw","time":1609573629,"event":{"mods":["BaseMod","DeckTracker","Dota2Spire","Highlight Path","Minty Spire (QoL Compilation)","Quick Restart","Replay The Spire","StSLib","SuperFastMode"],"gold_per_floor":[112,128,128,142,186,219,219,260,260,273,273,309,322,12,12,108,108,131,145,56,56,56,56],"floor_reached":22,"playtime":480,"items_purged":["Defend_P"],"score":508,"play_id":"b9394136-eace-402a-a61c-63ae59881111","local_time":"20210102084709","is_ascension_mode":true,"campfire_choices":[{"data":"Meditate","floor":7.0,"key":"SMITH"},{"floor":11.0,"key":"REST"}],"circlet_count":0,"master_deck":["AscendersBane","Strike_P","Strike_P","Strike_P","Strike_P","Defend_P","Defend_P","Defend_P","Eruption+1","Vigilance","Meditate+1","FlyingSleeves+1","EmptyFist","Vault","CrushJoints","Protect","FlurryOfBlows","Indignation+1","Ragnarok","DeceiveReality","Tantrum"],"relics":["PureWater","Golden Idol","Dota2Spire:EtherealBlade","Eternal Feather","Anchor","Iron Hammer","Blue Candle","ClockworkSouvenir","SacredBark"],"acts_visited":["Exordium","TheCity"],"potions_floor_usage":[19],"damage_taken":[{"damage":0.0,"enemies":"Cultist","floor":1.0,"turns":3.0},{"damage":2.0,"enemies":"2 Louse","floor":2.0,"turns":3.0},{"damage":6.0,"enemies":"Small Slimes","floor":4.0,"turns":5.0},{"damage":12.0,"enemies":"Lagavulin","floor":6.0,"turns":6.0},{"damage":17.0,"enemies":"Gremlin Nob","floor":8.0,"turns":4.0},{"damage":7.0,"enemies":"Exordium Wildlife","floor":10.0,"turns":6.0},{"damage":13.0,"enemies":"Lagavulin","floor":12.0,"turns":5.0},{"damage":0.0,"enemies":"Large Slime","floor":13.0,"turns":3.0},{"damage":0.0,"enemies":"Slime Boss","floor":16.0,"turns":5.0},{"damage":4.0,"enemies":"Chosen","floor":18.0,"turns":3.0},{"damage":11,"enemies":"3 Byrds","floor":19,"turns":4},{"damage":47,"enemies":"Sentry and Sphere","floor":22,"turns":6}],"seed_played":"3065197755186042076","potions_obtained":[{"floor":6.0,"key":"GamblersBrew"},{"floor":8.0,"key":"SpeedPotion"},{"floor":12.0,"key":"DuplicationPotion"},{"floor":13.0,"key":"Dexterity Potion"},{"floor":16.0,"key":"Ambrosia"}],"is_trial":false,"path_per_floor":["M","M","?","M","?","E","R","E","T","M","R","E","M","$","R","B",null,"M","M","$","?","M"],"character_chosen":"WATCHER","items_purchased":["ClockworkSouvenir","Indignation+1","Tantrum"],"campfire_rested":1,"item_purchase_floors":[14,14,20],"current_hp_per_floor":[61,59,59,53,33,21,30,13,13,6,33,20,20,20,47,47,58,54,43,43,43,0,0],"gold":56,"neow_bonus":"UPGRADE_CARD","is_daily":false,"chose_seed":false,"campfire_upgraded":1,"win_rate":0.0,"timestamp":1609573629,"path_taken":["M","M","?","M","?","E","R","E","T","M","R","E","M","$","R","BOSS","M","M","$","?","M"],"items_purchased_type":["Relic","Card","Card"],"build_version":"2020-12-22","purchased_purges":1,"victory":false,"max_hp_per_floor":[68,68,62,62,62,62,62,62,62,62,62,62,62,62,62,62,62,62,62,62,62,62,62],"card_choices":[{"not_picked":["Replay:AtTheReady","Protect","Prostrate"],"picked":"SKIP","floor":1.0},{"not_picked":["Replay:Battleflow","BattleHymn"],"picked":"Meditate","floor":2.0},{"not_picked":["Replay:AtTheReady","WreathOfFlame"],"picked":"FlyingSleeves","floor":4.0},{"not_picked":["Worship","Replay:AtTheReady"],"picked":"EmptyFist","floor":5.0},{"not_picked":["WindmillStrike","Scrawl"],"picked":"Vault","floor":6.0},{"not_picked":["EmptyMind","Replay:BluntJabs"],"picked":"CrushJoints","floor":8.0},{"not_picked":["Halt","Replay:Vibes"],"picked":"Protect","floor":10.0},{"not_picked":["Protect","Replay:ManipulateFuture"],"picked":"FlurryOfBlows","floor":12.0},{"not_picked":["Crescendo","FlurryOfBlows","Replay:BluntJabs"],"picked":"SKIP","floor":13.0},{"not_picked":["Replay:LoomingThreat","Blasphemy"],"picked":"Ragnarok","floor":16.0},{"not_picked":["EmptyFist","BowlingBash","FollowUp"],"picked":"SKIP","floor":18.0},{"not_picked":["Replay:Anticipation","JustLucky"],"picked":"DeceiveReality","floor":19}],"player_experience":2158615,"relics_obtained":[{"floor":5.0,"key":"Dota2Spire:EtherealBlade"},{"floor":6.0,"key":"Eternal Feather"},{"floor":8.0,"key":"Anchor"},{"floor":9.0,"key":"Iron Hammer"},{"floor":12.0,"key":"Blue Candle"}],"event_choices":[{"damage_healed":0.0,"max_hp_gain":0.0,"max_hp_loss":6.0,"gold_gain":0.0,"event_name":"Golden Idol","player_choice":"Lose Max HP","floor":3.0,"gold_loss":0.0,"damage_taken":0.0,"relics_obtained":["Golden Idol"]},{"damage_healed":0,"gold_gain":0,"player_choice":"Ignored","damage_taken":0,"max_hp_gain":0,"max_hp_loss":0,"event_name":"Ghosts","floor":21,"gold_loss":0}],"is_beta":false,"boss_relics":[{"not_picked":["Runic Dome","Replay:Wanted Poster"],"picked":"SacredBark"}],"items_purged_floors":[14],"is_endless":false,"potions_floor_spawned":[6,8,12,13,16],"killed_by":"Sentry and Sphere","ascension_level":20}}