{"host":"5ezk7t18wcb10u1o","time":1609556686,"event":{"mods":["BaseMod","Bestiary","Colored Powertips","Minty Spire (QoL Compilation)","Relic Sorter"],"gold_per_floor":[215,185,196,196,208,236,236,236,315,315,329,391,422,438,438,512,512,525,449,462,479,498,498,515,515,515,545,545,545,574,574,574,574,574],"floor_reached":33,"playtime":1764,"items_purged":[],"score":561,"play_id":"801f06d6-87f2-429c-86f3-af7bc28155af","local_time":"20210102030446","is_ascension_mode":true,"campfire_choices":[{"data":"Beam Cell","floor":7.0,"key":"SMITH"},{"data":"Defend_B","floor":10.0,"key":"SMITH"},{"floor":15.0,"key":"REST"},{"floor":23.0,"key":"REST"},{"floor":25.0,"key":"REST"},{"floor":29.0,"key":"REST"},{"data":"Buffer","floor":32.0,"key":"SMITH"}],"circlet_count":0,"master_deck":["AscendersBane","Strike_B","Strike_B+1","Strike_B","Defend_B+1","Defend_B","Defend_B","Zap","Dualcast","Beam Cell+1","Sweeping Beam+1","Self Repair","Chill","Loop","Cold Snap","All For One","Sweeping Beam","Leap","Electrodynamics","Streamline","Static Discharge","Sweeping Beam+1","Compile Driver","Undo+1","Steam","Capacitor","Buffer+1"],"relics":["FrozenCore","Whetstone","Symbiotic Virus","Oddly Smooth Stone","Vajra","Mummified Hand","Bronze Scales","Molten Egg 2","InkBottle"],"acts_visited":["Exordium","TheCity"],"potions_floor_usage":[],"damage_taken":[{"damage":4.0,"enemies":"Jaw Worm","floor":1.0,"turns":4.0},{"damage":0.0,"enemies":"Cultist","floor":3.0,"turns":2.0},{"damage":0.0,"enemies":"2 Louse","floor":5.0,"turns":2.0},{"damage":8.0,"enemies":"Gremlin Nob","floor":6.0,"turns":3.0},{"damage":4.0,"enemies":"Large Slime","floor":11.0,"turns":5.0},{"damage":34.0,"enemies":"Gremlin Nob","floor":12.0,"turns":4.0},{"damage":21.0,"enemies":"Lagavulin","floor":13.0,"turns":4.0},{"damage":6.0,"enemies":"Red Slaver","floor":14.0,"turns":3.0},{"damage":5.0,"enemies":"Slime Boss","floor":16.0,"turns":9.0},{"damage":0.0,"enemies":"Chosen","floor":18.0,"turns":5.0},{"damage":29.0,"enemies":"Shell Parasite","floor":20.0,"turns":4.0},{"damage":32.0,"enemies":"Chosen and Byrds","floor":21.0,"turns":7.0},{"damage":0.0,"enemies":"Snecko","floor":22.0,"turns":3.0},{"damage":25.0,"enemies":"Cultist and Chosen","floor":24.0,"turns":6.0},{"damage":34.0,"enemies":"Book of Stabbing","floor":27.0,"turns":4.0},{"damage":41.0,"enemies":"Gremlin Leader","floor":30.0,"turns":6.0},{"damage":78,"enemies":"Automaton","floor":33,"turns":6}],"seed_played":"-8547646724639993121","potions_obtained":[{"floor":2.0,"key":"AttackPotion"},{"floor":2.0,"key":"EssenceOfDarkness"},{"floor":3.0,"key":"FairyPotion"},{"floor":5.0,"key":"Explosive Potion"},{"floor":12.0,"key":"LiquidBronze"},{"floor":14.0,"key":"BlessingOfTheForge"},{"floor":18.0,"key":"SkillPotion"},{"floor":21.0,"key":"DistilledChaos"}],"is_trial":false,"path_per_floor":["M","?","M","?","M","E","R","?","T","R","M","?","E","M","R","B",null,"M","$","M","M","M","R","M","R","T","E","?","R","E","T","R","B"],"character_chosen":"DEFECT","items_purchased":["Static Discharge"],"campfire_rested":4,"item_purchase_floors":[19],"current_hp_per_floor":[60,60,60,53,53,52,52,52,52,52,55,28,14,15,36,41,64,71,71,49,24,24,45,20,41,41,14,14,35,22,22,22,0,0],"gold":574,"neow_bonus":"HUNDRED_GOLD","is_daily":false,"chose_seed":false,"campfire_upgraded":3,"win_rate":0.0,"timestamp":1609556686,"path_taken":["M","?","?","?","M","E","R","?","T","R","?","?","E","M","R","BOSS","M","$","M","M","M","R","M","R","T","E","?","R","E","?","R","BOSS"],"items_purchased_type":["Card"],"build_version":"2020-12-22","purchased_purges":0,"victory":false,"max_hp_per_floor":[71,71,71,71,71,71,71,71,71,71,71,71,71,71,71,71,71,71,71,71,71,71,71,71,71,71,71,71,71,71,71,71,71,71],"card_choices":[{"not_picked":["Redo","Barrage"],"picked":"Beam Cell","floor":1.0},{"not_picked":["Barrage","Steam"],"picked":"Sweeping Beam","floor":3.0},{"not_picked":["Stack","Steam"],"picked":"Self Repair","floor":5.0},{"not_picked":["Ball Lightning","Leap"],"picked":"Chill","floor":6.0},{"not_picked":["Compile Driver","Rebound"],"picked":"Cold Snap","floor":11.0},{"not_picked":["Cold Snap","Compile Driver"],"picked":"All For One","floor":12.0},{"not_picked":["Turbo","Steam"],"picked":"Sweeping Beam","floor":13.0},{"not_picked":["Redo","Chaos"],"picked":"Leap","floor":14.0},{"not_picked":["Creative AI","Biased Cognition"],"picked":"Electrodynamics","floor":16.0},{"not_picked":["Reprogram","White Noise"],"picked":"Streamline","floor":18.0},{"not_picked":["Go for the Eyes","Lockon"],"picked":"Sweeping Beam+1","floor":20.0},{"not_picked":["Ball Lightning","Rebound"],"picked":"Compile Driver","floor":21.0},{"not_picked":["Blizzard","Barrage"],"picked":"Undo+1","floor":22.0},{"not_picked":["Steam Power","Compile Driver"],"picked":"Steam","floor":24.0},{"not_picked":["Redo+1","Aggregate"],"picked":"Capacitor","floor":27.0},{"not_picked":["Blizzard+1","Redo"],"picked":"Buffer","floor":30.0}],"player_experience":1093060,"relics_obtained":[{"floor":6.0,"key":"Whetstone"},{"floor":9.0,"key":"Symbiotic Virus"},{"floor":12.0,"key":"Oddly Smooth Stone"},{"floor":13.0,"key":"Vajra"},{"floor":26.0,"key":"Mummified Hand"},{"floor":27.0,"key":"Bronze Scales"},{"floor":30.0,"key":"Molten Egg 2"},{"floor":31.0,"key":"InkBottle"}],"event_choices":[{"damage_healed":0.0,"max_hp_gain":0.0,"max_hp_loss":0.0,"gold_gain":0.0,"event_name":"The Woman in Blue","player_choice":"Bought 2 Potions","floor":2.0,"gold_loss":0.0,"damage_taken":0.0},{"cards_removed":["Defend_B"],"damage_healed":0.0,"max_hp_gain":0.0,"max_hp_loss":0.0,"gold_gain":0.0,"event_name":"Golden Wing","player_choice":"Card Removal","floor":4.0,"gold_loss":0.0,"damage_taken":7.0},{"damage_healed":0.0,"max_hp_gain":0.0,"max_hp_loss":0.0,"gold_gain":0.0,"cards_transformed":["Strike_B"],"event_name":"Transmorgrifier","player_choice":"Transformed","floor":8.0,"gold_loss":0.0,"damage_taken":0.0,"cards_obtained":["Loop"]},{"damage_healed":0.0,"max_hp_gain":0.0,"max_hp_loss":0.0,"gold_gain":0.0,"event_name":"Dead Adventurer","player_choice":"Searched \u00271\u0027 times","floor":12.0,"gold_loss":0.0,"damage_taken":0.0},{"damage_healed":0.0,"max_hp_gain":0.0,"max_hp_loss":0.0,"gold_gain":0.0,"event_name":"Ghosts","player_choice":"Ignored","floor":28.0,"gold_loss":0.0,"damage_taken":0.0}],"is_beta":false,"boss_relics":[{"not_picked":["Runic Pyramid","Nuclear Battery"],"picked":"FrozenCore"}],"items_purged_floors":[],"is_endless":false,"potions_floor_spawned":[3,5,12,14,18,21],"killed_by":"Automaton","ascension_level":18}}