{"host":"qy1e0kd24tpj3i2m","time":1609623371,"event":{"mods":["Act Like it!","Alarm Clock","BaseMod","Better Skull","Better Vampires","Colored Map","Colored Powertips","Custom Start","Faster Ascension Climbing","Friendly Minions","GifTheSpireLib","Gremlin Skip","Highlight Path","Minty Spire (QoL Compilation)","Permanent Neow","Quick Restart","Red Circlet Mod","Relic Sorter","Reorder Act Four","SacredBarkPlus","Shop Mod","StSLib","SuperFastMode","Transform Curses","没有小屋子和绿帽子啦"],"gold_per_floor":[111,36,36,36,55,71,71,87,87,87,87,11,11,31,31,103,103,120,135,135,35,49,49,77,77,128,128,128,3,3,14,14,14,14],"floor_reached":33,"playtime":777,"items_purged":["Bash","Strike_R","Decay"],"score":506,"play_id":"1a5f3859-7d67-47a1-98c0-e3859f1a41b2","local_time":"20210103063611","is_ascension_mode":true,"campfire_choices":[{"data":"Searing Blow","floor":7.0,"key":"SMITH"},{"data":"Searing Blow+1","floor":10.0,"key":"SMITH"},{"data":"Searing Blow+2","floor":13.0,"key":"SMITH"},{"data":"Searing Blow+3","floor":15.0,"key":"SMITH"},{"data":"Searing Blow+4","floor":23.0,"key":"SMITH"},{"data":"Searing Blow+5","floor":30.0,"key":"SMITH"},{"data":"Searing Blow+6","floor":32.0,"key":"SMITH"}],"circlet_count":0,"master_deck":["AscendersBane","Strike_R","Strike_R","Strike_R","Defend_R","Defend_R","Defend_R","Bloodletting","Combust","Searing Blow+7","Burning Pact","Metallicize","Whirlwind","Sword Boomerang","Reaper"],"relics":["Burning Blood","Orichalcum","Mercury Hourglass","Busted Crown","Self Forming Clay","MealTicket","Bottled Lightning"],"acts_visited":["Exordium","TheCity"],"potions_floor_usage":[],"damage_taken":[{"damage":0.0,"enemies":"Small Slimes","floor":1.0,"turns":3.0},{"damage":2.0,"enemies":"2 Louse","floor":5.0,"turns":3.0},{"damage":2.0,"enemies":"Cultist","floor":6.0,"turns":3.0},{"damage":11.0,"enemies":"Looter","floor":8.0,"turns":3.0},{"damage":5.0,"enemies":"Gremlin Gang","floor":14.0,"turns":2.0},{"damage":45.0,"enemies":"The Guardian","floor":16.0,"turns":11.0},{"damage":6.0,"enemies":"2 Thieves","floor":18.0,"turns":3.0},{"damage":1.0,"enemies":"Spheric Guardian","floor":19.0,"turns":3.0},{"damage":35.0,"enemies":"Shelled Parasite and Fungi","floor":22.0,"turns":4.0},{"damage":47.0,"enemies":"Gremlin Leader","floor":24.0,"turns":6.0},{"damage":6.0,"enemies":"3 Cultists","floor":31.0,"turns":4.0},{"damage":45,"enemies":"Automaton","floor":33,"turns":6}],"seed_played":"-3743904370540243108","potions_obtained":[{"floor":1.0,"key":"Explosive Potion"},{"floor":16.0,"key":"SkillPotion"},{"floor":19.0,"key":"Swift Potion"},{"floor":22.0,"key":"LiquidBronze"},{"floor":31.0,"key":"Fruit Juice"}],"is_trial":false,"path_per_floor":["M","$","?","?","M","M","R","M","T","R","?","$","R","M","R","B",null,"M","M","?","$","M","R","E","?","T","T","T","$","R","M","R","B"],"character_chosen":"IRONCLAD","items_purchased":["Whirlwind"],"campfire_rested":0,"item_purchase_floors":[12],"current_hp_per_floor":[74,74,67,75,75,75,75,70,70,70,70,70,70,71,71,32,64,68,73,73,73,48,48,19,19,19,19,19,34,34,39,39,6,6],"gold":14,"neow_bonus":"RANDOM_COMMON_RELIC","is_daily":false,"chose_seed":false,"campfire_upgraded":7,"win_rate":0.0,"timestamp":1609623371,"path_taken":["M","$","?","?","?","M","R","M","T","R","?","$","R","M","R","BOSS","M","?","?","$","M","R","E","?","T","?","?","?","R","M","R","BOSS"],"items_purchased_type":["Card"],"build_version":"2020-12-22","purchased_purges":3,"victory":false,"max_hp_per_floor":[75,75,75,75,75,75,75,75,75,75,75,75,75,75,75,75,75,75,75,75,75,75,75,75,75,75,75,75,75,75,80,80,80,80],"card_choices":[{"not_picked":["Dropkick","Pommel Strike"],"picked":"Bloodletting","floor":1.0},{"not_picked":["Thunderclap","Warcry"],"picked":"Combust","floor":5.0},{"not_picked":["Spot Weakness","True Grit"],"picked":"Searing Blow","floor":6.0},{"not_picked":["Clash","Ghostly Armor"],"picked":"Burning Pact","floor":8.0},{"not_picked":["Sever Soul","Twin Strike"],"picked":"Sword Boomerang","floor":14.0},{"not_picked":["Brutality","Double Tap"],"picked":"Reaper","floor":16.0},{"not_picked":["Warcry"],"picked":"SKIP","floor":18.0},{"not_picked":["Iron Wave"],"picked":"SKIP","floor":19.0},{"not_picked":["Warcry"],"picked":"SKIP","floor":22.0},{"not_picked":["Warcry"],"picked":"SKIP","floor":24.0},{"not_picked":["Dropkick+1"],"picked":"SKIP","floor":31.0}],"player_experience":922290,"relics_obtained":[{"floor":9.0,"key":"Mercury Hourglass"},{"floor":24.0,"key":"Self Forming Clay"},{"floor":26.0,"key":"MealTicket"},{"floor":28.0,"key":"Bottled Lightning"}],"event_choices":[{"cards_removed":["Defend_R"],"damage_healed":0.0,"max_hp_gain":0.0,"max_hp_loss":0.0,"gold_gain":0.0,"event_name":"Golden Wing","player_choice":"Card Removal","floor":3.0,"gold_loss":0.0,"damage_taken":7.0},{"damage_healed":8.0,"max_hp_gain":0.0,"max_hp_loss":0.0,"gold_gain":0.0,"event_name":"Wheel of Change","player_choice":"Full Heal","floor":4.0,"gold_loss":0.0,"damage_taken":0.0},{"damage_healed":0.0,"max_hp_gain":0.0,"max_hp_loss":0.0,"gold_gain":0.0,"cards_transformed":["Strike_R"],"event_name":"Transmorgrifier","player_choice":"Transformed","floor":11.0,"gold_loss":0.0,"damage_taken":0.0,"cards_obtained":["Metallicize"]},{"damage_healed":0.0,"max_hp_gain":0.0,"max_hp_loss":0.0,"gold_gain":0.0,"event_name":"Ghosts","player_choice":"Ignored","floor":20.0,"gold_loss":0.0,"damage_taken":0.0},{"damage_healed":0.0,"max_hp_gain":0.0,"max_hp_loss":0.0,"gold_gain":0.0,"event_name":"Forgotten Altar","player_choice":"Smashed Altar","floor":25.0,"gold_loss":0.0,"damage_taken":0.0,"cards_obtained":["Decay"]}],"is_beta":false,"boss_relics":[{"not_picked":["Pandora\u0027s Box","Astrolabe"],"picked":"Busted Crown"}],"items_purged_floors":[2,21,29],"is_endless":false,"potions_floor_spawned":[1,16,19,22,31],"killed_by":"Automaton","ascension_level":20}}