{"host":"wha9hktbkslqvblg","time":1609586529,"event":{"mods":["BaseMod","Colored Map","Minty Spire (QoL Compilation)","Relic Stats","SuperFastMode","everything is the same but u backflip on backflip"],"gold_per_floor":[117,117,117,131,206,206,241,85,85,110,123,135,35,55,55,55,55],"floor_reached":16,"playtime":285,"items_purged":["Strike_R","Defend_R"],"score":270,"play_id":"cabe4d15-5640-49f1-8187-9400d934a554","local_time":"20210102202209","is_ascension_mode":true,"campfire_choices":[{"data":"Rage","floor":6,"key":"SMITH"},{"data":"Anger","floor":15,"key":"SMITH"}],"circlet_count":0,"master_deck":["AscendersBane","Strike_R","Strike_R","Strike_R","Defend_R","Defend_R","Bash","Seeing Red","Rage+1","Disarm","Second Wind","Anger+1","Pummel"],"relics":["Burning Blood","NeowsBlessing","Oddly Smooth Stone","White Beast Statue","Akabeko"],"acts_visited":["Exordium"],"potions_floor_usage":[10,10,12,16,16],"damage_taken":[{"damage":0,"enemies":"2 Louse","floor":1,"turns":1},{"damage":0,"enemies":"Jaw Worm","floor":4,"turns":1},{"damage":0,"enemies":"Lagavulin","floor":7,"turns":1},{"damage":58,"enemies":"Gremlin Nob","floor":10,"turns":6},{"damage":3,"enemies":"Cultist","floor":11,"turns":4},{"damage":8,"enemies":"3 Louse","floor":12,"turns":4},{"damage":14,"enemies":"Exordium Thugs","floor":14,"turns":6},{"damage":16,"enemies":"Hexaghost","floor":16,"turns":7}],"seed_played":"-7329783400499904068","potions_obtained":[{"floor":4,"key":"BloodPotion"},{"floor":7,"key":"EntropicBrew"},{"floor":12,"key":"Fruit Juice"},{"floor":14,"key":"AttackPotion"}],"is_trial":false,"path_per_floor":["M","?","?","M","?","R","E","$","T","E","M","M","$","M","R","B"],"character_chosen":"IRONCLAD","items_purchased":["Second Wind"],"campfire_rested":0,"item_purchase_floors":[8],"current_hp_per_floor":[74,74,67,73,62,62,68,68,68,31,34,37,37,29,29,13,13],"gold":55,"neow_bonus":"THREE_ENEMY_KILL","is_daily":false,"chose_seed":false,"campfire_upgraded":2,"win_rate":0.0,"timestamp":1609586529,"path_taken":["M","?","?","M","?","R","E","?","T","E","?","M","$","M","R","BOSS"],"items_purchased_type":["Card"],"build_version":"2020-12-22","purchased_purges":2,"victory":false,"max_hp_per_floor":[75,75,75,75,75,75,75,75,75,75,75,80,80,80,80,80,80],"relic_stats":{"counters":[8,30],"obtain_stats":[{"NeowsBlessing":0,"Oddly Smooth Stone":7,"Burning Blood":0,"White Beast Statue":9,"Akabeko":10},{"NeowsBlessing":0,"Oddly Smooth Stone":3,"Burning Blood":0,"White Beast Statue":3,"Akabeko":4},{"NeowsBlessing":0,"Oddly Smooth Stone":3,"Burning Blood":0,"White Beast Statue":3,"Akabeko":9}],"Burning Blood":42},"card_choices":[{"not_picked":["Wild Strike","Cleave"],"picked":"Seeing Red","floor":1},{"not_picked":["Heavy Blade","Wild Strike","Pummel"],"picked":"SKIP","floor":4},{"not_picked":["Armaments","Cleave"],"picked":"Disarm","floor":7},{"not_picked":["Shockwave","Burning Pact"],"picked":"Anger","floor":10},{"not_picked":["Clothesline","Twin Strike","True Grit"],"picked":"SKIP","floor":11},{"not_picked":["Headbutt","Disarm"],"picked":"Pummel","floor":12},{"not_picked":["Infernal Blade","Cleave","Seeing Red"],"picked":"SKIP","floor":14}],"player_experience":925465,"relics_obtained":[{"floor":7,"key":"Oddly Smooth Stone"},{"floor":9,"key":"White Beast Statue"},{"floor":10,"key":"Akabeko"}],"event_choices":[{"damage_healed":0,"gold_gain":0,"cards_transformed":["Strike_R"],"player_choice":"Change","damage_taken":0,"max_hp_gain":0,"max_hp_loss":0,"event_name":"Living Wall","floor":2,"gold_loss":0,"cards_obtained":["Rage"]},{"cards_removed":["Defend_R"],"damage_healed":0,"gold_gain":0,"player_choice":"Card Removal","damage_taken":7,"max_hp_gain":0,"max_hp_loss":0,"event_name":"Golden Wing","floor":3,"gold_loss":0},{"damage_healed":0,"gold_gain":75,"player_choice":"Gather Gold","damage_taken":11,"max_hp_gain":0,"max_hp_loss":0,"event_name":"World of Goop","floor":5,"gold_loss":0}],"is_beta":false,"boss_relics":[],"items_purged_floors":[8,13],"is_endless":false,"potions_floor_spawned":[4,7,10,11,12,14],"killed_by":"Hexaghost","ascension_level":20}}