{"host":"whyfdmrq1ty0e9zp","time":1609585367,"event":{"mods":["Act Like it!","BaseMod","Colored Map","Colored Powertips","Conspire","Gensokyo","LagranYue(拉格朗・月)","Marisa（F雨　魔理沙）","Minty Spire (QoL Compilation)","MostiFishMod","Prisma Mod","Quick Restart","Relic Stats","Remilia（蕾米莉亚）","Replay The Spire","StSLib","TestMod","vexMod","【遗物卡牌】REMEMod"],"gold_per_floor":[112,112,112,125,50,77,77,106,106,106,106,122,138,150,150,247,247,262,361,286,286,301,301,301,333,387,387,72,72,98,111,111,210,210,226,245,245,260,111,111,111],"floor_reached":40,"playtime":4671,"items_purged":["Defend_P","Strike_P+1"],"score":579,"play_id":"26d0fcce-e014-4b28-92ca-a17d005188e8","local_time":"20210102190247","is_ascension_mode":true,"campfire_choices":[{"data":"CutThroughFate","floor":11.0,"key":"SMITH"},{"data":"CutThroughFate","floor":15.0,"key":"SMITH"},{"data":"Perseverance","floor":23.0,"key":"SMITH"},{"data":"Devotion","floor":32.0,"key":"SMITH"}],"circlet_count":0,"master_deck":["Defend_P+1","Eruption+1","Vigilance+1","CutThroughFate+1","Weave+1","Perseverance+1","CutThroughFate+1","LessonLearned+1","Judgement+1","Writhe","Devotion+1","Protect+1","Scrawl+1","InnerPeace+1","Protect+1","Omniscience+1","Replay:AtTheReady+1","JustLucky+1","MostiFishMod:ScryFuture","ThirdEye"],"relics":["PureWater","NeowsBlessing","TeardropLocket","MealTicket","StrikeDummy","Runic Dome","Vajra","Pen Nib","Tiny Chest","Pear","InkBottle","Potion Belt","Astrolabe","Blood Vial"],"acts_visited":[],"potions_floor_usage":[],"damage_taken":[{"damage":0.0,"enemies":"Jaw Worm","floor":1.0,"turns":1.0},{"damage":0.0,"enemies":"2 Louse","floor":4.0,"turns":1.0},{"damage":0.0,"enemies":"Lagavulin","floor":6.0,"turns":1.0},{"damage":0.0,"enemies":"Gremlin Nob","floor":8.0,"turns":2.0},{"damage":0.0,"enemies":"Small Slimes","floor":12.0,"turns":1.0},{"damage":2.0,"enemies":"3 Louse","floor":13.0,"turns":3.0},{"damage":5.0,"enemies":"Gremlin Gang","floor":14.0,"turns":4.0},{"damage":28.0,"enemies":"The Guardian","floor":16.0,"turns":8.0},{"damage":0.0,"enemies":"2 Thieves","floor":18.0,"turns":2.0},{"damage":9.0,"enemies":"3 Byrds","floor":22.0,"turns":4.0},{"damage":26.0,"enemies":"Slavers","floor":25.0,"turns":5.0},{"damage":17.0,"enemies":"Gremlin Leader","floor":30.0,"turns":4.0},{"damage":0.0,"enemies":"Snecko","floor":31.0,"turns":2.0},{"damage":12.0,"enemies":"Collector","floor":33.0,"turns":6.0},{"damage":3,"enemies":"3 Shapes","floor":35,"turns":3},{"damage":46,"enemies":"3 Darklings","floor":36,"turns":6},{"damage":32,"enemies":"Jaw Worm Horde","floor":38,"turns":3},{"damage":34,"enemies":"Giant Head","floor":40,"turns":5}],"seed_played":"-1581163760189460909","potions_obtained":[{"floor":1.0,"key":"SpeedPotion"},{"floor":6.0,"key":"Dexterity Potion"},{"floor":13.0,"key":"EntropicBrew"},{"floor":31.0,"key":"SkillPotion"},{"floor":38,"key":"GamblersBrew"}],"is_trial":false,"path_per_floor":["M","?","?","M","$","E","?","E","T","?","R","M","M","M","R","B",null,"M","?","?","?","M","R","?","E","T","T","$","?","E","M","R","B",null,"M","M","T","M","$","E"],"character_chosen":"WATCHER","items_purchased":["Weave","InkBottle","ThirdEye"],"campfire_rested":0,"item_purchase_floors":[5,28,39],"current_hp_per_floor":[72,77,70,70,70,70,55,55,55,55,55,55,53,48,48,20,77,77,77,77,77,68,68,68,42,42,52,67,50,33,33,33,21,92,89,43,43,13,28,0,0],"gold":111,"neow_bonus":"THREE_ENEMY_KILL","is_daily":false,"chose_seed":false,"campfire_upgraded":4,"win_rate":0.0,"timestamp":1609585367,"path_taken":["M","?","?","M","$","E","?","E","T","?","R","?","M","M","R","BOSS","M","?","?","?","?","R","?","E","T","?","?","?","E","M","R","BOSS","M","M","?","M","$","E"],"items_purchased_type":["Card","Relic","Card"],"build_version":"2020-12-22","purchased_purges":2,"victory":false,"max_hp_per_floor":[72,77,77,77,77,77,77,77,77,77,77,77,77,77,77,77,77,77,77,77,77,77,77,77,77,77,87,87,92,92,92,92,92,92,92,92,92,92,92,92,92],"relic_stats":{"Blood Vial":4,"counters":[4,17],"Astrolabe":[],"MealTicket":15,"Tiny Chest":1,"Pen Nib":[6],"obtain_stats":[{"Potion Belt":0,"Pear":0,"NeowsBlessing":0,"Astrolabe":0,"Vajra":0,"Pen Nib":0,"TeardropLocket":0,"Blood Vial":37,"Runic Dome":0,"MealTicket":0,"Tiny Chest":0,"PureWater":0,"StrikeDummy":0,"InkBottle":0},{"Potion Belt":0,"Pear":0,"NeowsBlessing":0,"Astrolabe":0,"Vajra":0,"Pen Nib":0,"TeardropLocket":0,"Blood Vial":2,"Runic Dome":0,"MealTicket":0,"Tiny Chest":0,"PureWater":0,"StrikeDummy":0,"InkBottle":0},{"Potion Belt":0,"Pear":0,"NeowsBlessing":0,"Astrolabe":0,"Vajra":0,"Pen Nib":0,"TeardropLocket":0,"Blood Vial":9,"Runic Dome":0,"MealTicket":0,"Tiny Chest":0,"PureWater":0,"StrikeDummy":0,"InkBottle":0}],"InkBottle":[10]},"card_choices":[{"not_picked":["Evaluate","PathToVictory"],"picked":"CutThroughFate","floor":1.0},{"not_picked":["EmptyMind","Halt","BattleHymn"],"picked":"SKIP","floor":4.0},{"not_picked":["Halt","Wallop"],"picked":"Perseverance","floor":6.0},{"not_picked":["Perseverance","CrushJoints","Crescendo"],"picked":"SKIP","floor":8.0},{"not_picked":["ForeignInfluence","EmptyFist"],"picked":"CutThroughFate","floor":12.0},{"not_picked":["Consecrate","EmptyFist"],"picked":"LessonLearned","floor":13.0},{"not_picked":["Collect","Indignation","EmptyFist"],"picked":"SKIP","floor":14.0},{"not_picked":["LessonLearned","ConjureBlade"],"picked":"Judgement","floor":16.0},{"not_picked":["WindmillStrike","EmptyBody","Evaluate"],"picked":"SKIP","floor":18.0},{"not_picked":["EmptyFist","Conclude+1","DeceiveReality"],"picked":"SKIP","floor":22.0},{"not_picked":["SignatureMove","SpiritShield","FlyingSleeves"],"picked":"SKIP","floor":25.0},{"not_picked":["Wallop","CrushJoints"],"picked":"Devotion","floor":30.0},{"not_picked":["WindmillStrike","SignatureMove"],"picked":"Protect+1","floor":31.0},{"not_picked":["DeusExMachina","MasterReality"],"picked":"Scrawl","floor":33.0},{"not_picked":["FlyingSleeves+1","FearNoEvil+1"],"picked":"Replay:AtTheReady+1","floor":35},{"not_picked":["Replay:AtTheReady+1","Fasting2+1"],"picked":"JustLucky+1","floor":36},{"not_picked":["Replay:BluntJabs","JustLucky+1"],"picked":"MostiFishMod:ScryFuture","floor":38}],"player_experience":418817,"relics_obtained":[{"floor":6.0,"key":"TeardropLocket"},{"floor":8.0,"key":"MealTicket"},{"floor":9.0,"key":"StrikeDummy"},{"floor":25.0,"key":"Pen Nib"},{"floor":26.0,"key":"Tiny Chest"},{"floor":27.0,"key":"Pear"},{"floor":30.0,"key":"Potion Belt"},{"floor":37,"key":"Blood Vial"}],"event_choices":[{"damage_healed":0.0,"max_hp_gain":5.0,"max_hp_loss":0.0,"gold_gain":0.0,"event_name":"Big Fish","player_choice":"Donut","floor":2.0,"gold_loss":0.0,"damage_taken":0.0},{"cards_removed":["Defend_P"],"damage_healed":0.0,"max_hp_gain":0.0,"max_hp_loss":0.0,"gold_gain":0.0,"event_name":"Golden Wing","player_choice":"Card Removal","floor":3.0,"gold_loss":0.0,"damage_taken":7.0},{"damage_healed":0.0,"max_hp_gain":0.0,"max_hp_loss":0.0,"gold_gain":0.0,"event_name":"Shining Light","player_choice":"Entered Light","floor":7.0,"gold_loss":0.0,"damage_taken":15.0,"cards_upgraded":["Eruption","Strike_P"]},{"damage_healed":0.0,"max_hp_gain":0.0,"max_hp_loss":0.0,"gold_gain":0.0,"event_name":"Upgrade Shrine","player_choice":"Upgraded","floor":10.0,"gold_loss":0.0,"damage_taken":0.0,"cards_upgraded":["Weave"]},{"damage_healed":0.0,"max_hp_gain":0.0,"max_hp_loss":0.0,"gold_gain":99.0,"event_name":"Nest","player_choice":"Stole From Cult","floor":19.0,"gold_loss":0.0,"damage_taken":0.0},{"cards_removed":["Strike_P"],"damage_healed":0.0,"max_hp_gain":0.0,"max_hp_loss":0.0,"gold_gain":0.0,"event_name":"Beggar","player_choice":"Gave Gold","floor":20.0,"gold_loss":75.0,"damage_taken":0.0},{"damage_healed":0.0,"max_hp_gain":0.0,"max_hp_loss":0.0,"gold_gain":0.0,"event_name":"The Woman in Blue","player_choice":"Bought 0 Potions","floor":21.0,"gold_loss":0.0,"damage_taken":0.0},{"damage_healed":0.0,"max_hp_gain":0.0,"max_hp_loss":0.0,"gold_gain":0.0,"event_name":"The Mausoleum","player_choice":"Opened","floor":24.0,"gold_loss":0.0,"damage_taken":0.0,"relics_obtained":["Vajra"],"cards_obtained":["Writhe"]},{"damage_healed":0.0,"max_hp_gain":5.0,"max_hp_loss":0.0,"gold_gain":0.0,"event_name":"Forgotten Altar","player_choice":"Shed Blood","floor":29.0,"gold_loss":0.0,"damage_taken":22.0}],"is_beta":false,"boss_relics":[{"not_picked":["SacredBark","SlaversCollar"],"picked":"Runic Dome"},{"not_picked":["HolyWater","Pandora\u0027s Box"],"picked":"Astrolabe"}],"items_purged_floors":[28,39],"is_endless":false,"potions_floor_spawned":[1,6,13,25,31,38],"killed_by":"Giant Head","ascension_level":3}}