{"host":"tiwza2kisyyrpq7h","time":1609595257,"event":{"mods":["BaseMod","Colored Powertips","Minty Spire (QoL Compilation)","Quick Restart","Rare Cards Sparkle","StSLib","SuperFastMode","The Servant 0.9.4","óô»ðÖ¸ÄÏ"],"gold_per_floor":[117,192,192,22,39,69,69,69,148,180,200,200,216,53,53,130,130,147,147,72,122,397,66,94,105,128,161,261,261,311,344,344,421,421,432,432,447,447,447],"floor_reached":38,"playtime":1083,"items_purged":["CrushJoints","Regret"],"score":1042,"play_id":"7f51f861-b519-4c5f-8526-e043a54ddf7f","local_time":"20210102214737","is_ascension_mode":true,"campfire_choices":[{"data":"MasterReality","floor":7.0,"key":"SMITH"},{"data":"Study","floor":12.0,"key":"SMITH"},{"data":"Wireheading","floor":15.0,"key":"SMITH"},{"data":"Omniscience","floor":29.0,"key":"SMITH"},{"data":"Magnetism","floor":32.0,"key":"SMITH"}],"circlet_count":0,"master_deck":["AscendersBane","Eruption","Vigilance","MasterReality+1","Halt+1","Tantrum","BattleHymn","Consecrate","Study+1","FlurryOfBlows","FlurryOfBlows","Wireheading+1","Halt","Omniscience+1","CrushJoints","BattleHymn","Judgement","FlyingSleeves","Study","FearNoEvil","MentalFortress","Fasting2+1","Ghostly","Ghostly","Ghostly","Fasting2","Magnetism+1","Swivel+1","Vengeance+1","ClearTheMind+1","Devotion","WaveOfTheHand+1","Madness+1","Madness+1","Halt+1"],"relics":["PureWater","Gremlin Horn","Eternal Feather","TeardropLocket","ClockworkSouvenir","Pandora\u0027s Box","Toxic Egg 2","Boot","Molten Egg 2","Calipers","Kunai","WingedGreaves","Runic Dome"],"acts_visited":["Exordium","TheCity","TheBeyond"],"potions_floor_usage":[],"damage_taken":[{"damage":5.0,"enemies":"Cultist","floor":1.0,"turns":5.0},{"damage":0.0,"enemies":"2 Louse","floor":5.0,"turns":3.0},{"damage":19.0,"enemies":"Lagavulin","floor":6.0,"turns":6.0},{"damage":5.0,"enemies":"3 Sentries","floor":10.0,"turns":4.0},{"damage":3.0,"enemies":"Jaw Worm","floor":11.0,"turns":3.0},{"damage":16.0,"enemies":"3 Louse","floor":13.0,"turns":2.0},{"damage":0.0,"enemies":"Slime Boss","floor":16.0,"turns":5.0},{"damage":0.0,"enemies":"Spheric Guardian","floor":18.0,"turns":1.0},{"damage":0.0,"enemies":"Gremlin Leader","floor":24.0,"turns":5.0},{"damage":3.0,"enemies":"2 Thieves","floor":25.0,"turns":4.0},{"damage":24.0,"enemies":"Slavers","floor":27.0,"turns":4.0},{"damage":1.0,"enemies":"Colosseum Slavers","floor":28.0,"turns":3.0},{"damage":0.0,"enemies":"Colosseum Nobs","floor":28.0,"turns":2.0},{"damage":15.0,"enemies":"Book of Stabbing","floor":31.0,"turns":4.0},{"damage":13.0,"enemies":"Collector","floor":33.0,"turns":5.0},{"damage":2.0,"enemies":"Orb Walker","floor":35.0,"turns":2.0},{"damage":4,"enemies":"3 Darklings","floor":37,"turns":4},{"damage":25,"enemies":"Spire Growth","floor":38,"turns":2}],"seed_played":"-5943428504324827085","potions_obtained":[{"floor":6.0,"key":"Strength Potion"},{"floor":10.0,"key":"Ancient Potion"},{"floor":13.0,"key":"SkillPotion"},{"floor":27.0,"key":"DistilledChaos"},{"floor":31.0,"key":"DuplicationPotion"},{"floor":35.0,"key":"FearPotion"}],"is_trial":false,"path_per_floor":["M","?","?","$","M","E","R","?","T","E","M","R","M","$","R","B",null,"M","?","$","?","?","R","E","M","T","E","?","R","?","E","R","B",null,"M","?","M","M"],"character_chosen":"WATCHER","items_purchased":["Tantrum","BattleHymn","Consecrate","ClockworkSouvenir","Fasting2","Magnetism"],"campfire_rested":0,"item_purchase_floors":[4,4,4,14,23,23],"current_hp_per_floor":[56,45,25,25,25,6,6,28,28,23,20,32,16,16,28,28,58,58,34,34,34,34,34,34,31,31,7,6,21,21,6,24,11,28,26,20,16,0,0],"gold":447,"neow_bonus":"ONE_RANDOM_RARE_CARD","is_daily":false,"chose_seed":false,"campfire_upgraded":5,"win_rate":0.0,"timestamp":1609595257,"path_taken":["M","?","?","$","?","E","R","?","T","E","M","R","M","$","R","BOSS","M","?","$","?","?","R","E","?","T","E","?","R","?","E","R","BOSS","M","?","M","M"],"items_purchased_type":["Card","Card","Card","Relic","Card","Card"],"build_version":"2020-12-22","purchased_purges":2,"victory":false,"max_hp_per_floor":[68,68,68,68,68,68,68,68,68,68,68,68,68,68,68,68,68,68,34,34,34,34,34,34,34,34,34,34,34,34,34,34,34,34,34,34,34,34,34],"card_choices":[{"not_picked":["SashWhip","Sanctity"],"picked":"Halt","floor":1.0},{"not_picked":["ThirdEye","FlyingSleeves"],"picked":"Study","floor":5.0},{"not_picked":["Prostrate","Swivel"],"picked":"FlurryOfBlows","floor":6.0},{"not_picked":["WheelKick","ReachHeaven"],"picked":"FlurryOfBlows","floor":10.0},{"not_picked":["FollowUp","SandsOfTime"],"picked":"Wireheading","floor":11.0},{"not_picked":["ThirdEye","Evaluate"],"picked":"Halt","floor":13.0},{"not_picked":["Brilliance","Blasphemy"],"picked":"Omniscience","floor":16.0},{"not_picked":["Protect","Collect"],"picked":"Fasting2+1","floor":18.0},{"not_picked":["JustLucky+1","ReachHeaven","WindmillStrike"],"picked":"SKIP","floor":24.0},{"not_picked":["Crescendo+1","JustLucky"],"picked":"Swivel+1","floor":25.0},{"not_picked":["EmptyBody+1","ForeignInfluence+1"],"picked":"Vengeance+1","floor":27.0},{"not_picked":["SashWhip+1","BowlingBash+1"],"picked":"ClearTheMind+1","floor":31.0},{"not_picked":["Scrawl+1","Omniscience+1"],"picked":"Devotion","floor":33.0},{"not_picked":["Conclude+1","FlyingSleeves+1"],"picked":"WaveOfTheHand+1","floor":35.0},{"not_picked":["Evaluate+1","WaveOfTheHand+1"],"picked":"Halt+1","floor":37}],"player_experience":924605,"relics_obtained":[{"floor":6.0,"key":"Gremlin Horn"},{"floor":9.0,"key":"Eternal Feather"},{"floor":10.0,"key":"TeardropLocket"},{"floor":24.0,"key":"Toxic Egg 2"},{"floor":26.0,"key":"Boot"},{"floor":27.0,"key":"Molten Egg 2"},{"floor":28.0,"key":"Calipers"},{"floor":28.0,"key":"Kunai"},{"floor":31.0,"key":"WingedGreaves"}],"event_choices":[{"damage_healed":0.0,"max_hp_gain":0.0,"max_hp_loss":0.0,"gold_gain":75.0,"event_name":"World of Goop","player_choice":"Gather Gold","floor":2.0,"gold_loss":0.0,"damage_taken":11.0},{"damage_healed":0.0,"max_hp_gain":0.0,"max_hp_loss":0.0,"gold_gain":0.0,"event_name":"Shining Light","player_choice":"Entered Light","floor":3.0,"gold_loss":0.0,"damage_taken":20.0,"cards_upgraded":["Strike_P","Halt"]},{"damage_healed":22.0,"max_hp_gain":0.0,"max_hp_loss":0.0,"gold_gain":0.0,"event_name":"Big Fish","player_choice":"Banana","floor":8.0,"gold_loss":0.0,"damage_taken":0.0},{"damage_healed":0.0,"max_hp_gain":0.0,"max_hp_loss":34.0,"gold_gain":0.0,"event_name":"Ghosts","player_choice":"Became a Ghost","floor":19.0,"gold_loss":0.0,"damage_taken":0.0,"cards_obtained":["Ghostly","Ghostly","Ghostly"]},{"damage_healed":0.0,"max_hp_gain":0.0,"max_hp_loss":0.0,"gold_gain":50.0,"event_name":"Nest","player_choice":"Stole From Cult","floor":21.0,"gold_loss":0.0,"damage_taken":0.0},{"damage_healed":0.0,"max_hp_gain":0.0,"max_hp_loss":0.0,"gold_gain":275.0,"event_name":"Golden Shrine","player_choice":"Desecrate","floor":22.0,"gold_loss":0.0,"damage_taken":0.0,"cards_obtained":["Regret"]},{"damage_healed":0.0,"max_hp_gain":0.0,"max_hp_loss":0.0,"gold_gain":0.0,"event_name":"Colosseum","player_choice":"Fight","floor":28.0,"gold_loss":0.0,"damage_taken":0.0},{"damage_healed":0.0,"max_hp_gain":0.0,"max_hp_loss":0.0,"gold_gain":0.0,"event_name":"Colosseum","player_choice":"Fought Nobs","floor":28.0,"gold_loss":0.0,"damage_taken":0.0},{"damage_healed":0.0,"max_hp_gain":0.0,"max_hp_loss":0.0,"gold_gain":100.0,"event_name":"The Joust","player_choice":"Bet on Murderer","floor":30.0,"gold_loss":50.0,"damage_taken":0.0},{"damage_healed":0.0,"max_hp_gain":0.0,"max_hp_loss":0.0,"gold_gain":0.0,"event_name":"Winding Halls","player_choice":"Embrace Madness","floor":36.0,"gold_loss":0.0,"damage_taken":6.0,"cards_obtained":["Madness","Madness"]}],"is_beta":false,"boss_relics":[{"not_picked":["Black Star","Empty Cage"],"picked":"Pandora\u0027s Box"},{"not_picked":["Velvet Choker","SacredBark"],"picked":"Runic Dome"}],"items_purged_floors":[20,23],"is_endless":false,"potions_floor_spawned":[6,10,13,27,28,31,35,37],"killed_by":"Spire Growth","ascension_level":17}}