{"host":"8vqjvqze17j4iyaj","time":1609625775,"event":{"mods":["Act Like it!","BaseMod","Chen","Colored Powertips","Duelist Mod","Elementarium","Gensokyo","GifTheSpireLib","Infinite Spire","Jorbs\u0027s Wanderer Trilogy","Koishi","Marisa????????","Minty Spire (QoL Compilation)","Rare Cards Sparkle","Reimu??????","Remilia??????","Replay The Spire","StSLib","The Animator","The Cursed","The Forsaken","The Servant 0.9.4","Wandering Minibosses"],"gold_per_floor":[126,126,126,75,88,88,113,113,113,131,146,146,185,185,185,298,298,329,319,369,395,52,98,98,135,160,197,199,199],"floor_reached":28,"playtime":2893,"items_purged":[],"score":275,"play_id":"43bda22b-7c15-44e9-9b0a-4dad21b77ef1","local_time":"20210102151615","is_ascension_mode":true,"campfire_choices":[{"data":"infinitespire:Execution","floor":6,"key":"SMITH"},{"floor":12,"key":"REST"},{"data":"animator:Darkness","floor":15,"key":"SMITH"},{"data":"animator:Cocytus","floor":24,"key":"SMITH"}],"circlet_count":0,"master_deck":["animator:Strike_Konosuba","animator:Defend_Konosuba","animator:Strike","animator:Strike","animator:Strike","animator:Defend","animator:Defend","animator:Defend","animator:Kazuma","animator:Aqua+1","animator:Darkness+1","infinitespire:Execution+1","animator:Caster+1","animator:Cocytus+1","animator:Aqua","animator:Shalltear","animator:RinTohsaka","animator:ElricEdward","animator:Albedo+1","Elementarium:GildedEssence","animator:Megumin+3","animator:Lancer","animator:Lancer"],"relics":["animator:LivingPicture","animator:TheMissingPiece","animator:PurgingStone","Ornamental Fan","Regal Pillow","Gambling Chip","Replay:Bandana","Happy Flower","Mark of Pain","Guide Book","Replay:Baseball","Dream Catcher","Replay:Wax Seal","ReplayFunnel"],"acts_visited":["Exordium","Elementarium:Elementarium"],"potions_floor_usage":[16,27,27,27,27,27,27],"damage_taken":[{"damage":9,"enemies":"Cultist","floor":1,"turns":6},{"damage":4,"enemies":"2 Louse","floor":5,"turns":5},{"damage":43,"enemies":"3 Sentries","floor":7,"turns":17},{"damage":0,"enemies":"Jaw Worm","floor":10,"turns":5},{"damage":0,"enemies":"Blue Slaver","floor":11,"turns":6},{"damage":6,"enemies":"Lagavulin","floor":13,"turns":8},{"damage":3,"enemies":"Hexaghost","floor":16,"turns":10},{"damage":0,"enemies":"Elementarium:2_ELEMENTALS","floor":18,"turns":5},{"damage":0,"enemies":"Elementarium:VoidCorruption","floor":21,"turns":10},{"damage":27,"enemies":"Elementarium:ElementalPortal","floor":23,"turns":15},{"damage":3,"enemies":"Elementarium:CYCLONE_AND_ORB_OF_FIRE","floor":25,"turns":5},{"damage":55,"enemies":"Elementarium:FIRE_NOBILITY","floor":27,"turns":13},{"damage":2,"enemies":"Elementarium:VOID_CORRUPTION_AND_ORB_OF_FIRE","floor":28,"turns":1}],"seed_played":"4155526787839829134","potions_obtained":[{"floor":7,"key":"Dexterity Potion"},{"floor":10,"key":"FearPotion"},{"floor":11,"key":"AttackPotion"},{"floor":13,"key":"EntropicBrew"},{"floor":14,"key":"Block Potion"},{"floor":18,"key":"GrandPatriotsElixir:ReiMu"},{"floor":25,"key":"LiquidMemories"}],"is_trial":false,"path_per_floor":["M","T","?","$","M","R","E","T","T","M","M","R","E","?","R","B",null,"M","?","?","M","$","E","R","M","T","E","M"],"character_chosen":"THE_ANIMATOR","items_purchased":["animator:Caster+1","Guide Book","Replay:Baseball","animator:Lancer"],"campfire_rested":1,"item_purchase_floors":[4,22,22,22],"current_hp_per_floor":[65,65,48,48,46,46,5,5,5,9,13,49,47,47,47,48,72,72,72,72,73,73,51,51,51,51,1,0,0],"gold":199,"neow_bonus":"TEN_PERCENT_HP_BONUS","is_daily":false,"chose_seed":false,"campfire_upgraded":3,"win_rate":0.0,"timestamp":1609625775,"path_taken":["M","?","?","?","M","R","E","?","T","M","?","R","E","?","R","BOSS","M","?","?","M","$","E","R","M","T","E","M"],"items_purchased_type":["Card","Relic","Relic","Card"],"build_version":"2020-12-22","purchased_purges":0,"victory":false,"max_hp_per_floor":[72,72,72,72,72,72,72,72,72,72,72,72,72,72,72,72,72,72,72,72,73,73,73,73,73,73,73,73,73],"card_choices":[{"not_picked":["animator:Genos","animator:Ciel"],"picked":"animator:Darkness","floor":1},{"not_picked":["infinitespire:FinalStrike","ReplayTheSpireMod:Black Plague"],"picked":"infinitespire:Execution","floor":3},{"not_picked":["animator:Sloth","animator:Raven"],"picked":"animator:Cocytus","floor":5},{"not_picked":["animator:Assassin","animator:ElricEdward"],"picked":"animator:Aqua","floor":7},{"not_picked":["animator:Cocytus","animator:Demiurge"],"picked":"animator:Shalltear","floor":10},{"not_picked":["animator:Scar","animator:Kazuma"],"picked":"animator:RinTohsaka","floor":11},{"not_picked":["animator:RinTohsaka","animator:GazelDwargon"],"picked":"animator:ElricEdward","floor":13},{"not_picked":["animator:Wiz","animator:Envy"],"picked":"animator:Albedo","floor":16},{"not_picked":["animator:Gluttony","animator:Illya","animator:Kazuma"],"picked":"SKIP","floor":18},{"not_picked":["animator:YunYun","animator:Vanir"],"picked":"animator:Megumin","floor":21},{"not_picked":["animator:Darkness","animator:Rider","animator:Mitsurugi"],"picked":"SKIP","floor":23},{"not_picked":["animator:Elesis","animator:ShinjiMatou"],"picked":"animator:Megumin","floor":25},{"not_picked":["animator:Saitama","animator:Yoichi","animator:Kazuma"],"picked":"SKIP","floor":27}],"player_experience":288568,"relics_obtained":[{"floor":2,"key":"Ornamental Fan"},{"floor":7,"key":"Regal Pillow"},{"floor":8,"key":"Gambling Chip"},{"floor":9,"key":"Replay:Bandana"},{"floor":13,"key":"Happy Flower"},{"floor":23,"key":"Dream Catcher"},{"floor":26,"key":"Replay:Wax Seal"},{"floor":27,"key":"ReplayFunnel"}],"event_choices":[{"damage_healed":0,"gold_gain":0,"player_choice":"Got Potions","damage_taken":0,"max_hp_gain":0,"max_hp_loss":0,"event_name":"Lab","floor":14,"gold_loss":0},{"damage_healed":0,"gold_gain":0,"player_choice":"Toss","damage_taken":0,"max_hp_gain":0,"max_hp_loss":0,"event_name":"Elementarium:OnrushingOffering","floor":19,"gold_loss":10,"cards_obtained":["Elementarium:GildedEssence"]},{"damage_healed":0,"gold_gain":50,"player_choice":"Take","damage_taken":0,"max_hp_gain":0,"max_hp_loss":0,"event_name":"Elementarium:StickySituation","floor":20,"gold_loss":0}],"is_beta":false,"boss_relics":[{"not_picked":["Honey Jar","Astrolabe"],"picked":"Mark of Pain"}],"items_purged_floors":[],"is_endless":false,"potions_floor_spawned":[7,10,11,13,18,25],"killed_by":"Elementarium:VOID_CORRUPTION_AND_ORB_OF_FIRE","ascension_level":1}}