{"host":"xjyie0ctswsml60g","time":1609593418,"event":{"mods":["AchievementEnabler","BaseMod","Colored Map","Minty Spire (QoL Compilation)","Quick Restart","SuperFastMode"],"gold_per_floor":[111,122,138,156,8,42,60,88,88,88,53,77,77,48,48,145,145,163,163,163,198,198,198,212,212,212,212,224,251,264,264,264,360,360,371,593,606,606,606,606,639,665,665,665,715,715,725,741,741,741,741],"floor_reached":50,"playtime":3329,"items_purged":[],"score":596,"play_id":"8cd49dee-e9ce-4be1-8647-833a94375d94","local_time":"20210102151658","is_ascension_mode":false,"campfire_choices":[{"floor":13.0,"key":"RECALL"},{"data":"Prostrate","floor":15.0,"key":"SMITH"},{"data":"Prostrate","floor":23.0,"key":"SMITH"},{"data":"Eruption","floor":25.0,"key":"SMITH"},{"data":"EmptyBody","floor":27.0,"key":"SMITH"},{"floor":32.0,"key":"REST"},{"data":"Pray","floor":40.0,"key":"SMITH"},{"data":"Devotion","floor":44.0,"key":"SMITH"},{"data":"DeceiveReality","floor":46.0,"key":"SMITH"},{"floor":49.0,"key":"REST"}],"circlet_count":0,"master_deck":["Strike_P","Strike_P","Defend_P","Defend_P","Eruption+1","Prostrate+1","Prostrate+1","ThirdEye","CutThroughFate","EmptyBody+1","Wallop","Brilliance","Brilliance","DeceiveReality+1","FearNoEvil","Pray+1","Devotion+1","Violence"],"relics":["PureWater","Damaru","Question Card","Bottled Lightning","Nunchaku","Sozu","MutagenicStrength","Nilry\u0027s Codex","Red Mask","Ginger","Letter Opener","Empty Cage","CaptainsWheel","Regal Pillow","Frozen Egg 2","Mango"],"acts_visited":["Exordium","TheCity","TheBeyond"],"potions_floor_usage":[],"damage_taken":[{"damage":1.0,"enemies":"Jaw Worm","floor":1.0,"turns":6.0},{"damage":0.0,"enemies":"2 Louse","floor":2.0,"turns":3.0},{"damage":2.0,"enemies":"Small Slimes","floor":3.0,"turns":5.0},{"damage":0.0,"enemies":"3 Louse","floor":4.0,"turns":7.0},{"damage":46.0,"enemies":"Gremlin Nob","floor":6.0,"turns":5.0},{"damage":0.0,"enemies":"Blue Slaver","floor":7.0,"turns":5.0},{"damage":6.0,"enemies":"Lagavulin","floor":8.0,"turns":8.0},{"damage":0.0,"enemies":"Slime Boss","floor":16.0,"turns":6.0},{"damage":3.0,"enemies":"Spheric Guardian","floor":18.0,"turns":5.0},{"damage":9.0,"enemies":"Masked Bandits","floor":21.0,"turns":4.0},{"damage":0.0,"enemies":"Chosen","floor":24.0,"turns":4.0},{"damage":0.0,"enemies":"Centurion and Healer","floor":28.0,"turns":4.0},{"damage":28.0,"enemies":"Gremlin Leader","floor":29.0,"turns":4.0},{"damage":0.0,"enemies":"Cultist and Chosen","floor":30.0,"turns":4.0},{"damage":31.0,"enemies":"Automaton","floor":33.0,"turns":9.0},{"damage":0.0,"enemies":"3 Shapes","floor":35.0,"turns":3.0},{"damage":0.0,"enemies":"Orb Walker","floor":37.0,"turns":2.0},{"damage":11.0,"enemies":"Reptomancer","floor":41.0,"turns":5.0},{"damage":8.0,"enemies":"Mind Bloom Boss Battle","floor":45.0,"turns":5.0},{"damage":8.0,"enemies":"Writhing Mass","floor":47.0,"turns":6.0},{"damage":0.0,"enemies":"Maw","floor":48.0,"turns":4.0},{"damage":95,"enemies":"Time Eater","floor":50,"turns":6}],"seed_played":"-5439677320739075128","potions_obtained":[{"floor":2.0,"key":"SteroidPotion"},{"floor":8.0,"key":"SteroidPotion"},{"floor":16.0,"key":"LiquidBronze"}],"is_trial":false,"path_per_floor":["M","M","M","M","$","E","M","E","T","?","?","T","R","?","R","B",null,"M","?","?","?","?","R","M","R","T","R","M","E","M","?","R","B",null,"M","?","M","?","?","R","E","T","T","R","?","R","M","M","R","B"],"character_chosen":"WATCHER","items_purchased":["Damaru"],"campfire_rested":2,"item_purchase_floors":[5],"current_hp_per_floor":[71,71,69,69,69,23,23,17,17,17,35,35,35,35,35,35,72,69,69,53,44,44,44,44,44,44,44,44,16,16,16,37,6,72,72,72,72,72,72,72,61,61,61,61,67,67,59,59,86,0,0],"gold":741,"neow_bonus":"TRANSFORM_CARD","is_daily":false,"chose_seed":false,"campfire_upgraded":7,"win_rate":0.0,"timestamp":1609593418,"path_taken":["M","M","M","M","$","E","M","E","T","?","?","?","R","?","R","BOSS","M","?","?","?","?","R","M","R","T","R","?","E","M","?","R","BOSS","M","?","M","?","?","R","E","?","T","R","?","R","?","M","R","BOSS"],"items_purchased_type":["Relic"],"build_version":"2020-12-22","purchased_purges":0,"victory":false,"max_hp_per_floor":[72,72,72,72,72,72,72,72,72,72,72,72,72,72,72,72,72,72,72,72,72,72,72,72,72,72,72,72,72,72,72,72,72,72,72,72,72,72,72,72,72,72,72,72,86,86,86,86,86,86,86],"card_choices":[{"not_picked":["ThirdEye","CrushJoints"],"picked":"Prostrate","floor":1.0},{"not_picked":["BattleHymn","PathToVictory","BowlingBash"],"picked":"SKIP","floor":2.0},{"not_picked":["BowlingBash","Swivel"],"picked":"ThirdEye","floor":3.0},{"not_picked":["Prostrate","FearNoEvil"],"picked":"CutThroughFate","floor":4.0},{"not_picked":["EmptyFist","FollowUp"],"picked":"EmptyBody","floor":6.0},{"not_picked":["Halt","Collect","BowlingBash"],"picked":"Wallop","floor":7.0},{"not_picked":["Crescendo","ForeignInfluence","FearNoEvil"],"picked":"Brilliance","floor":8.0},{"not_picked":["DevaForm","Establishment","Omniscience"],"picked":"Brilliance","floor":16.0},{"not_picked":["JustLucky","TalkToTheHand","Evaluate"],"picked":"DeceiveReality","floor":18.0},{"not_picked":["Prostrate","LikeWater","Nirvana","Consecrate"],"picked":"SKIP","floor":24.0},{"not_picked":["Consecrate","FlurryOfBlows","LikeWater","Sanctity"],"picked":"SKIP","floor":28.0},{"not_picked":["Study","EmptyFist+1","Crescendo"],"picked":"Pray","floor":29.0},{"not_picked":["SashWhip","Perseverance","Consecrate","Wireheading"],"picked":"SKIP","floor":30.0},{"not_picked":["Blasphemy","Alpha","Ragnarok"],"picked":"Devotion","floor":33.0},{"not_picked":["Halt+1","EmptyFist+1","Worship","JustLucky"],"picked":"SKIP","floor":35.0},{"not_picked":["ClearTheMind","Crescendo+1","Halt","Swivel+1"],"picked":"SKIP","floor":37.0},{"not_picked":["Impatience","Chrysalis","Discovery"],"picked":"Violence","floor":38.0},{"not_picked":["BowlingBash","PathToVictory","LikeWater+1","WaveOfTheHand+1"],"picked":"SKIP","floor":41.0},{"not_picked":["BowlingBash","FlurryOfBlows+1","ClearTheMind+1","Protect"],"picked":"SKIP","floor":47.0},{"not_picked":["JustLucky+1","EmptyBody+1","Indignation","MasterReality+1"],"picked":"SKIP","floor":48.0}],"player_experience":478987,"relics_obtained":[{"floor":6.0,"key":"Question Card"},{"floor":8.0,"key":"Bottled Lightning"},{"floor":12.0,"key":"Nunchaku"},{"floor":20.0,"key":"Nilry\u0027s Codex"},{"floor":21.0,"key":"Red Mask"},{"floor":26.0,"key":"Ginger"},{"floor":29.0,"key":"Letter Opener"},{"floor":41.0,"key":"CaptainsWheel"},{"floor":42.0,"key":"Regal Pillow"},{"floor":43.0,"key":"Frozen Egg 2"},{"floor":45.0,"key":"Mango"}],"event_choices":[{"damage_healed":0.0,"max_hp_gain":0.0,"max_hp_loss":0.0,"gold_gain":0.0,"event_name":"Liars Game","player_choice":"Ignored","floor":10.0,"gold_loss":0.0,"damage_taken":0.0},{"damage_healed":18.0,"max_hp_gain":0.0,"max_hp_loss":0.0,"gold_gain":0.0,"event_name":"The Cleric","player_choice":"Healed","floor":11.0,"gold_loss":35.0,"damage_taken":0.0},{"damage_healed":0.0,"max_hp_gain":0.0,"max_hp_loss":0.0,"gold_gain":0.0,"event_name":"World of Goop","player_choice":"Left Gold","floor":14.0,"gold_loss":29.0,"damage_taken":0.0},{"damage_healed":0.0,"max_hp_gain":0.0,"max_hp_loss":0.0,"gold_gain":0.0,"event_name":"Drug Dealer","player_choice":"Inject Mutagens","floor":19.0,"gold_loss":0.0,"damage_taken":0.0,"relics_obtained":["MutagenicStrength"]},{"damage_healed":0.0,"max_hp_gain":0.0,"max_hp_loss":0.0,"gold_gain":0.0,"event_name":"Cursed Tome","player_choice":"Obtained Book","floor":20.0,"gold_loss":0.0,"damage_taken":16.0},{"damage_healed":0.0,"max_hp_gain":0.0,"max_hp_loss":0.0,"gold_gain":0.0,"event_name":"Masked Bandits","player_choice":"Fought Bandits","floor":21.0,"gold_loss":0.0,"damage_taken":0.0},{"damage_healed":0.0,"max_hp_gain":0.0,"max_hp_loss":0.0,"gold_gain":0.0,"event_name":"The Library","player_choice":"Read","floor":22.0,"gold_loss":0.0,"damage_taken":0.0,"cards_obtained":["FearNoEvil"]},{"cards_removed":["Defend_P"],"damage_healed":0.0,"max_hp_gain":0.0,"max_hp_loss":0.0,"gold_gain":0.0,"event_name":"Back to Basics","player_choice":"Elegance","floor":31.0,"gold_loss":0.0,"damage_taken":0.0},{"damage_healed":0.0,"max_hp_gain":0.0,"max_hp_loss":0.0,"gold_gain":222.0,"event_name":"Tomb of Lord Red Mask","player_choice":"Wore Mask","floor":36.0,"gold_loss":0.0,"damage_taken":0.0},{"damage_healed":0.0,"max_hp_gain":0.0,"max_hp_loss":0.0,"gold_gain":0.0,"event_name":"SensoryStone","player_choice":"Memory 1","floor":38.0,"gold_loss":0.0,"damage_taken":0.0},{"cards_removed":["Vigilance"],"damage_healed":0.0,"max_hp_gain":0.0,"max_hp_loss":0.0,"gold_gain":0.0,"event_name":"Falling","player_choice":"Removed Skill","floor":39.0,"gold_loss":0.0,"damage_taken":0.0},{"damage_healed":0.0,"max_hp_gain":0.0,"max_hp_loss":0.0,"gold_gain":0.0,"event_name":"MindBloom","player_choice":"Fight","floor":45.0,"gold_loss":0.0,"damage_taken":0.0}],"is_beta":false,"boss_relics":[{"not_picked":["SacredBark","Coffee Dripper"],"picked":"Sozu"},{"not_picked":["Busted Crown","Calling Bell"],"picked":"Empty Cage"}],"items_purged_floors":[],"is_endless":false,"potions_floor_spawned":[2,8,16,21,28,30,33,37,45,48],"killed_by":"Time Eater","ascension_level":0}}