{"host":"9kuc8qxv67wkis18","time":1609627627,"event":{"mods":["2.2 Compatiblity","AchievementEnabler","Aspiration","Astrologer","Bard","BaseMod","Beaked The Cultist","Bestiary","Better Note","Better Third Choice","Block Reminder","Challenge The Spire","ChefMod","Conspire","Curses Come First","GifTheSpireLib","Glutton Mod","Halation","Hermit","Highlight Path","Hubris","Infinite Spire","Jorbs\u0027s Wanderer Trilogy","Marked Mod","Melee Mod","Minty Spire (QoL Compilation)","Permanent Neow","Potionbrewer","Random Character Button","Rare Cards Sparkle","Replay The Spire","Shade Mod","Somnambulant","Spikes Relics","StSLib","Stuff the Spire","The Accelerator","The Blue Laboratory","The Caster","The Construct","The Cursed","The Disciple","The Florist","The Forsaken","The Hierophant","The Judge","The Juggle","The Jungle","The Marked","The Necromancer","The Showman","The Wild Card","TheArtist","Thieving Mod","everything is the same but u backflip on backflip","thorton","vexMod"],"gold_per_floor":[113,63,63,74,74,99,116,116,140,150,177,177,177,177],"floor_reached":13,"playtime":632,"items_purged":[],"score":118,"play_id":"1c9f83f4-0dc0-4c90-9e0b-d1881ca634ea","local_time":"20210102174707","is_ascension_mode":false,"campfire_choices":[],"circlet_count":0,"master_deck":["Strike_R","Strike_R","Strike_R","Strike_R","Defend_R","Defend_R","Defend_R","Defend_R","Bash","infinitespire:OneForAll+1","Demonic Infusion"],"relics":["Burning Blood","NeowsBlessing","Garlic","Bag of Preparation","PreservedInsect"],"acts_visited":["Exordium"],"potions_floor_usage":[13],"damage_taken":[{"damage":0,"enemies":"2 Louse","floor":1,"turns":1},{"damage":0,"enemies":"Small Slimes","floor":4,"turns":1},{"damage":0,"enemies":"Gremlin Nob","floor":6,"turns":1},{"damage":29,"enemies":"Cultist","floor":7,"turns":7},{"damage":11,"enemies":"3 Louse","floor":10,"turns":5},{"damage":46,"enemies":"3 Sentries","floor":11,"turns":15},{"damage":34,"enemies":"Lagavulin","floor":13,"turns":8}],"seed_played":"-2435756286070290620","potions_obtained":[{"floor":4,"key":"ColorlessPotion"},{"floor":6,"key":"Weak Potion"},{"floor":11,"key":"FearPotion"}],"is_trial":false,"path_per_floor":["M","?","?","M","?","E","M","?","T","M","E","?","E"],"character_chosen":"IRONCLAD","items_purchased":[],"campfire_rested":0,"item_purchase_floors":[],"current_hp_per_floor":[80,80,80,80,80,80,57,65,65,60,20,35,1,1],"gold":177,"neow_bonus":"THREE_ENEMY_KILL","is_daily":false,"chose_seed":false,"campfire_upgraded":0,"win_rate":0.0,"timestamp":1609627627,"path_taken":["M","?","?","M","?","E","?","?","T","M","E","?","E"],"items_purchased_type":[],"build_version":"2020-12-22","purchased_purges":0,"victory":false,"max_hp_per_floor":[80,80,80,80,80,80,80,80,80,80,80,80,80,80],"card_choices":[{"not_picked":["Warcry","Clash"],"picked":"infinitespire:OneForAll","floor":1},{"not_picked":["Anger","StuffTheSpire:RockThrow","Second Wind"],"picked":"SKIP","floor":4},{"not_picked":["Twin Strike","StuffTheSpire:BloodClot","Warcry"],"picked":"SKIP","floor":6},{"not_picked":["Run Through","Clash","ReplayTheSpireMod:Strike From Hell"],"picked":"SKIP","floor":7},{"not_picked":["Fire Breathing","Clothesline","Combust"],"picked":"SKIP","floor":10},{"not_picked":["Run Through","Corruption","Uppercut"],"picked":"SKIP","floor":11}],"player_experience":158264,"relics_obtained":[{"floor":6,"key":"Garlic"},{"floor":9,"key":"Bag of Preparation"},{"floor":11,"key":"PreservedInsect"}],"event_choices":[{"cards_removed":["Strike_R"],"damage_healed":0,"gold_gain":0,"player_choice":"Card Removal","damage_taken":0,"max_hp_gain":0,"max_hp_loss":0,"event_name":"The Cleric","floor":2,"gold_loss":50},{"damage_healed":0,"gold_gain":0,"player_choice":"1 cards matched","damage_taken":0,"max_hp_gain":0,"max_hp_loss":0,"event_name":"Match and Keep!","floor":5,"gold_loss":0,"cards_obtained":["Demonic Infusion"]}],"is_beta":false,"boss_relics":[],"items_purged_floors":[],"is_endless":false,"potions_floor_spawned":[4,6,11],"killed_by":"Lagavulin","ascension_level":0}}