{"host":"0dvp4uxbao5ucv2j","time":1609583107,"event":{"mods":["AchievementEnabler","Act Like it!","Aspiration","BaseMod","Beaked The Cultist","BetterRewards","DNKmod","DNKmod Update","Downfall","Friendly Minions","GifTheSpireLib","Hallownest","Hubris","Infinite Spire","Minty Spire (QoL Compilation)","Replay The Spire","StSLib","???Mod??????Boss"],"gold_per_floor":[10016,10028,9125,9140,9153,9187,8318,8383,8383,8409,8409,8409,8409,8419,8419,8523,8523,8536,8552,7529,7543,7543,7573,7573,7614,7614,7650,7696,7710,7721,7721,7721,7816,7916,7927,7977,7057,7037,7037,7037,7050,7050,7050,7067,7067,7086,7115,7193,7193,7193,7193,7193,6442,6472,6479],"floor_reached":56,"playtime":4367,"items_purged":["Defend_R","Strike_R","Strike_R","Amnesia","Strike_R","Defend_R"],"score":1590,"play_id":"a0d11515-fabd-410a-8190-46bdfb617639","local_time":"20210102112507","is_ascension_mode":true,"campfire_choices":[{"floor":12,"key":"RECALL"},{"data":"Armaments","floor":15,"key":"SMITH"},{"data":"expansioncontent:StudyTheSpire","floor":24,"key":"SMITH"},{"floor":32,"key":"REST"},{"data":"Armaments","floor":40,"key":"SMITH"},{"data":"ReplayUltimateDefense","floor":49,"key":"SMITH"},{"data":"expansioncontent:DecasProtection","floor":52,"key":"SMITH"}],"circlet_count":0,"master_deck":["Defend_R","Bash","Warcry","Armaments+1","Dropkick","Shrug It Off","Feel No Pain","expansioncontent:StudyTheSpire+1","Pommel Strike","Shrug It Off","Magnetism","Pommel Strike","Metamorphosis","expansioncontent:DecasProtection+1","Replay:SS_fish_1","ReplayTheSpireMod:Limb From Limb","Heavy Blade","Limit Break","Offering","hubris:ReadiedAction+1","Combust","ReplayReversal","Shrug It Off","expansioncontent:QuickStudy","expansioncontent:YouAreMine","ReplayTheSpireMod:Muscle Training","Inflame","Berserk","Turbo","ReplayTheSpireMod:Muscle Training","Bloodletting","Slimebound:CheckThePlaybook","Impervious","Heavy Blade","Pommel Strike+1","Rupture","Armaments+1","ReplayUltimateDefense+1","ReplayTheSpireMod:Chaos Vortex","Headbutt+1","Reprogram+1","White Noise","Flex+1","Shrug It Off+1","Mind Blast","ReplayTheSpireMod:Brewmster","Reaper","Reaper","Whirlwind","ReplayReversal","Hello World","Bloodletting+1"],"relics":["Burning Blood","Replay:Lucky Slots","aspiration:EmptySkull","hubris:SphereOfDissonance","Juzu Bracelet","ReplayTheSpireMod:ShopPack","Blood Vial","Bottled Flame","Regal Pillow","Replay:Rubber Ducky","NlothsMask","Ring of Searing","ReplayTheSpireMod:Ring of Exchange","Replay:Drink Me","aspiration:Nostalgia","Iron Core","Oddly Smooth Stone","infinitespire:PuzzleCube","MutagenicStrength","King of Hearts","aspiration:Stabinomicon","Bag of Preparation","Bag of Marbles","Replay:Wanted Poster","Replay:Kaleidoscope","Dream Catcher","hubris:Spice","aspiration:DefectSkillbook","Bronze Scales"],"acts_visited":["Exordium","TheCity","TheBeyond","TheEnding"],"potions_floor_usage":[6,6,16,27,33,33,54,55,55],"damage_taken":[{"damage":6,"enemies":"2 Louse","floor":1,"turns":3},{"damage":0,"enemies":"Cultist","floor":2,"turns":4},{"damage":4,"enemies":"Jaw Worm","floor":4,"turns":3},{"damage":22,"enemies":"Exordium Wildlife","floor":5,"turns":5},{"damage":33,"enemies":"Replay:BlueRogue","floor":6,"turns":4},{"damage":0,"enemies":"Gremlin Nob","floor":8,"turns":4},{"damage":6,"enemies":"Gremlin Nob","floor":10,"turns":4},{"damage":5,"enemies":"2 Fungi Beasts","floor":14,"turns":2},{"damage":24,"enemies":"Fading Forest","floor":16,"turns":11},{"damage":16,"enemies":"Spheric Guardian","floor":18,"turns":3},{"damage":16,"enemies":"3 Byrds","floor":19,"turns":5},{"damage":11,"enemies":"Snecko","floor":21,"turns":3},{"damage":30,"enemies":"Slavers","floor":23,"turns":4},{"damage":7,"enemies":"Book of Stabbing","floor":25,"turns":3},{"damage":36,"enemies":"Slavers","floor":27,"turns":5},{"damage":7,"enemies":"Snake Plant","floor":29,"turns":2},{"damage":2,"enemies":"Cultist and Chosen","floor":30,"turns":3},{"damage":22,"enemies":"hubris:MusketHawk","floor":33,"turns":4},{"damage":13,"enemies":"3 Shapes","floor":35,"turns":3},{"damage":15,"enemies":"Mind Bloom Boss Battle","floor":36,"turns":3},{"damage":6,"enemies":"Orb Walker","floor":41,"turns":2},{"damage":20,"enemies":"Transient","floor":44,"turns":5},{"damage":6,"enemies":"Sphere and 2 Shapes","floor":46,"turns":3},{"damage":16,"enemies":"Reptomancer","floor":47,"turns":3},{"damage":2,"enemies":"Replay:Hell Engine","floor":50,"turns":5},{"damage":20,"enemies":"Shield and Spear","floor":54,"turns":3},{"damage":24,"enemies":"The Heart","floor":55,"turns":4}],"seed_played":"6398849048478623151","potions_obtained":[{"floor":1,"key":"hexamod:EctoCoolerPotion"},{"floor":4,"key":"sneckomod:MuddlingPotion"},{"floor":5,"key":"BlessingOfTheForge"},{"floor":16,"key":"SpeedPotion"},{"floor":19,"key":"AttackPotion"},{"floor":21,"key":"sneckomod:MuddlingPotion"},{"floor":27,"key":"FairyPotion"},{"floor":30,"key":"SneckoOil"},{"floor":33,"key":"DistilledChaos"},{"floor":38,"key":"sneckomod:MuddlingPotion"},{"floor":47,"key":"Block Potion"}],"is_trial":false,"path_per_floor":["M","M","$","M","M","E","$","?","T","E","?","R","?","M","R","B",null,"M","M","$","M","?","E","R","E","T","E","T","M","M","?","R","B",null,"M","?","$","?","AVR","R","M","?","T","M","?","M","E","?","R","B",null,"R","$","E","B",null],"character_chosen":"IRONCLAD","items_purchased":["Replay:Lucky Slots","aspiration:EmptySkull","hubris:SphereOfDissonance","Shrug It Off","Feel No Pain","expansioncontent:StudyTheSpire","ReplayTheSpireMod:ShopPack","Blood Vial","Magnetism","Pommel Strike","Bottled Flame","aspiration:Nostalgia","Oddly Smooth Stone","infinitespire:PuzzleCube","Combust","ReplayReversal","Shrug It Off","expansioncontent:QuickStudy","expansioncontent:YouAreMine","Rupture","Armaments","ReplayUltimateDefense","Dream Catcher","hubris:Spice","Mind Blast","ReplayTheSpireMod:Brewmster","Reaper","Whirlwind","ReplayReversal","Hello World"],"campfire_rested":1,"item_purchase_floors":[3,3,3,3,3,3,7,7,7,7,7,20,20,20,20,20,20,20,20,37,37,37,37,37,53,53,53,53,53,53],"current_hp_per_floor":[120,120,120,120,104,77,77,88,88,90,93,93,96,99,99,93,90,80,72,72,69,72,50,50,51,51,23,26,27,33,5,47,33,76,71,67,75,78,78,78,80,83,91,79,82,84,76,55,55,61,83,83,83,71,73],"gold":6479,"neow_bonus":"THREE_CARDS","is_daily":false,"chose_seed":false,"campfire_upgraded":5,"win_rate":0.0,"timestamp":1609583107,"path_taken":["M","M","$","M","M","E","$","?","T","E","?","R","?","M","R","BOSS","M","M","$","M","?","E","R","E","T","E","?","M","M","?","R","BOSS","M","?","$","?","AVR","R","M","?","T","M","?","M","E","?","R","BOSS","R","$","E","BOSS"],"items_purchased_type":["Relic","Relic","Relic","Card","Card","Card","Relic","Relic","Card","Card","Relic","Relic","Relic","Relic","Card","Card","Card","Card","Card","Card","Card","Card","Relic","Relic","Card","Card","Card","Card","Card","Card"],"build_version":"2020-12-22","purchased_purges":6,"victory":true,"max_hp_per_floor":[120,120,120,120,120,120,120,120,120,120,120,120,120,120,120,120,90,90,90,90,90,90,90,90,90,90,90,90,90,90,90,90,90,90,90,90,98,98,98,98,98,98,106,106,106,106,98,90,90,90,90,90,90,90,90],"card_choices":[{"not_picked":["True Grit","Replay:Undeath\u0027s Touch"],"picked":"Warcry","floor":0},{"not_picked":["Warcry","Thunderclap"],"picked":"Armaments","floor":1},{"not_picked":["Sword Boomerang","Flex"],"picked":"Dropkick","floor":2},{"not_picked":["Defy Death","Sword Boomerang"],"picked":"Second Wind","floor":4},{"not_picked":["Spot Weakness","Heavy Blade"],"picked":"Pommel Strike","floor":5},{"not_picked":["Abandon","Sword Boomerang"],"picked":"Shrug It Off","floor":6},{"not_picked":["ReplayUltimateDefense","expansioncontent:StudyTheSpire"],"picked":"Metamorphosis","floor":7},{"not_picked":["Replay:Parry","Forethought"],"picked":"expansioncontent:DecasProtection","floor":7},{"not_picked":["Forethought","ReplayTheSpireMod:Uncanny Aura"],"picked":"Replay:SS_fish_1","floor":7},{"not_picked":["Run Through","Bloodletting"],"picked":"ReplayTheSpireMod:Limb From Limb","floor":8},{"not_picked":["Searing Blow","Replay:Undeath\u0027s Touch"],"picked":"Heavy Blade","floor":10},{"not_picked":["Dropkick","Massacre"],"picked":"Limit Break","floor":14},{"not_picked":["Berserk","Feed"],"picked":"Offering","floor":16},{"not_picked":["Body Slam+1","True Grit+1","Run Through"],"picked":"SKIP","floor":18},{"not_picked":["Flex+1","Sentinel"],"picked":"hubris:ReadiedAction+1","floor":19},{"not_picked":["Heavy Blade+1","Evolve+1"],"picked":"ReplayTheSpireMod:Muscle Training","floor":21},{"not_picked":["ReplayTheSpireMod:Strike From Hell","Clothesline"],"picked":"Inflame","floor":23},{"not_picked":["Perfected Strike","ReplayTheSpireMod:Stacked"],"picked":"Berserk","floor":25},{"not_picked":["Sword Boomerang","Uppercut"],"picked":"Turbo","floor":27},{"not_picked":["WeaponsOverheat","ReplayTheSpireMod:Repulse+1"],"picked":"ReplayTheSpireMod:Muscle Training","floor":29},{"not_picked":["Infernal Blade","Thunderclap"],"picked":"Bloodletting","floor":30},{"not_picked":["ReplayTheSpireMod:Omega Cannon","Firewall"],"picked":"Impervious","floor":33},{"not_picked":["Perfected Strike","Pummel"],"picked":"Heavy Blade","floor":35},{"not_picked":["Sword Boomerang","Rampage"],"picked":"Pommel Strike+1","floor":36},{"not_picked":["Cleave+1","Go for the Eyes+1","Streamline"],"picked":"Headbutt+1","floor":41},{"not_picked":["Glacier+1","ReplayTheSpireMod:Limb From Limb+1","Second Wind"],"picked":"Reprogram+1","floor":44},{"not_picked":["Shockwave","Body Slam","Iron Wave+1"],"picked":"White Noise","floor":46},{"not_picked":["Body Slam","Scrape+1","hubris:PowerSurge"],"picked":"Flex+1","floor":47},{"not_picked":["Perfected Strike+1","Compile Driver","Body Slam"],"picked":"Shrug It Off+1","floor":48},{"not_picked":["Gash","hubris:SpiceAddiction","hubris:SpiceAddiction"],"picked":"Bloodletting+1","floor":54}],"player_experience":121581,"relics_obtained":[{"floor":6,"key":"Juzu Bracelet"},{"floor":8,"key":"Regal Pillow"},{"floor":10,"key":"Replay:Rubber Ducky"},{"floor":13,"key":"Ring of Searing"},{"floor":13,"key":"ReplayTheSpireMod:Ring of Exchange"},{"floor":23,"key":"King of Hearts"},{"floor":25,"key":"aspiration:Stabinomicon"},{"floor":27,"key":"Bag of Preparation"},{"floor":28,"key":"Bag of Marbles"},{"floor":36,"key":"Replay:Kaleidoscope"},{"floor":43,"key":"hubris:Spice"},{"floor":47,"key":"hubris:Spice"},{"floor":48,"key":"hubris:Spice"}],"event_choices":[{"damage_healed":0,"gold_gain":30,"player_choice":"Searched \u00272\u0027 times","damage_taken":0,"max_hp_gain":0,"max_hp_loss":0,"event_name":"Dead Adventurer","floor":8,"gold_loss":0},{"damage_healed":0,"gold_gain":0,"player_choice":"Trade","damage_taken":0,"relics_obtained":["NlothsMask"],"max_hp_gain":0,"max_hp_loss":0,"event_name":"FaceTrader","floor":11,"gold_loss":0},{"damage_healed":0,"gold_gain":0,"player_choice":"Inject Mutagens","damage_taken":0,"relics_obtained":["MutagenicStrength"],"max_hp_gain":0,"max_hp_loss":0,"event_name":"Drug Dealer","floor":22,"gold_loss":0},{"damage_healed":0,"gold_gain":0,"player_choice":"Fight","damage_taken":0,"max_hp_gain":0,"max_hp_loss":0,"event_name":"MindBloom","floor":36,"gold_loss":0},{"damage_healed":0,"gold_gain":0,"player_choice":"Bought 1 Potion","damage_taken":0,"max_hp_gain":0,"max_hp_loss":0,"event_name":"The Woman in Blue","floor":38,"gold_loss":0},{"cards_removed":["Second Wind"],"damage_healed":0,"gold_gain":0,"player_choice":"Removed Skill","damage_taken":0,"max_hp_gain":0,"max_hp_loss":0,"event_name":"Falling","floor":42,"gold_loss":0}],"is_beta":false,"boss_relics":[{"not_picked":["aspiration:SilentSkillbook","Frozen Eye"],"picked":"Replay:Drink Me"},{"not_picked":["Black Star","DollysMirror"],"picked":"Replay:Wanted Poster"}],"items_purged_floors":[3,7,20,37,39,53],"is_endless":false,"potions_floor_spawned":[1,4,5,16,19,21,27,30,33,44,46,47],"ascension_level":8}}