{"host":"0tg1gncob7yth7j0","time":1609606392,"event":{"mods":["BaseMod","Best Route Mod","Block Reminder","Disable Question Mark Monsters","Gold Saver","Minty Spire (QoL Compilation)","SacredBarkPlus","StSLib","Transform Curses"],"gold_per_floor":[290,303,303,61,80,80,80,112,163,173,191,191,34,34,34,107,107,117,117,8,8,24,24,59,59,84,9,9,34,52,52,52,52,52],"floor_reached":33,"playtime":1714,"items_purged":["Strike_P"],"score":495,"play_id":"8864e2bf-fc72-4a64-be36-78a867e3489e","local_time":"20210102115312","is_ascension_mode":true,"campfire_choices":[{"data":"Eruption","floor":6.0,"key":"SMITH"},{"floor":12.0,"key":"REST"},{"data":"BattleHymn","floor":15,"key":"SMITH"},{"data":"Adaptation","floor":23,"key":"SMITH"},{"floor":25,"key":"REST"},{"floor":28,"key":"REST"},{"floor":32,"key":"REST"}],"circlet_count":0,"master_deck":["AscendersBane","Strike_P","Strike_P","Strike_P","Defend_P","Defend_P","Defend_P","Defend_P","Eruption+1","Vigilance","BattleHymn+1","DeusExMachina","Halt","Wallop+1","CutThroughFate","Halt","CutThroughFate","ClearTheMind+1","Establishment","SashWhip","Adaptation+1","Tantrum","Writhe","InnerPeace","Judgement","EmptyFist"],"relics":["PureWater","TeardropLocket","Darkstone Periapt","Potion Belt","Orrery","SacredBark","Lantern","Prayer Wheel","Toy Ornithopter","Mummified Hand"],"acts_visited":["Exordium","TheCity"],"potions_floor_usage":[22],"damage_taken":[{"damage":0.0,"enemies":"Cultist","floor":1.0,"turns":2.0},{"damage":0.0,"enemies":"Small Slimes","floor":2.0,"turns":2.0},{"damage":0.0,"enemies":"Jaw Worm","floor":5.0,"turns":5.0},{"damage":0.0,"enemies":"Blue Slaver","floor":7.0,"turns":1.0},{"damage":9.0,"enemies":"3 Sentries","floor":8.0,"turns":6.0},{"damage":14.0,"enemies":"3 Louse","floor":10.0,"turns":3.0},{"damage":2.0,"enemies":"Exordium Thugs","floor":11.0,"turns":3.0},{"damage":33,"enemies":"The Guardian","floor":16,"turns":10},{"damage":10,"enemies":"Spheric Guardian","floor":18,"turns":3},{"damage":0,"enemies":"3 Byrds","floor":22,"turns":2},{"damage":54,"enemies":"Slavers","floor":24,"turns":5},{"damage":33,"enemies":"Gremlin Leader","floor":29,"turns":6},{"damage":7,"enemies":"3 Cultists","floor":30,"turns":4},{"damage":52,"enemies":"Automaton","floor":33,"turns":6}],"seed_played":"8982786300362449866","potions_obtained":[{"floor":0.0,"key":"SmokeBomb"},{"floor":0.0,"key":"PowerPotion"},{"floor":5.0,"key":"BottledMiracle"},{"floor":8.0,"key":"Fruit Juice"},{"floor":16,"key":"LiquidBronze"},{"floor":18,"key":"Energy Potion"}],"is_trial":false,"path_per_floor":["M","M","?","$","M","R","M","E","T","M","M","R","$","?","R","B",null,"M","?","$","?","M","R","E","R","T","$","R","E","M","?","R","B"],"character_chosen":"WATCHER","items_purchased":["TeardropLocket","Orrery","Adaptation","Tantrum"],"campfire_rested":4,"item_purchase_floors":[4,13,20,20],"current_hp_per_floor":[61,61,57,57,57,57,57,53,53,39,37,58,58,58,58,25,61,51,51,51,57,57,57,3,26,26,26,49,16,9,9,32,0,0],"gold":52,"neow_bonus":"THREE_SMALL_POTIONS","is_daily":false,"chose_seed":false,"campfire_upgraded":3,"win_rate":0.0,"timestamp":1609606392,"path_taken":["M","M","?","$","M","R","M","E","T","M","?","R","$","?","R","BOSS","M","?","$","?","M","R","E","R","T","$","R","E","M","?","R","BOSS"],"items_purchased_type":["Relic","Relic","Card","Card"],"build_version":"2020-12-22","purchased_purges":1,"victory":false,"max_hp_per_floor":[68,68,68,68,68,68,68,73,73,73,73,73,73,73,73,73,73,73,73,73,79,79,79,79,79,79,79,79,79,79,79,79,79,79],"card_choices":[{"not_picked":["LikeWater","BowlingBash"],"picked":"BattleHymn","floor":1.0},{"not_picked":["FlurryOfBlows","WaveOfTheHand","TalkToTheHand"],"picked":"SKIP","floor":2.0},{"not_picked":["Collect","Worship","Study"],"picked":"SKIP","floor":5.0},{"not_picked":["JustLucky","Study"],"picked":"DeusExMachina","floor":8.0},{"not_picked":["FlyingSleeves","JustLucky","FlurryOfBlows"],"picked":"SKIP","floor":10.0},{"not_picked":["JustLucky","Crescendo"],"picked":"Halt","floor":11.0},{"not_picked":["Consecrate","SpiritShield"],"picked":"Wallop","floor":13},{"not_picked":["FollowUp","Devotion"],"picked":"CutThroughFate","floor":13},{"not_picked":["Perseverance","EmptyBody"],"picked":"Halt","floor":13},{"not_picked":["LikeWater","FlyingSleeves"],"picked":"CutThroughFate","floor":13},{"not_picked":["EmptyFist","FearNoEvil"],"picked":"ClearTheMind","floor":13},{"not_picked":["Blasphemy","Alpha"],"picked":"Establishment","floor":16},{"not_picked":["Consecrate","Halt"],"picked":"SashWhip","floor":18},{"not_picked":["CrushJoints","WheelKick","CutThroughFate"],"picked":"SKIP","floor":22},{"not_picked":["Weave","Halt"],"picked":"InnerPeace","floor":24},{"not_picked":["CutThroughFate","Omniscience"],"picked":"Judgement","floor":29},{"not_picked":["BowlingBash","JustLucky"],"picked":"EmptyFist","floor":30},{"not_picked":["WaveOfTheHand","FlurryOfBlows+1","EmptyMind"],"picked":"SKIP","floor":30}],"player_experience":3620512,"relics_obtained":[{"floor":8.0,"key":"Darkstone Periapt"},{"floor":9.0,"key":"Potion Belt"},{"floor":24,"key":"Prayer Wheel"},{"floor":26,"key":"Toy Ornithopter"},{"floor":29,"key":"Mummified Hand"}],"event_choices":[{"damage_healed":0.0,"max_hp_gain":0.0,"max_hp_loss":0.0,"gold_gain":0.0,"event_name":"The Woman in Blue","player_choice":"Bought 0 Potions","floor":3.0,"gold_loss":0.0,"damage_taken":0.0},{"damage_healed":0,"gold_gain":0,"player_choice":"Grow","damage_taken":0,"max_hp_gain":0,"max_hp_loss":0,"event_name":"Living Wall","floor":14,"gold_loss":0,"cards_upgraded":["ClearTheMind"]},{"damage_healed":0,"gold_gain":0,"player_choice":"Ignored","damage_taken":0,"max_hp_gain":0,"max_hp_loss":0,"event_name":"Ghosts","floor":19,"gold_loss":0},{"damage_healed":0,"gold_gain":0,"player_choice":"Opened","damage_taken":0,"relics_obtained":["Lantern"],"max_hp_gain":0,"max_hp_loss":0,"event_name":"The Mausoleum","floor":21,"gold_loss":0,"cards_obtained":["Writhe"]},{"damage_healed":0,"gold_gain":0,"player_choice":"Upgraded","damage_taken":0,"max_hp_gain":0,"max_hp_loss":0,"event_name":"Upgrade Shrine","floor":31,"gold_loss":0,"cards_upgraded":["Wallop"]}],"is_beta":false,"boss_relics":[{"not_picked":["HolyWater","Runic Pyramid"],"picked":"SacredBark"}],"items_purged_floors":[27],"is_endless":false,"potions_floor_spawned":[5,7,8,16,18,22],"killed_by":"Automaton","ascension_level":15}}