{"host":"na09lpbrez4gbfiz","time":1609550612,"event":{"mods":["Act Like it!","BaseMod","BetterRewards","Colored Map","Colored Powertips","DeckTracker","Googly Eyes","Highlight Path","Minty Spire (QoL Compilation)","Quick Restart","Spicy Shops","StSLib","SuperFastMode","Synergy Search"],"gold_per_floor":[119,139,139,158,158,158,193,193,193,211,211,245,245,265,265,366,366,384,403,403,69,82,116,116,116,170,170,186,186,216,235,235,330,330,348,348,348,374,374,374,429,429,429],"floor_reached":42,"playtime":1056,"items_purged":["Strike_R","Defend_R","Normality"],"score":981,"play_id":"40c38415-24c1-41f6-80a4-b1619a948e12","local_time":"20210102022332","is_ascension_mode":true,"campfire_choices":[{"data":"Rage","floor":6,"key":"SMITH"},{"data":"Sword Boomerang","floor":8,"key":"SMITH"},{"data":"True Grit","floor":15,"key":"SMITH"},{"floor":24,"key":"REST"},{"data":"Demon Form","floor":29,"key":"SMITH"},{"floor":32,"key":"REST"},{"data":"Limit Break","floor":40,"key":"SMITH"}],"circlet_count":0,"master_deck":["AscendersBane","Strike_R","Strike_R","Strike_R","Strike_R","Defend_R","Defend_R","Defend_R","Bash","Rage+1","Shrug It Off+1","Sword Boomerang+1","Pain","True Grit+1","Demon Form+1","Ghostly Armor+1","Heavy Blade","Second Wind+1","Sword Boomerang+1","Whirlwind+1","Limit Break+1","Metallicize","Madness","Madness"],"relics":["Burning Blood","Brimstone","Vajra","Dream Catcher","Pear","Blood Vial","Unceasing Top","WarpedTongs","Philosopher\u0027s Stone","Medical Kit","War Paint","Molten Egg 2","Toy Ornithopter","Strawberry","Busted Crown","Regal Pillow","StoneCalendar"],"acts_visited":["Exordium","TheCity","TheBeyond"],"potions_floor_usage":[7,23,31,41],"damage_taken":[{"damage":0,"enemies":"Small Slimes","floor":1,"turns":3},{"damage":8,"enemies":"Cultist","floor":2,"turns":3},{"damage":0,"enemies":"2 Louse","floor":4,"turns":2},{"damage":7,"enemies":"Lagavulin","floor":7,"turns":4},{"damage":6,"enemies":"Large Slime","floor":10,"turns":4},{"damage":28,"enemies":"3 Sentries","floor":12,"turns":5},{"damage":9,"enemies":"Lots of Slimes","floor":14,"turns":4},{"damage":32,"enemies":"Hexaghost","floor":16,"turns":6},{"damage":4,"enemies":"Spheric Guardian","floor":18,"turns":3},{"damage":11,"enemies":"Shell Parasite","floor":19,"turns":3},{"damage":19,"enemies":"Centurion and Healer","floor":22,"turns":4},{"damage":62,"enemies":"Gremlin Leader","floor":23,"turns":5},{"damage":16,"enemies":"3 Cultists","floor":28,"turns":4},{"damage":26,"enemies":"Slavers","floor":30,"turns":4},{"damage":14,"enemies":"Snecko","floor":31,"turns":3},{"damage":38,"enemies":"Champ","floor":33,"turns":7},{"damage":4,"enemies":"3 Shapes","floor":35,"turns":5},{"damage":35,"enemies":"2 Orb Walkers","floor":41,"turns":4},{"damage":56,"enemies":"3 Darklings","floor":42,"turns":2}],"seed_played":"4315240347508564274","potions_obtained":[{"floor":1,"key":"Ancient Potion"},{"floor":2,"key":"AttackPotion"},{"floor":16,"key":"Regen Potion"},{"floor":18,"key":"Strength Potion"},{"floor":28,"key":"SmokeBomb"},{"floor":35,"key":"Weak Potion"}],"is_trial":false,"path_per_floor":["M","M","?","M","?","R","E","R","T","M","?","E","?","M","R","B",null,"M","M","?","$","M","E","R","$","T","?","M","R","E","M","R","B",null,"M","?","?","T","?","R","?","M"],"character_chosen":"IRONCLAD","items_purchased":["Brimstone","Rage","Medical Kit","War Paint"],"campfire_rested":2,"item_purchase_floors":[0,0,21,21],"current_hp_per_floor":[61,59,59,65,65,65,64,64,74,74,71,51,51,50,50,26,74,78,75,75,75,64,24,51,51,51,51,43,43,32,31,60,30,80,84,84,72,72,72,72,50,0,0],"gold":429,"neow_bonus":"","is_daily":false,"chose_seed":false,"campfire_upgraded":5,"win_rate":0.0,"timestamp":1609550612,"path_taken":["M","M","?","M","?","R","E","R","T","?","?","E","?","M","R","BOSS","M","?","?","$","?","E","R","$","T","?","M","R","E","M","R","BOSS","M","?","?","?","?","R","?","M"],"items_purchased_type":["Relic","Card","Relic","Relic"],"build_version":"2020-12-22","purchased_purges":3,"victory":false,"max_hp_per_floor":[80,80,80,80,80,80,80,80,90,90,90,90,90,90,90,90,90,90,90,90,90,90,90,90,90,90,90,90,90,97,97,97,97,97,97,97,97,97,97,97,97,97,97],"card_choices":[{"not_picked":["Combust","Blood for Blood","Clash"],"picked":"SKIP","floor":1},{"not_picked":["Clash","Body Slam","Armaments"],"picked":"SKIP","floor":2},{"not_picked":["Intimidate","Power Through"],"picked":"Shrug It Off","floor":4},{"not_picked":["Shockwave","Thunderclap"],"picked":"Sword Boomerang","floor":7},{"not_picked":["Clothesline","Juggernaut","Headbutt"],"picked":"SKIP","floor":10},{"not_picked":["Bludgeon","Intimidate","Twin Strike"],"picked":"SKIP","floor":12},{"not_picked":["Burning Pact","Intimidate"],"picked":"True Grit","floor":14},{"not_picked":["Double Tap","Offering"],"picked":"Demon Form","floor":16},{"not_picked":["Evolve+1","Power Through"],"picked":"Ghostly Armor+1","floor":18},{"not_picked":["Thunderclap","Iron Wave"],"picked":"Heavy Blade","floor":19},{"not_picked":["Flex","Body Slam","Sword Boomerang"],"picked":"SKIP","floor":22},{"not_picked":["Blood for Blood+1","Barricade","Battle Trance"],"picked":"SKIP","floor":23},{"not_picked":["Inflame","Anger+1"],"picked":"Sword Boomerang+1","floor":24},{"not_picked":["Flex","Evolve","Entrench"],"picked":"SKIP","floor":28},{"not_picked":["Seeing Red","Armaments+1"],"picked":"Whirlwind+1","floor":30},{"not_picked":["Havoc","Dual Wield+1","Body Slam+1"],"picked":"SKIP","floor":31},{"not_picked":["Demon Form","Berserk"],"picked":"Limit Break","floor":33},{"not_picked":[],"picked":"Metallicize","floor":35}],"player_experience":258494,"relics_obtained":[{"floor":7,"key":"Dream Catcher"},{"floor":9,"key":"Pear"},{"floor":12,"key":"Unceasing Top"},{"floor":23,"key":"Molten Egg 2"},{"floor":26,"key":"Toy Ornithopter"},{"floor":30,"key":"Strawberry"},{"floor":38,"key":"Regal Pillow"},{"floor":41,"key":"StoneCalendar"}],"event_choices":[{"damage_healed":0,"gold_gain":0,"player_choice":"Box","damage_taken":0,"relics_obtained":["Vajra"],"max_hp_gain":0,"max_hp_loss":0,"event_name":"Big Fish","floor":3,"gold_loss":0,"cards_obtained":["Regret"]},{"cards_removed":["Regret"],"damage_healed":0,"gold_gain":0,"player_choice":"Removed Curses","damage_taken":0,"max_hp_gain":0,"max_hp_loss":0,"event_name":"Fountain of Cleansing","floor":5,"gold_loss":0},{"damage_healed":0,"gold_gain":0,"player_choice":"Success","damage_taken":3,"relics_obtained":["Blood Vial"],"max_hp_gain":0,"max_hp_loss":0,"event_name":"Scrap Ooze","floor":11,"gold_loss":0},{"damage_healed":0,"gold_gain":0,"player_choice":"Rummage","damage_taken":0,"relics_obtained":["WarpedTongs"],"max_hp_gain":0,"max_hp_loss":0,"event_name":"Accursed Blacksmith","floor":13,"gold_loss":0,"cards_obtained":["Pain"]},{"damage_healed":0,"gold_gain":0,"cards_transformed":["Dark Embrace"],"player_choice":"Transformed","damage_taken":0,"max_hp_gain":0,"max_hp_loss":0,"event_name":"Transmorgrifier","floor":20,"gold_loss":0,"cards_obtained":["Second Wind"]},{"damage_healed":0,"gold_gain":0,"player_choice":"Ignored","damage_taken":0,"max_hp_gain":0,"max_hp_loss":0,"event_name":"Cursed Tome","floor":27,"gold_loss":0},{"damage_healed":0,"gold_gain":0,"player_choice":"Ignored","damage_taken":0,"max_hp_gain":0,"max_hp_loss":0,"event_name":"Tomb of Lord Red Mask","floor":36,"gold_loss":0},{"damage_healed":0,"gold_gain":0,"player_choice":"Embrace Madness","damage_taken":12,"max_hp_gain":0,"max_hp_loss":0,"event_name":"Winding Halls","floor":37,"gold_loss":0,"cards_obtained":["Madness","Madness"]},{"damage_healed":0,"gold_gain":0,"player_choice":"Memory 1","damage_taken":0,"max_hp_gain":0,"max_hp_loss":0,"event_name":"SensoryStone","floor":39,"gold_loss":0},{"damage_healed":0,"gold_gain":0,"player_choice":"Fight","damage_taken":0,"max_hp_gain":0,"max_hp_loss":0,"event_name":"Mysterious Sphere","floor":41,"gold_loss":0}],"is_beta":false,"boss_relics":[{"not_picked":["Snecko Eye","Pandora\u0027s Box"],"picked":"Philosopher\u0027s Stone"},{"not_picked":["Velvet Choker","Astrolabe"],"picked":"Busted Crown"}],"items_purged_floors":[0,0,21],"is_endless":false,"potions_floor_spawned":[1,2,16,18,28,31,35],"killed_by":"3 Darklings","ascension_level":11}}