{"host":"lxgv1wbl12oya7hr","time":1609616849,"event":{"mods":["BaseMod","Minty Spire (QoL Compilation)","Permanent Neow","StSLib"],"gold_per_floor":[360,377,377,377,302,302,320,320,320,320,340,373,388,9,9,114,114,124,124,124,424,16,41,41,68,122,22,122,154,154,171,171,268,268,287,300,350,350,366,366,35,61,61],"floor_reached":42,"playtime":3070,"items_purged":["Parasite","Defend_R"],"score":555,"play_id":"844a8254-ee97-44bf-8e02-70199502a912","local_time":"20210102114729","is_ascension_mode":true,"campfire_choices":[{"data":"Bash","floor":6.0,"key":"SMITH"},{"data":"Strike_R","floor":8.0,"key":"SMITH"},{"data":"Strike_R","floor":10.0,"key":"SMITH"},{"data":"Offering","floor":15.0,"key":"SMITH"},{"floor":24.0,"key":"RECALL"},{"floor":32.0,"key":"REST"},{"floor":40,"key":"REST"}],"circlet_count":0,"master_deck":["Strike_R","Strike_R","Strike_R","Strike_R+1","Strike_R+1","Defend_R","Defend_R","Bash+1","Clash+1","Carnage+1","Thunderclap","Cleave","Offering+1","Corruption+1","Pommel Strike","RitualDagger","Metamorphosis","Sword Boomerang+1","Rampage","Ghostly Armor","Sever Soul","Brutality","Pommel Strike","Rupture+1","Pommel Strike","Metamorphosis"],"relics":["Burning Blood","Incense Burner","Self Forming Clay","Paper Frog","Fusion Hammer","Old Coin","Kunai","Boot","Happy Flower","Calipers","Darkstone Periapt","Omamori","Busted Crown","Unceasing Top","Sling","Bottled Flame"],"acts_visited":["Exordium","TheCity","TheBeyond"],"potions_floor_usage":[],"damage_taken":[{"damage":1.0,"enemies":"Cultist","floor":1.0,"turns":3.0},{"damage":8.0,"enemies":"2 Louse","floor":2.0,"turns":2.0},{"damage":0.0,"enemies":"Small Slimes","floor":7.0,"turns":2.0},{"damage":4.0,"enemies":"Gremlin Gang","floor":11.0,"turns":2.0},{"damage":0.0,"enemies":"Gremlin Nob","floor":12.0,"turns":3.0},{"damage":1.0,"enemies":"Blue Slaver","floor":13.0,"turns":2.0},{"damage":24.0,"enemies":"The Guardian","floor":16.0,"turns":8.0},{"damage":0.0,"enemies":"Chosen","floor":18.0,"turns":2.0},{"damage":36.0,"enemies":"Gremlin Leader","floor":23.0,"turns":5.0},{"damage":10.0,"enemies":"Book of Stabbing","floor":25.0,"turns":4.0},{"damage":9.0,"enemies":"Colosseum Slavers","floor":28.0,"turns":2.0},{"damage":7.0,"enemies":"Colosseum Nobs","floor":28.0,"turns":3.0},{"damage":8.0,"enemies":"Slavers","floor":29.0,"turns":4.0},{"damage":16.0,"enemies":"3 Byrds","floor":31.0,"turns":2.0},{"damage":13,"enemies":"Collector","floor":33,"turns":6},{"damage":17,"enemies":"3 Darklings","floor":35,"turns":4},{"damage":0,"enemies":"Orb Walker","floor":36,"turns":2},{"damage":8,"enemies":"Mind Bloom Boss Battle","floor":37,"turns":4},{"damage":4,"enemies":"Sphere and 2 Shapes","floor":39,"turns":3},{"damage":26,"enemies":"Nemesis","floor":42,"turns":3}],"seed_played":"2210578567299086670","potions_obtained":[{"floor":1.0,"key":"Explosive Potion"},{"floor":11.0,"key":"Block Potion"},{"floor":12.0,"key":"Energy Potion"},{"floor":13.0,"key":"Swift Potion"},{"floor":23.0,"key":"BlessingOfTheForge"},{"floor":29.0,"key":"ColorlessPotion"},{"floor":33,"key":"Fire Potion"},{"floor":35,"key":"SteroidPotion"},{"floor":37,"key":"Fire Potion"}],"is_trial":false,"path_per_floor":["M","M","?","?","$","R","M","R","T","R","M","E","M","$","R","B",null,"M","?","?","?","$","E","R","E","T","$","?","E","?","M","R","B",null,"M","M","?","?","M","R","$","E"],"character_chosen":"IRONCLAD","items_purchased":["Paper Frog","Offering","Metamorphosis","Kunai","Metamorphosis","Sling"],"campfire_rested":2,"item_purchase_floors":[14,14,22,22,41,41],"current_hp_per_floor":[80,78,78,78,77,77,77,77,77,77,77,77,77,77,77,59,77,77,71,57,57,57,27,27,23,23,23,19,17,17,7,31,24,82,71,77,75,75,77,82,82,62,62],"gold":61,"neow_bonus":"TWO_FIFTY_GOLD","is_daily":false,"chose_seed":false,"campfire_upgraded":4,"win_rate":0.0,"timestamp":1609616849,"path_taken":["M","?","?","?","$","R","M","R","T","R","?","E","M","$","R","BOSS","M","?","?","?","$","E","R","E","T","$","?","E","?","M","R","BOSS","M","?","?","?","M","R","$","E"],"items_purchased_type":["Relic","Card","Card","Relic","Card","Relic"],"build_version":"2020-12-22","purchased_purges":2,"victory":false,"max_hp_per_floor":[80,80,80,80,77,77,77,77,77,77,77,77,77,77,77,77,77,77,77,82,82,82,82,82,82,82,82,82,82,82,82,82,82,82,82,82,82,82,82,82,82,82,82],"card_choices":[{"not_picked":["True Grit","Havoc"],"picked":"Clash","floor":1.0},{"not_picked":["Shrug It Off","Second Wind"],"picked":"Carnage","floor":2.0},{"not_picked":["Headbutt","Rage","Metallicize"],"picked":"SKIP","floor":7.0},{"not_picked":["Warcry","Infernal Blade"],"picked":"Thunderclap","floor":11.0},{"not_picked":["Feel No Pain","Armaments","Reckless Charge"],"picked":"SKIP","floor":12.0},{"not_picked":["Body Slam","Second Wind"],"picked":"Cleave","floor":13.0},{"not_picked":["Limit Break","Reaper"],"picked":"Corruption","floor":16.0},{"not_picked":["Armaments","Sentinel+1"],"picked":"Pommel Strike","floor":18.0},{"not_picked":["Shrug It Off","Iron Wave"],"picked":"Sword Boomerang+1","floor":23.0},{"not_picked":["Ghostly Armor","Iron Wave"],"picked":"Rampage","floor":25.0},{"not_picked":["Clothesline","Iron Wave"],"picked":"Ghostly Armor","floor":28.0},{"not_picked":["Pummel","Cleave"],"picked":"Sever Soul","floor":29.0},{"not_picked":["Clothesline","Rage"],"picked":"Pommel Strike","floor":31.0},{"not_picked":[],"picked":"Rupture+1","floor":35},{"not_picked":[],"picked":"Pommel Strike","floor":36},{"not_picked":["Anger"],"picked":"SKIP","floor":39}],"player_experience":2228223,"relics_obtained":[{"floor":9.0,"key":"Incense Burner"},{"floor":12.0,"key":"Self Forming Clay"},{"floor":23.0,"key":"Boot"},{"floor":25.0,"key":"Happy Flower"},{"floor":28.0,"key":"Calipers"},{"floor":28.0,"key":"Darkstone Periapt"},{"floor":29.0,"key":"Omamori"},{"floor":37,"key":"Unceasing Top"},{"floor":42,"key":"Bottled Flame"}],"event_choices":[{"damage_healed":0.0,"max_hp_gain":0.0,"max_hp_loss":0.0,"gold_gain":0.0,"event_name":"Living Wall","player_choice":"Grow","floor":3.0,"gold_loss":0.0,"damage_taken":0.0,"cards_upgraded":["Carnage"]},{"damage_healed":0.0,"max_hp_gain":0.0,"max_hp_loss":0.0,"gold_gain":0.0,"event_name":"Upgrade Shrine","player_choice":"Upgraded","floor":4.0,"gold_loss":0.0,"damage_taken":0.0,"cards_upgraded":["Clash"]},{"damage_healed":0.0,"max_hp_gain":0.0,"max_hp_loss":0.0,"gold_gain":0.0,"event_name":"Nest","player_choice":"Joined the Cult","floor":19.0,"gold_loss":0.0,"damage_taken":6.0,"cards_obtained":["RitualDagger"]},{"damage_healed":0.0,"max_hp_gain":5.0,"max_hp_loss":0.0,"gold_gain":0.0,"event_name":"Forgotten Altar","player_choice":"Shed Blood","floor":20.0,"gold_loss":0.0,"damage_taken":19.0},{"damage_healed":0.0,"max_hp_gain":0.0,"max_hp_loss":0.0,"gold_gain":0.0,"event_name":"The Mausoleum","player_choice":"Opened","floor":21.0,"gold_loss":0.0,"damage_taken":0.0,"relics_obtained":["Old Coin"]},{"damage_healed":0.0,"max_hp_gain":0.0,"max_hp_loss":0.0,"gold_gain":0.0,"event_name":"Colosseum","player_choice":"Fight","floor":28.0,"gold_loss":0.0,"damage_taken":0.0},{"damage_healed":0.0,"max_hp_gain":0.0,"max_hp_loss":0.0,"gold_gain":0.0,"event_name":"Colosseum","player_choice":"Fought Nobs","floor":28.0,"gold_loss":0.0,"damage_taken":0.0},{"damage_healed":0.0,"max_hp_gain":0.0,"max_hp_loss":0.0,"gold_gain":0.0,"cards_transformed":["Defend_R"],"event_name":"Transmorgrifier","player_choice":"Transformed","floor":30.0,"gold_loss":0.0,"damage_taken":0.0,"cards_obtained":["Brutality"]},{"damage_healed":0,"gold_gain":0,"player_choice":"Fight","damage_taken":0,"max_hp_gain":0,"max_hp_loss":0,"event_name":"MindBloom","floor":37,"gold_loss":0},{"damage_healed":0,"gold_gain":0,"player_choice":"Upgraded","damage_taken":0,"max_hp_gain":0,"max_hp_loss":0,"event_name":"Upgrade Shrine","floor":38,"gold_loss":0,"cards_upgraded":["Corruption"]}],"is_beta":false,"boss_relics":[{"not_picked":["Snecko Eye","Calling Bell"],"picked":"Fusion Hammer"},{"not_picked":["Cursed Key","SlaversCollar"],"picked":"Busted Crown"}],"items_purged_floors":[5,27],"is_endless":false,"potions_floor_spawned":[1,11,12,13,23,28,29,33,35,37,39,42],"killed_by":"Nemesis","ascension_level":1}}