{"host":"uv231blk40vjdojr","time":1609596421,"event":{"mods":["BaseMod","Minty Spire (QoL Compilation)","Relic Stats"],"gold_per_floor":[117,42,42,58,5,32,50,114,161,161,126,154,154,154,154,230,230,249,276,276,8,26,51,51,65,65,65,95,115,115,115,115],"floor_reached":31,"playtime":1115,"items_purged":["Doubt"],"score":608,"play_id":"08a9f2c8-2a52-4e0e-8e88-097113551f8f","local_time":"20210102150701","is_ascension_mode":true,"campfire_choices":[{"floor":10.0,"key":"REST"},{"data":"Eruption","floor":13.0,"key":"SMITH"},{"data":"Ragnarok","floor":15.0,"key":"SMITH"},{"data":"Vigilance","floor":24,"key":"SMITH"},{"floor":27,"key":"REST"}],"circlet_count":0,"master_deck":["AscendersBane","Strike_P","Strike_P","Strike_P","Defend_P","Defend_P+1","Defend_P+1","Defend_P","Eruption+1","Vigilance+1","Ragnarok+1","Vengeance","BowlingBash","EmptyFist","FollowUp","Wallop+1","DevaForm","EmptyFist+1","Halt","CutThroughFate","Fasting2+1"],"relics":["PureWater","Tiny Chest","Potion Belt","War Paint","Regal Pillow","Runic Dome","Boot","Ancient Tea Set","Thread and Needle","Shuriken","Pen Nib","White Beast Statue"],"acts_visited":["Exordium","TheCity"],"potions_floor_usage":[23,25,31],"damage_taken":[{"damage":8.0,"enemies":"Small Slimes","floor":1.0,"turns":3.0},{"damage":0.0,"enemies":"Jaw Worm","floor":4.0,"turns":3.0},{"damage":22.0,"enemies":"Lagavulin","floor":6.0,"turns":7.0},{"damage":5.0,"enemies":"2 Louse","floor":7.0,"turns":3.0},{"damage":0.0,"enemies":"3 Sentries","floor":8.0,"turns":2.0},{"damage":19.0,"enemies":"3 Sentries","floor":12.0,"turns":5.0},{"damage":19.0,"enemies":"The Guardian","floor":16.0,"turns":8.0},{"damage":12.0,"enemies":"3 Byrds","floor":18.0,"turns":4.0},{"damage":0.0,"enemies":"Spheric Guardian","floor":22.0,"turns":1.0},{"damage":11,"enemies":"Book of Stabbing","floor":23,"turns":3},{"damage":40,"enemies":"Snake Plant","floor":25,"turns":4},{"damage":0,"enemies":"Gremlin Leader","floor":28,"turns":3},{"damage":23,"enemies":"Sentry and Sphere","floor":29,"turns":6},{"damage":17,"enemies":"3 Cultists","floor":31,"turns":3}],"seed_played":"647861653093493150","potions_obtained":[{"floor":4.0,"key":"Ambrosia"},{"floor":7.0,"key":"LiquidBronze"},{"floor":20.0,"key":"GamblersBrew"},{"floor":20.0,"key":"SteroidPotion"},{"floor":22.0,"key":"Regen Potion"},{"floor":25,"key":"GamblersBrew"}],"is_trial":false,"path_per_floor":["M","$","?","M","$","E","M","?","T","R","?","E","R","?","R","B",null,"M","T","?","$","M","E","R","M","T","R","E","M","T","M"],"character_chosen":"WATCHER","items_purchased":["Energy Potion","Ancient Tea Set","Halt","CutThroughFate"],"campfire_rested":2,"item_purchase_floors":[5,21,21,21],"current_hp_per_floor":[53,53,46,46,46,24,19,19,19,39,56,37,37,37,37,18,56,44,44,44,44,44,33,33,5,5,40,40,17,17,0,0],"gold":115,"neow_bonus":"THREE_RARE_CARDS","is_daily":false,"chose_seed":false,"campfire_upgraded":3,"win_rate":0.0,"timestamp":1609596421,"path_taken":["M","$","?","M","$","E","M","?","T","R","?","E","R","?","R","BOSS","M","?","?","$","?","E","R","?","T","R","E","M","?","M"],"items_purchased_type":["Potion","Relic","Card","Card"],"build_version":"2020-12-22","purchased_purges":1,"victory":false,"max_hp_per_floor":[68,68,68,68,68,68,68,68,68,68,68,68,68,68,68,68,68,68,68,68,68,68,68,68,68,68,68,68,68,68,68,68],"relic_stats":{"Regal Pillow":15,"counters":[14,55],"Shuriken":[3],"Tiny Chest":2,"Pen Nib":[1],"War Paint":["Defend_P","Defend_P"],"Boot":[8],"obtain_stats":[{"Potion Belt":8,"Runic Dome":17,"Regal Pillow":12,"Shuriken":26,"Tiny Chest":6,"Thread and Needle":23,"Pen Nib":28,"PureWater":0,"War Paint":9,"Boot":19,"Ancient Tea Set":21,"White Beast Statue":30},{"Potion Belt":5,"Runic Dome":7,"Regal Pillow":6,"Shuriken":11,"Tiny Chest":3,"Thread and Needle":10,"Pen Nib":12,"PureWater":0,"War Paint":5,"Boot":8,"Ancient Tea Set":8,"White Beast Statue":13},{"Potion Belt":18,"Runic Dome":31,"Regal Pillow":23,"Shuriken":43,"Tiny Chest":13,"Thread and Needle":39,"Pen Nib":46,"PureWater":0,"War Paint":18,"Boot":35,"Ancient Tea Set":35,"White Beast Statue":52}]},"card_choices":[{"not_picked":["Establishment","Vault"],"picked":"Ragnarok","floor":0.0},{"not_picked":["Protect","WreathOfFlame"],"picked":"Vengeance","floor":1.0},{"not_picked":["PathToVictory","WreathOfFlame"],"picked":"BowlingBash","floor":4.0},{"not_picked":["Pray","ForeignInfluence","Crescendo"],"picked":"SKIP","floor":6.0},{"not_picked":["JustLucky","Blasphemy"],"picked":"EmptyFist","floor":7.0},{"not_picked":["ClearTheMind","CrushJoints"],"picked":"FollowUp","floor":8.0},{"not_picked":["Conclude","Perseverance"],"picked":"Wallop","floor":12.0},{"not_picked":["Wish","Ragnarok"],"picked":"DevaForm","floor":16.0},{"not_picked":["CrushJoints","FlyingSleeves"],"picked":"EmptyFist+1","floor":18.0},{"not_picked":["Halt","Protect","Swivel"],"picked":"SKIP","floor":22.0},{"not_picked":["Consecrate","Devotion"],"picked":"Fasting2+1","floor":23},{"not_picked":["WindmillStrike","EmptyBody","ThirdEye+1"],"picked":"SKIP","floor":25},{"not_picked":["FlyingSleeves","SashWhip+1","Fasting2"],"picked":"SKIP","floor":28},{"not_picked":["Prostrate","FlyingSleeves","Consecrate"],"picked":"SKIP","floor":29}],"player_experience":555294,"relics_obtained":[{"floor":6.0,"key":"Tiny Chest"},{"floor":8.0,"key":"Potion Belt"},{"floor":9.0,"key":"War Paint"},{"floor":12.0,"key":"Regal Pillow"},{"floor":19.0,"key":"Boot"},{"floor":23,"key":"Thread and Needle"},{"floor":26,"key":"Shuriken"},{"floor":28,"key":"Pen Nib"},{"floor":30,"key":"White Beast Statue"}],"event_choices":[{"cards_removed":["Strike_P"],"damage_healed":0.0,"max_hp_gain":0.0,"max_hp_loss":0.0,"gold_gain":0.0,"event_name":"Golden Wing","player_choice":"Card Removal","floor":3.0,"gold_loss":0.0,"damage_taken":7.0},{"damage_healed":0.0,"max_hp_gain":0.0,"max_hp_loss":0.0,"gold_gain":0.0,"event_name":"Dead Adventurer","player_choice":"Searched \u00272\u0027 times","floor":8.0,"gold_loss":0.0,"damage_taken":0.0},{"damage_healed":17.0,"max_hp_gain":0.0,"max_hp_loss":0.0,"gold_gain":0.0,"event_name":"The Cleric","player_choice":"Healed","floor":11.0,"gold_loss":35.0,"damage_taken":0.0},{"damage_healed":0.0,"max_hp_gain":0.0,"max_hp_loss":0.0,"gold_gain":0.0,"event_name":"Living Wall","player_choice":"Grow","floor":14.0,"gold_loss":0.0,"damage_taken":0.0,"cards_upgraded":["Wallop"]},{"damage_healed":0.0,"max_hp_gain":0.0,"max_hp_loss":0.0,"gold_gain":0.0,"event_name":"Lab","player_choice":"Got Potions","floor":20.0,"gold_loss":0.0,"damage_taken":0.0}],"is_beta":false,"boss_relics":[{"not_picked":["Coffee Dripper","Black Star"],"picked":"Runic Dome"}],"items_purged_floors":[2],"is_endless":false,"potions_floor_spawned":[4,7,22,25],"killed_by":"3 Cultists","ascension_level":20}}