{"host":"nqsrckqog5ia9mbo","time":1609588618,"event":{"mods":["AchievementEnabler","BaseMod","Colored Map","Highlight Path","Minty Spire (QoL Compilation)"],"gold_per_floor":[115,133,133,61,11,11,49,49,49,83,98,112,112,112,112,241,241,259,272,272,291,39,39,39],"floor_reached":23,"playtime":1766,"items_purged":[],"score":199,"play_id":"a6478e96-15ad-404a-9493-f85fc432f640","local_time":"20210102125658","is_ascension_mode":false,"campfire_choices":[{"data":"Rip and Tear","floor":6,"key":"SMITH"},{"data":"Sweeping Beam","floor":8,"key":"SMITH"},{"data":"Go for the Eyes","floor":13,"key":"SMITH"},{"data":"Zap","floor":15,"key":"SMITH"}],"circlet_count":0,"master_deck":["Defend_B","Defend_B","Defend_B","Defend_B","Zap+1","Dualcast","Hologram","Rip and Tear+1","Sweeping Beam+1","Streamline","Cold Snap","Go for the Eyes+1","Cold Snap+1","Darkness+1","Echo Form+1","White Noise+1","Barrage+1"],"relics":["Cracked Core","Golden Idol","Sundial","HornCleat","Question Card","Astrolabe","Matryoshka"],"acts_visited":["Exordium","TheCity"],"potions_floor_usage":[18,23],"damage_taken":[{"damage":0,"enemies":"Small Slimes","floor":1,"turns":3},{"damage":1,"enemies":"Jaw Worm","floor":2,"turns":3},{"damage":14,"enemies":"Gremlin Nob","floor":7,"turns":3},{"damage":8,"enemies":"3 Sentries","floor":10,"turns":6},{"damage":0,"enemies":"2 Louse","floor":11,"turns":3},{"damage":5,"enemies":"Blue Slaver","floor":12,"turns":3},{"damage":1,"enemies":"Hexaghost","floor":16,"turns":9},{"damage":8,"enemies":"3 Byrds","floor":18,"turns":3},{"damage":0,"enemies":"Chosen","floor":19,"turns":4},{"damage":13,"enemies":"Shelled Parasite and Fungi","floor":21,"turns":7},{"damage":34,"enemies":"Slavers","floor":23,"turns":5}],"seed_played":"-4433232168164528064","potions_obtained":[{"floor":7,"key":"GamblersBrew"},{"floor":10,"key":"BlessingOfTheForge"},{"floor":11,"key":"Explosive Potion"},{"floor":18,"key":"AttackPotion"},{"floor":19,"key":"EssenceOfSteel"}],"is_trial":false,"path_per_floor":["M","M","?","$","?","R","E","R","T","E","M","M","R","?","R","B",null,"M","M","?","M","$","E"],"character_chosen":"DEFECT","items_purchased":["Rip and Tear","Matryoshka"],"campfire_rested":0,"item_purchase_floors":[4,22],"current_hp_per_floor":[82,81,76,76,76,76,62,62,62,54,54,49,49,49,49,48,76,68,68,52,39,39,5,5],"gold":39,"neow_bonus":"TEN_PERCENT_HP_BONUS","is_daily":false,"chose_seed":false,"campfire_upgraded":4,"win_rate":0.0,"timestamp":1609588618,"path_taken":["M","M","?","$","?","R","E","R","T","E","M","M","R","?","R","BOSS","M","M","?","M","$","E"],"items_purchased_type":["Card","Relic"],"build_version":"2020-12-22","purchased_purges":0,"victory":false,"max_hp_per_floor":[82,82,76,76,76,76,76,76,76,76,76,76,76,76,76,76,76,76,76,76,76,76,76,76],"card_choices":[{"not_picked":["Stack","Rebound"],"picked":"Hologram","floor":1},{"not_picked":["Melter","Storm","Steam"],"picked":"SKIP","floor":2},{"not_picked":["Ball Lightning","Compile Driver"],"picked":"Sweeping Beam","floor":7},{"not_picked":["Steam Power","Multi-Cast"],"picked":"Streamline","floor":10},{"not_picked":["Chaos","Loop","Gash"],"picked":"Cold Snap","floor":11},{"not_picked":["Darkness","Fusion","Conserve Battery"],"picked":"Go for the Eyes","floor":12},{"not_picked":["Compile Driver","Redo","Tempest","Consume"],"picked":"SKIP","floor":18},{"not_picked":["Leap","Barrage","Aggregate"],"picked":"White Noise+1","floor":19},{"not_picked":["White Noise+1","Coolheaded+1","Conserve Battery"],"picked":"Barrage+1","floor":21}],"player_experience":69552,"relics_obtained":[{"floor":7,"key":"Sundial"},{"floor":9,"key":"HornCleat"},{"floor":10,"key":"Question Card"}],"event_choices":[{"damage_healed":0,"gold_gain":0,"player_choice":"Lose Max HP","damage_taken":0,"relics_obtained":["Golden Idol"],"max_hp_gain":0,"max_hp_loss":6,"event_name":"Golden Idol","floor":3,"gold_loss":0},{"cards_removed":["Strike_B"],"damage_healed":0,"gold_gain":0,"player_choice":"Card Removal","damage_taken":0,"max_hp_gain":0,"max_hp_loss":0,"event_name":"The Cleric","floor":5,"gold_loss":50},{"damage_healed":0,"gold_gain":0,"player_choice":"Ignored","damage_taken":0,"max_hp_gain":0,"max_hp_loss":0,"event_name":"Shining Light","floor":14,"gold_loss":0},{"damage_healed":0,"gold_gain":0,"player_choice":"Obtained Book","damage_taken":16,"max_hp_gain":0,"max_hp_loss":0,"event_name":"Cursed Tome","floor":20,"gold_loss":0}],"is_beta":false,"boss_relics":[{"not_picked":["Coffee Dripper","Runic Dome"],"picked":"Astrolabe"}],"items_purged_floors":[],"is_endless":false,"potions_floor_spawned":[7,10,11,18,19],"killed_by":"Slavers","ascension_level":0}}