{"host":"08t08ld674si40tv","time":1609596077,"event":{"mods":["AchievementEnabler","BaseMod","Colored Map","Minty Spire (QoL Compilation)","StSLib","SuperFastMode"],"gold_per_floor":[111,36,36,49,63,63,93,93,119,134,134,173,194,217,217,217,217],"floor_reached":16,"playtime":280,"items_purged":[],"score":220,"play_id":"a2c6be62-5080-4956-a412-b70fcefc396a","local_time":"20210102230117","is_ascension_mode":true,"campfire_choices":[{"data":"Whirlwind","floor":6,"key":"SMITH"},{"data":"Bash","floor":8,"key":"SMITH"},{"data":"Disarm","floor":15,"key":"SMITH"}],"circlet_count":0,"master_deck":["AscendersBane","Strike_R+1","Strike_R","Strike_R","Strike_R+1","Defend_R","Defend_R","Defend_R","Defend_R","Bash+1","Anger","Disarm+1","Whirlwind+1","Shockwave","Corruption"],"relics":["Burning Blood","Tiny Chest","Whetstone","Strawberry","Golden Idol","Dream Catcher","Bronze Scales"],"acts_visited":["Exordium"],"potions_floor_usage":[13,13,16],"damage_taken":[{"damage":2,"enemies":"2 Louse","floor":1,"turns":3},{"damage":8,"enemies":"Small Slimes","floor":4,"turns":4},{"damage":0,"enemies":"Jaw Worm","floor":5,"turns":5},{"damage":26,"enemies":"Lagavulin","floor":7,"turns":7},{"damage":8,"enemies":"Looter","floor":10,"turns":3},{"damage":30,"enemies":"3 Sentries","floor":12,"turns":4},{"damage":0,"enemies":"Blue Slaver","floor":13,"turns":1},{"damage":17,"enemies":"Hexaghost","floor":16,"turns":7}],"seed_played":"9085084449435505375","potions_obtained":[{"floor":10,"key":"FearPotion"},{"floor":12,"key":"LiquidMemories"},{"floor":13,"key":"GamblersBrew"}],"is_trial":false,"path_per_floor":["M","?","?","M","M","R","E","R","T","M","?","E","M","T","R","B"],"character_chosen":"IRONCLAD","items_purchased":[],"campfire_rested":0,"item_purchase_floors":[],"current_hp_per_floor":[72,72,77,75,80,80,60,60,67,65,35,11,17,17,17,0,0],"gold":217,"neow_bonus":"RANDOM_COMMON_RELIC","is_daily":false,"chose_seed":false,"campfire_upgraded":3,"win_rate":0.0,"timestamp":1609596077,"path_taken":["M","?","?","M","M","R","E","R","T","M","?","E","M","?","R","BOSS"],"items_purchased_type":[],"build_version":"2020-12-22","purchased_purges":0,"victory":false,"max_hp_per_floor":[75,75,80,80,80,80,80,80,87,87,87,87,87,87,87,87,87],"card_choices":[{"not_picked":["Twin Strike","Thunderclap"],"picked":"Anger","floor":1},{"not_picked":["Thunderclap","Infernal Blade"],"picked":"Disarm","floor":4},{"not_picked":["Twin Strike","Heavy Blade"],"picked":"Whirlwind","floor":5},{"not_picked":["Headbutt","Warcry","Dual Wield"],"picked":"SKIP","floor":7},{"not_picked":["Ghostly Armor","Wild Strike"],"picked":"Shockwave","floor":10},{"not_picked":["Havoc","Sword Boomerang"],"picked":"Corruption","floor":12},{"not_picked":["Clothesline","Dropkick","Wild Strike"],"picked":"SKIP","floor":13}],"player_experience":195975,"relics_obtained":[{"floor":7,"key":"Whetstone"},{"floor":9,"key":"Strawberry"},{"floor":12,"key":"Dream Catcher"},{"floor":14,"key":"Bronze Scales"}],"event_choices":[{"cards_removed":["Strike_R"],"damage_healed":0,"gold_gain":0,"player_choice":"Card Removal","damage_taken":0,"max_hp_gain":0,"max_hp_loss":0,"event_name":"The Cleric","floor":2,"gold_loss":75},{"damage_healed":0,"gold_gain":0,"player_choice":"Donut","damage_taken":0,"max_hp_gain":5,"max_hp_loss":0,"event_name":"Big Fish","floor":3,"gold_loss":0},{"damage_healed":0,"gold_gain":0,"player_choice":"Take Damage","damage_taken":30,"relics_obtained":["Golden Idol"],"max_hp_gain":0,"max_hp_loss":0,"event_name":"Golden Idol","floor":11,"gold_loss":0}],"is_beta":false,"boss_relics":[],"items_purged_floors":[],"is_endless":false,"potions_floor_spawned":[10,12,13],"killed_by":"Hexaghost","ascension_level":20}}