{"host":"c936que3p8rnl5ii","time":1609554422,"event":{"mods":["AchievementEnabler","BaseMod","Block Reminder","Colored Powertips","DeckTracker","Minty Spire (QoL Compilation)","Quick Restart","StSLib"],"gold_per_floor":[210,10,24,199,149,149,149,149,149,149,165,6,26,39,39,138,138,148,164,164,0,0,0,0,27,74,20,20,38,38,51,51,51,51],"floor_reached":33,"playtime":1331,"items_purged":["Clumsy"],"score":266,"play_id":"1ab6147e-c850-4ba0-8648-9dfd70008b8c","local_time":"20210101212702","is_ascension_mode":true,"campfire_choices":[{"data":"Anger","floor":6.0,"key":"SMITH"},{"data":"Armaments","floor":8.0,"key":"SMITH"},{"data":"Twin Strike","floor":10.0,"key":"SMITH"},{"data":"The Bomb","floor":15.0,"key":"SMITH"},{"floor":23,"key":"REST"},{"floor":28,"key":"REST"},{"floor":32,"key":"REST"}],"circlet_count":0,"master_deck":["Strike_R","Strike_R","Strike_R","Strike_R","Strike_R","Defend_R","Defend_R","Defend_R","Defend_R","Bash","Battle Trance","Twin Strike+1","The Bomb+1","Anger+1","Armaments+1","Blood for Blood","Finesse","Rage","Sword Boomerang","Barricade","Intimidate+1","Barricade","Demon Form","Warcry","Armaments","Intimidate","Anger+1"],"relics":["Burning Blood","Bronze Scales","Black Star","Shovel","Nunchaku","Boot"],"acts_visited":["Exordium","TheCity"],"potions_floor_usage":[25,30,33],"damage_taken":[{"damage":1.0,"enemies":"Cultist","floor":1.0,"turns":4.0},{"damage":0.0,"enemies":"Small Slimes","floor":3.0,"turns":3.0},{"damage":0.0,"enemies":"2 Louse","floor":11.0,"turns":2.0},{"damage":7.0,"enemies":"Blue Slaver","floor":13.0,"turns":3.0},{"damage":0.0,"enemies":"3 Louse","floor":14.0,"turns":3.0},{"damage":47.0,"enemies":"Hexaghost","floor":16.0,"turns":8.0},{"damage":16,"enemies":"Spheric Guardian","floor":18,"turns":4},{"damage":27,"enemies":"2 Thieves","floor":19,"turns":3},{"damage":40,"enemies":"Slavers","floor":25,"turns":3},{"damage":28,"enemies":"Snecko","floor":29,"turns":6},{"damage":24,"enemies":"Colosseum Slavers","floor":30,"turns":5},{"damage":21,"enemies":"3 Cultists","floor":31,"turns":4},{"damage":53,"enemies":"Champ","floor":33,"turns":10}],"seed_played":"2425072003812425974","potions_obtained":[{"floor":3.0,"key":"Ancient Potion"},{"floor":11.0,"key":"AttackPotion"},{"floor":14.0,"key":"FearPotion"},{"floor":16.0,"key":"SteroidPotion"},{"floor":19,"key":"Fire Potion"},{"floor":31,"key":"ElixirPotion"}],"is_trial":false,"path_per_floor":["M","$","M","?","?","R","?","R","T","R","M","$","M","M","R","B",null,"M","M","?","?","?","R","$","E","T","$","R","M","?","M","R","B"],"character_chosen":"IRONCLAD","items_purchased":["Twin Strike","The Bomb","Finesse","Armaments"],"campfire_rested":3,"item_purchase_floors":[2,2,12,27],"current_hp_per_floor":[80,80,80,80,80,80,80,80,80,80,80,80,79,80,80,39,80,70,49,49,49,49,73,73,39,39,39,63,41,23,8,32,0,0],"gold":51,"neow_bonus":"HUNDRED_GOLD","is_daily":false,"chose_seed":false,"campfire_upgraded":4,"win_rate":0.0,"timestamp":1609554422,"path_taken":["M","$","M","?","?","R","?","R","T","R","?","?","M","M","R","BOSS","M","M","?","?","?","R","$","E","T","?","R","M","?","M","R","BOSS"],"items_purchased_type":["Card","Card","Card","Card"],"build_version":"2020-12-22","purchased_purges":1,"victory":false,"max_hp_per_floor":[80,80,80,80,80,80,80,80,80,80,80,80,80,80,80,80,80,80,80,80,80,80,80,80,80,80,80,80,80,80,80,80,80,80],"card_choices":[{"not_picked":["Sword Boomerang","Twin Strike"],"picked":"Battle Trance","floor":1.0},{"not_picked":["Warcry","Power Through"],"picked":"Anger","floor":3.0},{"not_picked":["Whirlwind","Reckless Charge"],"picked":"Evolve","floor":11.0},{"not_picked":["Flex","Hemokinesis"],"picked":"Rage","floor":13.0},{"not_picked":["Clash","Clothesline"],"picked":"Sword Boomerang","floor":14.0},{"not_picked":["Offering","Reaper"],"picked":"Barricade","floor":16.0},{"not_picked":["Battle Trance+1","Heavy Blade"],"picked":"Intimidate+1","floor":18},{"not_picked":["Clash+1","Havoc"],"picked":"Reckless Charge+1","floor":19},{"not_picked":["Perfected Strike","Flex"],"picked":"Warcry","floor":25},{"not_picked":["Headbutt","Thunderclap+1"],"picked":"Intimidate","floor":29},{"not_picked":["Cleave","True Grit"],"picked":"Anger+1","floor":31}],"player_experience":104926,"relics_obtained":[{"floor":9.0,"key":"Bronze Scales"},{"floor":25,"key":"Shovel"},{"floor":25,"key":"Nunchaku"},{"floor":26,"key":"Boot"}],"event_choices":[{"damage_healed":0.0,"max_hp_gain":0.0,"max_hp_loss":0.0,"gold_gain":175.0,"event_name":"Liars Game","player_choice":"AGREE","floor":4.0,"gold_loss":0.0,"damage_taken":0.0,"cards_obtained":["Doubt"]},{"cards_removed":["Doubt"],"damage_healed":0.0,"max_hp_gain":0.0,"max_hp_loss":0.0,"gold_gain":0.0,"event_name":"The Cleric","player_choice":"Card Removal","floor":5.0,"gold_loss":50.0,"damage_taken":0.0},{"damage_healed":0.0,"max_hp_gain":0.0,"max_hp_loss":0.0,"gold_gain":0.0,"event_name":"Match and Keep!","player_choice":"3 cards matched","floor":7.0,"gold_loss":0.0,"damage_taken":0.0,"cards_obtained":["Armaments","Clumsy","Blood for Blood"]},{"damage_healed":0,"gold_gain":0,"cards_transformed":["Evolve","Reckless Charge"],"player_choice":"Became Test Subject","damage_taken":0,"max_hp_gain":0,"max_hp_loss":0,"event_name":"Drug Dealer","floor":20,"gold_loss":0,"cards_obtained":["Barricade","Demon Form"]},{"damage_healed":0,"gold_gain":0,"player_choice":"Paid Fearfully","damage_taken":0,"max_hp_gain":0,"max_hp_loss":0,"event_name":"Masked Bandits","floor":21,"gold_loss":164},{"damage_healed":0,"gold_gain":0,"player_choice":"Fight","damage_taken":0,"max_hp_gain":0,"max_hp_loss":0,"event_name":"Colosseum","floor":30,"gold_loss":0},{"damage_healed":0,"gold_gain":0,"player_choice":"Fled From Nobs","damage_taken":0,"max_hp_gain":0,"max_hp_loss":0,"event_name":"Colosseum","floor":30,"gold_loss":0}],"is_beta":false,"boss_relics":[{"not_picked":["Runic Cube","Sozu"],"picked":"Black Star"}],"items_purged_floors":[12],"is_endless":false,"potions_floor_spawned":[3,11,14,16,19,30,31],"killed_by":"Champ","ascension_level":1}}