{"host":"vsdszi3rnxsdp24p","time":1609549583,"event":{"mods":["AchievementEnabler","BaseMod","Colored Map","Colored Powertips","Hermit","Highlight Path","Minty Spire (QoL Compilation)","Quick Restart","StSLib","SuperFastMode","Synergy Search","The Cursed"],"gold_per_floor":[115,115,132,97,97,97,113,113,113,144,144,160,181,181,181,301,301,314,314,314,314],"floor_reached":20,"playtime":820,"items_purged":[],"score":172,"play_id":"70981445-efe4-4d44-9f81-e81eb8a6ae34","local_time":"20210102020623","is_ascension_mode":false,"campfire_choices":[{"data":"Outmaneuver","floor":6,"key":"SMITH"},{"data":"Crippling Poison","floor":8,"key":"SMITH"},{"floor":11,"key":"REST"},{"data":"After Image","floor":15,"key":"SMITH"}],"circlet_count":0,"master_deck":["Strike_G+1","Strike_G","Strike_G","Defend_G","Defend_G","Defend_G","Defend_G","Survivor","Neutralize+1","Unload","Bane","Outmaneuver+1","Crippling Poison+1","After Image+1","Bane","Dodge and Roll","Storm of Steel","Slice+1","Concentrate+1","Grand Finale+1","Dash","Bouncing Flask"],"relics":["Ring of the Snake","Golden Idol","Juzu Bracelet","Ornamental Fan","Astrolabe"],"acts_visited":["Exordium","TheCity"],"potions_floor_usage":[10,16,18],"damage_taken":[{"damage":1,"enemies":"Jaw Worm","floor":1,"turns":4},{"damage":1,"enemies":"2 Louse","floor":3,"turns":3},{"damage":1,"enemies":"Small Slimes","floor":7,"turns":5},{"damage":17,"enemies":"Lagavulin","floor":10,"turns":6},{"damage":7,"enemies":"2 Fungi Beasts","floor":12,"turns":3},{"damage":5,"enemies":"Blue Slaver","floor":13,"turns":5},{"damage":63,"enemies":"Hexaghost","floor":16,"turns":17},{"damage":36,"enemies":"Spheric Guardian","floor":18,"turns":8},{"damage":37,"enemies":"Masked Bandits","floor":20,"turns":3}],"seed_played":"6732418827329577776","potions_obtained":[{"floor":7,"key":"ColorlessPotion"},{"floor":13,"key":"BlessingOfTheForge"},{"floor":16,"key":"SkillPotion"}],"is_trial":false,"path_per_floor":["M","?","M","?","?","R","M","R","T","E","R","M","M","?","R","B",null,"M","?","?"],"character_chosen":"THE_SILENT","items_purchased":[],"campfire_rested":1,"item_purchase_floors":[],"current_hp_per_floor":[69,55,54,70,53,53,52,52,52,35,56,49,44,67,67,4,70,34,34,0,0],"gold":314,"neow_bonus":"ONE_RANDOM_RARE_CARD","is_daily":false,"chose_seed":false,"campfire_upgraded":3,"win_rate":0.0,"timestamp":1609549583,"path_taken":["M","?","M","?","?","R","M","R","T","E","R","M","M","?","R","BOSS","M","?","?"],"items_purchased_type":[],"build_version":"2020-12-22","purchased_purges":0,"victory":false,"max_hp_per_floor":[70,70,70,70,70,70,70,70,70,70,70,70,70,70,70,70,70,70,70,70,70],"card_choices":[{"not_picked":["Reflex","Quick Slash"],"picked":"Bane","floor":1},{"not_picked":["Dodge and Roll","Flechettes"],"picked":"Outmaneuver","floor":3},{"not_picked":["All Out Attack","Slice"],"picked":"Crippling Poison","floor":7},{"not_picked":["Unload","Distraction"],"picked":"After Image","floor":10},{"not_picked":["Flying Knee","PiercingWail"],"picked":"Bane","floor":12},{"not_picked":["Glass Knife","Backflip"],"picked":"Dodge and Roll","floor":13},{"not_picked":["Unload","Tools of the Trade"],"picked":"Storm of Steel","floor":16},{"not_picked":["Quick Slash+1","Calculated Gamble"],"picked":"Dash","floor":18}],"player_experience":101613,"relics_obtained":[{"floor":9,"key":"Juzu Bracelet"},{"floor":10,"key":"Ornamental Fan"}],"event_choices":[{"damage_healed":0,"gold_gain":0,"player_choice":"Entered Light","damage_taken":14,"max_hp_gain":0,"max_hp_loss":0,"event_name":"Shining Light","floor":2,"gold_loss":0,"cards_upgraded":["Strike_G","Neutralize"]},{"damage_healed":17,"gold_gain":0,"player_choice":"Healed","damage_taken":0,"max_hp_gain":0,"max_hp_loss":0,"event_name":"The Cleric","floor":4,"gold_loss":35},{"damage_healed":0,"gold_gain":0,"player_choice":"Take Damage","damage_taken":17,"relics_obtained":["Golden Idol"],"max_hp_gain":0,"max_hp_loss":0,"event_name":"Golden Idol","floor":5,"gold_loss":0},{"damage_healed":23,"gold_gain":0,"player_choice":"Banana","damage_taken":0,"max_hp_gain":0,"max_hp_loss":0,"event_name":"Big Fish","floor":14,"gold_loss":0},{"damage_healed":0,"gold_gain":0,"player_choice":"Read","damage_taken":0,"max_hp_gain":0,"max_hp_loss":0,"event_name":"The Library","floor":19,"gold_loss":0,"cards_obtained":["Bouncing Flask"]},{"damage_healed":0,"gold_gain":0,"player_choice":"Fought Bandits","damage_taken":0,"max_hp_gain":0,"max_hp_loss":0,"event_name":"Masked Bandits","floor":20,"gold_loss":0}],"is_beta":false,"boss_relics":[{"not_picked":["Runic Dome","Ring of the Serpent"],"picked":"Astrolabe"}],"items_purged_floors":[],"is_endless":false,"potions_floor_spawned":[7,13,16],"killed_by":"Masked Bandits","ascension_level":0}}