{"host":"yn1175etg9ni8l0q","time":1609591035,"event":{"mods":["AchievementEnabler","BaseMod","Colored Map","Colored Powertips","DeckTracker","Minty Spire (QoL Compilation)","Rare Cards Sparkle","Relic Stats","SuperFastMode","everything is the same but u backflip on backflip"],"gold_per_floor":[116,136,148,167,167,167,167,179,206,206,221,65,65,65,65,163,163,175,175,175,190,115,115,127,127,208,222,222,222,248,248,248,248,248],"floor_reached":33,"playtime":898,"items_purged":["Defend_G"],"score":383,"play_id":"726b8541-55a9-40a8-b20d-aa0613b832f0","local_time":"20210102213715","is_ascension_mode":true,"campfire_choices":[{"data":"Apotheosis","floor":6.0,"key":"SMITH"},{"floor":10.0,"key":"REST"},{"data":"Leg Sweep","floor":15,"key":"SMITH"},{"data":"Acrobatics","floor":23,"key":"SMITH"},{"floor":25,"key":"REST"},{"floor":29,"key":"REST"},{"data":"Crippling Poison","floor":32,"key":"SMITH"}],"circlet_count":0,"master_deck":["AscendersBane","Strike_G","Defend_G","Defend_G","Survivor","Neutralize","Apotheosis+1","PiercingWail","Quick Slash","Cloak And Dagger","Backstab","Leg Sweep+1","Escape Plan","Underhanded Strike","Corpse Explosion","Burst+1","Choke+1","Adrenaline+1","Deflect+1","Acrobatics+1","Crippling Poison+1","Flechettes"],"relics":["Ring of the Snake","Oddly Smooth Stone","Toy Ornithopter","Medical Kit","Astrolabe","Mummified Hand","Juzu Bracelet","CultistMask"],"acts_visited":["Exordium","TheCity"],"potions_floor_usage":[30,30,30],"damage_taken":[{"damage":1.0,"enemies":"Cultist","floor":1.0,"turns":5.0},{"damage":4.0,"enemies":"Small Slimes","floor":2.0,"turns":4.0},{"damage":2.0,"enemies":"Jaw Worm","floor":3.0,"turns":4.0},{"damage":0.0,"enemies":"Looter","floor":4.0,"turns":4.0},{"damage":0.0,"enemies":"3 Louse","floor":8.0,"turns":2.0},{"damage":2.0,"enemies":"Exordium Thugs","floor":11.0,"turns":6.0},{"damage":13,"enemies":"Hexaghost","floor":16,"turns":16},{"damage":0,"enemies":"3 Byrds","floor":18,"turns":2},{"damage":14,"enemies":"Spheric Guardian","floor":21,"turns":6},{"damage":1,"enemies":"Cultist and Chosen","floor":24,"turns":4},{"damage":7,"enemies":"Snecko","floor":27,"turns":6},{"damage":14,"enemies":"Gremlin Leader","floor":30,"turns":5},{"damage":76,"enemies":"Collector","floor":33,"turns":11}],"seed_played":"-8088542461594588276","potions_obtained":[{"floor":1.0,"key":"SkillPotion"},{"floor":2.0,"key":"ColorlessPotion"},{"floor":3.0,"key":"SteroidPotion"},{"floor":16,"key":"Swift Potion"},{"floor":24,"key":"Fire Potion"}],"is_trial":false,"path_per_floor":["M","M","M","M","?","R","?","M","T","R","M","$","?","?","R","B",null,"M","?","?","M","$","R","M","R","T","M","?","R","E","?","R","B"],"character_chosen":"THE_SILENT","items_purchased":["Medical Kit"],"campfire_rested":3,"item_purchase_floors":[12],"current_hp_per_floor":[62,58,56,56,31,31,36,36,36,56,54,54,54,54,54,41,61,61,49,49,35,35,35,34,55,55,48,48,69,64,64,64,0,0],"gold":248,"neow_bonus":"RANDOM_COLORLESS_2","is_daily":false,"chose_seed":false,"campfire_upgraded":4,"win_rate":0.0,"timestamp":1609591035,"path_taken":["M","M","M","M","?","R","?","?","T","R","M","$","?","?","R","BOSS","M","?","?","M","$","R","M","R","T","M","?","R","E","?","R","BOSS"],"items_purchased_type":["Relic"],"build_version":"2020-12-22","purchased_purges":1,"victory":false,"max_hp_per_floor":[63,63,63,63,63,63,68,68,68,68,68,68,68,68,68,68,68,68,73,73,73,73,73,73,73,73,73,73,73,73,73,73,73,73],"relic_stats":{"counters":[13,75],"Mummified Hand":[0],"Astrolabe":["Burst","Choke","Adrenaline"],"Juzu Bracelet":1,"Medical Kit":[9],"obtain_stats":[{"Mummified Hand":26,"Astrolabe":17,"Oddly Smooth Stone":5,"CultistMask":31,"Juzu Bracelet":30,"Medical Kit":12,"Toy Ornithopter":9,"Ring of the Snake":0},{"Mummified Hand":10,"Astrolabe":7,"Oddly Smooth Stone":4,"CultistMask":12,"Juzu Bracelet":12,"Medical Kit":6,"Toy Ornithopter":5,"Ring of the Snake":0},{"Mummified Hand":53,"Astrolabe":41,"Oddly Smooth Stone":17,"CultistMask":64,"Juzu Bracelet":64,"Medical Kit":25,"Toy Ornithopter":19,"Ring of the Snake":0}],"Toy Ornithopter":9,"Ring of the Snake":[26]},"card_choices":[{"not_picked":["Thinking Ahead","Chrysalis"],"picked":"Apotheosis","floor":0.0},{"not_picked":["Slice","Reflex"],"picked":"PiercingWail","floor":1.0},{"not_picked":["Bane","Deflect"],"picked":"Quick Slash","floor":2.0},{"not_picked":["Slice","Concentrate"],"picked":"Cloak And Dagger","floor":3.0},{"not_picked":["Cloak And Dagger","Infinite Blades"],"picked":"Backstab","floor":4.0},{"not_picked":["Quick Slash","Acrobatics"],"picked":"Leg Sweep","floor":8.0},{"not_picked":["Well Laid Plans","Dodge and Roll"],"picked":"Escape Plan","floor":11.0},{"not_picked":["Adrenaline","Tools of the Trade"],"picked":"Corpse Explosion","floor":16},{"not_picked":["Poisoned Stab","Deadly Poison"],"picked":"Deflect+1","floor":18},{"not_picked":["Leg Sweep","Masterful Stab"],"picked":"Acrobatics","floor":21},{"not_picked":["Underhanded Strike","Well Laid Plans","Sucker Punch"],"picked":"SKIP","floor":24},{"not_picked":["Acrobatics","Dagger Spray"],"picked":"Crippling Poison","floor":27},{"not_picked":["PiercingWail","Die Die Die","Outmaneuver"],"picked":"SKIP","floor":30}],"player_experience":298114,"relics_obtained":[{"floor":9.0,"key":"Toy Ornithopter"},{"floor":26,"key":"Mummified Hand"},{"floor":30,"key":"Juzu Bracelet"}],"event_choices":[{"damage_healed":0.0,"max_hp_gain":0.0,"max_hp_loss":0.0,"gold_gain":0.0,"event_name":"Scrap Ooze","player_choice":"Success","floor":5.0,"gold_loss":0.0,"damage_taken":25.0,"relics_obtained":["Oddly Smooth Stone"]},{"damage_healed":0.0,"max_hp_gain":5.0,"max_hp_loss":0.0,"gold_gain":0.0,"event_name":"Big Fish","player_choice":"Donut","floor":7.0,"gold_loss":0.0,"damage_taken":0.0},{"damage_healed":0,"gold_gain":0,"cards_transformed":["Strike_G"],"player_choice":"Change","damage_taken":0,"max_hp_gain":0,"max_hp_loss":0,"event_name":"Living Wall","floor":13,"gold_loss":0,"cards_obtained":["Underhanded Strike"]},{"cards_removed":["Defend_G"],"damage_healed":0,"gold_gain":0,"player_choice":"Purged","damage_taken":0,"max_hp_gain":0,"max_hp_loss":0,"event_name":"Purifier","floor":14,"gold_loss":0},{"damage_healed":0,"gold_gain":0,"player_choice":"Shed Blood","damage_taken":17,"max_hp_gain":5,"max_hp_loss":0,"event_name":"Forgotten Altar","floor":19,"gold_loss":0},{"damage_healed":0,"gold_gain":0,"player_choice":"Ignored","damage_taken":0,"max_hp_gain":0,"max_hp_loss":0,"event_name":"Ghosts","floor":20,"gold_loss":0},{"damage_healed":0,"gold_gain":0,"cards_transformed":["Strike_G"],"player_choice":"Transformed","damage_taken":0,"max_hp_gain":0,"max_hp_loss":0,"event_name":"Transmorgrifier","floor":28,"gold_loss":0,"cards_obtained":["Flechettes"]},{"damage_healed":0,"gold_gain":0,"player_choice":"Trade","damage_taken":0,"relics_obtained":["CultistMask"],"max_hp_gain":0,"max_hp_loss":0,"event_name":"FaceTrader","floor":31,"gold_loss":0}],"is_beta":false,"boss_relics":[{"not_picked":["Ring of the Serpent","HoveringKite"],"picked":"Astrolabe"}],"items_purged_floors":[22],"is_endless":false,"potions_floor_spawned":[1,2,3,16,24,27],"killed_by":"Collector","ascension_level":10}}