{"host":"l1ihaotq1cxp1b6b","time":1609607477,"event":{"mods":["AchievementEnabler","BaseMod","Colored Map","Custom Start","DeckTracker","Minty Spire (QoL Compilation)","StSLib","SuperFastMode","everything is the same but u backflip on backflip"],"gold_per_floor":[115,115,127,140,140,170,170,183,183,240,257,257,268,280,280,385,385,395,67,77,93,110,139,238,273,273,273,273,286,90,90,90,193,193,213,22,37,37,87,87,115,135,208,84,132,58,0,16,16,16],"floor_reached":51,"playtime":1291,"items_purged":["Defend_G","Strike_G+1"],"score":1126,"play_id":"69155d3f-a488-492a-874f-ad8d67b06fac","local_time":"20210103021117","is_ascension_mode":true,"campfire_choices":[{"floor":7,"key":"REST"},{"data":"Choke","floor":12,"key":"SMITH"},{"data":"Eviscerate","floor":15,"key":"SMITH"},{"data":"Adrenaline","floor":27,"key":"SMITH"},{"data":"Apotheosis","floor":32,"key":"SMITH"},{"data":"Adrenaline","floor":40,"key":"SMITH"},{"data":"1","floor":49,"key":"LIFT"}],"circlet_count":0,"master_deck":["Strike_G+1","Strike_G+1","Defend_G+1","Defend_G+1","Defend_G+1","Survivor","Neutralize","Calculated Gamble","Doppelganger","Blade Dance","Eviscerate+1","Unload","Choke+1","Blade Dance","Backflip","Cloak And Dagger","Terror","Adrenaline+1","Blade Dance+1","Wraith Form v2","Finisher","Adrenaline+1","Storm of Steel","Tactician","Apotheosis+1","Accuracy","Accuracy+1"],"relics":["Ring of the Snake","NeowsBlessing","MealTicket","Prayer Wheel","Meat on the Bone","PreservedInsect","WristBlade","Ninja Scroll","Molten Egg 2","Pear","Eternal Feather","Sozu","Membership Card","FossilizedHelix","Regal Pillow","Darkstone Periapt","ClockworkSouvenir","Girya","Chemical X","Red Mask"],"acts_visited":["Exordium","TheCity","TheBeyond"],"potions_floor_usage":[6,6,23,23,41,50],"damage_taken":[{"damage":0,"enemies":"Small Slimes","floor":1,"turns":1},{"damage":0,"enemies":"Jaw Worm","floor":3,"turns":1},{"damage":0,"enemies":"2 Louse","floor":4,"turns":1},{"damage":33,"enemies":"Lagavulin","floor":6,"turns":8},{"damage":0,"enemies":"Looter","floor":8,"turns":2},{"damage":12,"enemies":"Lagavulin Event","floor":10,"turns":3},{"damage":0,"enemies":"2 Fungi Beasts","floor":11,"turns":2},{"damage":8,"enemies":"Blue Slaver","floor":13,"turns":2},{"damage":12,"enemies":"3 Louse","floor":14,"turns":3},{"damage":36,"enemies":"The Guardian","floor":16,"turns":10},{"damage":10,"enemies":"Shell Parasite","floor":18,"turns":4},{"damage":0,"enemies":"Chosen","floor":20,"turns":2},{"damage":9,"enemies":"Centurion and Healer","floor":21,"turns":2},{"damage":1,"enemies":"Shelled Parasite and Fungi","floor":22,"turns":3},{"damage":0,"enemies":"Gremlin Leader","floor":23,"turns":1},{"damage":0,"enemies":"Slavers","floor":25,"turns":1},{"damage":0,"enemies":"Snake Plant","floor":29,"turns":1},{"damage":14,"enemies":"Collector","floor":33,"turns":3},{"damage":3,"enemies":"3 Shapes","floor":35,"turns":3},{"damage":0,"enemies":"3 Darklings","floor":37,"turns":1},{"damage":0,"enemies":"Mind Bloom Boss Battle","floor":39,"turns":3},{"damage":0,"enemies":"Nemesis","floor":41,"turns":1},{"damage":0,"enemies":"Jaw Worm Horde","floor":42,"turns":2},{"damage":17,"enemies":"2 Orb Walkers","floor":45,"turns":4},{"damage":4,"enemies":"Writhing Mass","floor":48,"turns":3},{"damage":57,"enemies":"Time Eater","floor":50,"turns":9}],"seed_played":"-82258210288073898","potions_obtained":[{"floor":1,"key":"Block Potion"},{"floor":4,"key":"FearPotion"},{"floor":14,"key":"LiquidBronze"},{"floor":18,"key":"Explosive Potion"},{"floor":20,"key":"DistilledChaos"},{"floor":21,"key":"Energy Potion"},{"floor":23,"key":"ColorlessPotion"},{"floor":33,"key":"SpeedPotion"}],"is_trial":false,"path_per_floor":["M","?","M","M","?","E","R","M","T","?","M","R","M","M","R","B",null,"M","$","M","M","M","E","?","E","T","R","?","M","$","?","R","B",null,"M","$","M","?","?","R","E","M","T","$","?","$","?","M","R","B",null],"character_chosen":"THE_SILENT","items_purchased":["Ninja Scroll","Apotheosis","Membership Card","Accuracy","ClockworkSouvenir","Chemical X"],"campfire_rested":1,"item_purchase_floors":[19,30,36,36,44,46],"current_hp_per_floor":[63,63,63,63,45,12,33,33,33,33,45,45,37,37,37,13,56,46,61,61,52,51,51,51,61,61,76,76,76,80,80,80,66,77,74,80,80,76,76,76,76,76,76,76,59,74,74,70,76,31],"gold":16,"neow_bonus":"THREE_ENEMY_KILL","is_daily":false,"chose_seed":false,"campfire_upgraded":5,"win_rate":0.0,"timestamp":1609607477,"path_taken":["M","?","M","M","?","E","R","M","T","?","M","R","?","M","R","BOSS","M","$","M","M","M","E","?","E","T","R","?","M","$","?","R","BOSS","M","$","M","?","?","R","E","M","T","$","?","?","?","M","R","BOSS"],"items_purchased_type":["Relic","Card","Relic","Card","Relic","Relic"],"build_version":"2020-12-22","purchased_purges":2,"victory":true,"max_hp_per_floor":[70,70,70,70,70,70,70,70,70,70,70,70,70,70,70,70,70,70,70,70,70,70,70,70,80,80,80,80,80,80,80,80,80,80,80,80,80,76,76,76,76,76,76,76,76,76,76,76,76,76],"card_choices":[{"not_picked":["Catalyst","Terror"],"picked":"Calculated Gamble","floor":1},{"not_picked":["Deflect","Quick Slash"],"picked":"Blade Dance","floor":3},{"not_picked":["Quick Slash","Sucker Punch"],"picked":"Eviscerate","floor":4},{"not_picked":["Noxious Fumes","Slice"],"picked":"Unload","floor":6},{"not_picked":["Calculated Gamble","Deadly Poison"],"picked":"Choke","floor":8},{"not_picked":["Deadly Poison","Underhanded Strike"],"picked":"Blade Dance","floor":8},{"not_picked":["Crippling Poison","Slice"],"picked":"Backflip","floor":11},{"not_picked":["Underhanded Strike","Infinite Blades"],"picked":"Cloak And Dagger","floor":11},{"not_picked":["PiercingWail","Crippling Poison"],"picked":"Terror","floor":13},{"not_picked":["Bane","PiercingWail","Flechettes"],"picked":"SKIP","floor":13},{"not_picked":["Dagger Spray","Concentrate","Bane"],"picked":"SKIP","floor":14},{"not_picked":["PiercingWail","Escape Plan","Quick Slash"],"picked":"SKIP","floor":14},{"not_picked":["Night Terror","Grand Finale"],"picked":"Adrenaline","floor":16},{"not_picked":["Dagger Throw","Caltrops","Backflip"],"picked":"SKIP","floor":18},{"not_picked":["Deflect+1","Deadly Poison","Dagger Throw"],"picked":"SKIP","floor":18},{"not_picked":["Setup","PiercingWail"],"picked":"Blade Dance+1","floor":20},{"not_picked":["Prepared","Noxious Fumes+1","Sucker Punch+1"],"picked":"SKIP","floor":20},{"not_picked":["Slice","Cloak And Dagger"],"picked":"Wraith Form v2","floor":21},{"not_picked":["Poisoned Stab+1","Riddle With Holes+1","Backflip"],"picked":"SKIP","floor":21},{"not_picked":["Sucker Punch","Outmaneuver+1"],"picked":"Finisher","floor":22},{"not_picked":["Flying Knee","Blade Dance","Deflect"],"picked":"SKIP","floor":22},{"not_picked":["Blur","Underhanded Strike+1","Expertise"],"picked":"SKIP","floor":23},{"not_picked":["Dagger Spray+1","Setup"],"picked":"Adrenaline","floor":25},{"not_picked":["Tactician","Flying Knee+1","Expertise+1"],"picked":"SKIP","floor":29},{"not_picked":["Dagger Throw+1","Dodge and Roll","Poisoned Stab+1"],"picked":"SKIP","floor":29},{"not_picked":["Poisoned Stab+1","Backflip+1","Dagger Throw+1"],"picked":"SKIP","floor":35},{"not_picked":["Cloak And Dagger+1","Backflip+1","PiercingWail"],"picked":"SKIP","floor":35},{"not_picked":["Flying Knee+1","Cloak And Dagger"],"picked":"Accuracy+1","floor":37},{"not_picked":["Prepared+1","Eviscerate+1","Catalyst+1"],"picked":"SKIP","floor":37},{"not_picked":["Night Terror","Dagger Throw+1","Noxious Fumes"],"picked":"SKIP","floor":41},{"not_picked":["Cloak And Dagger+1","Acrobatics","PiercingWail"],"picked":"SKIP","floor":42},{"not_picked":["Outmaneuver+1","Dodge and Roll","Slice+1"],"picked":"SKIP","floor":42},{"not_picked":["Blade Dance","Outmaneuver","Sucker Punch+1"],"picked":"SKIP","floor":48},{"not_picked":["Crippling Poison","Acrobatics","Prepared+1"],"picked":"SKIP","floor":48}],"player_experience":534403,"relics_obtained":[{"floor":6,"key":"Prayer Wheel"},{"floor":9,"key":"Meat on the Bone"},{"floor":23,"key":"Molten Egg 2"},{"floor":25,"key":"Pear"},{"floor":26,"key":"Eternal Feather"},{"floor":39,"key":"FossilizedHelix"},{"floor":41,"key":"Regal Pillow"},{"floor":43,"key":"Darkstone Periapt"},{"floor":45,"key":"Girya"}],"event_choices":[{"damage_healed":0,"gold_gain":0,"cards_transformed":["Strike_G"],"player_choice":"Change","damage_taken":0,"max_hp_gain":0,"max_hp_loss":0,"event_name":"Living Wall","floor":2,"gold_loss":0,"cards_obtained":["Doppelganger"]},{"damage_healed":0,"gold_gain":0,"player_choice":"Success","damage_taken":18,"relics_obtained":["MealTicket"],"max_hp_gain":0,"max_hp_loss":0,"event_name":"Scrap Ooze","floor":5,"gold_loss":0},{"damage_healed":0,"gold_gain":0,"player_choice":"Searched \u00273\u0027 times","damage_taken":0,"relics_obtained":["PreservedInsect"],"max_hp_gain":0,"max_hp_loss":0,"event_name":"Dead Adventurer","floor":10,"gold_loss":0},{"damage_healed":0,"gold_gain":99,"player_choice":"Stole From Cult","damage_taken":0,"max_hp_gain":0,"max_hp_loss":0,"event_name":"Nest","floor":24,"gold_loss":0},{"damage_healed":0,"gold_gain":0,"cards_transformed":["Strike_G","Defend_G"],"player_choice":"Became Test Subject","damage_taken":0,"max_hp_gain":0,"max_hp_loss":0,"event_name":"Drug Dealer","floor":28,"gold_loss":0,"cards_obtained":["Storm of Steel","Tactician"]},{"damage_healed":0,"gold_gain":0,"player_choice":"Simplicity","damage_taken":0,"max_hp_gain":0,"max_hp_loss":0,"event_name":"Back to Basics","floor":31,"gold_loss":0,"cards_upgraded":["Strike_G","Strike_G","Strike_G","Defend_G","Defend_G","Defend_G"]},{"damage_healed":0,"gold_gain":0,"player_choice":"Max HP","damage_taken":0,"max_hp_gain":0,"max_hp_loss":4,"event_name":"Winding Halls","floor":38,"gold_loss":0},{"damage_healed":0,"gold_gain":0,"player_choice":"Fight","damage_taken":0,"max_hp_gain":0,"max_hp_loss":0,"event_name":"MindBloom","floor":39,"gold_loss":0},{"damage_healed":0,"gold_gain":0,"player_choice":"Fight","damage_taken":0,"max_hp_gain":0,"max_hp_loss":0,"event_name":"Mysterious Sphere","floor":45,"gold_loss":0},{"damage_healed":0,"gold_gain":0,"player_choice":"Paid","damage_taken":0,"relics_obtained":["Red Mask"],"max_hp_gain":0,"max_hp_loss":0,"event_name":"Tomb of Lord Red Mask","floor":47,"gold_loss":58}],"is_beta":false,"boss_relics":[{"not_picked":["HoveringKite","Coffee Dripper"],"picked":"WristBlade"},{"not_picked":["Calling Bell","SlaversCollar"],"picked":"Sozu"}],"items_purged_floors":[19,44],"is_endless":false,"potions_floor_spawned":[1,4,14,18,20,21,23,33,41,42,48],"ascension_level":9}}