{"host":"kpklgwyuz86bov3e","time":1609617484,"event":{"mods":["Aspiration","BaseMod","Better Third Choice","BetterRewards","Conspire","Energized Spire","GifTheSpireLib","Halation","Highlight Path","Hubris","Jedi Mod","Minty Spire (QoL Compilation)","Permanent Neow","Relic Sorter","Replay The Spire","Shop Mod","Spicy Shops","Spikes Relics","StSLib","Stuff the Spire","The Blue Laboratory","Waifu the Spire","slay the spire mod where everything is the same but ironclad has a cowboy hat"],"gold_per_floor":[111,131,131,144,94,94,122,122,122,151,171,27,62,62,62,62,62],"floor_reached":16,"playtime":1922,"items_purged":[],"score":201,"play_id":"529cb7cb-6651-4bfe-9cc6-a036d7e9d593","local_time":"20210102145804","is_ascension_mode":true,"campfire_choices":[{"data":"Footwork","floor":6,"key":"SMITH"},{"data":"Dagger Throw","floor":8,"key":"SMITH"},{"floor":15,"key":"REST"}],"circlet_count":0,"master_deck":["Strike_G","Strike_G","Strike_G","Strike_G","Defend_G","Defend_G","Defend_G","Defend_G","Defend_G","Survivor","Neutralize","BlessedFruit","BlessedFruit","Footwork+1","Dagger Throw+1","Die Die Die","Die Die Die","hubris:DuctTapeCard","Glass Knife"],"relics":["Ring of the Snake","HeavenlyBonsai","conspire:Dentures","Centennial Puzzle","hubris:Metronome","Replay:Rubber Ducky","hubris:DuctTape","conspire:GiftBox"],"acts_visited":["Exordium"],"potions_floor_usage":[7,7],"damage_taken":[{"damage":3,"enemies":"Small Slimes","floor":1,"turns":10},{"damage":3,"enemies":"Cultist","floor":2,"turns":6},{"damage":5,"enemies":"conspire:RoseBush","floor":4,"turns":4},{"damage":6,"enemies":"Lagavulin","floor":7,"turns":21},{"damage":17,"enemies":"Replay:BlueRogue","floor":10,"turns":10},{"damage":3,"enemies":"conspire:2 RoseBushes","floor":11,"turns":5},{"damage":8,"enemies":"3 Sentries","floor":13,"turns":7},{"damage":37,"enemies":"The Guardian","floor":16,"turns":10}],"seed_played":"-4512990012081954264","potions_obtained":[{"floor":1,"key":"DuplicationPotion"},{"floor":2,"key":"DistilledChaos"},{"floor":10,"key":"blueLaboratory:NullPotion"}],"is_trial":false,"path_per_floor":["M","M","?","M","?","R","E","R","T","E","M","$","E","T","R","B"],"character_chosen":"THE_SILENT","items_purchased":["Replay:BasicMightCard","HeavenlyBonsai","conspire:Dentures","Footwork","Die Die Die"],"campfire_rested":1,"item_purchase_floors":[0,0,0,0,12],"current_hp_per_floor":[37,36,36,33,33,33,29,29,29,14,13,13,7,7,32,0,0],"gold":62,"neow_bonus":"","is_daily":false,"chose_seed":false,"campfire_upgraded":2,"win_rate":0.0,"timestamp":1609617484,"path_taken":["M","M","?","?","?","R","E","R","T","E","M","?","E","?","R","BOSS"],"items_purchased_type":["Card","Relic","Relic","Card","Card"],"build_version":"2020-12-22","purchased_purges":0,"victory":false,"max_hp_per_floor":[72,74,74,76,76,76,78,78,78,80,82,82,84,84,84,86,86],"card_choices":[{"not_picked":["Riddle With Holes","StuffTheSpire:ClusterCrunch","Dagger Throw"],"picked":"SKIP","floor":1},{"not_picked":["Outmaneuver","Flying Knee","jedi:collectorvenom"],"picked":"SKIP","floor":2},{"not_picked":["StuffTheSpire:ClusterCrunch","Deflect","ReplayTheSpireMod:Tripwire"],"picked":"SKIP","floor":4},{"not_picked":["StuffTheSpire:Python","StuffTheSpire:ClusterCrunch"],"picked":"Dagger Throw","floor":7},{"not_picked":["Eviscerate","StuffTheSpire:Injection"],"picked":"Skewer","floor":10},{"not_picked":["StuffTheSpire:BumpUp","Flying Knee","StuffTheSpire:Injection"],"picked":"SKIP","floor":11},{"not_picked":["Deadly Poison","Dagger Spray"],"picked":"Die Die Die","floor":13},{"not_picked":["Atom Bomb","Unload"],"picked":"Glass Knife","floor":14}],"player_experience":358519,"relics_obtained":[{"floor":7,"key":"Centennial Puzzle"},{"floor":9,"key":"hubris:Metronome"},{"floor":10,"key":"Replay:Rubber Ducky"},{"floor":13,"key":"hubris:DuctTape"},{"floor":14,"key":"conspire:GiftBox"}],"event_choices":[{"damage_healed":0,"gold_gain":0,"player_choice":"Upgraded","damage_taken":0,"max_hp_gain":0,"max_hp_loss":0,"event_name":"Upgrade Shrine","floor":3,"gold_loss":0,"cards_upgraded":["Replay:BasicMightCard"]},{"cards_removed":["Strike_G"],"damage_healed":0,"gold_gain":0,"player_choice":"Card Removal","damage_taken":0,"max_hp_gain":0,"max_hp_loss":0,"event_name":"The Cleric","floor":5,"gold_loss":50}],"is_beta":false,"boss_relics":[],"items_purged_floors":[],"is_endless":false,"potions_floor_spawned":[1,2,10],"killed_by":"The Guardian","ascension_level":1}}