{"host":"p08oqmr389b4tgxi","time":1609583187,"event":{"mods":["Act Like it!","BaseMod","CapriCore","Colored Powertips","Gensokyo","Minty Spire (QoL Compilation)","Relic Stats","StSLib","The Immortal","The Marked","UnlockEverythingMod","Yakumo Yukari mod"],"gold_per_floor":[140,153,153,153,165,165,193,213,213,243,243,262,275,309,309,405,405,425,282,242,252,264,296,309,344,344,374,254,254,270,289,289,394,394,412,412,422,442,459,459,459,492,492,492,64,64,96,112,112,112],"floor_reached":51,"playtime":2731,"items_purged":["AT_purpleEX","Defend_purpleEX"],"score":898,"play_id":"c7566417-46b5-4c8b-ba93-2e01827c64e8","local_time":"20210102182627","is_ascension_mode":true,"campfire_choices":[{"data":"Mirror_FourBoundary_purple","floor":6.0,"key":"SMITH"},{"data":"WeekHit_purple","floor":11.0,"key":"SMITH"},{"data":"SharpContractionReality_purple","floor":15.0,"key":"SMITH"},{"data":"ProofOfUnderstanding_purple","floor":29.0,"key":"SMITH"},{"data":"Umbrella_purple","floor":32.0,"key":"SMITH"},{"data":"Mirror_FourBoundary_purple","floor":40.0,"key":"SMITH"},{"data":"Fantasy_PerpetualMotionMachine_purple","floor":49,"key":"SMITH"}],"circlet_count":0,"master_deck":["Defend_purpleEX","Defend_purpleEX","Observe_purple_1","Observe_purple_2","Mirror_FourBoundary_purple+1","PurpleNeedle_purple","Injury","DimensionStaggered_purple","ProofOfUnderstanding_purple+1","WeekHit_purple+1","Bait_HighSpeedFlying_purple","SharpContractionReality_purple+1","StateErode_purple","Mirror_TwoAndThreeElementRealm_purple+1","Mirror_FourBoundary_purple+1","Umbrella_purple+1","Nest_LightFlightworm_purple","Fancifulhole_purple","Fantasy_PerpetualMotionMachine_purple+1","GluttonyofRealm_purpleEX"],"relics":["Boundary_crack","Memoryfragments_purpleEX","NeowsBlessing","Pear","Mercury Hourglass","Peace Pipe","Question Card","HornCleat","MealTicket","Sozu","Bottled Flame","Art of War","ThegodofHakurei_purpleEX","Shuriken","Gensokyo:MaskOfHope","Empty Cage","Gremlin Horn","Ornamental Fan","Regal Pillow"],"acts_visited":["Exordium","Gensokyo:Gensokyo","Gensokyo:Gensokyoer"],"potions_floor_usage":[],"damage_taken":[{"damage":0.0,"enemies":"Gensokyo:2_Kodama","floor":1.0,"turns":1.0},{"damage":0.0,"enemies":"Gensokyo:Gryphon","floor":2.0,"turns":1.0},{"damage":0.0,"enemies":"Gensokyo:Python","floor":5.0,"turns":1.0},{"damage":22.0,"enemies":"Gensokyo:Mamizou","floor":7.0,"turns":10.0},{"damage":22.0,"enemies":"Gensokyo:LivingMonolith","floor":8.0,"turns":5.0},{"damage":14.0,"enemies":"Gensokyo:Aya","floor":10.0,"turns":6.0},{"damage":0.0,"enemies":"Gensokyo:Python_and_Kodama","floor":12.0,"turns":2.0},{"damage":0.0,"enemies":"Gensokyo:5_Fairies","floor":13.0,"turns":3.0},{"damage":7.0,"enemies":"Gensokyo:Cirno","floor":14.0,"turns":5.0},{"damage":9.0,"enemies":"Gensokyo:Yukari","floor":16.0,"turns":6.0},{"damage":14.0,"enemies":"Gensokyo:AngelMirror","floor":18.0,"turns":4.0},{"damage":0.0,"enemies":"Gensokyo:Chomper","floor":21.0,"turns":4.0},{"damage":0.0,"enemies":"Gensokyo:Wraith","floor":22.0,"turns":4.0},{"damage":53.0,"enemies":"Gensokyo:Tenshi","floor":23.0,"turns":4.0},{"damage":0.0,"enemies":"Gensokyo:Chomper_and_Gloop","floor":24.0,"turns":3.0},{"damage":0.0,"enemies":"Gensokyo:Reisen","floor":25.0,"turns":3.0},{"damage":0.0,"enemies":"Gensokyo:Koishi","floor":27.0,"turns":4.0},{"damage":25.0,"enemies":"Gensokyo:Slime_Group","floor":30.0,"turns":3.0},{"damage":0.0,"enemies":"Gensokyo:3_Gloops","floor":31.0,"turns":2.0},{"damage":95.0,"enemies":"Gensokyo:Eternal_Rivals","floor":33.0,"turns":6.0},{"damage":10.0,"enemies":"Gensokyo:3_Bats","floor":35.0,"turns":2.0},{"damage":0.0,"enemies":"Gensokyo:3_Boulders","floor":37.0,"turns":2.0},{"damage":0.0,"enemies":"Gensokyo:AtlasGolem","floor":38.0,"turns":3.0},{"damage":0.0,"enemies":"Gensokyo:Rafflesia","floor":39.0,"turns":4.0},{"damage":1.0,"enemies":"Gensokyo:Kasen","floor":42.0,"turns":6.0},{"damage":4,"enemies":"Gensokyo:Marisa","floor":47,"turns":4},{"damage":0,"enemies":"Gensokyo:3_Boulders","floor":48,"turns":4},{"damage":29,"enemies":"Gensokyo:Scarlet_Devils","floor":50,"turns":8}],"seed_played":"-4268292146727582270","potions_obtained":[{"floor":5.0,"key":"AttackPotion"},{"floor":12.0,"key":"Fire Potion"},{"floor":13.0,"key":"SkillPotion"},{"floor":14.0,"key":"DistilledChaos"}],"is_trial":false,"path_per_floor":["M","M","?","?","M","R","E","M","T","E","R","M","M","E","R","B",null,"M","$","?","M","M","E","M","E","T","E","?","R","M","M","R","B",null,"M","?","M","M","M","R","?","E","T","?","$","?","E","M","R","B",null],"character_chosen":"Youkari","items_purchased":["Mirror_FourBoundary_purple","Fantasy_PerpetualMotionMachine_purple","Ornamental Fan"],"campfire_rested":0,"item_purchase_floors":[19,45,45],"current_hp_per_floor":[70,70,65,65,65,65,48,30,30,20,20,20,22,17,17,10,80,78,80,80,80,80,59,62,65,65,68,68,68,70,72,72,38,80,80,68,69,70,70,70,70,80,80,80,80,80,80,83,83,57],"gold":112,"neow_bonus":"THREE_ENEMY_KILL","is_daily":false,"chose_seed":false,"campfire_upgraded":7,"win_rate":0.0,"timestamp":1609583187,"path_taken":["M","?","?","?","?","R","E","M","T","E","R","M","?","E","R","BOSS","M","$","?","?","M","E","M","E","T","E","?","R","?","M","R","BOSS","M","?","M","M","M","R","?","E","T","?","?","?","E","M","R","BOSS"],"items_purchased_type":["Card","Card","Relic"],"build_version":"2020-12-22","purchased_purges":2,"victory":true,"max_hp_per_floor":[70,70,80,80,80,80,80,80,80,80,80,80,80,80,80,80,80,80,80,80,80,80,80,80,80,80,80,80,80,80,80,80,80,80,80,80,80,80,80,80,80,80,80,80,80,80,80,83,83,83],"relic_stats":{"Peace Pipe":0,"Sozu":5,"Regal Pillow":0,"Gremlin Horn":[3,3],"counters":[28,109],"Shuriken":[31],"Ornamental Fan":[44],"MealTicket":2,"Art of War":[5],"Question Card":22,"obtain_stats":[{"Gensokyo:MaskOfHope":28,"Regal Pillow":47,"Pear":3,"NeowsBlessing":0,"Gremlin Horn":42,"ThegodofHakurei_purpleEX":26,"Boundary_crack":0,"Question Card":9,"Empty Cage":34,"Mercury Hourglass":4,"Peace Pipe":7,"Sozu":17,"Frozen Eye":27,"Bottled Flame":23,"HornCleat":10,"Shuriken":27,"Ornamental Fan":45,"MealTicket":14,"Art of War":25,"Memoryfragments_purpleEX":0},{"Gensokyo:MaskOfHope":17,"Regal Pillow":26,"Pear":2,"NeowsBlessing":0,"Gremlin Horn":25,"ThegodofHakurei_purpleEX":16,"Boundary_crack":0,"Question Card":5,"Empty Cage":20,"Mercury Hourglass":2,"Peace Pipe":4,"Sozu":10,"Frozen Eye":16,"Bottled Flame":14,"HornCleat":6,"Shuriken":17,"Ornamental Fan":25,"MealTicket":9,"Art of War":16,"Memoryfragments_purpleEX":0},{"Gensokyo:MaskOfHope":65,"Regal Pillow":97,"Pear":2,"NeowsBlessing":0,"Gremlin Horn":93,"ThegodofHakurei_purpleEX":61,"Boundary_crack":0,"Question Card":18,"Empty Cage":76,"Mercury Hourglass":2,"Peace Pipe":13,"Sozu":40,"Frozen Eye":61,"Bottled Flame":55,"HornCleat":24,"Shuriken":65,"Ornamental Fan":93,"MealTicket":34,"Art of War":61,"Memoryfragments_purpleEX":0}],"Mercury Hourglass":[441]},"card_choices":[{"not_picked":["Realm_recovery_purpleEX","Charmbait_purple"],"picked":"Mirror_FourBoundary_purple","floor":1.0},{"not_picked":["Charmbait_purple","StateDuplicate_purple"],"picked":"PurpleNeedle_purple","floor":2.0},{"not_picked":["Umbrella_purple","ExistenceContinue_purple"],"picked":"DimensionStaggered_purple","floor":5.0},{"not_picked":["Fantasy_PerpetualMotionMachine_purple","AdvanceAttack_purple"],"picked":"ProofOfUnderstanding_purple","floor":7.0},{"not_picked":["Boundary_ObjectiveBoundary_purple","Line_surface_state_purple"],"picked":"WeekHit_purple","floor":8.0},{"not_picked":["DimensionStaggered_purple","Realm_recovery_purpleEX","SfantasyHide_purple"],"picked":"Bait_HighSpeedFlying_purple","floor":10.0},{"not_picked":["MonsterNeedle_purple","AdvanceAttack_purple","RuleDissolution_purple"],"picked":"SharpContractionReality_purple","floor":12.0},{"not_picked":["Worldmountain_purple","Extrememeaning_purpleEX","ButterflyHabitatTemple_purple"],"picked":"StateErode_purple","floor":13.0},{"not_picked":["RuptureOfTimeAndSpace_purple","Extrememeaning_purpleEX","RealityDreamConfluencek_purple","DarkRealmRedLine_purple"],"picked":"SKIP","floor":14.0},{"not_picked":["WasteWire_Metro_purple","Boundary_LifeAndDeath_purple","Theboundaryofcreation_purpleEX"],"picked":"Mirror_TwoAndThreeElementRealm_purple","floor":16.0},{"not_picked":["ExternalForce_HighSpeedFlying_purple","Boundary_ObjectiveBoundary_purple","Yakumo_Ran_purple","Realm_recovery_purpleEX"],"picked":"SKIP","floor":18.0},{"not_picked":["DimensionStaggered_purple+1","Extrememeaning_purpleEX","WorldDissolvedintheRealm_purple"],"picked":"Umbrella_purple","floor":21.0},{"not_picked":["Realm_recovery_purpleEX+1","Boundary_DreamRealityDamnation_purple","StateErode_purple","OmniscientAndOmnipotent_Monster_purple"],"picked":"SKIP","floor":22.0},{"not_picked":["Boundary_LifeAndDeath_purple","RuleDissolution_purple","AdvanceAttack_purple","Computing_the_future_purpleEX"],"picked":"SKIP","floor":23.0},{"not_picked":["ExternalForce_HighSpeedFlying_purple","Mirror_FourBoundary_purple","DimensionStaggered_purple+1","SharpContractionReality_purple"],"picked":"SKIP","floor":24.0},{"not_picked":["Umbrella_purple","Mirror_WaveAndshot_purple","WasteWire_Metro_purple","Charmbait_purple"],"picked":"SKIP","floor":25.0},{"not_picked":["Anti_communist_purple","MNeedle_purple","Realm_recovery_purpleEX"],"picked":"Nest_LightFlightworm_purple","floor":27.0},{"not_picked":["AdvanceAttack_purple","Umbrella_purple+1","Shallow_ocean_purpleEX","Charmbait_purple"],"picked":"SKIP","floor":30.0},{"not_picked":["RuptureOfTimeAndSpace_purple+1","OmniscientAndOmnipotent_Monster_purple","Charmbait_purple","MeetDecomposer_purple"],"picked":"SKIP","floor":31.0},{"not_picked":["Monsters_DoubleDeathButterfly_purple","BarrageBoundary_PipeDream_purple","Computing_the_future_purpleEX"],"picked":"Fancifulhole_purple","floor":33.0},{"not_picked":["Mirror_FormAndEmptin_purple","WeekHit_purple","AdvanceAttack_purple","StateErode_purple"],"picked":"SKIP","floor":35.0},{"not_picked":["AdvanceAttack_purple+1","CommonSense_AntiCommonSense_purple+1","MNeedle_purple","Extrememeaning_purpleEX"],"picked":"SKIP","floor":37.0},{"not_picked":["RuleDissolution_purple","SfantasyHide_purple","OmniscientAndOmnipotent_Monster_purple","PositiveMatter_Antimatter_Universe_purple+1"],"picked":"SKIP","floor":38.0},{"not_picked":["MeetDecomposer_purple","Yakumo_Ran_purple+1","PurpleNeedle_purple","Boundary_ObjectiveBoundary_purple"],"picked":"SKIP","floor":39.0},{"not_picked":["MeetDecomposer_purple","Yakumo_Ran_purple+1","PurpleNeedle_purple","Boundary_ObjectiveBoundary_purple"],"picked":"SKIP","floor":39.0},{"not_picked":["RuleDissolution_purple+1","Mirror_WaveAndshot_purple","WatchEChange_purple","DimensionStaggered_purple"],"picked":"SKIP","floor":42.0},{"not_picked":["AdvanceAttack_purple","Worldmountain_purple","SharpContractionReality_purple"],"picked":"GluttonyofRealm_purpleEX","floor":47},{"not_picked":["Nest_LightFlightworm_purple","StateDuplicate_purple+1","Charmbait_purple","MeetDecomposer_purple"],"picked":"SKIP","floor":48}],"player_experience":15058,"relics_obtained":[{"floor":7.0,"key":"Peace Pipe"},{"floor":9.0,"key":"Question Card"},{"floor":10.0,"key":"HornCleat"},{"floor":14.0,"key":"MealTicket"},{"floor":23.0,"key":"Bottled Flame"},{"floor":25.0,"key":"Art of War"},{"floor":26.0,"key":"ThegodofHakurei_purpleEX"},{"floor":27.0,"key":"Shuriken"},{"floor":42.0,"key":"Gremlin Horn"},{"floor":47,"key":"Regal Pillow"}],"event_choices":[],"is_beta":false,"boss_relics":[{"not_picked":["Velvet Choker","Philosopher\u0027s Stone"],"picked":"Sozu"},{"not_picked":["Seventeenyearold_girl_Forever","Tiny House"],"picked":"Empty Cage"}],"items_purged_floors":[19,45],"is_endless":false,"potions_floor_spawned":[5,12,13,14,21,22,30,35,37,39,48],"ascension_level":1}}