{"host":"d8d3jqle49sogkjv","time":1609619621,"event":{"mods":["BaseMod","Colored Map","Colored Powertips","Minty Spire (QoL Compilation)","StSLib"],"gold_per_floor":[111,127,127,46,61,61,93,43,67,79,79],"floor_reached":10,"playtime":222,"items_purged":[],"score":102,"play_id":"9d775a3e-2301-4893-95ec-82c34e228f7d","local_time":"20210102213341","is_ascension_mode":true,"campfire_choices":[{"data":"Bash","floor":6,"key":"SMITH"}],"circlet_count":0,"master_deck":["AscendersBane","Strike_R","Strike_R","Strike_R","Strike_R","Defend_R","Defend_R","Defend_R","Defend_R","Bash+1","Fire Breathing","Sentinel","Inflame","Rage","Shrug It Off"],"relics":["Burning Blood","NeowsBlessing","Anchor","MawBank"],"acts_visited":["Exordium"],"potions_floor_usage":[],"damage_taken":[{"damage":0,"enemies":"Cultist","floor":1,"turns":1},{"damage":0,"enemies":"Jaw Worm","floor":2,"turns":1},{"damage":0,"enemies":"2 Louse","floor":5,"turns":1},{"damage":35,"enemies":"Lagavulin","floor":7,"turns":7},{"damage":59,"enemies":"Gremlin Nob","floor":10,"turns":4}],"seed_played":"-5679605247000467540","potions_obtained":[],"is_trial":false,"path_per_floor":["M","M","?","$","M","R","E","$","T","E"],"character_chosen":"IRONCLAD","items_purchased":["Inflame","Shrug It Off"],"campfire_rested":0,"item_purchase_floors":[4,8],"current_hp_per_floor":[78,80,80,80,80,80,51,51,51,0,0],"gold":79,"neow_bonus":"THREE_ENEMY_KILL","is_daily":false,"chose_seed":false,"campfire_upgraded":1,"win_rate":0.0,"timestamp":1609619621,"path_taken":["M","M","?","$","?","R","E","$","T","E"],"items_purchased_type":["Card","Card"],"build_version":"2020-12-22","purchased_purges":0,"victory":false,"max_hp_per_floor":[80,80,80,80,80,80,80,80,80,80,80],"card_choices":[{"not_picked":["Headbutt","Heavy Blade"],"picked":"Fire Breathing","floor":1},{"not_picked":["Twin Strike","Sever Soul","Havoc"],"picked":"SKIP","floor":2},{"not_picked":["Fire Breathing","Flex","Wild Strike"],"picked":"SKIP","floor":5},{"not_picked":["Sword Boomerang","Pommel Strike"],"picked":"Rage","floor":7}],"player_experience":356157,"relics_obtained":[{"floor":7,"key":"Anchor"},{"floor":9,"key":"MawBank"}],"event_choices":[{"damage_healed":0,"gold_gain":0,"cards_transformed":["Strike_R"],"player_choice":"Transformed","damage_taken":0,"max_hp_gain":0,"max_hp_loss":0,"event_name":"Transmorgrifier","floor":3,"gold_loss":0,"cards_obtained":["Sentinel"]}],"is_beta":false,"boss_relics":[],"items_purged_floors":[],"is_endless":false,"potions_floor_spawned":[],"killed_by":"Gremlin Nob","ascension_level":11}}