{"host":"minbhrtlkaoly5f0","time":1609595729,"event":{"mods":["Act Like it!","BaseMod","Colored Map","Colored Powertips","Lobotomy","LobotomyExtend","Luminous","Minty Spire (QoL Compilation)","Quick Restart","StSLib"],"gold_per_floor":[110,60,60,74,85,85,117,132,132,162,18,38,38,56,56,154,204,222,137,121,121,121],"floor_reached":21,"playtime":1060,"items_purged":[],"score":331,"play_id":"743d531f-27df-47e5-9e37-555ad226cb72","local_time":"20210102215529","is_ascension_mode":false,"campfire_choices":[{"data":"Hello World","floor":6.0,"key":"SMITH"},{"data":"Redo","floor":13,"key":"SMITH"},{"floor":15,"key":"REST"}],"circlet_count":0,"master_deck":["Strike_B","Strike_B","Strike_B","Defend_B","Defend_B","Defend_B","Defend_B","Zap","Dualcast+1","MeatLantern","Hello World+1","Glacier","Redo+1","ShyLook","OSAHOGD","QueenOfHatred","Capacitor","HappyTeddy","Coolheaded","BigBadWolf","CrumblingArmor","Hello World","BlueStar","Compile Driver+1"],"relics":["Cracked Core","CogitoBucket","LetterFromLob","FaceOfCleric","Mummified Hand","Eternal Feather","LuminousBracelet","Tiny House","Molten Egg 2"],"acts_visited":["Exordium","TheCity"],"potions_floor_usage":[12],"damage_taken":[{"damage":7.0,"enemies":"Small Slimes","floor":1.0,"turns":3.0},{"damage":0.0,"enemies":"Jaw Worm","floor":4.0,"turns":3.0},{"damage":0.0,"enemies":"Cultist","floor":5.0,"turns":3.0},{"damage":0.0,"enemies":"Gremlin Nob","floor":7.0,"turns":4.0},{"damage":0.0,"enemies":"3 Louse","floor":8.0,"turns":6.0},{"damage":50,"enemies":"Exordium Wildlife","floor":12,"turns":5},{"damage":10,"enemies":"Large Slime","floor":14,"turns":7},{"damage":62,"enemies":"The Guardian","floor":16,"turns":18},{"damage":15,"enemies":"Spheric Guardian","floor":18,"turns":4},{"damage":20,"enemies":"2 Thieves","floor":20,"turns":4},{"damage":104,"enemies":"3 Cultists","floor":21,"turns":3}],"seed_played":"4517121150947621962","potions_obtained":[{"floor":4.0,"key":"Fire Potion"},{"floor":5.0,"key":"LiquidBronze"},{"floor":17,"key":"Dexterity Potion"},{"floor":20,"key":"Weak Potion"}],"is_trial":false,"path_per_floor":["M","?","?","M","M","R","E","M","T","?","$","M","R","M","R","B",null,"M","?","M","M"],"character_chosen":"DEFECT","items_purchased":["Electrodynamics"],"campfire_rested":1,"item_purchase_floors":[11],"current_hp_per_floor":[68,68,68,69,74,74,78,79,79,79,79,45,54,55,95,53,102,88,88,83,0,0],"gold":121,"neow_bonus":"","is_daily":false,"chose_seed":false,"campfire_upgraded":2,"win_rate":0.0,"timestamp":1609595729,"path_taken":["M","?","?","M","M","R","E","?","T","?","$","M","R","M","R","BOSS","M","?","M","M"],"items_purchased_type":["Card"],"build_version":"2020-12-22","purchased_purges":0,"victory":false,"max_hp_per_floor":[75,75,75,76,77,77,78,79,79,79,79,95,95,96,96,97,102,103,103,104,104,104],"card_choices":[{"not_picked":["Bloodbath","BigBird"],"picked":"MeatLantern","floor":1.0},{"not_picked":["Compile Driver","Glacier"],"picked":"Hello World","floor":1.0},{"not_picked":["OSAHOGD","UniverseFragment"],"picked":"Scarecrow","floor":4.0},{"not_picked":["Chaos","Ball Lightning"],"picked":"Glacier","floor":4.0},{"not_picked":["Bloodbath","VoidDream"],"picked":"CrumblingArmor","floor":5.0},{"not_picked":["Cold Snap","Leap","Sweeping Beam"],"picked":"SKIP","floor":5.0},{"not_picked":["Sweeping Beam","Steam"],"picked":"Redo","floor":7.0},{"not_picked":["ShyLook","Murderer","GalaxyChild"],"picked":"Singing Bowl","floor":7.0},{"not_picked":["CherryBlossoms","HeroicMonk"],"picked":"ShyLook","floor":7.0},{"not_picked":["Yin","Wellcheers","UniverseFragment"],"picked":"Singing Bowl","floor":8.0},{"not_picked":["GreedKing","Bloodbath"],"picked":"OSAHOGD","floor":8.0},{"not_picked":["Doom and Gloom","Rebound"],"picked":"Defragment","floor":8.0},{"not_picked":["FairyFestival","PunishingBird"],"picked":"QueenOfHatred","floor":12},{"not_picked":["Darkness","Leap"],"picked":"Capacitor","floor":12},{"not_picked":["Bloodbath","Wellcheers"],"picked":"HappyTeddy","floor":14},{"not_picked":["Turbo","Steam"],"picked":"Coolheaded","floor":14},{"not_picked":["Scorched","FairyFestival","NakedNest"],"picked":"Singing Bowl","floor":16},{"not_picked":["BeautyBeast","WallGazer"],"picked":"BigBadWolf","floor":16},{"not_picked":["Murderer","QueenBee"],"picked":"CrumblingArmor","floor":18},{"not_picked":["Rip and Tear","Compile Driver+1"],"picked":"Hello World","floor":18},{"not_picked":["Murderer","RedShoes","WallGazer"],"picked":"Singing Bowl","floor":20},{"not_picked":["CherryBlossoms","Bloodbath"],"picked":"BlueStar","floor":20},{"not_picked":["Undo","FTL+1"],"picked":"Compile Driver+1","floor":20}],"player_experience":21032,"relics_obtained":[{"floor":1.0,"key":"LetterFromLob"},{"floor":7.0,"key":"Mummified Hand"},{"floor":9.0,"key":"Eternal Feather"}],"event_choices":[{"cards_removed":["Strike_B"],"damage_healed":0.0,"max_hp_gain":0.0,"max_hp_loss":0.0,"gold_gain":0.0,"event_name":"The Cleric","player_choice":"Card Removal","floor":2.0,"gold_loss":50.0,"damage_taken":0.0},{"damage_healed":0.0,"max_hp_gain":0.0,"max_hp_loss":0.0,"gold_gain":0.0,"event_name":"FaceTrader","player_choice":"Trade","floor":3.0,"gold_loss":0.0,"damage_taken":0.0,"relics_obtained":["FaceOfCleric"]},{"damage_healed":0.0,"max_hp_gain":0.0,"max_hp_loss":0.0,"gold_gain":30.0,"event_name":"Dead Adventurer","player_choice":"Searched \u00271\u0027 times","floor":10.0,"gold_loss":0.0,"damage_taken":0.0},{"damage_healed":0,"gold_gain":0,"player_choice":"Obtained Relic","damage_taken":0,"relics_obtained":["Molten Egg 2"],"max_hp_gain":0,"max_hp_loss":0,"event_name":"Addict","floor":19,"gold_loss":85}],"is_beta":false,"boss_relics":[{"not_picked":["Sozu","Ectoplasm"],"picked":"Tiny House"}],"items_purged_floors":[],"is_endless":false,"potions_floor_spawned":[4,5,20],"killed_by":"3 Cultists","ascension_level":0}}