{"host":"1qe75caem8li7mer","time":1609617287,"event":{"mods":["BaseMod","Colored Map","Minty Spire (QoL Compilation)","Relic Stats","StSLib"],"gold_per_floor":[111,122,135,135,151,151,182,182,182,215,215,90,90,105,105,105,105],"floor_reached":16,"playtime":686,"items_purged":[],"score":165,"play_id":"29ec6e42-9c87-47d9-aad0-0cafd01722af","local_time":"20210102205447","is_ascension_mode":true,"campfire_choices":[{"data":"Zap","floor":6,"key":"SMITH"},{"floor":11,"key":"REST"},{"data":"Coolheaded","floor":13,"key":"SMITH"},{"floor":15,"key":"REST"}],"circlet_count":0,"master_deck":["AscendersBane","Strike_B","Strike_B","Strike_B","Strike_B","Defend_B","Defend_B","Defend_B","Defend_B","Zap+1","Dualcast","Coolheaded+1","Ball Lightning","Capacitor","Rebound","Cold Snap","Glacier","Self Repair"],"relics":["Cracked Core","Golden Idol","Boot","CultistMask","Toy Ornithopter","Matryoshka"],"acts_visited":[],"potions_floor_usage":[7,14,16,16],"damage_taken":[{"damage":0,"enemies":"Small Slimes","floor":1,"turns":3},{"damage":1,"enemies":"Cultist","floor":2,"turns":4},{"damage":5,"enemies":"Jaw Worm","floor":3,"turns":4},{"damage":1,"enemies":"Blue Slaver","floor":5,"turns":3},{"damage":22,"enemies":"3 Sentries","floor":7,"turns":7},{"damage":37,"enemies":"Gremlin Nob","floor":10,"turns":5},{"damage":4,"enemies":"Gremlin Gang","floor":14,"turns":5},{"damage":55,"enemies":"Slime Boss","floor":16,"turns":8}],"seed_played":"4372578956367249542","potions_obtained":[{"floor":3,"key":"FocusPotion"},{"floor":5,"key":"Strength Potion"},{"floor":10,"key":"DistilledChaos"}],"is_trial":false,"path_per_floor":["M","M","M","?","M","R","E","?","T","E","R","$","R","M","R","B"],"character_chosen":"DEFECT","items_purchased":["Glacier","Energy Potion"],"campfire_rested":2,"item_purchase_floors":[12,12],"current_hp_per_floor":[68,67,62,62,61,61,39,39,39,2,22,22,22,23,43,0,0],"gold":105,"neow_bonus":"THREE_CARDS","is_daily":false,"chose_seed":false,"campfire_upgraded":2,"win_rate":0.0,"timestamp":1609617287,"path_taken":["M","M","M","?","M","R","E","?","T","E","R","$","R","M","R","BOSS"],"items_purchased_type":["Card","Potion"],"build_version":"2020-12-22","purchased_purges":0,"victory":false,"max_hp_per_floor":[75,75,75,69,69,69,69,69,69,69,69,69,69,69,69,69,69],"relic_stats":{"counters":[8,39],"Golden Idol":19,"Boot":[3],"obtain_stats":[{"Matryoshka":10,"Golden Idol":4,"CultistMask":8,"Cracked Core":0,"Boot":7,"Toy Ornithopter":9},{"Matryoshka":6,"Golden Idol":3,"CultistMask":5,"Cracked Core":0,"Boot":5,"Toy Ornithopter":5},{"Matryoshka":26,"Golden Idol":11,"CultistMask":21,"Cracked Core":0,"Boot":21,"Toy Ornithopter":21}],"Toy Ornithopter":15},"card_choices":[{"not_picked":["Blizzard","Undo"],"picked":"Coolheaded","floor":0},{"not_picked":["Melter","Turbo"],"picked":"Ball Lightning","floor":1},{"not_picked":["Undo","Stack"],"picked":"Capacitor","floor":2},{"not_picked":["Hologram","Aggregate"],"picked":"Rebound","floor":3},{"not_picked":["Streamline","Hello World","Rebound"],"picked":"SKIP","floor":5},{"not_picked":["Hologram","Blizzard"],"picked":"Cold Snap","floor":7},{"not_picked":["Reprogram","Lockon","Stack"],"picked":"SKIP","floor":10},{"not_picked":["Force Field","Hologram"],"picked":"Self Repair","floor":14}],"player_experience":1032966,"relics_obtained":[{"floor":7,"key":"Boot"},{"floor":9,"key":"Toy Ornithopter"},{"floor":10,"key":"Matryoshka"}],"event_choices":[{"damage_healed":0,"gold_gain":0,"player_choice":"Lose Max HP","damage_taken":0,"relics_obtained":["Golden Idol"],"max_hp_gain":0,"max_hp_loss":6,"event_name":"Golden Idol","floor":4,"gold_loss":0},{"damage_healed":0,"gold_gain":0,"player_choice":"Trade","damage_taken":0,"relics_obtained":["CultistMask"],"max_hp_gain":0,"max_hp_loss":0,"event_name":"FaceTrader","floor":8,"gold_loss":0}],"is_beta":false,"boss_relics":[],"items_purged_floors":[],"is_endless":false,"potions_floor_spawned":[3,5,10],"killed_by":"Slime Boss","ascension_level":10}}