{"host":"1crm1wqzecbouw32","time":1609575380,"event":{"mods":["AchievementEnabler","BaseMod","Better Third Choice","BetterRewards","Card Forge","Colored Powertips","DeckTracker","Defuse TimeMaze Blight","Downfall","Googly Eyes","Halation","Hermit","Hubris","Infinite Spire","Marisa????????","Minty Spire (QoL Compilation)","Prisma Mod","Quick Restart","Rare Cards Sparkle","Replay The Spire","StSLib","SuperFastMode","The IronCluck","The Servant 0.9.4","Unceasing Turn Reminder","Waifu the Spire"],"gold_per_floor":[119,139,109,121,141,141,141,141,193,203,219,14,52,79,79,177,177,196,40,51,73,73,73,107,107,181,181,197,197,230,235,235],"floor_reached":31,"playtime":2102,"items_purged":["hubris:Lust"],"score":302,"play_id":"348956f8-07c4-4242-8135-b4c1eb1bcfff","local_time":"20210102001620","is_ascension_mode":false,"campfire_choices":[{"data":"hermit:Ricochet","floor":6,"key":"SMITH"},{"data":"hermit:BigShot","floor":8,"key":"SMITH"},{"data":"hermit:DeadMansHand","floor":15,"key":"SMITH"},{"data":"Replay:SS_hec_2","floor":23,"key":"SMITH"},{"data":"hermit:CursedWeapon","floor":25,"key":"SMITH"}],"circlet_count":0,"master_deck":["hermit:Strike_Hermit","hermit:Strike_Hermit","hermit:Strike_Hermit","hermit:Strike_Hermit","hermit:Defend_Hermit","hermit:Defend_Hermit","hermit:Defend_Hermit","hermit:Defend_Hermit","hermit:Snapshot","hermit:Covet","hermit:Horror","hermit:BigShot","hermit:BigShot+1","hermit:Ricochet+1","Pain","hermit:Scavenge","hermit:GhostlyPresence","Replay:SS_hec_2+1","hermit:BigShot","hermit:CalledShot","hermit:Reprieve","hermit:DeadMansHand+1","hermit:Magnum","ReplayTheSpireMod:Doomed","ReplayTheSpireMod:Faulty Equipment","hermit:Showdown","hermit:Brawl","hermit:Ricochet","hermit:TakeAim","hermit:CursedWeapon+1","hermit:EyeOfTheStorm+1","hermit:Glare+1","hermit:ItchyTrigger"],"relics":["hermit:Momento","Hammer of Thor","Seething Fire","Anvil of the Gods","WarpedTongs","halation:BottledLove","Replay:Ancient Bell","Tiny Chest","hubris:MysteriousPyramids","Du-Vu Doll","Nilry\u0027s Codex","HornCleat","halation:WeightlessCrab","halation:PinkSoulGem","Bottled Flame","Pear"],"acts_visited":["Exordium","TheCity"],"potions_floor_usage":[30,30,30],"damage_taken":[{"damage":7,"enemies":"Small Slimes","floor":1,"turns":5},{"damage":1,"enemies":"Cultist","floor":2,"turns":3},{"damage":1,"enemies":"2 Louse","floor":4,"turns":3},{"damage":2,"enemies":"Gremlin Gang","floor":5,"turns":5},{"damage":11,"enemies":"Exordium Thugs","floor":10,"turns":4},{"damage":9,"enemies":"Looter","floor":11,"turns":4},{"damage":4,"enemies":"3 Sentries","floor":13,"turns":10},{"damage":0,"enemies":"Large Slime","floor":14,"turns":6},{"damage":15,"enemies":"Hexaghost","floor":16,"turns":10},{"damage":2,"enemies":"Spheric Guardian","floor":18,"turns":4},{"damage":17,"enemies":"Shell Parasite","floor":20,"turns":3},{"damage":4,"enemies":"Snecko","floor":21,"turns":7},{"damage":3,"enemies":"Replay:Snechameleon","floor":24,"turns":6},{"damage":2,"enemies":"Snake Plant","floor":28,"turns":4},{"damage":28,"enemies":"Gremlin Leader","floor":30,"turns":7},{"damage":20,"enemies":"Chosen and Byrds","floor":31,"turns":5}],"seed_played":"-5603782252551297865","potions_obtained":[{"floor":1,"key":"BlessingOfTheForge"},{"floor":3,"key":"SpeedPotion"},{"floor":3,"key":"Flashbang"},{"floor":4,"key":"hermit:Tonic"},{"floor":20,"key":"champ:CounterPotion"},{"floor":24,"key":"PowerPotion"}],"is_trial":false,"path_per_floor":["M","M","?","M","M","R","?","R","T","M","M","$","E","M","R","B",null,"M","$","M","M","?","R","E","R","T","?","M","T","E","M"],"character_chosen":"HERMIT","items_purchased":["Replay:SS_hec_2","hermit:BigShot","hermit:CalledShot","hermit:Brawl","hermit:Ricochet"],"campfire_rested":0,"item_purchase_floors":[12,12,12,19,19],"current_hp_per_floor":[75,74,74,73,71,71,71,71,71,60,51,51,47,47,47,36,82,80,80,63,59,43,43,40,40,40,40,38,38,20,0,0],"gold":235,"neow_bonus":"TEN_PERCENT_HP_BONUS","is_daily":false,"chose_seed":false,"campfire_upgraded":5,"win_rate":0.0,"timestamp":1609575380,"path_taken":["M","M","?","M","?","R","?","R","T","M","M","$","E","M","R","BOSS","M","$","?","M","?","R","E","R","T","?","M","?","E","?"],"items_purchased_type":["Card","Card","Card","Card","Card"],"build_version":"2020-12-22","purchased_purges":1,"victory":false,"max_hp_per_floor":[82,82,82,82,82,82,82,82,82,82,82,82,82,82,82,82,82,82,82,82,82,82,82,82,82,82,82,82,82,92,92,92],"card_choices":[{"not_picked":["hermit:TrackingShot","hermit:HighCaliber"],"picked":"hermit:Horror","floor":1},{"not_picked":["hermit:SprayPray","hermit:HoleUp"],"picked":"hermit:BigShot","floor":2},{"not_picked":["hermit:Ricochet","hermit:Misfire"],"picked":"hermit:BigShot","floor":4},{"not_picked":["hermit:Horror","hermit:Feint"],"picked":"hermit:Ricochet","floor":5},{"not_picked":["hermit:Ricochet","hermit:SprayPray"],"picked":"hermit:Scavenge","floor":10},{"not_picked":["hermit:Malice","hermit:BigShot"],"picked":"hermit:GhostlyPresence","floor":11},{"not_picked":["hermit:Coalescence","hermit:Snipe"],"picked":"hermit:Reprieve","floor":13},{"not_picked":["hermit:Malice","hermit:ItchyTrigger"],"picked":"hermit:DeadMansHand","floor":14},{"not_picked":["hermit:OverwhelmingPower","hermit:HighNoon"],"picked":"hermit:Magnum","floor":16},{"not_picked":["hubris:Sloth","hubris:Gluttony"],"picked":"ReplayTheSpireMod:Doomed","floor":17},{"not_picked":["Languid","hexamod:Haunted"],"picked":"ReplayTheSpireMod:Faulty Equipment","floor":17},{"not_picked":["hubris:Wrath","hubris:Sloth"],"picked":"hubris:Lust","floor":17},{"not_picked":["hermit:Coalescence","hermit:Feint"],"picked":"hermit:Showdown","floor":18},{"not_picked":["hermit:Roulette+1","hermit:Roughhouse"],"picked":"hermit:TakeAim","floor":20},{"not_picked":["hermit:ItchyTrigger","hermit:GhostlyPresence"],"picked":"hermit:CursedWeapon","floor":21},{"not_picked":["hermit:HighCaliber","hermit:Dive"],"picked":"hermit:EyeOfTheStorm+1","floor":24},{"not_picked":["hermit:Quickdraw","hermit:Headshot"],"picked":"hermit:Glare+1","floor":28},{"not_picked":["hermit:Roulette","hermit:Desperado+1"],"picked":"hermit:ItchyTrigger","floor":30}],"player_experience":220731,"relics_obtained":[{"floor":13,"key":"halation:BottledLove"},{"floor":22,"key":"Nilry\u0027s Codex"},{"floor":24,"key":"HornCleat"},{"floor":26,"key":"halation:WeightlessCrab"},{"floor":29,"key":"Bottled Flame"},{"floor":30,"key":"Pear"}],"event_choices":[{"damage_healed":0,"gold_gain":0,"player_choice":"Bought 2 Potions","damage_taken":0,"max_hp_gain":0,"max_hp_loss":0,"event_name":"The Woman in Blue","floor":3,"gold_loss":0},{"damage_healed":0,"gold_gain":0,"player_choice":"Rummage","damage_taken":0,"relics_obtained":["WarpedTongs"],"max_hp_gain":0,"max_hp_loss":0,"event_name":"Accursed Blacksmith","floor":7,"gold_loss":0,"cards_obtained":["Pain"]},{"damage_healed":0,"gold_gain":0,"player_choice":"Obtained Book","damage_taken":16,"max_hp_gain":0,"max_hp_loss":0,"event_name":"Cursed Tome","floor":22,"gold_loss":0}],"is_beta":false,"boss_relics":[{"not_picked":["Runic Pyramid","infinitespire:Cupcake"],"picked":"Replay:Ancient Bell"},{"not_picked":["ReplayFunnel","MealTicket"],"picked":"Tiny Chest"},{"not_picked":["Garlic","hubris:Reverence"],"picked":"hubris:MysteriousPyramids"},{"not_picked":["Gambling Chip","Lizard Tail"],"picked":"Du-Vu Doll"}],"items_purged_floors":[19],"is_endless":false,"potions_floor_spawned":[1,4,11,14,20,21,24],"killed_by":"Chosen and Byrds","ascension_level":0}}