{"host":"y2qjvfum100bh0ui","time":1609568365,"event":{"mods":["AchievementEnabler","BaseMod","Marisa£®ÏF”Í°°ƒß¿Ì…≥£©","Minty Spire (QoL Compilation)","StSLib"],"gold_per_floor":[113,130,148,148,98,98,108,108,133,133,133,149,174,201,201,298,298,314,333,333,348,193,193,203,238,264,264,2,22,22,22,22,121,121,136,136,154,9,28,28,28],"floor_reached":40,"playtime":1763,"items_purged":[],"score":406,"play_id":"1cf61d73-da30-4bc4-9181-4e6b40db9f87","local_time":"20210102141925","is_ascension_mode":false,"campfire_choices":[{"data":"Flex","floor":6,"key":"SMITH"},{"data":"Rampage","floor":8,"key":"SMITH"},{"data":"Headbutt","floor":10,"key":"SMITH"},{"data":"Spot Weakness","floor":15,"key":"SMITH"},{"data":"Flame Barrier","floor":23,"key":"SMITH"},{"data":"Infernal Blade","floor":27,"key":"SMITH"},{"data":"Offering","floor":30,"key":"SMITH"},{"data":"Reaper","floor":32,"key":"SMITH"}],"circlet_count":0,"master_deck":["Strike_R","Strike_R","Strike_R","Strike_R","Defend_R","Defend_R","Defend_R","Bash","Headbutt+1","Flex+1","Rampage+1","Infernal Blade+1","Spot Weakness+1","Reaper+1","Offering+1","CurseOfTheBell","Perfected Strike+1","Rampage+1","Metallicize+1","Flame Barrier+1","Hemokinesis","Strike_R","Barricade+1"],"relics":["Burning Blood","Strawberry","Anchor","Happy Flower","Odd Mushroom","Letter Opener","Calling Bell","Nunchaku","Frozen Egg 2","Champion Belt","InkBottle","Oddly Smooth Stone","Meat on the Bone","Runic Pyramid","Bag of Preparation"],"acts_visited":["Exordium","TheCity","TheBeyond"],"potions_floor_usage":[14,21,33,33,33,39,39,40],"damage_taken":[{"damage":0,"enemies":"2 Louse","floor":1,"turns":2},{"damage":3,"enemies":"Small Slimes","floor":2,"turns":3},{"damage":10,"enemies":"Jaw Worm","floor":3,"turns":4},{"damage":30,"enemies":"Exordium Thugs","floor":7,"turns":5},{"damage":0,"enemies":"Looter","floor":12,"turns":2},{"damage":4,"enemies":"The Mushroom Lair","floor":13,"turns":4},{"damage":18,"enemies":"Lagavulin","floor":14,"turns":3},{"damage":31,"enemies":"Slime Boss","floor":16,"turns":9},{"damage":6,"enemies":"2 Thieves","floor":18,"turns":3},{"damage":6,"enemies":"Chosen","floor":19,"turns":3},{"damage":21,"enemies":"Shelled Parasite and Fungi","floor":21,"turns":4},{"damage":6,"enemies":"Snecko","floor":24,"turns":3},{"damage":33,"enemies":"Slavers","floor":25,"turns":5},{"damage":12,"enemies":"Cultist and Chosen","floor":29,"turns":3},{"damage":65,"enemies":"Collector","floor":33,"turns":9},{"damage":44,"enemies":"3 Darklings","floor":35,"turns":6},{"damage":13,"enemies":"3 Shapes","floor":37,"turns":5},{"damage":26,"enemies":"Writhing Mass","floor":39,"turns":5},{"damage":68,"enemies":"Nemesis","floor":40,"turns":5}],"seed_played":"7590562571895812784","potions_obtained":[{"floor":2,"key":"GamblersBrew"},{"floor":3,"key":"FearPotion"},{"floor":16,"key":"LiquidBronze"},{"floor":24,"key":"Regen Potion"},{"floor":25,"key":"AttackPotion"},{"floor":29,"key":"Fire Potion"},{"floor":33,"key":"Swift Potion"},{"floor":35,"key":"Block Potion"},{"floor":37,"key":"PowerPotion"},{"floor":39,"key":"LiquidMemories"}],"is_trial":false,"path_per_floor":["M","M","M","?","?","R","M","R","T","R","?","M","?","E","R","B",null,"M","M","?","M","$","R","M","E","T","R","$","M","R","?","R","B",null,"M","?","M","$","M","E"],"character_chosen":"IRONCLAD","items_purchased":["Metallicize+1","Flame Barrier","Meat on the Bone","Bag of Preparation"],"campfire_rested":0,"item_purchase_floors":[22,22,28,38],"current_hp_per_floor":[87,87,83,83,83,83,59,59,59,59,52,58,60,48,48,29,87,87,87,87,84,84,84,87,60,60,60,60,74,74,74,74,48,87,61,61,74,74,54,0,0],"gold":28,"neow_bonus":"RANDOM_COMMON_RELIC","is_daily":false,"chose_seed":false,"campfire_upgraded":8,"win_rate":0.0,"timestamp":1609568365,"path_taken":["M","M","M","?","?","R","M","R","T","R","?","M","?","E","R","BOSS","M","M","?","M","?","R","M","E","T","R","$","M","R","?","R","BOSS","M","?","M","$","M","E"],"items_purchased_type":["Card","Card","Relic","Relic"],"build_version":"2020-12-22","purchased_purges":0,"victory":false,"max_hp_per_floor":[87,87,87,87,87,87,87,87,87,87,87,87,87,87,87,87,87,87,87,87,87,87,87,87,87,87,87,87,87,87,87,87,87,87,87,87,87,87,87,87,87],"card_choices":[{"not_picked":["Sword Boomerang","Entrench"],"picked":"Headbutt","floor":1},{"not_picked":["Perfected Strike","Sword Boomerang"],"picked":"Flex","floor":2},{"not_picked":["Clothesline","Twin Strike","Clash"],"picked":"SKIP","floor":3},{"not_picked":["Combust","Clash"],"picked":"Rampage","floor":7},{"not_picked":["Pommel Strike","Armaments"],"picked":"Infernal Blade","floor":12},{"not_picked":["Flex","Intimidate"],"picked":"Spot Weakness","floor":13},{"not_picked":["Fire Breathing","Anger"],"picked":"Reaper","floor":14},{"not_picked":["Double Tap","Demon Form"],"picked":"Offering","floor":16},{"not_picked":["True Grit","Thunderclap+1","Clash"],"picked":"SKIP","floor":18},{"not_picked":["Clothesline","Juggernaut+1"],"picked":"Perfected Strike","floor":19},{"not_picked":["Cleave","Reckless Charge+1"],"picked":"Rampage+1","floor":21},{"not_picked":["Seeing Red","Reckless Charge"],"picked":"Hemokinesis","floor":24},{"not_picked":["Flame Barrier","Twin Strike+1","Heavy Blade+1"],"picked":"SKIP","floor":25},{"not_picked":["Thunderclap","Rampage+1","Clothesline"],"picked":"SKIP","floor":29},{"not_picked":["Reaper","Feed"],"picked":"Barricade+1","floor":33},{"not_picked":["Pommel Strike+1","Warcry","Sword Boomerang+1"],"picked":"SKIP","floor":35},{"not_picked":["True Grit+1","Thunderclap+1","Warcry"],"picked":"SKIP","floor":37},{"not_picked":["Cleave+1","Clash+1","Second Wind+1"],"picked":"SKIP","floor":39}],"player_experience":26642,"relics_obtained":[{"floor":9,"key":"Anchor"},{"floor":13,"key":"Odd Mushroom"},{"floor":14,"key":"Letter Opener"},{"floor":17,"key":"Nunchaku"},{"floor":17,"key":"Frozen Egg 2"},{"floor":17,"key":"Champion Belt"},{"floor":25,"key":"InkBottle"},{"floor":26,"key":"Oddly Smooth Stone"}],"event_choices":[{"damage_healed":0,"gold_gain":0,"player_choice":"Ignored","damage_taken":0,"max_hp_gain":0,"max_hp_loss":0,"event_name":"Liars Game","floor":4,"gold_loss":0},{"cards_removed":["Strike_R"],"damage_healed":0,"gold_gain":0,"player_choice":"Card Removal","damage_taken":0,"max_hp_gain":0,"max_hp_loss":0,"event_name":"The Cleric","floor":5,"gold_loss":50},{"damage_healed":0,"gold_gain":0,"player_choice":"Success","damage_taken":7,"relics_obtained":["Happy Flower"],"max_hp_gain":0,"max_hp_loss":0,"event_name":"Scrap Ooze","floor":11,"gold_loss":0},{"damage_healed":0,"gold_gain":0,"player_choice":"Fought Mushrooms","damage_taken":0,"max_hp_gain":0,"max_hp_loss":0,"event_name":"Mushrooms","floor":13,"gold_loss":0},{"damage_healed":0,"gold_gain":0,"player_choice":"Upgraded","damage_taken":0,"max_hp_gain":0,"max_hp_loss":0,"event_name":"Upgrade Shrine","floor":20,"gold_loss":0,"cards_upgraded":["Perfected Strike"]},{"cards_removed":["Defend_R"],"damage_healed":0,"gold_gain":0,"player_choice":"Took Card","damage_taken":0,"max_hp_gain":0,"max_hp_loss":0,"event_name":"NoteForYourself","floor":31,"gold_loss":0,"cards_obtained":["Strike_R"]},{"damage_healed":0,"gold_gain":0,"player_choice":"Memory 1","damage_taken":0,"max_hp_gain":0,"max_hp_loss":0,"event_name":"SensoryStone","floor":36,"gold_loss":0}],"is_beta":false,"boss_relics":[{"not_picked":["Busted Crown","Fusion Hammer"],"picked":"Calling Bell"},{"not_picked":["SacredBark","Sozu"],"picked":"Runic Pyramid"}],"items_purged_floors":[],"is_endless":false,"potions_floor_spawned":[2,3,16,24,25,29,33,35,37,39],"killed_by":"Nemesis","ascension_level":0}}