{"host":"yck2t2q3ro7hf56e","time":1609594468,"event":{"mods":["Act Like it!","Arknights The Spire","BaseMod","Custom Start","DNKmod","Friendly Minions","Hubris","Minty Spire (QoL Compilation)","Quick Restart","Rare Cards Sparkle","Replay The Spire","Slay the Relics Exporter","StSLib","The Construct","The Marked","Virulent Crown"],"gold_per_floor":[10013,9483,9483,9497,9508,9541,9554,9554,9578,9609,9628,9639,9639,9649,9649,9745,9745,9759,9771,9783,9783,9794,9794,9794],"floor_reached":23,"playtime":1963,"items_purged":[],"score":282,"play_id":"ccb6fe2b-4648-4e32-949f-2cea9d625518","local_time":"20210102133428","is_ascension_mode":false,"campfire_choices":[{"data":"Heavy Blade","floor":8,"key":"SMITH"},{"data":"Massacre+1","floor":15,"key":"PURGE"}],"circlet_count":0,"master_deck":["Strike_R","Strike_R","Strike_R","Strike_R","Strike_R","Defend_R","Defend_R","Defend_R","Defend_R","Bash","hubris:SharpeningStone","Heavy Blade+1","Spot Weakness","Inflame","ReplayTheSpireMod:Muscle Training"],"relics":["Burning Blood","Bag of Marbles","Red Skull","Toolbox","Boot","MealTicket","Potion Belt","Replay:Bronze Core"],"acts_visited":["Exordium","TheCity"],"potions_floor_usage":[6,10,12,16],"damage_taken":[{"damage":0,"enemies":"Small Slimes","floor":1,"turns":2},{"damage":6,"enemies":"Cultist","floor":4,"turns":3},{"damage":0,"enemies":"Jaw Worm","floor":5,"turns":1},{"damage":1,"enemies":"Lagavulin","floor":6,"turns":4},{"damage":11,"enemies":"Exordium Wildlife","floor":7,"turns":4},{"damage":0,"enemies":"Gremlin Nob","floor":10,"turns":2},{"damage":7,"enemies":"Blue Slaver","floor":11,"turns":3},{"damage":0,"enemies":"Large Slime","floor":12,"turns":1},{"damage":10,"enemies":"Looter","floor":14,"turns":2},{"damage":558,"enemies":"Hexaghost","floor":16,"turns":5},{"damage":8,"enemies":"3 Byrds","floor":18,"turns":5},{"damage":25,"enemies":"Shell Parasite","floor":19,"turns":6},{"damage":38,"enemies":"Chosen and Byrds","floor":20,"turns":6},{"damage":25,"enemies":"Shelled Parasite and Fungi","floor":22,"turns":3},{"damage":17,"enemies":"Book of Stabbing","floor":23,"turns":2}],"seed_played":"7706248673183245505","potions_obtained":[{"floor":4,"key":"Block Potion"},{"floor":7,"key":"SteroidPotion"},{"floor":10,"key":"Adrenaline Potion"},{"floor":12,"key":"DuplicationPotion"}],"is_trial":false,"path_per_floor":["M","$","?","M","M","E","M","R","T","E","M","M","?","M","R","B",null,"M","M","M","?","M","E"],"character_chosen":"IRONCLAD","items_purchased":["Bag of Marbles","Red Skull","Toolbox","Massacre"],"campfire_rested":0,"item_purchase_floors":[2,2,2,2],"current_hp_per_floor":[1100,1100,1100,1100,1100,1100,1095,1095,1095,1100,1099,1100,1100,1096,1096,544,1100,1098,1079,1047,1047,1028,1011,1011],"gold":9794,"neow_bonus":"TEN_PERCENT_HP_BONUS","is_daily":false,"chose_seed":false,"campfire_upgraded":1,"win_rate":0.0,"timestamp":1609594468,"path_taken":["M","$","?","M","M","E","M","R","T","E","M","M","?","M","R","BOSS","M","M","?","?","?","E"],"items_purchased_type":["Relic","Relic","Relic","Card"],"build_version":"2020-12-22","purchased_purges":0,"victory":false,"max_hp_per_floor":[1100,1100,1100,1100,1100,1100,1100,1100,1100,1100,1100,1100,1100,1100,1100,1100,1100,1100,1100,1100,1100,1100,1100,1100],"card_choices":[{"not_picked":["Flex","Wild Strike","Intimidate"],"picked":"SKIP","floor":1},{"not_picked":["Battle Trance","Massacre"],"picked":"hubris:SharpeningStone","floor":4},{"not_picked":["Run Through","True Grit"],"picked":"Heavy Blade","floor":5},{"not_picked":["Cleave","Replay:Undeath\u0027s Touch","Infernal Blade"],"picked":"SKIP","floor":6},{"not_picked":["Fire Breathing","True Grit","Wild Strike"],"picked":"SKIP","floor":7},{"not_picked":["True Grit","Dark Embrace","Seeing Red"],"picked":"SKIP","floor":10},{"not_picked":["Perfected Strike","True Grit"],"picked":"Spot Weakness","floor":11},{"not_picked":["Reckless Charge","ReplayTheSpireMod:Strike From Hell","Flex"],"picked":"SKIP","floor":12},{"not_picked":["Dual Wield","Dropkick"],"picked":"Inflame","floor":14},{"not_picked":["Thunderclap","Sword Boomerang","Massacre"],"picked":"SKIP","floor":18},{"not_picked":["True Grit","Armaments","Disarm"],"picked":"SKIP","floor":19},{"not_picked":["Havoc","Headbutt","Perfected Strike+1"],"picked":"SKIP","floor":20},{"not_picked":["ReplayTheSpireMod:Stacked","Flex+1","Reckless Charge+1"],"picked":"SKIP","floor":22}],"player_experience":134309,"relics_obtained":[{"floor":6,"key":"Boot"},{"floor":9,"key":"MealTicket"},{"floor":10,"key":"Potion Belt"}],"event_choices":[{"damage_healed":0,"gold_gain":0,"player_choice":"0 cards matched","damage_taken":0,"max_hp_gain":0,"max_hp_loss":0,"event_name":"Match and Keep!","floor":13,"gold_loss":0,"cards_obtained":[]},{"damage_healed":0,"gold_gain":0,"player_choice":"Read","damage_taken":0,"max_hp_gain":0,"max_hp_loss":0,"event_name":"The Library","floor":21,"gold_loss":0,"cards_obtained":["ReplayTheSpireMod:Muscle Training"]}],"is_beta":false,"boss_relics":[{"not_picked":["hubris:Stopwatch","Honey Jar"],"picked":"Replay:Bronze Core"}],"items_purged_floors":[],"is_endless":false,"potions_floor_spawned":[4,7,10,12,20],"killed_by":"Book of Stabbing","ascension_level":0}}