{"host":"xx5zt3jtdyh8iun7","time":1609604033,"event":{"mods":["AchievementEnabler","Act Like it!","BaseMod","Bestiary","Downfall","Minty Spire (QoL Compilation)","Replay The Spire","StSLib"],"gold_per_floor":[99,99,99,99,24,299,299,313,348,359,359,389,9,9,19,116,116,41,51,68,53,67,87,168,53,88,105,30,30,30,40,59,156,156,156,169,169,189,381,54,77,130,55,91,116,134,134,134,161,161,161,188,35,35,45],"floor_reached":56,"playtime":9136,"items_purged":["Pain","Regret","ReplayTheSpireMod:Splinters"],"score":1537,"play_id":"37d0cc5b-39a7-400c-a30f-fc0dd93ebf1e","local_time":"20210102171353","is_ascension_mode":true,"campfire_choices":[{"data":"sneckomod:SnekBite","floor":1,"key":"SMITH"},{"data":"sneckomod:UnknownRarePower","floor":11,"key":"SMITH"},{"data":"Amnesia","floor":18,"key":"PURGE"},{"floor":28,"key":"REST"},{"floor":35,"key":"RECALL"},{"data":"Seek","floor":43,"key":"SMITH"},{"data":"1","floor":47,"key":"LIFT"},{"data":"sneckomod:UnlimitedRolls","floor":54,"key":"SMITH"}],"circlet_count":0,"master_deck":["sneckomod:TailWhip","sneckomod:SnekBite+1","sneckomod:Unknown","sneckomod:Unknown","sneckomod:UnknownEthereal","sneckomod:CheapStock","sneckomod:RainOfDice","sneckomod:UnknownBlock+2","hexamod:ThirdSeal","sneckomod:UnknownRarePower+1","sneckomod:UnknownEthereal","sneckomod:MorePower","sneckomod:SoulRoll","sneckomod:Mudshield","sneckomod:UnknownRareAttack+1","sneckomod:Nope","sneckomod:UnknownRarePower+1","sneckomod:SnakeSap+1","sneckomod:UnknownColorless+1","sneckomod:SerpentMind","sneckomod:UnknownClassBLUE+1","sneckomod:TrashToTreasure","sneckomod:UnknownUncommonPower+1","sneckomod:SoulRoll+1","sneckomod:SnekBeam+1","sneckomod:Unknown3Cost+1","sneckomod:SerpentIdol+1","sneckomod:UnknownColorless+1","sneckomod:UnknownClassGUARDIAN+1","sneckomod:SoulCleanse+1","sneckomod:UnknownVulnerable+1","sneckomod:UnknownRareSkill+1","sneckomod:PureSnecko","sneckomod:UnknownColorless+1","sneckomod:Unknown2Cost+1","sneckomod:UnknownExhaust+1","sneckomod:Mudshield","sneckomod:UnknownStrength","sneckomod:UnknownClassRED","sneckomod:UnknownColorless","sneckomod:UnknownClassGREEN","sneckomod:UnknownRarePower","sneckomod:UnknownVulnerable","sneckomod:PureSnecko+1","sneckomod:UnknownUncommonSkill+1","sneckomod:SoulCleanse","Seek+1","sneckomod:UnknownColorless","sneckomod:UnknownClassRED+1","sneckomod:UnknownRareAttack","sneckomod:UnknownClassPURPLE+1","sneckomod:UnknownVulnerable+1","sneckomod:GlitteringGambit","sneckomod:TrashToTreasure+1","expansioncontent:Chronoboost","expansioncontent:YouAreMine","expansioncontent:PrepareCrush","sneckomod:UnknownWeak+1","sneckomod:SnakeSap","sneckomod:DiceCrush+1","sneckomod:IronFang+1","sneckomod:UnknownClassGUARDIAN+1","sneckomod:SerpentIdol","sneckomod:DiceBlock","sneckomod:SoulRoll+1","sneckomod:UnknownClassBLUE+1","sneckomod:QuickMove+1","sneckomod:UnknownBlock+1","sneckomod:UnknownEthereal+1","sneckomod:UnknownClassGREEN+1","sneckomod:Transmogrify","sneckomod:UnknownClassSLIMEBOUND+1","sneckomod:SoulRoll+1","sneckomod:UnknownEthereal+1","sneckomod:UnknownColorless","sneckomod:SoulRoll+1","sneckomod:MasterEye+1","sneckomod:UnknownRareSkill+1","sneckomod:SlitherStrike+1","sneckomod:Restock","sneckomod:UnknownWeak+1","sneckomod:SlitherStrike+1","sneckomod:UnlimitedRolls+1"],"relics":["sneckomod:SneckoSoul","downfall:HeartsMalice","WarpedTongs","Durian","Pen Nib","Torii","Ice Cream","SlaversCollar","downfall:HeartBlessingGreen","Replay:Ringing Soul","downfall:HeartBlessingBlue","Prayer Wheel","Blue Candle","Bottled Lightning","Replay:Baseball","Prayer Wheel","downfall:HeartBlessingRed","Girya","ReplayTheSpireMod:Ninjato","Lizard Tail"],"acts_visited":["Exordium","TheCity","TheBeyond","TheEnding"],"potions_floor_usage":[10,10,15,23,25,33,36,42,52,52,55],"damage_taken":[{"damage":0,"enemies":"2 Louse","floor":2,"turns":1},{"damage":0,"enemies":"Cultist","floor":4,"turns":1},{"damage":0,"enemies":"downfall:FleeingMerchant","floor":5,"turns":1},{"damage":2,"enemies":"Small Slimes","floor":8,"turns":2},{"damage":24,"enemies":"Gremlin Nob","floor":9,"turns":4},{"damage":30,"enemies":"Gremlin Gang","floor":10,"turns":5},{"damage":6,"enemies":"Replay:BlueRogue","floor":12,"turns":6},{"damage":24,"enemies":"downfall:FleeingMerchant","floor":13,"turns":4},{"damage":17,"enemies":"Exordium Wildlife","floor":15,"turns":4},{"damage":14,"enemies":"downfall:Watcher","floor":16,"turns":8},{"damage":10,"enemies":"Shell Parasite","floor":19,"turns":6},{"damage":17,"enemies":"3 Byrds","floor":20,"turns":6},{"damage":1,"enemies":"downfall:FleeingMerchant","floor":21,"turns":4},{"damage":20,"enemies":"Sentry and Sphere","floor":22,"turns":6},{"damage":3,"enemies":"Snake Plant","floor":23,"turns":5},{"damage":5,"enemies":"downfall:FleeingMerchant","floor":25,"turns":4},{"damage":23,"enemies":"Slavers","floor":26,"turns":6},{"damage":19,"enemies":"Centurion and Healer","floor":27,"turns":6},{"damage":4,"enemies":"Cultist and Chosen","floor":31,"turns":6},{"damage":36,"enemies":"Chosen and Byrds","floor":32,"turns":8},{"damage":16,"enemies":"downfall:Defect","floor":33,"turns":5},{"damage":6,"enemies":"Orb Walker","floor":36,"turns":5},{"damage":17,"enemies":"3 Shapes","floor":38,"turns":5},{"damage":4,"enemies":"downfall:FleeingMerchant","floor":40,"turns":3},{"damage":1,"enemies":"Nemesis","floor":42,"turns":5},{"damage":0,"enemies":"Giant Head","floor":44,"turns":7},{"damage":11,"enemies":"Maw","floor":45,"turns":7},{"damage":15,"enemies":"Writhing Mass","floor":46,"turns":4},{"damage":2,"enemies":"Jaw Worm Horde","floor":49,"turns":5},{"damage":0,"enemies":"downfall:Silent","floor":50,"turns":5},{"damage":53,"enemies":"downfall:CharBossMerchant","floor":52,"turns":6},{"damage":32,"enemies":"downfall:NeowBoss","floor":55,"turns":11}],"seed_played":"1798132088655116129","potions_obtained":[{"floor":8,"key":"PowerPotion"},{"floor":9,"key":"Weak Potion"},{"floor":15,"key":"Cursed Concoction"},{"floor":19,"key":"sneckomod:CheatPotion"},{"floor":22,"key":"Block Potion"},{"floor":23,"key":"Dexterity Potion"},{"floor":31,"key":"BlessingOfTheForge"},{"floor":32,"key":"PowerPotion"},{"floor":36,"key":"Fruit Juice"},{"floor":38,"key":"Reflective Coating"},{"floor":49,"key":"Fire Potion"},{"floor":52,"key":"LiquidMemories"}],"is_trial":false,"path_per_floor":["R","M","?","M","$","?","T","M","E","M","R","E","$","?","M","B",null,"R","M","M","$","M","M","T","$","E","M","R","?","T","M","M","B",null,"R","M","?","M","?","$","T","E","R","E","M","M","R","?","M","B",null,"E","$","R","B",null],"character_chosen":"THE_SNECKO","items_purchased":["Ice Cream","Adrenaline Potion","Blue Candle","Bottled Lightning","Swift Potion","sneckomod:UnlimitedRolls"],"campfire_rested":1,"item_purchase_floors":[13,13,40,40,40,53],"current_hp_per_floor":[90,91,91,91,91,91,96,95,72,43,43,37,24,100,84,71,102,102,102,86,86,67,65,65,61,42,43,91,100,100,99,75,94,150,150,154,147,155,159,162,162,164,164,169,188,193,193,193,198,198,198,163,166,166,153],"gold":45,"neow_bonus":"THREE_ENEMY_KILL","is_daily":false,"chose_seed":false,"campfire_upgraded":4,"win_rate":0.0,"timestamp":1609604033,"path_taken":["R","M","?","?","$","?","T","M","E","?","R","E","$","?","M","BOSS","R","M","M","$","M","M","T","$","E","M","R","?","?","?","M","BOSS","R","M","?","M","?","$","T","E","R","E","M","M","R","?","M","BOSS","E","$","R","BOSS"],"items_purchased_type":["Relic","Potion","Relic","Relic","Potion","Card"],"build_version":"2020-12-22","purchased_purges":3,"victory":true,"max_hp_per_floor":[90,91,91,91,91,91,96,97,98,99,99,99,100,100,101,102,102,102,103,104,105,106,107,107,108,112,118,128,137,137,140,144,150,150,150,160,163,167,171,174,174,177,177,182,188,193,193,193,198,198,198,201,204,204,204],"card_choices":[{"not_picked":["sneckomod:UnknownCommonSkill","sneckomod:Rotation"],"picked":"sneckomod:UnknownEthereal","floor":2},{"not_picked":["sneckomod:UnknownCommonSkill","sneckomod:DiceCrush"],"picked":"sneckomod:CheapStock","floor":4},{"not_picked":["sneckomod:SoulDraw","sneckomod:Unknown2Cost"],"picked":"sneckomod:RainOfDice","floor":5},{"not_picked":["sneckomod:UnknownWeak","sneckomod:Rotation"],"picked":"sneckomod:UnknownBlock","floor":8},{"not_picked":["hexamod:FourthSeal","hexamod:FirstSeal"],"picked":"hexamod:ThirdSeal","floor":9},{"not_picked":["sneckomod:CheapStock","sneckomod:Unknown1Cost"],"picked":"sneckomod:UnknownRarePower","floor":9},{"not_picked":["sneckomod:UnknownWeak","sneckomod:UnknownStrike"],"picked":"sneckomod:UnknownEthereal","floor":10},{"not_picked":["sneckomod:SerpentIdol","sneckomod:UnknownClassPURPLE"],"picked":"sneckomod:MorePower","floor":12},{"not_picked":["sneckomod:QuickBite","sneckomod:UnknownStrike"],"picked":"sneckomod:SoulRoll","floor":12},{"not_picked":["sneckomod:Nope","sneckomod:MasterEye"],"picked":"sneckomod:Mudshield","floor":13},{"not_picked":["sneckomod:UnknownEthereal+1","sneckomod:UnknownUncommonPower+1"],"picked":"sneckomod:UnknownRareAttack+1","floor":13},{"not_picked":["sneckomod:UnknownCommonAttack","sneckomod:UnknownBlock"],"picked":"sneckomod:Nope","floor":13},{"not_picked":["sneckomod:UnknownClassGUARDIAN+1","sneckomod:UnknownClassBLUE+1"],"picked":"sneckomod:UnknownRarePower+1","floor":15},{"not_picked":["sneckomod:MixItUp","sneckomod:DiceCrush"],"picked":"sneckomod:SnakeSap","floor":15},{"not_picked":["sneckomod:DiceCrush","sneckomod:UnknownStrike","sneckomod:UnknownUncommonSkill"],"picked":"SKIP","floor":15},{"not_picked":["sneckomod:UnknownExhaust+1","sneckomod:Unknown1Cost+1"],"picked":"sneckomod:UnknownColorless+1","floor":16},{"not_picked":["sneckomod:Unknown3Cost","sneckomod:MorePower"],"picked":"sneckomod:SerpentMind","floor":16},{"not_picked":["sneckomod:UnknownUncommonAttack+1","sneckomod:Unknown1Cost+1"],"picked":"sneckomod:UnknownClassBLUE+1","floor":19},{"not_picked":["sneckomod:UnknownEthereal","sneckomod:DiceBlock"],"picked":"sneckomod:TrashToTreasure","floor":19},{"not_picked":["sneckomod:UnknownWeak","sneckomod:UnknownVulnerable","sneckomod:QuickMove"],"picked":"SKIP","floor":19},{"not_picked":["sneckomod:UnknownStrike+1","sneckomod:UnknownUncommonAttack+1"],"picked":"sneckomod:UnknownUncommonPower+1","floor":20},{"not_picked":["sneckomod:SoulDraw","sneckomod:SerpentMind"],"picked":"sneckomod:SoulRoll+1","floor":20},{"not_picked":["sneckomod:UnknownClassGUARDIAN","sneckomod:DiceBlock"],"picked":"sneckomod:SnekBeam+1","floor":20},{"not_picked":["sneckomod:UnknownCommonAttack+1","sneckomod:UnknownUncommonPower+1"],"picked":"sneckomod:Unknown3Cost+1","floor":21},{"not_picked":["sneckomod:UnknownWeak","sneckomod:SoulRoll"],"picked":"sneckomod:SerpentIdol+1","floor":21},{"not_picked":["sneckomod:UnknownWeak+1","sneckomod:QuickMove","sneckomod:DiceBlock"],"picked":"SKIP","floor":21},{"not_picked":["sneckomod:UnknownRarePower+1","sneckomod:UnknownX+1"],"picked":"sneckomod:UnknownColorless+1","floor":22},{"not_picked":["sneckomod:MixItUp+1","sneckomod:UnknownUncommonPower","sneckomod:QuickBite+1"],"picked":"SKIP","floor":22},{"not_picked":["sneckomod:DiceBlock","sneckomod:UnknownCommonAttack","sneckomod:QuickMove"],"picked":"SKIP","floor":22},{"not_picked":["sneckomod:UnknownStrike+1","sneckomod:Unknown+1"],"picked":"sneckomod:UnknownClassGUARDIAN+1","floor":23},{"not_picked":["sneckomod:UnknownUncommonSkill","sneckomod:Nope"],"picked":"sneckomod:SoulCleanse+1","floor":23},{"not_picked":["sneckomod:UnknownCommonAttack","sneckomod:SoulDraw","sneckomod:UnknownClassBLUE"],"picked":"SKIP","floor":23},{"not_picked":["sneckomod:UnknownCommonAttack","sneckomod:SoulDraw","sneckomod:UnknownClassBLUE"],"picked":"SKIP","floor":23},{"not_picked":["sneckomod:UnknownUncommonPower+1","sneckomod:UnknownStrike+1"],"picked":"sneckomod:UnknownVulnerable+1","floor":25},{"not_picked":["sneckomod:Unknown0Cost","sneckomod:UnknownWeak","sneckomod:MasterEye"],"picked":"SKIP","floor":25},{"not_picked":["sneckomod:UnknownCommonAttack","sneckomod:IronFang","sneckomod:UnknownWeak+1"],"picked":"SKIP","floor":25},{"not_picked":["sneckomod:UnknownUncommonSkill+1","sneckomod:UnknownClassTHE_CHAMP_GRAY+1"],"picked":"sneckomod:UnknownRareSkill+1","floor":26},{"not_picked":["sneckomod:ImprovisedGuard","sneckomod:UnknownBlock"],"picked":"sneckomod:PureSnecko","floor":26},{"not_picked":["sneckomod:Nope","sneckomod:UnknownVulnerable","sneckomod:UnknownWeak"],"picked":"SKIP","floor":26},{"not_picked":["sneckomod:UnknownStrike+1","sneckomod:UnknownCommonSkill+1"],"picked":"sneckomod:UnknownColorless+1","floor":27},{"not_picked":["sneckomod:UnknownCommonSkill+1","sneckomod:Unknown+1"],"picked":"sneckomod:Unknown2Cost+1","floor":27},{"not_picked":["sneckomod:IronFang","sneckomod:QuickMove"],"picked":"sneckomod:UnknownExhaust+1","floor":27},{"not_picked":["sneckomod:QuickMove","sneckomod:UnknownUncommonSkill"],"picked":"sneckomod:Mudshield","floor":27},{"not_picked":["sneckomod:SoulRoll+1","sneckomod:UnknownUncommonPower"],"picked":"sneckomod:PureSnecko+1","floor":31},{"not_picked":["sneckomod:DiceBlock+1","sneckomod:RainOfDice","sneckomod:IronFang"],"picked":"SKIP","floor":31},{"not_picked":["sneckomod:UnknownUncommonPower+1","sneckomod:Unknown+1"],"picked":"sneckomod:UnknownUncommonSkill+1","floor":32},{"not_picked":["sneckomod:UnknownVulnerable","sneckomod:SerpentIdol"],"picked":"sneckomod:SoulCleanse","floor":32},{"not_picked":["sneckomod:UnknownWeak","sneckomod:UnknownCommonAttack","sneckomod:Unknown1Cost"],"picked":"SKIP","floor":32},{"not_picked":["sneckomod:UnknownRareSkill","sneckomod:Mudshield"],"picked":"sneckomod:UnknownColorless","floor":33},{"not_picked":["sneckomod:UnknownRarePower+1","sneckomod:Unknown2Cost+1"],"picked":"sneckomod:UnknownClassRED+1","floor":33},{"not_picked":["sneckomod:Mudshield","sneckomod:Unknown3Cost"],"picked":"sneckomod:UnknownRareAttack","floor":33},{"not_picked":["sneckomod:UnknownClassBLUE+1","sneckomod:UnknownUncommonSkill+1","sneckomod:UnknownRarePower+1"],"picked":"sneckomod:UnknownClassPURPLE+1","floor":36},{"not_picked":["sneckomod:QuickBite","sneckomod:UnknownWeak+1","sneckomod:DiceBlock+1"],"picked":"sneckomod:UnknownVulnerable+1","floor":36},{"not_picked":["sneckomod:QuickMove+1","sneckomod:SoulRoll","sneckomod:UnknownExhaust"],"picked":"sneckomod:GlitteringGambit","floor":36},{"not_picked":["sneckomod:UnknownCommonAttack","sneckomod:UnknownCommonSkill+1","sneckomod:SoulRoll"],"picked":"sneckomod:TrashToTreasure+1","floor":36},{"not_picked":["Replay:SS_forest_2","expansioncontent:BronzeBeam","expansioncontent:LastStand"],"picked":"expansioncontent:Chronoboost","floor":37},{"not_picked":["Replay:SS_fish_2","expansioncontent:Chronoboost","expansioncontent:FaceSlap"],"picked":"expansioncontent:YouAreMine","floor":37},{"not_picked":["expansioncontent:Flail","expansioncontent:Torchfire","expansioncontent:FaceSlap"],"picked":"expansioncontent:PrepareCrush","floor":37},{"not_picked":["sneckomod:UnknownStrike+1","sneckomod:UnknownUncommonPower+1","sneckomod:Unknown2Cost+1"],"picked":"sneckomod:UnknownWeak+1","floor":38},{"not_picked":["sneckomod:Nope+1","sneckomod:Unknown2Cost+1","sneckomod:Unknown1Cost"],"picked":"sneckomod:SnakeSap","floor":38},{"not_picked":["sneckomod:IronFang","sneckomod:UnknownBlock","sneckomod:Nope"],"picked":"sneckomod:DiceCrush+1","floor":38},{"not_picked":["sneckomod:UnknownStrike+1","sneckomod:DiceBlock","sneckomod:QuickMove"],"picked":"sneckomod:IronFang+1","floor":38},{"not_picked":["sneckomod:Unknown1Cost","sneckomod:SoulDraw","sneckomod:UnknownRareAttack"],"picked":"sneckomod:UnknownClassGUARDIAN+1","floor":39},{"not_picked":["sneckomod:DiceBoulder","sneckomod:UnknownClassRED+1","sneckomod:DefensiveFlair"],"picked":"sneckomod:SerpentIdol","floor":40},{"not_picked":["sneckomod:UnknownClassPURPLE","sneckomod:IronFang","sneckomod:UnknownBlock"],"picked":"sneckomod:DiceBlock","floor":42},{"not_picked":["sneckomod:WideSting","sneckomod:UnknownUncommonPower+1","sneckomod:UnknownVulnerable"],"picked":"sneckomod:SoulRoll+1","floor":42},{"not_picked":["sneckomod:Unknown1Cost+1","sneckomod:UnknownRarePower+1","sneckomod:UnknownUncommonPower+1"],"picked":"sneckomod:UnknownClassBLUE+1","floor":44},{"not_picked":["sneckomod:PureSnecko","sneckomod:UnknownClassRED","sneckomod:ImprovisedAttack+1"],"picked":"sneckomod:QuickMove+1","floor":44},{"not_picked":["sneckomod:UnknownUncommonPower","sneckomod:UnknownCommonSkill","sneckomod:UnknownStrike"],"picked":"sneckomod:UnknownBlock+1","floor":44},{"not_picked":["sneckomod:DangerNoodle","sneckomod:UnknownBlock+1","sneckomod:SoulRoll+1"],"picked":"sneckomod:UnknownEthereal+1","floor":45},{"not_picked":["sneckomod:UnknownX+1","sneckomod:UnknownCommonSkill+1","sneckomod:UnknownWeak+1"],"picked":"sneckomod:UnknownClassGREEN+1","floor":45},{"not_picked":["sneckomod:RainOfDice","sneckomod:WideSting","sneckomod:ImprovisedAttack+1"],"picked":"sneckomod:Transmogrify","floor":45},{"not_picked":["sneckomod:Nope","sneckomod:UnknownUncommonAttack+1","sneckomod:Unknown2Cost+1"],"picked":"sneckomod:UnknownClassSLIMEBOUND+1","floor":45},{"not_picked":["sneckomod:TrashToTreasure+1","sneckomod:PureSnecko+1","sneckomod:UnknownClassTHE_CHAMP_GRAY"],"picked":"sneckomod:SoulRoll+1","floor":45},{"not_picked":["sneckomod:UnknownClassTHE_CHAMP_GRAY+1","sneckomod:UnknownWeak+1","sneckomod:UnknownExhaust+1"],"picked":"sneckomod:UnknownEthereal+1","floor":46},{"not_picked":["sneckomod:UnknownClassRED","sneckomod:SoulRoll","sneckomod:UnknownWeak"],"picked":"sneckomod:UnknownColorless","floor":46},{"not_picked":["sneckomod:Nope","sneckomod:SoulDraw","sneckomod:Unknown2Cost"],"picked":"sneckomod:SoulRoll+1","floor":46},{"not_picked":["sneckomod:UnknownUncommonPower","sneckomod:QuickBite","sneckomod:Nope"],"picked":"sneckomod:MasterEye+1","floor":46},{"not_picked":["sneckomod:UnknownStrength+1","sneckomod:UnknownBlock+1","sneckomod:UnknownEthereal+1"],"picked":"sneckomod:UnknownRareSkill+1","floor":49},{"not_picked":["sneckomod:UnknownStrength","sneckomod:UnknownStrike","sneckomod:Unknown2Cost"],"picked":"sneckomod:SlitherStrike+1","floor":49},{"not_picked":["sneckomod:UnknownClassGREEN","sneckomod:UnknownStrike","sneckomod:UnknownClassBLUE"],"picked":"sneckomod:Restock","floor":49},{"not_picked":["sneckomod:UnknownBlock","sneckomod:MasterEye+1","sneckomod:UnknownUncommonPower+1"],"picked":"sneckomod:UnknownWeak+1","floor":49},{"not_picked":["sneckomod:ImprovisedGuard+1","sneckomod:UnknownClassBLUE"],"picked":"sneckomod:SlitherStrike+1","floor":52}],"player_experience":786118,"relics_obtained":[{"floor":7,"key":"Durian"},{"floor":9,"key":"Pen Nib"},{"floor":12,"key":"Torii"},{"floor":26,"key":"Replay:Ringing Soul"},{"floor":30,"key":"ReplayTheSpireMod:Ninjato"},{"floor":41,"key":"Replay:Baseball"},{"floor":42,"key":"Prayer Wheel"},{"floor":44,"key":"Girya"},{"floor":46,"key":"ReplayTheSpireMod:Ninjato"},{"floor":48,"key":"Lizard Tail"},{"floor":52,"key":"Bag of Marbles"}],"event_choices":[{"damage_healed":0,"gold_gain":0,"player_choice":"Rummage","damage_taken":0,"relics_obtained":["WarpedTongs"],"max_hp_gain":0,"max_hp_loss":0,"event_name":"Accursed Blacksmith","floor":3,"gold_loss":0,"cards_obtained":["Pain"]}],"is_beta":false,"boss_relics":[{"not_picked":["Tiny House","Pandora\u0027s Box"],"picked":"SlaversCollar"},{"not_picked":["Painkiller Herb","Runic Pyramid"],"picked":"Honey Jar"}],"items_purged_floors":[5,25,40],"is_endless":false,"potions_floor_spawned":[8,9,15,22,23,31,32,36,38,52],"ascension_level":1}}