{"host":"yi49lbnhh35mzi7n","time":1609582220,"event":{"mods":["BaseMod","Bestiary","BetterRewards","Colored Map","Conspire","Downfall","Googly Eyes","Hermit","Hubris","Infinite Spire","Minty Spire (QoL Compilation)","Quick Restart","Replay The Spire","StSLib","The Bladedancer","The Construct","The Jungle","The Necromancer","Yuri Mod"],"gold_per_floor":[119,138,88,99,114,144,144,144,144,187,187,200,240,94,94,217,217,238,36,59,59,79,117,138,138,161,176,209,209,243,266,266,385,385,398,398,171,187,202,202,246,261,287,287,307,307,307,307],"floor_reached":47,"playtime":2152,"items_purged":["Strike_R"],"score":590,"play_id":"9c79a5f2-85f1-4dcc-b3a3-7b6ba71e0d7c","local_time":"20210102111020","is_ascension_mode":true,"campfire_choices":[{"data":"Blood for Blood","floor":7.0,"key":"SMITH"},{"data":"Armaments","floor":11.0,"key":"SMITH"},{"data":"True Grit","floor":15.0,"key":"SMITH"},{"data":"Inflame","floor":25.0,"key":"SMITH"},{"floor":29.0,"key":"REST"},{"floor":32.0,"key":"REST"},{"data":"Entrench","floor":40.0,"key":"SMITH"},{"floor":46,"key":"REST"}],"circlet_count":0,"master_deck":["Strike_R","Strike_R","Strike_R","Defend_R","Defend_R","Defend_R+1","Bash","Flame Barrier","Defy Death","Blood for Blood+1","Clothesline","Shockwave","Armaments+1","Body Slam","True Grit+1","Entrench+1","Impervious","Dual Wield","hubris:ReadiedAction","Demonic Infusion","Sentinel","ReplayReversal+1","Inflame+1","ReplayReversal+1","Feed","Entrench","Body Slam","Reaper","ReplayTheSpireMod:Strike From Hell+1","Rampage","hubris:StunningStrike","Warcry","Defy Death+1"],"relics":["Black Blood","NeowsBlessing","Boot","Golden Idol","construct:FoamFinger","Paper Frog","Potion Belt","Orrery","construct:WeddingRing","Happy Flower","Self Forming Clay","Toy Ornithopter","War Paint","Red Skull","Bag of Preparation","Medical Kit","Pondfish Scales","Bag of Marbles"],"acts_visited":["Exordium","TheCity","TheBeyond"],"potions_floor_usage":[],"damage_taken":[{"damage":0.0,"enemies":"2 Louse","floor":1.0,"turns":1.0},{"damage":0.0,"enemies":"Jaw Worm","floor":2.0,"turns":1.0},{"damage":0.0,"enemies":"Small Slimes","floor":4.0,"turns":1.0},{"damage":4.0,"enemies":"2 Fungi Beasts","floor":5.0,"turns":4.0},{"damage":39.0,"enemies":"Gremlin Nob","floor":6.0,"turns":6.0},{"damage":26.0,"enemies":"Lagavulin","floor":10.0,"turns":5.0},{"damage":6.0,"enemies":"Exordium Thugs","floor":12.0,"turns":5.0},{"damage":19.0,"enemies":"Gremlin Nob","floor":13.0,"turns":4.0},{"damage":30.0,"enemies":"Hexaghost","floor":16.0,"turns":12.0},{"damage":20.0,"enemies":"3 Byrds","floor":18.0,"turns":6.0},{"damage":1.0,"enemies":"Shell Parasite","floor":20.0,"turns":4.0},{"damage":11.0,"enemies":"conspire:HollyBat","floor":22.0,"turns":9.0},{"damage":19.0,"enemies":"conspire:SneckoGhost","floor":23.0,"turns":7.0},{"damage":20.0,"enemies":"Chosen and Byrds","floor":24.0,"turns":7.0},{"damage":20.0,"enemies":"Cultist and Chosen","floor":27.0,"turns":9.0},{"damage":23.0,"enemies":"Book of Stabbing","floor":28.0,"turns":6.0},{"damage":37.0,"enemies":"conspire:SneckoGhost","floor":30.0,"turns":16.0},{"damage":45.0,"enemies":"Sentry and Sphere","floor":31.0,"turns":11.0},{"damage":3.0,"enemies":"conspire:MysteriousRune","floor":33.0,"turns":9.0},{"damage":11.0,"enemies":"3 Shapes","floor":35.0,"turns":7.0},{"damage":0.0,"enemies":"Orb Walker","floor":38.0,"turns":5.0},{"damage":28.0,"enemies":"Jaw Worm Horde","floor":39.0,"turns":6.0},{"damage":88.0,"enemies":"Nightmare","floor":41.0,"turns":14.0},{"damage":14.0,"enemies":"Transient","floor":42.0,"turns":5.0},{"damage":37,"enemies":"Spire Growth","floor":45,"turns":8},{"damage":78,"enemies":"Giant Head","floor":47,"turns":10}],"seed_played":"1587963908613124249","potions_obtained":[{"floor":4.0,"key":"SteroidPotion"},{"floor":5.0,"key":"conspire:TimeTravelPotion"},{"floor":12.0,"key":"ElixirPotion"},{"floor":13.0,"key":"Fruit Juice"},{"floor":20.0,"key":"SpeedPotion"},{"floor":23.0,"key":"FearPotion"},{"floor":28.0,"key":"EntropicBrew"},{"floor":31.0,"key":"Energy Potion"},{"floor":35.0,"key":"EssenceOfSteel"},{"floor":39.0,"key":"CultistPotion"}],"is_trial":false,"path_per_floor":["M","M","?","M","M","E","R","?","T","E","R","M","E","$","R","B",null,"M","$","M","?","M","E","M","R","T","M","E","R","E","M","R","B",null,"M","?","$","M","M","R","NM","M","T","?","M","R","E"],"character_chosen":"IRONCLAD","items_purchased":["Orrery","ReplayReversal+1","Happy Flower","Medical Kit"],"campfire_rested":3,"item_purchase_floors":[14,19,19,37],"current_hp_per_floor":[80,80,80,80,80,68,68,68,68,48,48,48,35,35,35,11,74,60,60,65,65,60,47,33,33,33,24,7,29,43,12,36,47,85,89,89,89,89,76,76,46,51,51,51,31,58,0,0],"gold":307,"neow_bonus":"THREE_ENEMY_KILL","is_daily":false,"chose_seed":false,"campfire_upgraded":5,"win_rate":0.0,"timestamp":1609582220,"path_taken":["M","M","?","M","M","E","R","?","T","E","R","M","E","$","R","BOSS","M","$","M","?","M","E","M","R","T","M","E","R","E","M","R","BOSS","M","?","?","M","?","R","NM","M","T","?","M","R","E"],"items_purchased_type":["Relic","Card","Relic","Relic"],"build_version":"2020-12-22","purchased_purges":1,"victory":false,"max_hp_per_floor":[80,80,80,80,80,80,80,74,74,74,74,74,74,74,74,74,74,74,74,74,74,74,74,74,74,74,74,74,74,79,82,82,85,85,89,89,89,89,92,92,92,92,92,92,92,92,92,92],"card_choices":[{"not_picked":["ReplayTheSpireMod:Strike From Hell","Perfected Strike"],"picked":"Flame Barrier","floor":1.0},{"not_picked":["Pommel Strike","Sever Soul"],"picked":"Defy Death","floor":2.0},{"not_picked":["hubris:ReadiedAction","Flame Barrier"],"picked":"Blood for Blood","floor":4.0},{"not_picked":["Anger","Dual Wield"],"picked":"Clothesline","floor":5.0},{"not_picked":["ReplayTheSpireMod:Limb From Limb","Bludgeon"],"picked":"Shockwave","floor":6.0},{"not_picked":["Searing Blow","Pummel"],"picked":"Armaments","floor":10.0},{"not_picked":["Flex","Burning Pact","Clothesline"],"picked":"SKIP","floor":12.0},{"not_picked":["Flex","hubris:ReadiedAction"],"picked":"Body Slam","floor":13.0},{"not_picked":["Armaments","ReplayTheSpireMod:LeadingStrike"],"picked":"True Grit","floor":14.0},{"not_picked":["Flame Barrier","Uppercut"],"picked":"Entrench","floor":14.0},{"not_picked":["Hemokinesis","Abandon"],"picked":"Impervious","floor":14.0},{"not_picked":["Heavy Blade","hubris:CleavingFinish"],"picked":"Dual Wield","floor":14.0},{"not_picked":["Body Slam","Twin Strike"],"picked":"hubris:ReadiedAction","floor":14.0},{"not_picked":["Hemogenesis","Immolate"],"picked":"Demonic Infusion","floor":16.0},{"not_picked":["Warcry","Dropkick+1"],"picked":"Sentinel","floor":18.0},{"not_picked":["Massacre","Flame Barrier","Sword Boomerang"],"picked":"SKIP","floor":20.0},{"not_picked":["Perfected Strike","Infernal Blade"],"picked":"Inflame","floor":22.0},{"not_picked":["Rupture+1","Battle Trance"],"picked":"ReplayReversal","floor":23.0},{"not_picked":["Sever Soul+1","Headbutt","Massacre+1"],"picked":"SKIP","floor":24.0},{"not_picked":["Headbutt","Replay:Undeath\u0027s Touch+1"],"picked":"Feed","floor":27.0},{"not_picked":["Infernal Blade","Sword Boomerang"],"picked":"Entrench","floor":28.0},{"not_picked":["Clash+1","Anger"],"picked":"Body Slam","floor":30.0},{"not_picked":["Clash","ReplayTheSpireMod:Muscle Training","Second Wind"],"picked":"SKIP","floor":31.0},{"not_picked":["Berserk","Brutality"],"picked":"Reaper","floor":33.0},{"not_picked":["Headbutt","Shockwave"],"picked":"ReplayTheSpireMod:Strike From Hell+1","floor":35.0},{"not_picked":["infinitespire:OneForAll+1","Pommel Strike"],"picked":"Rampage","floor":38.0},{"not_picked":["Headbutt","Anger+1","Life Link"],"picked":"SKIP","floor":39.0},{"not_picked":["hubris:SharpeningStone+1","Twin Strike+1"],"picked":"hubris:StunningStrike","floor":41.0},{"not_picked":["Rupture+1","Infernal Blade","Run Through"],"picked":"SKIP","floor":42},{"not_picked":["Twin Strike","ReplayTheSpireMod:Stacked"],"picked":"Defy Death+1","floor":45}],"player_experience":556429,"relics_obtained":[{"floor":6.0,"key":"Boot"},{"floor":9.0,"key":"construct:FoamFinger"},{"floor":10.0,"key":"Paper Frog"},{"floor":13.0,"key":"Potion Belt"},{"floor":23.0,"key":"Self Forming Clay"},{"floor":26.0,"key":"Toy Ornithopter"},{"floor":28.0,"key":"War Paint"},{"floor":30.0,"key":"Red Skull"},{"floor":41.0,"key":"Pondfish Scales"},{"floor":43,"key":"Bag of Marbles"}],"event_choices":[{"cards_removed":["Strike_R"],"damage_healed":0.0,"max_hp_gain":0.0,"max_hp_loss":0.0,"gold_gain":0.0,"event_name":"The Cleric","player_choice":"Card Removal","floor":3.0,"gold_loss":50.0,"damage_taken":0.0},{"damage_healed":0.0,"max_hp_gain":0.0,"max_hp_loss":6.0,"gold_gain":0.0,"event_name":"Golden Idol","player_choice":"Lose Max HP","floor":8.0,"gold_loss":0.0,"damage_taken":0.0,"relics_obtained":["Golden Idol"]},{"damage_healed":0.0,"max_hp_gain":0.0,"max_hp_loss":0.0,"gold_gain":0.0,"event_name":"WeMeetAgain","player_choice":"Gave Potion","floor":36.0,"gold_loss":0.0,"damage_taken":0.0,"relics_obtained":["Bag of Preparation"]},{"damage_healed":0,"gold_gain":0,"cards_transformed":["Defend_R"],"player_choice":"Transformed","damage_taken":0,"max_hp_gain":0,"max_hp_loss":0,"event_name":"Transmorgrifier","floor":44,"gold_loss":0,"cards_obtained":["Warcry"]}],"is_beta":false,"boss_relics":[{"not_picked":["Fusion Hammer","Replay:Drink Me"],"picked":"construct:WeddingRing"},{"not_picked":["Busted Crown","hubris:CrackedHourglass"],"picked":"Black Blood"}],"items_purged_floors":[37],"is_endless":true,"potions_floor_spawned":[4,5,12,13,20,23,28,31,35,39],"killed_by":"Giant Head","ascension_level":1}}