{"host":"foq4mrde4mssg7vt","time":1609605960,"event":{"mods":["AchievementEnabler","BaseMod","Colored Map","Colored Powertips","Highlight Path","Minty Spire (QoL Compilation)","Relic Stats","everything is the same but u backflip on backflip"],"gold_per_floor":[113,133,151,56,56,82,97,129,176,176,212,67,67,89,89,189,189,214,214,231,240,266,266,236,264,337,337,360,360,369,697,697,783,783,798,807,348,367,384,384,393,427,451,481,481,494,494,504,504,504,504,504,85,110,110,110],"floor_reached":55,"playtime":3704,"items_purged":["Defend_P","Defend_P"],"score":1427,"play_id":"4c21d4e1-c196-431d-afe3-09d1c8b4be65","local_time":"20210103004600","is_ascension_mode":true,"campfire_choices":[{"floor":10.0,"key":"REST"},{"data":"SashWhip","floor":15.0,"key":"SMITH"},{"floor":23.0,"key":"REST"},{"data":"Scrawl","floor":27.0,"key":"SMITH"},{"data":"Meditate","floor":29.0,"key":"SMITH"},{"data":"Protect","floor":32.0,"key":"SMITH"},{"data":"Strike_P+1","floor":40.0,"key":"PURGE"},{"data":"Strike_P+1","floor":45.0,"key":"PURGE"},{"data":"Defend_P","floor":47.0,"key":"PURGE"},{"floor":49.0,"key":"RECALL"},{"data":"Strike_P+1","floor":52.0,"key":"PURGE"}],"circlet_count":0,"master_deck":["AscendersBane","Defend_P","Eruption+1","Vigilance","CutThroughFate","EmptyFist+1","SashWhip+1","Protect+1","ReachHeaven","DeceiveReality+1","Adaptation+1","FearNoEvil","Scrawl+1","FollowUp+1","Halt","LessonLearned","RitualDagger+1","Wireheading","ClearTheMind+1","Meditate+1","Tantrum+1","Omniscience+1","FlurryOfBlows","Omniscience+1"],"relics":["HolyWater","Art of War","Blood Vial","White Beast Statue","Damaru","CeramicFish","Orrery","Bloody Idol","Oddly Smooth Stone","TeardropLocket","Old Coin","VioletLotus","Peace Pipe","Pantograph","Girya","HornCleat","Mummified Hand"],"acts_visited":["Exordium","TheCity","TheBeyond","TheEnding"],"potions_floor_usage":[55,55],"damage_taken":[{"damage":9.0,"enemies":"2 Louse","floor":1.0,"turns":4.0},{"damage":7.0,"enemies":"Jaw Worm","floor":2.0,"turns":4.0},{"damage":1.0,"enemies":"Cultist","floor":3.0,"turns":3.0},{"damage":11.0,"enemies":"Gremlin Nob","floor":6.0,"turns":3.0},{"damage":0.0,"enemies":"2 Fungi Beasts","floor":7.0,"turns":3.0},{"damage":21.0,"enemies":"3 Sentries","floor":8.0,"turns":10.0},{"damage":4.0,"enemies":"Lagavulin","floor":11.0,"turns":10.0},{"damage":8.0,"enemies":"3 Louse","floor":14.0,"turns":4.0},{"damage":28.0,"enemies":"The Guardian","floor":16.0,"turns":10.0},{"damage":21.0,"enemies":"Chosen","floor":18.0,"turns":9.0},{"damage":15.0,"enemies":"2 Thieves","floor":20.0,"turns":4.0},{"damage":29.0,"enemies":"Centurion and Healer","floor":25.0,"turns":7.0},{"damage":0.0,"enemies":"Snecko","floor":28.0,"turns":4.0},{"damage":24.0,"enemies":"Book of Stabbing","floor":31.0,"turns":5.0},{"damage":22.0,"enemies":"Champ","floor":33.0,"turns":12.0},{"damage":0.0,"enemies":"Orb Walker","floor":35.0,"turns":2.0},{"damage":2.0,"enemies":"3 Shapes","floor":38.0,"turns":4.0},{"damage":20.0,"enemies":"Jaw Worm Horde","floor":39.0,"turns":4.0},{"damage":28.0,"enemies":"Giant Head","floor":42.0,"turns":7.0},{"damage":1.0,"enemies":"Reptomancer","floor":44.0,"turns":7.0},{"damage":5.0,"enemies":"3 Darklings","floor":46.0,"turns":3.0},{"damage":24.0,"enemies":"4 Shapes","floor":48.0,"turns":10.0},{"damage":12.0,"enemies":"Awakened One","floor":50.0,"turns":8.0},{"damage":38.0,"enemies":"Shield and Spear","floor":54.0,"turns":6.0},{"damage":53,"enemies":"The Heart","floor":55,"turns":6}],"seed_played":"-8628310064775383729","potions_obtained":[{"floor":1.0,"key":"Energy Potion"},{"floor":2.0,"key":"Strength Potion"},{"floor":16.0,"key":"Explosive Potion"},{"floor":20.0,"key":"StancePotion"},{"floor":33.0,"key":"FearPotion"},{"floor":35.0,"key":"SkillPotion"},{"floor":44.0,"key":"Fire Potion"},{"floor":46.0,"key":"Dexterity Potion"},{"floor":48.0,"key":"PowerPotion"}],"is_trial":false,"path_per_floor":["M","M","M","$","?","E","M","E","T","R","E","$","?","M","R","B",null,"M","?","M","?","T","R","$","M","T","R","M","R","?","E","R","B",null,"M","?","$","M","M","R","?","E","T","E","R","M","R","M","R","B",null,"R","$","E","B"],"character_chosen":"WATCHER","items_purchased":["Protect","ReachHeaven","Orrery","Wireheading","Peace Pipe","Swift Potion","HornCleat","PowerPotion"],"campfire_rested":2,"item_purchase_floors":[4,4,12,24,37,37,53,53],"current_hp_per_floor":[52,45,44,44,44,33,35,16,16,36,34,34,34,28,28,2,47,28,28,25,24,29,47,52,35,40,40,52,52,57,45,45,35,55,62,62,62,62,47,47,52,31,36,42,42,44,44,27,27,42,57,57,57,26,0,0],"gold":110,"neow_bonus":"RANDOM_COMMON_RELIC","is_daily":false,"chose_seed":false,"campfire_upgraded":4,"win_rate":0.0,"timestamp":1609605960,"path_taken":["M","M","M","$","?","E","M","E","T","R","E","$","?","M","R","BOSS","M","?","M","?","?","R","$","?","T","R","M","R","?","E","R","BOSS","M","?","$","M","M","R","?","E","T","E","R","M","R","M","R","BOSS","R","$","E","BOSS"],"items_purchased_type":["Card","Card","Relic","Card","Relic","Potion","Relic","Potion"],"build_version":"2020-12-22","purchased_purges":2,"victory":false,"max_hp_per_floor":[68,68,68,68,68,68,68,68,68,68,68,68,62,62,62,62,62,62,62,62,62,62,62,62,62,62,62,62,62,62,62,62,62,62,62,62,62,62,62,62,62,62,62,62,62,62,62,62,62,62,62,62,62,62,62,62],"relic_stats":{"Blood Vial":38,"Peace Pipe":4,"counters":[25,149],"Mummified Hand":[6],"CeramicFish":117,"Bloody Idol":122,"Pantograph":50,"VioletLotus":[57],"Art of War":[32],"obtain_stats":[{"Girya":44,"Golden Idol":13,"CeramicFish":11,"Damaru":9,"Oddly Smooth Stone":22,"TeardropLocket":26,"White Beast Statue":8,"Old Coin":31,"Blood Vial":6,"Peace Pipe":37,"HornCleat":53,"Mummified Hand":54,"Bloody Idol":19,"Pantograph":42,"Orrery":12,"HolyWater":17,"VioletLotus":34,"Art of War":0,"PureWater":0},{"Girya":20,"Golden Idol":7,"CeramicFish":7,"Damaru":6,"Oddly Smooth Stone":11,"TeardropLocket":12,"White Beast Statue":6,"Old Coin":14,"Blood Vial":4,"Peace Pipe":16,"HornCleat":23,"Mummified Hand":24,"Bloody Idol":10,"Pantograph":19,"Orrery":7,"HolyWater":9,"VioletLotus":15,"Art of War":0,"PureWater":0},{"Girya":116,"Golden Idol":37,"CeramicFish":37,"Damaru":27,"Oddly Smooth Stone":64,"TeardropLocket":71,"White Beast Statue":27,"Old Coin":80,"Blood Vial":14,"Peace Pipe":94,"HornCleat":137,"Mummified Hand":143,"Bloody Idol":60,"Pantograph":109,"Orrery":37,"HolyWater":51,"VioletLotus":92,"Art of War":0,"PureWater":0}]},"card_choices":[{"not_picked":["Indignation","SignatureMove"],"picked":"CutThroughFate","floor":1.0},{"not_picked":["ClearTheMind","SandsOfTime"],"picked":"EmptyFist","floor":2.0},{"not_picked":["Evaluate","JustLucky"],"picked":"SashWhip","floor":3.0},{"not_picked":["BattleHymn","BowlingBash"],"picked":"DeceiveReality","floor":6.0},{"not_picked":["Evaluate","Halt","CrushJoints"],"picked":"SKIP","floor":7.0},{"not_picked":["CrushJoints","Ragnarok"],"picked":"Adaptation","floor":8.0},{"not_picked":["SashWhip","Perseverance"],"picked":"FearNoEvil","floor":11.0},{"not_picked":["FearNoEvil","SignatureMove"],"picked":"Scrawl","floor":12.0},{"not_picked":["Prostrate","EmptyBody"],"picked":"FollowUp","floor":12.0},{"not_picked":["Swivel","Pray"],"picked":"Halt","floor":14.0},{"not_picked":["ConjureBlade","DevaForm"],"picked":"LessonLearned","floor":16.0},{"not_picked":["PathToVictory","ThirdEye","Halt"],"picked":"SKIP","floor":18.0},{"not_picked":["Fasting2","Sanctity","JustLucky"],"picked":"SKIP","floor":20.0},{"not_picked":["Consecrate","CrushJoints"],"picked":"ClearTheMind","floor":25.0},{"not_picked":["Establishment","Prostrate"],"picked":"Meditate","floor":28.0},{"not_picked":["InnerPeace","ForeignInfluence","ThirdEye"],"picked":"SKIP","floor":31.0},{"not_picked":["ConjureBlade","Alpha"],"picked":"Omniscience","floor":33.0},{"not_picked":["BowlingBash+1","ForeignInfluence","Consecrate+1"],"picked":"SKIP","floor":35.0},{"not_picked":["InnerPeace","CutThroughFate+1","FollowUp"],"picked":"SKIP","floor":38.0},{"not_picked":["ReachHeaven","ForeignInfluence+1","SashWhip"],"picked":"SKIP","floor":39.0},{"not_picked":["Evaluate","Halt+1","BattleHymn"],"picked":"SKIP","floor":42.0},{"not_picked":["FlyingSleeves","Perseverance","Meditate"],"picked":"SKIP","floor":44.0},{"not_picked":["BowlingBash","BattleHymn","Consecrate"],"picked":"SKIP","floor":46.0},{"not_picked":["BowlingBash","BattleHymn","Consecrate"],"picked":"SKIP","floor":46.0},{"not_picked":["Nirvana","PathToVictory","Consecrate"],"picked":"SKIP","floor":48.0},{"not_picked":["WreathOfFlame+1","ClearTheMind","FollowUp"],"picked":"SKIP","floor":54.0}],"player_experience":362884,"relics_obtained":[{"floor":6.0,"key":"Blood Vial"},{"floor":8.0,"key":"White Beast Statue"},{"floor":9.0,"key":"Damaru"},{"floor":11.0,"key":"CeramicFish"},{"floor":22.0,"key":"Oddly Smooth Stone"},{"floor":26.0,"key":"TeardropLocket"},{"floor":31.0,"key":"Old Coin"},{"floor":42.0,"key":"Pantograph"},{"floor":44.0,"key":"Girya"},{"floor":54.0,"key":"Mummified Hand"}],"event_choices":[{"damage_healed":0.0,"max_hp_gain":0.0,"max_hp_loss":0.0,"gold_gain":0.0,"event_name":"Living Wall","player_choice":"Grow","floor":5.0,"gold_loss":0.0,"damage_taken":0.0,"cards_upgraded":["EmptyFist"]},{"damage_healed":0.0,"max_hp_gain":0.0,"max_hp_loss":6.0,"gold_gain":0.0,"event_name":"Golden Idol","player_choice":"Lose Max HP","floor":13.0,"gold_loss":0.0,"damage_taken":0.0,"relics_obtained":["Golden Idol"]},{"damage_healed":0.0,"max_hp_gain":0.0,"max_hp_loss":0.0,"gold_gain":0.0,"event_name":"Forgotten Altar","player_choice":"Gave Idol","floor":19.0,"relics_lost":["Golden Idol"],"gold_loss":0.0,"damage_taken":0.0,"relics_obtained":["Bloody Idol"]},{"damage_healed":0.0,"max_hp_gain":0.0,"max_hp_loss":0.0,"gold_gain":0.0,"event_name":"Nest","player_choice":"Joined the Cult","floor":21.0,"gold_loss":0.0,"damage_taken":6.0,"cards_obtained":["RitualDagger"]},{"damage_healed":0.0,"max_hp_gain":0.0,"max_hp_loss":0.0,"gold_gain":0.0,"event_name":"The Library","player_choice":"Read","floor":30.0,"gold_loss":0.0,"damage_taken":0.0,"cards_obtained":["Tantrum"]},{"damage_healed":0.0,"max_hp_gain":0.0,"max_hp_loss":0.0,"gold_gain":0.0,"cards_transformed":["Strike_P"],"event_name":"Transmorgrifier","player_choice":"Transformed","floor":36.0,"gold_loss":0.0,"damage_taken":0.0,"cards_obtained":["FlurryOfBlows"]},{"damage_healed":0.0,"max_hp_gain":0.0,"max_hp_loss":0.0,"gold_gain":0.0,"event_name":"Duplicator","player_choice":"Copied","floor":41.0,"gold_loss":0.0,"damage_taken":0.0,"cards_obtained":["Omniscience"]}],"is_beta":false,"boss_relics":[{"not_picked":["SlaversCollar","Velvet Choker"],"picked":"HolyWater"},{"not_picked":["Pandora\u0027s Box","Snecko Eye"],"picked":"VioletLotus"}],"items_purged_floors":[37,53],"is_endless":false,"potions_floor_spawned":[1,2,11,14,16,18,20,25,28,31,33,35,38,39,42,44,46,48,54],"killed_by":"The Heart","ascension_level":18}}