{"host":"bbld1ic1uj90ldt9","time":1609605821,"event":{"mods":["2.2 Compatiblity","AchievementEnabler","Act Like it!","BaseMod","Better Third Choice","Conspire","Downfall","Emptier Cage","Gensokyo","Hallownest","Hermit","Highlight Path","Hubris","Marisa????????","Minty Spire (QoL Compilation)","Random Character Button","Replay The Spire","StSLib","The Animator","The Bug Knight","The Cursed","The Disciple","The Hierophant","The Jungle","The Runesmith","The Servant 0.9.4"],"gold_per_floor":[99,99,102,119,149,149,149,149,165,192,192,197,47,70,86,184,184,109,136,51,74,92,120,120,130,130,166,166,175,175,156,170,240,240,240,290,357,379,408,406,406,406,406,406,367,367,367,133,144,120],"floor_reached":51,"playtime":6673,"items_purged":[],"score":740,"play_id":"a1dbd173-e8ef-4fa5-8589-72c32da242a3","local_time":"20210102174341","is_ascension_mode":false,"campfire_choices":[{"floor":1.0,"key":"RECALL"},{"floor":6.0,"key":"REST"},{"floor":13.0,"key":"REST"},{"floor":28.0,"key":"REST"},{"floor":30.0,"key":"REST"},{"floor":35.0,"key":"REST"},{"floor":44.0,"key":"REST"},{"floor":47,"key":"REST"}],"circlet_count":0,"master_deck":["conspire:GhostlyStrike","conspire:GhostlyStrike","hierophant:Punish","conspire:GhostlyDefend","conspire:GhostlyDefend","conspire:GhostlyDefend","hierophant:ChurchCoffers+1","hierophant:MirrorShield","hierophant:RepressedViolence","hierophant:Doubloon+1","hierophant:Dazzle","hierophant:PristineSoul","hierophant:Martyrdom","hierophant:Smite","hierophant:Prophecy","hierophant:ArchangelShield","hierophant:Smite","hierophant:Batter+1","hierophant:RepressedViolence+1","hierophant:Glossolalia+1","hierophant:Doubloon","hierophant:Charity","hierophant:HolyVerse+1","hierophant:Patience","hierophant:EyeForCoin","hierophant:HolyVerse","hierophant:Doubloon","hierophant:Doubloon+1","hierophant:Charity","hierophant:Doubloon+1","hierophant:Doubloon","hierophant:Doubloon+1","hierophant:MintersHammer+1","hierophant:Doubloon+1","hierophant:Doubloon","hierophant:Doubloon","hierophant:Repentance+1","hierophant:Doubloon","hierophant:TollTheBells+1","hierophant:RustyCrate","hierophant:Doubloon","hierophant:Doubloon","hierophant:Doubloon","hierophant:Endure","hierophant:ArchangelShield+1","Voices","hierophant:Doubloon+1","ReplayTheSpireMod:Brewmster+1","expansioncontent:Collect+1","hierophant:Doubloon","hierophant:Encroach","hierophant:Doubloon+1"],"relics":["Replay:Drink Me","conspire:GlowingRock","Golden Egg","Oddly Smooth Stone","downfall:HeartBlessingBlue","downfall:HeartBlessingRed","Fusion Hammer","downfall:HeartBlessingGreen","Runesmith:Locket","hubris:VirtuousBlindfold","hubris:TinFlute","hubris:Towel","Ring of Fury","Ring of Fangs"],"acts_visited":["Exordium","TheCity","TheBeyond"],"potions_floor_usage":[50,50,50],"damage_taken":[{"damage":3.0,"enemies":"conspire:RoseBush","floor":2.0,"turns":5.0},{"damage":2.0,"enemies":"Jaw Worm","floor":3.0,"turns":5.0},{"damage":2.0,"enemies":"2 Louse","floor":4.0,"turns":3.0},{"damage":19.0,"enemies":"HollowMod:MossKnight","floor":9.0,"turns":23.0},{"damage":0.0,"enemies":"Red Slaver","floor":10.0,"turns":4.0},{"damage":0.0,"enemies":"Gremlin Nob","floor":12.0,"turns":2.0},{"damage":0.0,"enemies":"Large Slime","floor":14.0,"turns":3.0},{"damage":0.0,"enemies":"conspire:2 RoseBushes","floor":15.0,"turns":3.0},{"damage":0.0,"enemies":"downfall:Watcher","floor":16.0,"turns":7.0},{"damage":0.0,"enemies":"Spheric Guardian","floor":19.0,"turns":3.0},{"damage":0.0,"enemies":"downfall:FleeingMerchant","floor":20.0,"turns":4.0},{"damage":0.0,"enemies":"3 Cultists","floor":21.0,"turns":4.0},{"damage":6.0,"enemies":"Snake Plant","floor":22.0,"turns":4.0},{"damage":0.0,"enemies":"Snecko","floor":23.0,"turns":5.0},{"damage":7.0,"enemies":"conspire:HollyBat","floor":25.0,"turns":5.0},{"damage":0.0,"enemies":"Sentry and Sphere","floor":27.0,"turns":3.0},{"damage":0.0,"enemies":"Snecko","floor":29.0,"turns":4.0},{"damage":15.0,"enemies":"downfall:FleeingMerchant","floor":31.0,"turns":4.0},{"damage":9.0,"enemies":"conspire:HollyBat","floor":32.0,"turns":5.0},{"damage":1.0,"enemies":"downfall:Defect","floor":33.0,"turns":8.0},{"damage":16.0,"enemies":"3 Darklings","floor":36.0,"turns":5.0},{"damage":4.0,"enemies":"Orb Walker","floor":37.0,"turns":2.0},{"damage":0.0,"enemies":"3 Darklings","floor":38.0,"turns":5.0},{"damage":46.0,"enemies":"Transient","floor":39.0,"turns":5.0},{"damage":0.0,"enemies":"Maw","floor":40.0,"turns":5.0},{"damage":0.0,"enemies":"downfall:FleeingMerchant","floor":45.0,"turns":4.0},{"damage":5,"enemies":"downfall:FleeingMerchant","floor":48,"turns":4},{"damage":8,"enemies":"4 Shapes","floor":49,"turns":5},{"damage":32,"enemies":"downfall:Ironclad","floor":50,"turns":11}],"seed_played":"2438821017197664180","potions_obtained":[{"floor":3.0,"key":"Swift Potion"},{"floor":9.0,"key":"ColorlessPotion"},{"floor":12.0,"key":"Explosive Potion"},{"floor":15.0,"key":"BlessingOfTheForge"},{"floor":16.0,"key":"DistilledChaos"},{"floor":18.0,"key":"Energy Potion"},{"floor":18.0,"key":"Weak Potion"},{"floor":22.0,"key":"Reflective Coating"},{"floor":23.0,"key":"ColorlessPotion"},{"floor":25.0,"key":"FearPotion"},{"floor":32.0,"key":"Weak Potion"},{"floor":37.0,"key":"Venom Potion"},{"floor":39.0,"key":"AttackPotion"},{"floor":40.0,"key":"FearPotion"}],"is_trial":false,"path_per_floor":["R","M","M","M","?","R","T","?","E","M","?","E","R","M","M","B",null,"R","M","$","M","M","M","T","M","?","M","R","M","R","$","M","B",null,"R","M","M","M","M","M","T","?","?","R","$","?","R","?","M","B",null],"character_chosen":"HIEROPHANT","items_purchased":["hierophant:Glossolalia","ReplayTheSpireMod:Brewmster","expansioncontent:Collect"],"campfire_rested":7,"item_purchase_floors":[20,48,48],"current_hp_per_floor":[57,54,52,50,28,45,45,45,26,26,26,26,56,56,56,56,67,67,67,67,67,61,61,61,54,54,54,67,67,67,52,43,42,67,67,51,47,47,1,1,1,1,4,25,25,25,46,41,33,1],"gold":120,"neow_bonus":"BOSS_RELIC","is_daily":false,"chose_seed":false,"campfire_upgraded":0,"win_rate":0.0,"timestamp":1609605821,"path_taken":["R","M","M","M","?","R","T","?","E","M","?","E","R","M","M","BOSS","R","M","$","M","M","M","T","M","?","M","R","M","R","$","M","BOSS","R","M","M","M","M","M","T","?","?","R","$","?","R","?","M","BOSS"],"items_purchased_type":["Card","Card","Card"],"build_version":"2020-12-22","purchased_purges":0,"victory":true,"max_hp_per_floor":[57,57,57,57,57,57,57,57,57,57,57,57,67,67,67,67,67,67,67,67,67,67,67,67,67,67,67,67,67,67,67,67,67,67,67,67,67,67,67,67,67,67,70,70,70,70,70,70,70,70],"card_choices":[{"not_picked":["hierophant:Shelter","hierophant:AuricBeam"],"picked":"hierophant:MirrorShield","floor":2.0},{"not_picked":["hierophant:AuricBeam","hierophant:AuricShield"],"picked":"hierophant:RepressedViolence","floor":3.0},{"not_picked":["hierophant:Flagellation","hierophant:Doubloon"],"picked":"hierophant:Dazzle","floor":4.0},{"not_picked":["hierophant:EyeForCoin","hierophant:OrnateBuckler"],"picked":"hierophant:PristineSoul","floor":5.0},{"not_picked":["hierophant:MirrorShield","hierophant:Upheaval"],"picked":"hierophant:Martyrdom","floor":9.0},{"not_picked":["hierophant:PassingBell","hierophant:Bribe"],"picked":"hierophant:Smite","floor":10.0},{"not_picked":["hierophant:AuricBeam","hierophant:MorningPrayer"],"picked":"hierophant:Prophecy","floor":12.0},{"not_picked":["hierophant:Doomsaying","hierophant:FieryStrike"],"picked":"hierophant:ArchangelShield","floor":14.0},{"not_picked":["hierophant:RustyCrate","hierophant:MorningPrayer"],"picked":"hierophant:Smite","floor":15.0},{"not_picked":["hierophant:Anathema","hierophant:AuricForm"],"picked":"hierophant:Batter","floor":16.0},{"not_picked":["hierophant:EyeForCoin","hierophant:OrnateBuckler","hierophant:Remorse"],"picked":"SKIP","floor":19.0},{"not_picked":["hierophant:BulkyChest","hierophant:Encroach"],"picked":"hierophant:RepressedViolence","floor":20.0},{"not_picked":["hierophant:Patience","hierophant:PassingBell"],"picked":"hierophant:Charity","floor":21.0},{"not_picked":["hierophant:HammerAndAnvil","hierophant:Encroach"],"picked":"hierophant:HolyVerse+1","floor":22.0},{"not_picked":["hierophant:Refuge","hierophant:Racketeering"],"picked":"hierophant:Patience","floor":23.0},{"not_picked":["hierophant:Shelter","hierophant:Sermon"],"picked":"hierophant:EyeForCoin","floor":25.0},{"not_picked":["hierophant:HammerAndAnvil","hierophant:Alms"],"picked":"hierophant:HolyVerse","floor":27.0},{"not_picked":["hierophant:Patience","hierophant:FlamingChariot"],"picked":"hierophant:Charity","floor":29.0},{"not_picked":["hierophant:Refuge+1","hierophant:Mercenaries","hierophant:PassingBell"],"picked":"SKIP","floor":31.0},{"not_picked":["hierophant:Purify+1","hierophant:LocustPlague","hierophant:Remorse"],"picked":"SKIP","floor":32.0},{"not_picked":["hierophant:AuricForm","hierophant:BulkyChest"],"picked":"hierophant:MintersHammer","floor":33.0},{"not_picked":["hierophant:HolyVerse+1","hierophant:EyeForCoin"],"picked":"hierophant:Doubloon","floor":36.0},{"not_picked":["hierophant:MorningPrayer","hierophant:Purify"],"picked":"hierophant:Repentance+1","floor":37.0},{"not_picked":["hierophant:Zeal+1","hierophant:WrathOfGod"],"picked":"hierophant:TollTheBells+1","floor":38.0},{"not_picked":["hierophant:Remorse+1","hierophant:ThreeLashes"],"picked":"hierophant:RustyCrate","floor":39.0},{"not_picked":["hierophant:FlamingChariot+1","hierophant:Encroach"],"picked":"hierophant:Endure","floor":40.0},{"not_picked":["hierophant:Doubloon+1","hierophant:RustyCrate"],"picked":"hierophant:ArchangelShield+1","floor":45},{"not_picked":["hierophant:DeathKnell","hierophant:Upheaval","hierophant:PassingBell+1"],"picked":"SKIP","floor":48},{"not_picked":["hierophant:HammerAndAnvil+1","hierophant:SecretStash"],"picked":"hierophant:Encroach","floor":49}],"player_experience":2183423,"relics_obtained":[{"floor":5.0,"key":"conspire:GlowingRock"},{"floor":9.0,"key":"Golden Egg"},{"floor":12.0,"key":"Oddly Smooth Stone"},{"floor":24.0,"key":"Runesmith:Locket"},{"floor":41.0,"key":"hubris:TinFlute"},{"floor":46,"key":"Ring of Fury"},{"floor":46,"key":"Ring of Fangs"}],"event_choices":[{"damage_healed":0.0,"max_hp_gain":0.0,"max_hp_loss":0.0,"gold_gain":0.0,"event_name":"conspire:LoneGhost","player_choice":"Agree","floor":8.0,"gold_loss":0.0,"damage_taken":0.0},{"damage_healed":0.0,"max_hp_gain":0.0,"max_hp_loss":0.0,"gold_gain":0.0,"event_name":"Living Wall","player_choice":"Grow","floor":11.0,"gold_loss":0.0,"damage_taken":0.0,"cards_upgraded":["hierophant:ChurchCoffers"]}],"is_beta":false,"boss_relics":[{"not_picked":["hubris:TerracottaHorce","conspire:RunicOctahedron"],"picked":"Fusion Hammer"},{"not_picked":["SlaversCollar","Philosopher\u0027s Stone"],"picked":"hubris:VirtuousBlindfold"}],"items_purged_floors":[],"is_endless":false,"potions_floor_spawned":[3,9,12,15,16,19,22,23,25,32,37,39,40],"ascension_level":0}}