{"host":"l99crexq2sc8megk","time":1609600051,"event":{"mods":["BaseMod","Hermit","Minty Spire (QoL Compilation)","Quick Restart","StSLib","The Cursed"],"gold_per_floor":[19,36,49,69,87,87,101,118,118,118,43,43,8,8,8,104,104,124,124,24,37,56,56,56,76,76,103,123,123,142,162,162,263,313,323,336,129,145,145,145],"floor_reached":39,"playtime":1614,"items_purged":["Strike_B","Strike_B","Defend_B"],"score":464,"play_id":"55fbbed3-ea34-44d7-b287-58038b88ca18","local_time":"20210102230731","is_ascension_mode":true,"campfire_choices":[{"data":"Rainbow","floor":6,"key":"SMITH"},{"floor":10,"key":"REST"},{"data":"Zap","floor":15,"key":"SMITH"},{"floor":23,"key":"REST"},{"floor":29,"key":"REST"},{"floor":32,"key":"REST"}],"circlet_count":0,"master_deck":["Strike_B","Defend_B","Defend_B","Defend_B","Zap+1","Dualcast+1","Rainbow+1","Ball Lightning","Loop+1","Ball Lightning","Darkness+1","Core Surge+1","Machine Learning","Conserve Battery+1","Multi-Cast+1","Force Field+1","Fusion+1","Capacitor","Redo+1","Rainbow+1","Conserve Battery+1","Static Discharge"],"relics":["Cracked Core","Toxic Egg 2","Fusion Hammer","StrikeDummy","Singing Bowl","Tiny House"],"acts_visited":["Exordium","TheCity","TheBeyond"],"potions_floor_usage":[8,16,27,38],"damage_taken":[{"damage":0,"enemies":"Cultist","floor":1,"turns":3},{"damage":0,"enemies":"Small Slimes","floor":2,"turns":2},{"damage":5,"enemies":"2 Louse","floor":3,"turns":2},{"damage":22,"enemies":"Exordium Thugs","floor":4,"turns":5},{"damage":8,"enemies":"Red Slaver","floor":5,"turns":4},{"damage":14,"enemies":"3 Louse","floor":7,"turns":2},{"damage":13,"enemies":"Large Slime","floor":8,"turns":4},{"damage":16,"enemies":"Slime Boss","floor":16,"turns":6},{"damage":29,"enemies":"2 Thieves","floor":18,"turns":4},{"damage":12,"enemies":"Chosen","floor":21,"turns":2},{"damage":3,"enemies":"Snecko","floor":22,"turns":4},{"damage":6,"enemies":"Centurion and Healer","floor":25,"turns":6},{"damage":28,"enemies":"Gremlin Leader","floor":27,"turns":5},{"damage":14,"enemies":"Snake Plant","floor":28,"turns":2},{"damage":14,"enemies":"3 Cultists","floor":30,"turns":5},{"damage":13,"enemies":"Chosen and Byrds","floor":31,"turns":4},{"damage":13,"enemies":"Automaton","floor":33,"turns":6},{"damage":47,"enemies":"3 Shapes","floor":35,"turns":4},{"damage":11,"enemies":"Orb Walker","floor":36,"turns":2},{"damage":25,"enemies":"Maw","floor":38,"turns":7},{"damage":28,"enemies":"4 Shapes","floor":39,"turns":1}],"seed_played":"3789452196005297496","potions_obtained":[{"floor":1,"key":"Dexterity Potion"},{"floor":5,"key":"Ancient Potion"},{"floor":8,"key":"Fruit Juice"},{"floor":16,"key":"FearPotion"},{"floor":22,"key":"Dexterity Potion"},{"floor":27,"key":"SteroidPotion"},{"floor":30,"key":"Fire Potion"},{"floor":34,"key":"Regen Potion"}],"is_trial":false,"path_per_floor":["M","M","M","M","M","R","M","M","T","R","$","?","?","?","R","B",null,"M","?","$","M","M","R","?","M","T","E","M","R","M","M","R","B",null,"M","M","$","M","M"],"character_chosen":"DEFECT","items_purchased":["Static Discharge"],"campfire_rested":4,"item_purchase_floors":[37],"current_hp_per_floor":[75,75,70,48,40,40,26,18,18,42,42,26,46,46,46,30,80,51,51,51,39,36,60,60,54,54,26,12,36,24,11,35,22,89,44,33,33,25,0,0],"gold":145,"neow_bonus":"THREE_RARE_CARDS","is_daily":false,"chose_seed":false,"campfire_upgraded":2,"win_rate":0.0,"timestamp":1609600051,"path_taken":["M","?","M","M","M","R","M","M","T","R","$","?","?","?","R","BOSS","M","?","$","M","?","R","?","M","T","E","M","R","M","M","R","BOSS","M","M","$","M","M"],"items_purchased_type":["Card"],"build_version":"2020-12-22","purchased_purges":3,"victory":false,"max_hp_per_floor":[75,75,75,75,75,75,75,80,80,80,80,80,80,80,80,80,80,80,80,80,80,80,80,80,80,80,80,80,80,82,82,82,82,89,91,91,91,93,93,93],"card_choices":[{"not_picked":["Meteor Strike","Reboot"],"picked":"Rainbow","floor":0},{"not_picked":["Heatsinks","Glacier"],"picked":"Ball Lightning","floor":1},{"not_picked":["Recycle","Double Energy","Beam Cell"],"picked":"SKIP","floor":2},{"not_picked":["Reprogram","Gash"],"picked":"Loop","floor":3},{"not_picked":["Rebound","Hyperbeam","Hello World"],"picked":"SKIP","floor":4},{"not_picked":["Recycle","Skim"],"picked":"Ball Lightning","floor":5},{"not_picked":["Chaos","Hologram"],"picked":"Darkness","floor":7},{"not_picked":["Go for the Eyes","Ball Lightning"],"picked":"Core Surge","floor":8},{"not_picked":["Core Surge","Meteor Strike"],"picked":"Machine Learning","floor":16},{"not_picked":["Darkness+1","Gash+1"],"picked":"Conserve Battery+1","floor":18},{"not_picked":["Ball Lightning","Gash","Hologram+1"],"picked":"SKIP","floor":21},{"not_picked":["Streamline+1","Storm"],"picked":"Force Field+1","floor":22},{"not_picked":["Hologram+1","Barrage","Sunder+1"],"picked":"SKIP","floor":25},{"not_picked":["Undo+1","Storm"],"picked":"Fusion+1","floor":27},{"not_picked":["Conserve Battery+1","Coolheaded+1"],"picked":"Capacitor","floor":28},{"not_picked":["Core Surge","Steam+1","Turbo+1"],"picked":"Singing Bowl","floor":30},{"not_picked":["Sweeping Beam","Reprogram+1"],"picked":"Redo+1","floor":31},{"not_picked":["Creative AI","Hyperbeam"],"picked":"Rainbow+1","floor":33},{"not_picked":["Chaos+1","Aggregate+1","Sweeping Beam"],"picked":"Singing Bowl","floor":34},{"not_picked":["Sweeping Beam+1","Steam+1","Compile Driver+1"],"picked":"Singing Bowl","floor":35},{"not_picked":["Coolheaded+1","Scrape+1"],"picked":"Conserve Battery+1","floor":36},{"not_picked":["Streamline","Fusion+1","Compile Driver"],"picked":"Singing Bowl","floor":38}],"player_experience":356098,"relics_obtained":[{"floor":9,"key":"Toxic Egg 2"},{"floor":26,"key":"StrikeDummy"},{"floor":27,"key":"Singing Bowl"}],"event_choices":[{"damage_healed":0,"gold_gain":0,"player_choice":"Entered Light","damage_taken":16,"max_hp_gain":0,"max_hp_loss":0,"event_name":"Shining Light","floor":12,"gold_loss":0,"cards_upgraded":["Dualcast","Loop"]},{"damage_healed":20,"gold_gain":0,"player_choice":"Healed","damage_taken":0,"max_hp_gain":0,"max_hp_loss":0,"event_name":"The Cleric","floor":13,"gold_loss":35},{"damage_healed":0,"gold_gain":0,"player_choice":"Upgraded","damage_taken":0,"max_hp_gain":0,"max_hp_loss":0,"event_name":"Upgrade Shrine","floor":14,"gold_loss":0,"cards_upgraded":["Darkness"]},{"damage_healed":0,"gold_gain":0,"cards_transformed":["Strike_B"],"player_choice":"Transformed","damage_taken":0,"max_hp_gain":0,"max_hp_loss":0,"event_name":"Transmorgrifier","floor":19,"gold_loss":0,"cards_obtained":["Multi-Cast"]}],"is_beta":false,"boss_relics":[{"not_picked":["Philosopher\u0027s Stone","Snecko Eye"],"picked":"Fusion Hammer"},{"not_picked":["Busted Crown","Runic Pyramid"],"picked":"Tiny House"}],"items_purged_floors":[11,20,37],"is_endless":false,"potions_floor_spawned":[1,5,8,16,22,27,28,30,31,36],"killed_by":"4 Shapes","ascension_level":2}}