{"host":"oy4pyvr762z5n0bb","time":1609620132,"event":{"mods":["AchievementEnabler","BaseMod","Colored Map","Colored Powertips","Googly Eyes","Key Reminder","Minty Spire (QoL Compilation)","Quick Restart","Relic Sorter","StSLib","SuperFastMode","Unceasing Turn Reminder","slay the spire mod where everything is the same but ironclad has a cowboy hat"],"gold_per_floor":[110,120,137,137,38,76,76,119,119,119,134,56,90,113,113,236,236,261,261,274,30,43,43,43,43,43,71,71,102,102,2,2,107,107,120,1119,472,472,488,488,516,516,516,516,516],"floor_reached":44,"playtime":1063,"items_purged":["Injury","Strike_G","Normality"],"score":752,"play_id":"2752dc9f-71c0-4432-a958-4791eedb053b","local_time":"20210102124212","is_ascension_mode":true,"campfire_choices":[{"floor":7.0,"key":"REST"},{"floor":10,"key":"REST"},{"data":"After Image","floor":15,"key":"SMITH"},{"floor":23,"key":"REST"},{"floor":25,"key":"REST"},{"floor":30,"key":"REST"},{"floor":32,"key":"REST"},{"data":"Footwork","floor":40,"key":"SMITH"}],"circlet_count":0,"master_deck":["Strike_G","Strike_G","Defend_G","Defend_G","Defend_G","Defend_G","Defend_G","Survivor","Neutralize","Poisoned Stab","Poisoned Stab","Bane","Bane","Dash","Glass Knife","PiercingWail","After Image+1","Blur","Poisoned Stab","Venomology","Catalyst+1","Setup","Setup+1","Footwork+1","A Thousand Cuts","A Thousand Cuts","Noxious Fumes","Poisoned Stab+1","Adrenaline","Crippling Poison","Chrysalis","Writhe"],"relics":["Ring of the Snake","NeowsBlessing","Bloody Idol","Bronze Scales","Pantograph","keyreminder:keyreminder","Omamori","Oddly Smooth Stone","WristBlade","Gremlin Horn","Mummified Hand","Pocketwatch","Dream Catcher","Calling Bell","Regal Pillow","Ninja Scroll","The Specimen","Bag of Preparation","Toolbox","MealTicket","Bottled Lightning"],"acts_visited":["Exordium","TheCity","TheBeyond"],"potions_floor_usage":[8,16,18,18,22,27,29,33,33,33,33,33,33,33,33,35],"damage_taken":[{"damage":0.0,"enemies":"Small Slimes","floor":1.0,"turns":1.0},{"damage":0.0,"enemies":"Jaw Worm","floor":2.0,"turns":1.0},{"damage":0.0,"enemies":"Cultist","floor":3.0,"turns":1.0},{"damage":35.0,"enemies":"3 Sentries","floor":6.0,"turns":9.0},{"damage":15,"enemies":"Lagavulin","floor":8,"turns":6},{"damage":0,"enemies":"2 Fungi Beasts","floor":11,"turns":2},{"damage":14,"enemies":"3 Sentries","floor":13,"turns":8},{"damage":0,"enemies":"Blue Slaver","floor":14,"turns":3},{"damage":28,"enemies":"Hexaghost","floor":16,"turns":9},{"damage":12,"enemies":"Spheric Guardian","floor":18,"turns":5},{"damage":13,"enemies":"Shell Parasite","floor":20,"turns":5},{"damage":25,"enemies":"3 Cultists","floor":22,"turns":7},{"damage":34,"enemies":"Slavers","floor":27,"turns":5},{"damage":19,"enemies":"Book of Stabbing","floor":29,"turns":5},{"damage":0,"enemies":"Collector","floor":33,"turns":6},{"damage":31,"enemies":"3 Darklings","floor":35,"turns":6},{"damage":0,"enemies":"3 Shapes","floor":39,"turns":4},{"damage":65,"enemies":"Giant Head","floor":41,"turns":8},{"damage":12,"enemies":"Maw","floor":44,"turns":6}],"seed_played":"5192495575723922511","potions_obtained":[{"floor":3.0,"key":"Swift Potion"},{"floor":11,"key":"Poison Potion"},{"floor":13,"key":"SkillPotion"},{"floor":16,"key":"GamblersBrew"},{"floor":19,"key":"EntropicBrew"},{"floor":19,"key":"SkillPotion"},{"floor":29,"key":"BlessingOfTheForge"},{"floor":39,"key":"ColorlessPotion"},{"floor":41,"key":"EssenceOfSteel"}],"is_trial":false,"path_per_floor":["M","M","M","?","$","E","R","E","T","R","M","$","E","M","R","B",null,"M","?","M","$","M","R","?","R","T","E","?","E","R","$","R","B",null,"M","?","$","?","M","R","E","?","T","M"],"character_chosen":"THE_SILENT","items_purchased":["Bane","After Image","Gremlin Horn","Bag of Preparation","Crippling Poison","Chrysalis","Toolbox"],"campfire_rested":6,"item_purchase_floors":[5,12,21,37,37,37,37],"current_hp_per_floor":[63,63,63,63,63,28,49,34,34,55,55,55,41,41,41,38,62,50,50,37,37,12,33,33,54,54,25,25,11,32,32,53,70,70,44,49,49,67,70,70,10,10,10,0,0],"gold":516,"neow_bonus":"THREE_ENEMY_KILL","is_daily":false,"chose_seed":false,"campfire_upgraded":2,"win_rate":0.0,"timestamp":1609620132,"path_taken":["M","M","M","?","$","E","R","E","T","R","M","$","E","M","R","BOSS","M","?","M","$","?","R","?","R","T","E","?","E","R","?","R","BOSS","M","?","$","?","M","R","E","?","T","M"],"items_purchased_type":["Card","Card","Relic","Relic","Card","Card","Relic"],"build_version":"2020-12-22","purchased_purges":3,"victory":false,"max_hp_per_floor":[70,70,70,70,70,70,70,70,70,70,70,70,70,70,70,70,70,70,70,70,70,70,70,70,70,70,70,70,70,70,70,70,70,70,70,70,70,70,70,70,70,70,70,70,70],"card_choices":[{"not_picked":["Masterful Stab","Bane"],"picked":"Poisoned Stab","floor":1.0},{"not_picked":["Blade Dance","Deflect"],"picked":"Poisoned Stab","floor":2.0},{"not_picked":["Cloak And Dagger","Deflect"],"picked":"Bane","floor":3.0},{"not_picked":["Slice","Outmaneuver"],"picked":"Dash","floor":6.0},{"not_picked":["Underhanded Strike","Backstab"],"picked":"Glass Knife","floor":8},{"not_picked":["Dagger Throw","Backflip"],"picked":"PiercingWail","floor":11},{"not_picked":["Infinite Blades","Riddle With Holes"],"picked":"Blur","floor":13},{"not_picked":["Blade Dance","Predator"],"picked":"Poisoned Stab","floor":14},{"not_picked":["Night Terror","Wraith Form v2"],"picked":"Venomology","floor":16},{"not_picked":["Quick Slash+1","Eviscerate"],"picked":"Catalyst+1","floor":18},{"not_picked":["Dodge and Roll","Skewer"],"picked":"Setup","floor":20},{"not_picked":["Distraction","Expertise+1"],"picked":"Setup+1","floor":22},{"not_picked":["Underhanded Strike","Malaise"],"picked":"Footwork","floor":27},{"not_picked":["Bane","Quick Slash","PiercingWail"],"picked":"SKIP","floor":29},{"not_picked":["PiercingWail","Prepared+1"],"picked":"Noxious Fumes","floor":30},{"not_picked":["Underhanded Strike","Dagger Spray+1"],"picked":"Poisoned Stab+1","floor":32},{"not_picked":["A Thousand Cuts","Die Die Die"],"picked":"Adrenaline","floor":33},{"not_picked":["Poisoned Stab+1","Underhanded Strike","Quick Slash"],"picked":"SKIP","floor":35},{"not_picked":["Acrobatics+1","Choke+1","Dagger Spray"],"picked":"SKIP","floor":39},{"not_picked":["Quick Slash","Deflect","PiercingWail+1"],"picked":"SKIP","floor":41}],"player_experience":621961,"relics_obtained":[{"floor":6.0,"key":"Bronze Scales"},{"floor":8,"key":"Pantograph"},{"floor":9,"key":"Omamori"},{"floor":13,"key":"Oddly Smooth Stone"},{"floor":26,"key":"Mummified Hand"},{"floor":27,"key":"Pocketwatch"},{"floor":29,"key":"Dream Catcher"},{"floor":34,"key":"Regal Pillow"},{"floor":34,"key":"Ninja Scroll"},{"floor":34,"key":"The Specimen"},{"floor":41,"key":"MealTicket"},{"floor":43,"key":"Bottled Lightning"}],"event_choices":[{"damage_healed":0.0,"max_hp_gain":0.0,"max_hp_loss":0.0,"gold_gain":0.0,"event_name":"Golden Idol","player_choice":"Take Wound","floor":4.0,"gold_loss":0.0,"damage_taken":0.0,"relics_obtained":["Golden Idol"],"cards_obtained":["Injury"]},{"damage_healed":0,"gold_gain":0,"player_choice":"Got Potions","damage_taken":0,"max_hp_gain":0,"max_hp_loss":0,"event_name":"Lab","floor":19,"gold_loss":0},{"damage_healed":0,"gold_gain":0,"player_choice":"Gave Idol","damage_taken":0,"relics_obtained":["Bloody Idol"],"max_hp_gain":0,"max_hp_loss":0,"event_name":"Forgotten Altar","floor":24,"relics_lost":["Golden Idol"],"gold_loss":0},{"damage_healed":0,"gold_gain":0,"cards_transformed":["Strike_G","Strike_G"],"player_choice":"Became Test Subject","damage_taken":0,"max_hp_gain":0,"max_hp_loss":0,"event_name":"Drug Dealer","floor":28,"gold_loss":0,"cards_obtained":["A Thousand Cuts","A Thousand Cuts"]},{"damage_healed":0,"gold_gain":999,"player_choice":"Gold","damage_taken":0,"max_hp_gain":0,"max_hp_loss":0,"event_name":"MindBloom","floor":36,"gold_loss":0,"cards_obtained":["Normality","Normality"]},{"damage_healed":18,"gold_gain":0,"player_choice":"Writhe","damage_taken":0,"max_hp_gain":0,"max_hp_loss":0,"event_name":"Winding Halls","floor":38,"gold_loss":0,"cards_obtained":["Writhe"]},{"damage_healed":0,"gold_gain":0,"player_choice":"Ignored","damage_taken":0,"max_hp_gain":0,"max_hp_loss":0,"event_name":"Golden Shrine","floor":42,"gold_loss":0}],"is_beta":false,"boss_relics":[{"not_picked":["Runic Dome","Sozu"],"picked":"WristBlade"},{"not_picked":["Tiny House","HoveringKite"],"picked":"Calling Bell"}],"items_purged_floors":[5,31,37],"is_endless":false,"potions_floor_spawned":[3,11,13,16,22,29,39,41],"killed_by":"Maw","ascension_level":6}}