{"host":"oehe2dxjvdgux73m","time":1609602948,"event":{"mods":["AchievementEnabler","BaseMod","Colored Map","Colored Powertips","DeckTracker","Minty Spire (QoL Compilation)","StSLib","SuperFastMode"],"gold_per_floor":[116,126,137,137,62,62,96,96,121,141,174,174,185,185,185,287,287,306,169,182,194,212,212,212],"floor_reached":23,"playtime":909,"items_purged":["Defend_G","Strike_G"],"score":223,"play_id":"70255162-ceef-4fc1-9fc7-f4f2bc1f52b3","local_time":"20210103005548","is_ascension_mode":true,"campfire_choices":[{"data":"Neutralize","floor":6,"key":"SMITH"},{"data":"Catalyst","floor":8,"key":"SMITH"},{"floor":12,"key":"REST"},{"data":"Catalyst","floor":15,"key":"SMITH"}],"circlet_count":0,"master_deck":["Strike_G","Defend_G","Defend_G","Defend_G","Defend_G","Survivor","Neutralize+1","PiercingWail","Catalyst+1","Catalyst+1","Dagger Spray","Heel Hook","Leg Sweep","Noxious Fumes","Poisoned Stab","Reflex","Escape Plan","Deadly Poison","PiercingWail","Dodge and Roll"],"relics":["Ring of the Snake","NeowsBlessing","Omamori","Bronze Scales","White Beast Statue","Empty Cage"],"acts_visited":["Exordium","TheCity"],"potions_floor_usage":[7,11,16,20,22,23,23],"damage_taken":[{"damage":0,"enemies":"Cultist","floor":1,"turns":1},{"damage":0,"enemies":"2 Louse","floor":2,"turns":1},{"damage":0,"enemies":"Jaw Worm","floor":3,"turns":1},{"damage":31,"enemies":"3 Sentries","floor":7,"turns":7},{"damage":9,"enemies":"Exordium Thugs","floor":10,"turns":4},{"damage":19,"enemies":"Lagavulin","floor":11,"turns":7},{"damage":8,"enemies":"Looter","floor":13,"turns":3},{"damage":6,"enemies":"Hexaghost","floor":16,"turns":7},{"damage":0,"enemies":"3 Byrds","floor":18,"turns":3},{"damage":25,"enemies":"Shell Parasite","floor":20,"turns":6},{"damage":0,"enemies":"Centurion and Healer","floor":21,"turns":6},{"damage":18,"enemies":"Snake Plant","floor":22,"turns":4},{"damage":37,"enemies":"Gremlin Leader","floor":23,"turns":5}],"seed_played":"3394255434275175101","potions_obtained":[{"floor":2,"key":"BlessingOfTheForge"},{"floor":3,"key":"Regen Potion"},{"floor":10,"key":"CunningPotion"},{"floor":11,"key":"SkillPotion"},{"floor":13,"key":"CultistPotion"},{"floor":16,"key":"CunningPotion"},{"floor":20,"key":"Ancient Potion"},{"floor":22,"key":"Fire Potion"}],"is_trial":false,"path_per_floor":["M","M","M","?","$","R","E","R","T","M","E","R","M","?","R","B",null,"M","$","M","M","M","E"],"character_chosen":"THE_SILENT","items_purchased":["Escape Plan"],"campfire_rested":1,"item_purchase_floors":[19],"current_hp_per_floor":[70,70,70,70,70,70,39,39,39,30,11,32,24,24,24,18,70,70,70,45,45,36,0,0],"gold":212,"neow_bonus":"THREE_ENEMY_KILL","is_daily":false,"chose_seed":false,"campfire_upgraded":3,"win_rate":0.0,"timestamp":1609602948,"path_taken":["M","M","M","?","$","R","E","R","T","M","E","R","M","?","R","BOSS","M","$","M","?","M","E"],"items_purchased_type":["Card"],"build_version":"2020-12-22","purchased_purges":2,"victory":false,"max_hp_per_floor":[70,70,70,70,70,70,70,70,70,70,70,70,70,70,70,70,70,70,70,70,70,70,70,70],"card_choices":[{"not_picked":["Dagger Throw","PiercingWail","Poisoned Stab"],"picked":"SKIP","floor":1},{"not_picked":["Dagger Throw","Poisoned Stab"],"picked":"PiercingWail","floor":1},{"not_picked":["Sucker Punch","Deflect"],"picked":"Catalyst","floor":2},{"not_picked":["Acrobatics","Choke"],"picked":"Catalyst","floor":3},{"not_picked":["Reflex","Setup"],"picked":"Heel Hook","floor":7},{"not_picked":["Blade Dance","Quick Slash"],"picked":"Leg Sweep","floor":10},{"not_picked":["Tactician","Cloak And Dagger"],"picked":"Noxious Fumes","floor":11},{"not_picked":["Distraction","Noxious Fumes"],"picked":"Poisoned Stab","floor":13},{"not_picked":["Outmaneuver","Masterful Stab"],"picked":"Reflex","floor":18},{"not_picked":["Flying Knee","PiercingWail"],"picked":"Deadly Poison","floor":20},{"not_picked":["All Out Attack","Flying Knee+1"],"picked":"PiercingWail","floor":21},{"not_picked":["Cloak And Dagger","Flying Knee"],"picked":"Dodge and Roll","floor":22}],"player_experience":50740,"relics_obtained":[{"floor":7,"key":"Omamori"},{"floor":9,"key":"Bronze Scales"},{"floor":11,"key":"White Beast Statue"}],"event_choices":[{"damage_healed":0,"gold_gain":0,"cards_transformed":["Strike_G"],"player_choice":"Change","damage_taken":0,"max_hp_gain":0,"max_hp_loss":0,"event_name":"Living Wall","floor":4,"gold_loss":0,"cards_obtained":["Dagger Spray"]},{"damage_healed":0,"gold_gain":0,"player_choice":"Bought 0 Potions","damage_taken":0,"max_hp_gain":0,"max_hp_loss":0,"event_name":"The Woman in Blue","floor":14,"gold_loss":0}],"is_beta":false,"boss_relics":[{"not_picked":["Fusion Hammer","Coffee Dripper"],"picked":"Empty Cage"}],"items_purged_floors":[5,19],"is_endless":false,"potions_floor_spawned":[2,3,10,11,13,16,18,20,21,22],"killed_by":"Gremlin Leader","ascension_level":2}}