{"host":"i0avyit1s6jb1siw","time":1609597891,"event":{"mods":["BaseMod","DeckTracker","Dota2Spire","Highlight Path","Minty Spire (QoL Compilation)","Quick Restart","Replay The Spire","StSLib","SuperFastMode"],"gold_per_floor":[109,34,47,47,47,47,79,79,79,90,121,141,202,217,217,217,217],"floor_reached":16,"playtime":214,"items_purged":[],"score":270,"play_id":"15389d30-e825-48c4-b0ad-9f6b51c00191","local_time":"20210102153131","is_ascension_mode":true,"campfire_choices":[{"data":"Eruption","floor":6.0,"key":"SMITH"},{"data":"PathToVictory","floor":8,"key":"SMITH"},{"data":"PathToVictory","floor":15,"key":"SMITH"}],"circlet_count":0,"master_deck":["AscendersBane","Strike_P","Strike_P","Strike_P","Defend_P","Defend_P","Defend_P","Eruption+1","Vigilance","CurseOfTheBell","PathToVictory+1","FlyingSleeves","PathToVictory+1","Wallop","Sanctity"],"relics":["Calling Bell","Replay:Mystery Machine","Replay:Ringing Soul","Torii","Kunai","Sundial","PreservedInsect","Dota2Spire:OctarineCore"],"acts_visited":["Exordium"],"potions_floor_usage":[7,16],"damage_taken":[{"damage":2.0,"enemies":"2 Louse","floor":1.0,"turns":4.0},{"damage":0.0,"enemies":"Cultist","floor":3.0,"turns":2.0},{"damage":0,"enemies":"Gremlin Nob","floor":7,"turns":2},{"damage":1,"enemies":"Jaw Worm","floor":10,"turns":3},{"damage":22,"enemies":"Lagavulin","floor":11,"turns":6},{"damage":8,"enemies":"Blue Slaver","floor":12,"turns":2},{"damage":0,"enemies":"Gremlin Nob","floor":13,"turns":3},{"damage":1,"enemies":"3 Louse","floor":14,"turns":3},{"damage":57,"enemies":"The Guardian","floor":16,"turns":2}],"seed_played":"-851038871047300949","potions_obtained":[{"floor":3.0,"key":"FearPotion"},{"floor":11,"key":"Dota2Spire:Clarity"},{"floor":13,"key":"Dexterity Potion"},{"floor":14,"key":"BottledMiracle"}],"is_trial":false,"path_per_floor":["M","?","M","?","$","R","E","R","T","M","E","M","?","M","R","B"],"character_chosen":"WATCHER","items_purchased":[],"campfire_rested":0,"item_purchase_floors":[],"current_hp_per_floor":[62,62,65,65,65,65,68,68,68,70,51,43,43,42,42,0,0],"gold":217,"neow_bonus":"BOSS_RELIC","is_daily":false,"chose_seed":false,"campfire_upgraded":3,"win_rate":0.0,"timestamp":1609597891,"path_taken":["M","?","M","?","$","R","E","R","T","M","E","?","?","M","R","BOSS"],"items_purchased_type":[],"build_version":"2020-12-22","purchased_purges":0,"victory":false,"max_hp_per_floor":[71,71,74,74,74,74,77,77,77,80,83,83,83,83,83,83,83],"card_choices":[{"not_picked":["ThirdEye","FlyingSleeves"],"picked":"PathToVictory","floor":1.0},{"not_picked":["Crescendo","Weave"],"picked":"FlyingSleeves","floor":3.0},{"not_picked":["Replay:BluntJabs","Blasphemy"],"picked":"PathToVictory","floor":7},{"not_picked":["ThirdEye","CutThroughFate"],"picked":"Wallop","floor":10},{"not_picked":["SashWhip","CarveReality"],"picked":"Sanctity","floor":11},{"not_picked":["FlyingSleeves","Replay:DivineShield","Crescendo"],"picked":"SKIP","floor":12},{"not_picked":["Collect","Replay:Vibes","Fasting2"],"picked":"SKIP","floor":14}],"player_experience":2162852,"relics_obtained":[{"floor":0.0,"key":"Replay:Mystery Machine"},{"floor":0.0,"key":"Replay:Ringing Soul"},{"floor":0.0,"key":"Torii"},{"floor":7,"key":"Kunai"},{"floor":9,"key":"Sundial"},{"floor":11,"key":"PreservedInsect"}],"event_choices":[{"cards_removed":["Defend_P"],"damage_healed":0.0,"max_hp_gain":0.0,"max_hp_loss":0.0,"gold_gain":0.0,"event_name":"The Cleric","player_choice":"Card Removal","floor":2.0,"gold_loss":75.0,"damage_taken":0.0},{"cards_removed":["Strike_P"],"damage_healed":0.0,"max_hp_gain":0.0,"max_hp_loss":0.0,"gold_gain":0.0,"event_name":"Bonfire Elementals","player_choice":"Offered Basic","floor":4.0,"gold_loss":0.0,"damage_taken":0.0},{"damage_healed":0,"gold_gain":0,"player_choice":"Searched \u00272\u0027 times","damage_taken":0,"relics_obtained":["Dota2Spire:OctarineCore"],"max_hp_gain":0,"max_hp_loss":0,"event_name":"Dead Adventurer","floor":13,"gold_loss":0}],"is_beta":false,"boss_relics":[],"items_purged_floors":[],"is_endless":false,"potions_floor_spawned":[3,11,13,14],"killed_by":"The Guardian","ascension_level":20}}