{"host":"jpcy2bclvs7juczu","time":1609564261,"event":{"mods":["AchievementEnabler","Alarm Clock","BaseMod","Block Reminder","Colored Map","Colored Powertips","Curses Come First","Filter the Spire","Minty Spire (QoL Compilation)","Quick Restart","RNG Fix","Relic Stats","StSLib","everything is the same but u backflip on backflip","ojb\u0027s Better Paths Mod","ojb\u0027s Info Mod","slay the spire mod where everything is the same but ironclad has a cowboy hat"],"gold_per_floor":[118,129,142,142,161,190,190,225,251,278,278,296,318,338,338,416,416,434,451,501,179,191,191,222,222,222,222,222],"floor_reached":27,"playtime":1239,"items_purged":["Strike_R"],"score":506,"play_id":"dde5daad-506b-481d-93da-884d39190b09","local_time":"20210102051101","is_ascension_mode":true,"campfire_choices":[{"data":"Bash","floor":7.0,"key":"SMITH"},{"data":"True Grit","floor":11.0,"key":"SMITH"},{"data":"Disarm","floor":15.0,"key":"SMITH"},{"floor":23,"key":"REST"}],"circlet_count":0,"master_deck":["AscendersBane","Strike_R","Strike_R","Strike_R","Defend_R","Defend_R","Defend_R","Defend_R","Bash+1","Fiend Fire","Iron Wave","Cleave","Power Through","True Grit+1","Disarm+1","Wild Strike","Carnage","Armaments","Body Slam","Reaper","Secret Weapon","Shrug It Off"],"relics":["Burning Blood","Orichalcum","Lantern","Nunchaku","Happy Flower","Odd Mushroom","Velvet Choker","CeramicFish","Bottled Lightning"],"acts_visited":["Exordium","TheCity"],"potions_floor_usage":[22,24,24,27],"damage_taken":[{"damage":7.0,"enemies":"Jaw Worm","floor":1.0,"turns":2.0},{"damage":7.0,"enemies":"2 Louse","floor":2.0,"turns":2.0},{"damage":2.0,"enemies":"Small Slimes","floor":3.0,"turns":3.0},{"damage":13.0,"enemies":"Exordium Thugs","floor":5.0,"turns":5.0},{"damage":14.0,"enemies":"Lagavulin","floor":6.0,"turns":7.0},{"damage":24.0,"enemies":"3 Sentries","floor":8.0,"turns":11.0},{"damage":29.0,"enemies":"Lagavulin","floor":10.0,"turns":6.0},{"damage":0.0,"enemies":"Looter","floor":12.0,"turns":2.0},{"damage":4.0,"enemies":"The Mushroom Lair","floor":13.0,"turns":4.0},{"damage":0.0,"enemies":"3 Louse","floor":14.0,"turns":4.0},{"damage":24.0,"enemies":"Hexaghost","floor":16.0,"turns":13.0},{"damage":7,"enemies":"3 Byrds","floor":18,"turns":6},{"damage":20,"enemies":"Spheric Guardian","floor":19,"turns":6},{"damage":29,"enemies":"Snecko","floor":22,"turns":7},{"damage":57,"enemies":"Book of Stabbing","floor":24,"turns":8},{"damage":43,"enemies":"Slavers","floor":27,"turns":6}],"seed_played":"-9152299489135351438","potions_obtained":[{"floor":1.0,"key":"BlessingOfTheForge"},{"floor":3.0,"key":"SpeedPotion"},{"floor":10.0,"key":"BloodPotion"},{"floor":12.0,"key":"EntropicBrew"}],"is_trial":false,"path_per_floor":["M","M","M","?","M","E","R","E","T","E","R","M","?","M","R","B",null,"M","M","?","$","M","R","E","?","T","E"],"character_chosen":"IRONCLAD","items_purchased":["Secret Weapon","Shrug It Off"],"campfire_rested":1,"item_purchase_floors":[21,21],"current_hp_per_floor":[67,66,68,68,61,53,53,35,35,12,12,31,33,39,39,21,56,61,47,41,41,24,44,14,14,14,0,0],"gold":222,"neow_bonus":"THREE_RARE_CARDS","is_daily":false,"chose_seed":false,"campfire_upgraded":3,"win_rate":0.0,"timestamp":1609564261,"path_taken":["M","M","M","?","M","E","R","E","T","E","R","M","?","M","R","BOSS","M","M","?","$","?","R","E","?","T","E"],"items_purchased_type":["Card","Card"],"build_version":"2020-12-22","purchased_purges":1,"victory":false,"max_hp_per_floor":[68,68,68,68,68,68,68,68,68,68,68,68,68,68,68,68,68,68,68,68,68,68,68,68,68,68,68,68],"relic_stats":{"Nunchaku":[10],"Happy Flower":[18],"counters":[16,92],"CeramicFish":0,"Orichalcum":[186],"obtain_stats":[{"Lantern":8,"Nunchaku":9,"Happy Flower":10,"CeramicFish":24,"Velvet Choker":17,"Bottled Lightning":26,"Orichalcum":6,"Odd Mushroom":13,"Burning Blood":0},{"Lantern":6,"Nunchaku":6,"Happy Flower":7,"CeramicFish":15,"Velvet Choker":11,"Bottled Lightning":15,"Orichalcum":5,"Odd Mushroom":9,"Burning Blood":0},{"Lantern":30,"Nunchaku":30,"Happy Flower":36,"CeramicFish":86,"Velvet Choker":59,"Bottled Lightning":86,"Orichalcum":19,"Odd Mushroom":42,"Burning Blood":0}],"Burning Blood":88},"card_choices":[{"not_picked":["Brutality","Exhume"],"picked":"Fiend Fire","floor":0.0},{"not_picked":["Anger","Heavy Blade"],"picked":"Iron Wave","floor":1.0},{"not_picked":["Bloodletting","Anger"],"picked":"Cleave","floor":2.0},{"not_picked":["Ghostly Armor","Iron Wave"],"picked":"Power Through","floor":3.0},{"not_picked":["Sword Boomerang","Wild Strike"],"picked":"Disarm","floor":5.0},{"not_picked":["Shrug It Off","Combust"],"picked":"Wild Strike","floor":6.0},{"not_picked":["Spot Weakness","True Grit","Rupture"],"picked":"SKIP","floor":8.0},{"not_picked":["Fiend Fire","Spot Weakness"],"picked":"Carnage","floor":10.0},{"not_picked":["Heavy Blade","Twin Strike"],"picked":"Armaments","floor":12.0},{"not_picked":["Searing Blow","Dark Embrace"],"picked":"Body Slam","floor":13.0},{"not_picked":["Heavy Blade","Havoc","Flex"],"picked":"SKIP","floor":14.0},{"not_picked":["Limit Break","Brutality"],"picked":"Reaper","floor":16.0},{"not_picked":["Twin Strike","Entrench","Havoc"],"picked":"SKIP","floor":18},{"not_picked":["Bloodletting","Twin Strike+1","Heavy Blade"],"picked":"SKIP","floor":19},{"not_picked":["Reckless Charge","Heavy Blade","Perfected Strike"],"picked":"SKIP","floor":22},{"not_picked":["Sentinel","Body Slam","Flex"],"picked":"SKIP","floor":24}],"player_experience":432098,"relics_obtained":[{"floor":6.0,"key":"Orichalcum"},{"floor":8.0,"key":"Lantern"},{"floor":9.0,"key":"Nunchaku"},{"floor":10.0,"key":"Happy Flower"},{"floor":13.0,"key":"Odd Mushroom"},{"floor":24,"key":"CeramicFish"},{"floor":26,"key":"Bottled Lightning"}],"event_choices":[{"damage_healed":0.0,"max_hp_gain":0.0,"max_hp_loss":0.0,"gold_gain":0.0,"cards_transformed":["Strike_R"],"event_name":"Transmorgrifier","player_choice":"Transformed","floor":4.0,"gold_loss":0.0,"damage_taken":0.0,"cards_obtained":["True Grit"]},{"damage_healed":0.0,"max_hp_gain":0.0,"max_hp_loss":0.0,"gold_gain":0.0,"event_name":"Mushrooms","player_choice":"Fought Mushrooms","floor":13.0,"gold_loss":0.0,"damage_taken":0.0},{"damage_healed":0,"gold_gain":50,"player_choice":"Touch","damage_taken":6,"max_hp_gain":0,"max_hp_loss":0,"event_name":"FaceTrader","floor":20,"gold_loss":0},{"damage_healed":0,"gold_gain":0,"player_choice":"Ignored","damage_taken":0,"max_hp_gain":0,"max_hp_loss":0,"event_name":"The Mausoleum","floor":25,"gold_loss":0}],"is_beta":false,"boss_relics":[{"not_picked":["Pandora\u0027s Box","Calling Bell"],"picked":"Velvet Choker"}],"items_purged_floors":[21],"is_endless":false,"potions_floor_spawned":[1,3,10,12,13,18,19],"killed_by":"Slavers","ascension_level":20}}