{"host":"96n0ernxosh90i3w","time":1609557764,"event":{"mods":["AchievementEnabler","BaseMod","Colored Powertips","Hubris","Infinite Spire","Minty Spire (QoL Compilation)","Replay The Spire","StSLib"],"gold_per_floor":[117,117,65,80,99,124,142,160,160,4,21,21,37,53,53,155,155,168,168,168,76,76,102,102,102,102,102,125,157,196,196,202,202],"floor_reached":33,"playtime":1809,"items_purged":[],"score":269,"play_id":"a3d91edf-5e5d-4fca-b809-8ea460c94e5f","local_time":"20210101222244","is_ascension_mode":false,"campfire_choices":[{"data":"Ball Lightning","floor":12,"key":"SMITH"},{"floor":15,"key":"DIG"},{"floor":23,"key":"RECALL"},{"floor":28,"key":"REST"},{"floor":32,"key":"REST"}],"circlet_count":0,"master_deck":["Strike_B","Strike_B","Strike_B","Strike_B","Defend_B","Defend_B","Defend_B","Defend_B","Zap","Dualcast","Leap","Ball Lightning+1","Cold Snap","Panic Button","Barrage","BasicCrystalCard","Streamline","Tempest","Coolheaded","Chaos","Mirror Shield","Auto Shields","Hallucinations","Voices","Capacitor","Writhe","J.A.X.","Flex","Static Discharge+1","Looming Evil","Ball Lightning"],"relics":["Ring of Greed","HandDrill","Iron Core","Red Skull","Old Coin","Runic Capacitor","MawBank","infinitespire:Chaos","Durian","Replay:Bandana","Blue Doll","Replay:Antivirus Software","Pantograph","Meat on the Bone"],"acts_visited":["Exordium","TheCity"],"potions_floor_usage":[6,6,6,6,7,11,14,16,16,16,18,18,24,31,33],"damage_taken":[{"damage":0,"enemies":"Cultist","floor":1,"turns":1},{"damage":0,"enemies":"2 Louse","floor":4,"turns":1},{"damage":0,"enemies":"Small Slimes","floor":5,"turns":1},{"damage":7,"enemies":"Gremlin Nob","floor":6,"turns":3},{"damage":26,"enemies":"Exordium Thugs","floor":7,"turns":5},{"damage":1,"enemies":"Looter","floor":8,"turns":3},{"damage":5,"enemies":"3 Louse","floor":11,"turns":2},{"damage":2,"enemies":"2 Fungi Beasts","floor":13,"turns":3},{"damage":8,"enemies":"Exordium Thugs","floor":14,"turns":4},{"damage":40,"enemies":"The Guardian","floor":16,"turns":14},{"damage":9,"enemies":"3 Byrds","floor":18,"turns":6},{"damage":0,"enemies":"Spheric Guardian","floor":24,"turns":4},{"damage":24,"enemies":"Cultist and Chosen","floor":29,"turns":7},{"damage":36,"enemies":"Snake Plant","floor":30,"turns":5},{"damage":11,"enemies":"Replay:Snechameleon","floor":31,"turns":6},{"damage":69,"enemies":"Automaton","floor":33,"turns":6}],"seed_played":"-2332158119384374432","potions_obtained":[{"floor":1,"key":"Reflective Coating"},{"floor":2,"key":"Ancient Potion"},{"floor":2,"key":"EntropicBrew"},{"floor":5,"key":"Cursed Concoction"},{"floor":8,"key":"Reflective Coating"},{"floor":13,"key":"BlessingOfTheForge"},{"floor":14,"key":"AttackPotion"},{"floor":16,"key":"Swift Potion"},{"floor":18,"key":"Venom Potion"},{"floor":24,"key":"PotionOfCapacity"},{"floor":30,"key":"Cursed Concoction"}],"is_trial":false,"path_per_floor":["M","?","$","M","M","E","M","M","T","$","M","R","M","M","R","B",null,"M","AVR","?","$","R","M","?","T","?","R","M","M","E","R","B"],"character_chosen":"DEFECT","items_purchased":["Ball Lightning","Lee\u0027s Waffle","infinitespire:Chaos","Durian"],"campfire_rested":2,"item_purchase_floors":[3,10,22,22],"current_hp_per_floor":[75,75,75,75,75,68,42,41,41,82,77,77,75,67,67,27,82,73,73,73,78,78,78,78,78,78,87,63,27,16,42,0,0],"gold":202,"neow_bonus":"THREE_ENEMY_KILL","is_daily":false,"chose_seed":false,"campfire_upgraded":1,"win_rate":0.0,"timestamp":1609557764,"path_taken":["M","?","$","?","M","E","M","?","T","$","M","R","M","M","R","BOSS","M","AVR","?","$","R","M","?","T","?","R","?","M","E","R","BOSS"],"items_purchased_type":["Card","Relic","Relic","Relic"],"build_version":"2020-12-22","purchased_purges":0,"victory":false,"max_hp_per_floor":[75,75,75,75,75,75,75,75,75,82,82,82,82,82,82,82,82,82,82,82,87,87,87,87,87,87,87,87,87,87,87,87,87],"card_choices":[{"not_picked":["Redo","Go for the Eyes"],"picked":"Leap","floor":1},{"not_picked":["ReplayTheSpireMod:Repulse","ReplayTheSpireMod:Calculation Training"],"picked":"Cold Snap","floor":4},{"not_picked":["Glacier","Coolheaded"],"picked":"Panic Button","floor":5},{"not_picked":["Self Repair","White Noise"],"picked":"Barrage","floor":6},{"not_picked":["Storm","Undo"],"picked":"BasicCrystalCard","floor":7},{"not_picked":["Reboot","Rebound"],"picked":"Streamline","floor":8},{"not_picked":["BasicCrystalCard","Streamline"],"picked":"Tempest","floor":11},{"not_picked":["Panic Button","ReplayTheSpireMod:System Scan"],"picked":"Coolheaded","floor":13},{"not_picked":["Reboot","Hello World"],"picked":"Chaos","floor":14},{"not_picked":["Reboot","Rainbow"],"picked":"Mirror Shield","floor":16},{"not_picked":["Rebound+1","Go for the Eyes"],"picked":"Auto Shields","floor":18},{"not_picked":["Streamline","Go for the Eyes"],"picked":"Capacitor","floor":24},{"not_picked":["hubris:Ukulele","Headbutt+1"],"picked":"Flex","floor":29},{"not_picked":["Iron Wave","Loop"],"picked":"Static Discharge+1","floor":30},{"not_picked":["Clash+1","Force Field"],"picked":"Ball Lightning","floor":31}],"player_experience":220585,"relics_obtained":[{"floor":6,"key":"Centennial Puzzle"},{"floor":9,"key":"infinitespire:CursedDice"},{"floor":15,"key":"hubris:Teleporter"},{"floor":22,"key":"Replay:Bandana"},{"floor":22,"key":"Blue Doll"},{"floor":26,"key":"Pantograph"},{"floor":31,"key":"Meat on the Bone"}],"event_choices":[{"damage_healed":0,"gold_gain":0,"player_choice":"Got Potions","damage_taken":0,"max_hp_gain":0,"max_hp_loss":0,"event_name":"Lab","floor":2,"gold_loss":0},{"damage_healed":0,"gold_gain":0,"player_choice":"Opened","damage_taken":0,"relics_obtained":["Replay:Antivirus Software"],"max_hp_gain":0,"max_hp_loss":0,"event_name":"The Mausoleum","floor":25,"gold_loss":0,"cards_obtained":["Writhe"]},{"damage_healed":0,"gold_gain":0,"player_choice":"Obtain J.A.X.","damage_taken":0,"max_hp_gain":0,"max_hp_loss":0,"event_name":"Drug Dealer","floor":27,"gold_loss":0,"cards_obtained":["J.A.X."]}],"is_beta":false,"boss_relics":[{"not_picked":["Sozu","ChewingGum"],"picked":"FrozenCore"}],"items_purged_floors":[],"is_endless":false,"potions_floor_spawned":[1,5,8,13,14,16,18,24,30],"killed_by":"Automaton","ascension_level":0}}