{"host":"yi49lbnhh35mzi7n","time":1609580006,"event":{"mods":["BaseMod","Bestiary","BetterRewards","Colored Map","Conspire","Downfall","Googly Eyes","Hermit","Hubris","Infinite Spire","Minty Spire (QoL Compilation)","Quick Restart","Replay The Spire","StSLib","The Bladedancer","The Construct","The Jungle","The Necromancer","Yuri Mod"],"gold_per_floor":[110,127,144,144,319,335,369,369,392,392,202,202,202],"floor_reached":12,"playtime":674,"items_purged":["Doubt"],"score":82,"play_id":"3a0f5cfe-a3b7-4a8f-b147-72d19eb827f7","local_time":"20210102103326","is_ascension_mode":true,"campfire_choices":[],"circlet_count":0,"master_deck":["Strike_R","Strike_R","Strike_R+1","Strike_R+1","Strike_R","Defend_R","Defend_R","Defend_R","Defend_R","Bash","Carnage+1","Armaments","Shockwave","conspire:ExplosiveBarrier","Body Slam","Fire Breathing","Spot Weakness"],"relics":["Burning Blood","NeowsBlessing","Dream Catcher","Potion Belt","infinitespire:WardingShard"],"acts_visited":["Exordium"],"potions_floor_usage":[12],"damage_taken":[{"damage":0,"enemies":"Small Slimes","floor":1,"turns":1},{"damage":0,"enemies":"2 Louse","floor":2,"turns":1},{"damage":0,"enemies":"Cultist","floor":3,"turns":1},{"damage":24,"enemies":"Exordium Thugs","floor":6,"turns":4},{"damage":35,"enemies":"3 Sentries","floor":7,"turns":10},{"damage":20,"enemies":"Gremlin Nob","floor":12,"turns":5}],"seed_played":"2866495176680628322","potions_obtained":[{"floor":7,"key":"Swift Potion"}],"is_trial":false,"path_per_floor":["M","M","M","?","?","M","E","?","T","T","$","E"],"character_chosen":"IRONCLAD","items_purchased":["Fire Breathing","Spot Weakness"],"campfire_rested":0,"item_purchase_floors":[11,11],"current_hp_per_floor":[80,80,80,80,80,62,33,17,17,17,17,0,0],"gold":202,"neow_bonus":"THREE_ENEMY_KILL","is_daily":false,"chose_seed":false,"campfire_upgraded":0,"win_rate":0.0,"timestamp":1609580006,"path_taken":["M","M","M","?","?","M","E","?","T","?","?","E"],"items_purchased_type":["Card","Card"],"build_version":"2020-12-22","purchased_purges":1,"victory":false,"max_hp_per_floor":[80,80,80,80,80,80,80,80,80,80,80,80,80],"card_choices":[{"not_picked":["Iron Wave","Flex"],"picked":"Carnage","floor":1},{"not_picked":["Sword Boomerang","Wild Strike"],"picked":"Armaments","floor":2},{"not_picked":["Warcry","Pummel"],"picked":"Shockwave","floor":3},{"not_picked":["Sword Boomerang","Hemogenesis"],"picked":"conspire:ExplosiveBarrier","floor":6},{"not_picked":["Whirlwind","infinitespire:OneForAll"],"picked":"Body Slam","floor":7}],"player_experience":555152,"relics_obtained":[{"floor":7,"key":"Dream Catcher"},{"floor":9,"key":"Potion Belt"},{"floor":10,"key":"infinitespire:WardingShard"}],"event_choices":[{"damage_healed":0,"gold_gain":175,"player_choice":"AGREE","damage_taken":0,"max_hp_gain":0,"max_hp_loss":0,"event_name":"Liars Game","floor":5,"gold_loss":0,"cards_obtained":["Doubt"]},{"damage_healed":0,"gold_gain":0,"player_choice":"Entered Light","damage_taken":16,"max_hp_gain":0,"max_hp_loss":0,"event_name":"Shining Light","floor":8,"gold_loss":0,"cards_upgraded":["Strike_R","Strike_R"]}],"is_beta":false,"boss_relics":[],"items_purged_floors":[11],"is_endless":false,"potions_floor_spawned":[7],"killed_by":"Gremlin Nob","ascension_level":1}}