{"host":"w36evy4uyf1bcavi","time":1609590791,"event":{"mods":["Act Like it!","Aspiration","BaseMod","Conspire","Hallownest","Jedi Mod","Minty Spire (QoL Compilation)","Replay The Spire","Spicy Shops","StSLib","The Hayseed","The Hierophant"],"gold_per_floor":[111,111,121,140,157,189,189,37,63,82,112,130,130,144,144,245,245,264,264,1,19,33,33,33],"floor_reached":23,"playtime":1027,"items_purged":[],"score":215,"play_id":"52f1099f-ffce-4001-8233-ec13944e32e9","local_time":"20210102203311","is_ascension_mode":true,"campfire_choices":[{"floor":7,"key":"REST"},{"floor":15,"key":"REST"}],"circlet_count":0,"master_deck":["TheSimpletonMod:Strike_TheSimpleton","TheSimpletonMod:Strike_TheSimpleton","TheSimpletonMod:Strike_TheSimpleton","TheSimpletonMod:Strike_TheSimpleton","TheSimpletonMod:Defend_TheSimpleton","TheSimpletonMod:Defend_TheSimpleton","TheSimpletonMod:Defend_TheSimpleton","TheSimpletonMod:Defend_TheSimpleton","TheSimpletonMod:Haymaker","TheSimpletonMod:ReapAndSow","TheSimpletonMod:SlashAndBurn","TheSimpletonMod:Corn","TheSimpletonMod:Innovate","TheSimpletonMod:BuzzBomb","TheSimpletonMod:RootDown","TheSimpletonMod:CropRotation","TheSimpletonMod:Sunseed","TheSimpletonMod:CloseScrape","TheSimpletonMod:Biorefinement","TheSimpletonMod:SlashAndBurn+1","TheSimpletonMod:CropDiversity","TheSimpletonMod:Pruning","TheSimpletonMod:Swelter"],"relics":["TheSimpletonMod:SpudOfTheInnocent","TheSimpletonMod:NightSoil","TheSimpletonMod:TheHarvester","NeowsBlessing","Oddly Smooth Stone","Lee\u0027s Waffle","ReplayTheSpireMod:Lightbulb","Simple Rune","conspire:RoyalGoblet","jedi:Pinwheel","Membership Card"],"acts_visited":["Exordium","TheCity"],"potions_floor_usage":[6,11,16,23,23,23],"damage_taken":[{"damage":0,"enemies":"Small Slimes","floor":1,"turns":1},{"damage":0,"enemies":"Cultist","floor":3,"turns":1},{"damage":0,"enemies":"Jaw Worm","floor":4,"turns":1},{"damage":45,"enemies":"Exordium Thugs","floor":5,"turns":6},{"damage":14,"enemies":"Gremlin Nob","floor":6,"turns":3},{"damage":9,"enemies":"2 Fungi Beasts","floor":10,"turns":3},{"damage":24,"enemies":"Lagavulin","floor":11,"turns":5},{"damage":20,"enemies":"Lots of Slimes","floor":12,"turns":5},{"damage":7,"enemies":"Blue Slaver","floor":14,"turns":3},{"damage":36,"enemies":"Hexaghost","floor":16,"turns":9},{"damage":43,"enemies":"Shell Parasite","floor":18,"turns":6},{"damage":11,"enemies":"2 Thieves","floor":21,"turns":4},{"damage":30,"enemies":"Snecko","floor":22,"turns":6},{"damage":15,"enemies":"Slavers","floor":23,"turns":4}],"seed_played":"-2008583625697686318","potions_obtained":[{"floor":1,"key":"Strength Potion"},{"floor":3,"key":"Reflective Coating"},{"floor":4,"key":"FearPotion"},{"floor":11,"key":"Strength Potion"},{"floor":12,"key":"LifebloodPotion"},{"floor":22,"key":"SkillPotion"}],"is_trial":false,"path_per_floor":["M","?","M","M","M","E","R","$","T","M","E","M","?","M","R","B",null,"M","?","$","M","M","E"],"character_chosen":"THE_SIMPLETON","items_purchased":["Lee\u0027s Waffle","jedi:Pinwheel","Membership Card"],"campfire_rested":2,"item_purchase_floors":[8,20,20],"current_hp_per_floor":[75,75,75,75,34,20,42,82,82,77,57,41,41,34,58,26,82,43,43,43,36,10,0,0],"gold":33,"neow_bonus":"THREE_ENEMY_KILL","is_daily":false,"chose_seed":false,"campfire_upgraded":0,"win_rate":0.0,"timestamp":1609590791,"path_taken":["M","?","M","?","M","E","R","$","T","M","E","M","?","?","R","BOSS","M","?","$","?","M","E"],"items_purchased_type":["Relic","Relic","Relic"],"build_version":"2020-12-22","purchased_purges":0,"victory":false,"max_hp_per_floor":[75,75,75,75,75,75,75,82,82,82,82,82,82,82,82,82,82,82,82,82,82,82,82,82],"card_choices":[{"not_picked":["TheSimpletonMod:ControlledBurn","TheSimpletonMod:DoubleBarrel"],"picked":"TheSimpletonMod:SlashAndBurn","floor":1},{"not_picked":["TheSimpletonMod:Rake","TheSimpletonMod:SeedCoat"],"picked":"TheSimpletonMod:Corn","floor":3},{"not_picked":["TheSimpletonMod:SpiceUp","TheSimpletonMod:CloseScrape"],"picked":"TheSimpletonMod:Innovate","floor":4},{"not_picked":["TheSimpletonMod:Corn","TheSimpletonMod:Sunseed"],"picked":"TheSimpletonMod:BuzzBomb","floor":5},{"not_picked":["TheSimpletonMod:Pruning","TheSimpletonMod:Ferment"],"picked":"TheSimpletonMod:RootDown","floor":6},{"not_picked":["TheSimpletonMod:CullingStrike","TheSimpletonMod:Fertilaser"],"picked":"TheSimpletonMod:CropRotation","floor":10},{"not_picked":["TheSimpletonMod:SaladShooter","TheSimpletonMod:Rototilling"],"picked":"TheSimpletonMod:Sunseed","floor":11},{"not_picked":["TheSimpletonMod:SlashAndBurn","TheSimpletonMod:Ferment"],"picked":"TheSimpletonMod:PestManagement","floor":12},{"not_picked":["TheSimpletonMod:SeedCoat","TheSimpletonMod:DoubleBarrel"],"picked":"TheSimpletonMod:CloseScrape","floor":14},{"not_picked":["TheSimpletonMod:BirdFeeder","TheSimpletonMod:ErosionControl"],"picked":"TheSimpletonMod:Biorefinement","floor":16},{"not_picked":["TheSimpletonMod:DoubleBarrel","TheSimpletonMod:CullingStrike"],"picked":"TheSimpletonMod:SlashAndBurn+1","floor":18},{"not_picked":["TheSimpletonMod:Rake+1","TheSimpletonMod:Innovate"],"picked":"TheSimpletonMod:Pruning","floor":21},{"not_picked":["TheSimpletonMod:PestManagement","TheSimpletonMod:Ferment"],"picked":"TheSimpletonMod:Swelter","floor":22}],"player_experience":414979,"relics_obtained":[{"floor":6,"key":"Oddly Smooth Stone"},{"floor":9,"key":"ReplayTheSpireMod:Lightbulb"},{"floor":11,"key":"Simple Rune"}],"event_choices":[{"damage_healed":0,"gold_gain":0,"player_choice":"Full Heal","damage_taken":0,"max_hp_gain":0,"max_hp_loss":0,"event_name":"Wheel of Change","floor":2,"gold_loss":0},{"cards_removed":["TheSimpletonMod:PestManagement"],"damage_healed":0,"gold_gain":0,"player_choice":"Purged","damage_taken":0,"max_hp_gain":0,"max_hp_loss":0,"event_name":"Purifier","floor":13,"gold_loss":0},{"damage_healed":0,"gold_gain":0,"player_choice":"1 cards matched","damage_taken":0,"max_hp_gain":0,"max_hp_loss":0,"event_name":"Match and Keep!","floor":19,"gold_loss":0,"cards_obtained":["TheSimpletonMod:CropDiversity"]}],"is_beta":false,"boss_relics":[{"not_picked":["Calling Bell","Replay:Drink Me"],"picked":"conspire:RoyalGoblet"}],"items_purged_floors":[],"is_endless":false,"potions_floor_spawned":[1,3,4,11,12,22],"killed_by":"Slavers","ascension_level":1}}