{"host":"rjx4accq0ysw8w2o","time":1609579235,"event":{"mods":["AchievementEnabler","BaseMod","Block Reminder","Colored Map","Colored Powertips","DeckTracker","Highlight Path","Minty Spire (QoL Compilation)","Quick Restart","Rare Cards Sparkle"],"gold_per_floor":[119,194,119,135,35,61,77,92,116,144,144,144,159,171,171,272,272,272,2,2,2,2,2,2,2,2,2,2,2,2,2,2,2,2,2,2,2,2,2,2,2,2,2,2,2,2,2,2,2,2,2],"floor_reached":50,"playtime":9301,"items_purged":["Defend_B","Strike_B","Defend_B"],"score":551,"play_id":"e15ea92c-91f8-4231-99fe-561ae1ca51d0","local_time":"20210102102035","is_ascension_mode":true,"campfire_choices":[{"data":"Dualcast","floor":11.0,"key":"SMITH"},{"floor":15.0,"key":"REST"},{"floor":23.0,"key":"REST"},{"floor":25.0,"key":"RECALL"},{"floor":32.0,"key":"REST"},{"floor":41.0,"key":"REST"},{"data":"Electrodynamics","floor":46,"key":"SMITH"},{"floor":49,"key":"REST"}],"circlet_count":0,"master_deck":["Strike_B","Strike_B","Strike_B","Defend_B","Zap","Dualcast+1","Conserve Battery","Capacitor","Sunder","Leap","Buffer","Reinforced Body+1","Electrodynamics+1","Conserve Battery+1","Core Surge","Conserve Battery+1","Double Energy+1"],"relics":["FrozenCore","MealTicket","Bag of Marbles","Odd Mushroom","Ectoplasm","Ancient Tea Set","Meat on the Bone","Torii","Bottled Lightning","Nloth\u0027s Gift","HornCleat","Toy Ornithopter"],"acts_visited":["Exordium","TheCity","TheBeyond"],"potions_floor_usage":[48],"damage_taken":[{"damage":0.0,"enemies":"Jaw Worm","floor":1.0,"turns":1.0},{"damage":0.0,"enemies":"2 Louse","floor":4.0,"turns":1.0},{"damage":0.0,"enemies":"3 Sentries","floor":6.0,"turns":1.0},{"damage":0.0,"enemies":"Cultist","floor":7.0,"turns":3.0},{"damage":3.0,"enemies":"Looter","floor":8.0,"turns":4.0},{"damage":10.0,"enemies":"The Mushroom Lair","floor":10.0,"turns":5.0},{"damage":2.0,"enemies":"3 Louse","floor":13.0,"turns":3.0},{"damage":5.0,"enemies":"Gremlin Gang","floor":14.0,"turns":3.0},{"damage":65.0,"enemies":"Hexaghost","floor":16.0,"turns":11.0},{"damage":8.0,"enemies":"3 Byrds","floor":18.0,"turns":5.0},{"damage":5.0,"enemies":"Spheric Guardian","floor":20.0,"turns":8.0},{"damage":12.0,"enemies":"Centurion and Healer","floor":21.0,"turns":9.0},{"damage":15.0,"enemies":"Snake Plant","floor":22.0,"turns":4.0},{"damage":3.0,"enemies":"Cultist and Chosen","floor":24.0,"turns":6.0},{"damage":8.0,"enemies":"Colosseum Slavers","floor":27.0,"turns":4.0},{"damage":18.0,"enemies":"Colosseum Nobs","floor":27.0,"turns":9.0},{"damage":12.0,"enemies":"Sentry and Sphere","floor":29.0,"turns":4.0},{"damage":17.0,"enemies":"Snake Plant","floor":30.0,"turns":4.0},{"damage":28.0,"enemies":"Automaton","floor":33.0,"turns":13.0},{"damage":22.0,"enemies":"3 Darklings","floor":35.0,"turns":6.0},{"damage":15.0,"enemies":"Orb Walker","floor":39.0,"turns":4.0},{"damage":20.0,"enemies":"Reptomancer","floor":40.0,"turns":13.0},{"damage":58,"enemies":"Transient","floor":42,"turns":5},{"damage":24,"enemies":"Jaw Worm Horde","floor":47,"turns":6},{"damage":1,"enemies":"Sphere and 2 Shapes","floor":48,"turns":8},{"damage":72,"enemies":"Awakened One","floor":50,"turns":17}],"seed_played":"4006161561420133013","potions_obtained":[{"floor":1.0,"key":"Fruit Juice"},{"floor":4.0,"key":"ColorlessPotion"},{"floor":10.0,"key":"Weak Potion"},{"floor":14.0,"key":"Dexterity Potion"},{"floor":16.0,"key":"PotionOfCapacity"},{"floor":18.0,"key":"SpeedPotion"},{"floor":21.0,"key":"EssenceOfSteel"},{"floor":27.0,"key":"PowerPotion"},{"floor":29.0,"key":"BlessingOfTheForge"},{"floor":30.0,"key":"DistilledChaos"},{"floor":47,"key":"Swift Potion"},{"floor":48,"key":"AttackPotion"}],"is_trial":false,"path_per_floor":["M","?","$","M","$","E","M","M","T","?","R","?","M","M","R","B",null,"M","$","M","M","M","R","M","R","T","?","?","M","M","?","R","B",null,"M","T","?","$","M","E","R","M","T","?","$","R","M","M","R","B"],"character_chosen":"DEFECT","items_purchased":["Ancient Tea Set"],"campfire_rested":5,"item_purchase_floors":[19],"current_hp_per_floor":[80,69,69,69,69,69,69,66,66,56,56,56,54,49,73,8,80,72,80,75,63,48,72,69,69,69,43,43,43,38,38,62,46,80,58,58,58,73,58,50,74,28,28,28,43,43,31,47,71,0,0],"gold":2,"neow_bonus":"THREE_ENEMY_KILL","is_daily":false,"chose_seed":false,"campfire_upgraded":2,"win_rate":0.0,"timestamp":1609579235,"path_taken":["M","?","$","M","$","E","M","M","T","?","R","?","M","M","R","BOSS","M","$","?","M","M","R","M","R","T","?","?","?","M","?","R","BOSS","M","?","?","?","M","E","R","M","T","?","$","R","?","M","R","BOSS"],"items_purchased_type":["Relic"],"build_version":"2020-12-22","purchased_purges":3,"victory":false,"max_hp_per_floor":[80,80,80,80,80,80,80,80,80,80,80,80,80,80,80,80,80,80,80,80,80,80,80,80,80,80,80,80,80,80,80,80,80,80,80,80,80,80,80,80,80,80,80,80,80,80,80,80,80,80,80],"card_choices":[{"not_picked":["Defragment","Hologram","Consume"],"picked":"SKIP","floor":1.0},{"not_picked":["Turbo","Stack","Steam"],"picked":"SKIP","floor":4.0},{"not_picked":["Streamline","Chaos","Blizzard"],"picked":"SKIP","floor":6.0},{"not_picked":["Beam Cell","Streamline"],"picked":"Conserve Battery","floor":7.0},{"not_picked":["Coolheaded","Reboot"],"picked":"Capacitor","floor":8.0},{"not_picked":["Recycle","Conserve Battery"],"picked":"Sunder","floor":10.0},{"not_picked":["Turbo","Stack","Aggregate"],"picked":"SKIP","floor":13.0},{"not_picked":["Rebound","Compile Driver"],"picked":"Leap","floor":14.0},{"not_picked":["Meteor Strike","Amplify"],"picked":"Buffer","floor":16.0},{"not_picked":["White Noise","Beam Cell"],"picked":"Reinforced Body+1","floor":18.0},{"not_picked":["Steam Power+1","Stack","Tempest"],"picked":"SKIP","floor":20.0},{"not_picked":["Loop+1","Redo+1","BootSequence"],"picked":"SKIP","floor":21.0},{"not_picked":["Leap","Conserve Battery","Redo"],"picked":"SKIP","floor":22.0},{"not_picked":["Steam","Gash"],"picked":"Reinforced Body+1","floor":24.0},{"not_picked":["Rebound+1","Stack","Blizzard+1"],"picked":"SKIP","floor":29.0},{"not_picked":["Gash","Steam"],"picked":"Conserve Battery+1","floor":30.0},{"not_picked":["Buffer","All For One"],"picked":"Core Surge","floor":33.0},{"not_picked":["Conserve Battery","Hologram","Seek"],"picked":"SKIP","floor":35.0},{"not_picked":["Capacitor+1","Chill","Stack"],"picked":"SKIP","floor":39.0},{"not_picked":["Rebound","Turbo"],"picked":"Conserve Battery+1","floor":40.0},{"not_picked":["Steam+1","Gash"],"picked":"Double Energy+1","floor":42},{"not_picked":["Fusion+1","Steam Power+1","Cold Snap+1"],"picked":"SKIP","floor":47},{"not_picked":["Coolheaded+1","Storm+1","Hologram"],"picked":"SKIP","floor":48}],"player_experience":104714,"relics_obtained":[{"floor":6.0,"key":"MealTicket"},{"floor":9.0,"key":"Bag of Marbles"},{"floor":10.0,"key":"Odd Mushroom"},{"floor":26.0,"key":"Meat on the Bone"},{"floor":27.0,"key":"Torii"},{"floor":27.0,"key":"Bottled Lightning"},{"floor":36.0,"key":"HornCleat"},{"floor":40.0,"key":"Toy Ornithopter"}],"event_choices":[{"damage_healed":0.0,"max_hp_gain":0.0,"max_hp_loss":0.0,"gold_gain":75.0,"event_name":"World of Goop","player_choice":"Gather Gold","floor":2.0,"gold_loss":0.0,"damage_taken":11.0},{"damage_healed":0.0,"max_hp_gain":0.0,"max_hp_loss":0.0,"gold_gain":0.0,"event_name":"Mushrooms","player_choice":"Fought Mushrooms","floor":10.0,"gold_loss":0.0,"damage_taken":0.0},{"cards_removed":["Defend_B"],"damage_healed":0.0,"max_hp_gain":0.0,"max_hp_loss":0.0,"gold_gain":0.0,"event_name":"Purifier","player_choice":"Purged","floor":12.0,"gold_loss":0.0,"damage_taken":0.0},{"damage_healed":0.0,"max_hp_gain":0.0,"max_hp_loss":0.0,"gold_gain":0.0,"event_name":"Colosseum","player_choice":"Fight","floor":27.0,"gold_loss":0.0,"damage_taken":0.0},{"damage_healed":0.0,"max_hp_gain":0.0,"max_hp_loss":0.0,"gold_gain":0.0,"event_name":"Colosseum","player_choice":"Fought Nobs","floor":27.0,"gold_loss":0.0,"damage_taken":0.0},{"damage_healed":0.0,"max_hp_gain":0.0,"max_hp_loss":0.0,"gold_gain":0.0,"cards_transformed":["Reinforced Body"],"event_name":"Transmorgrifier","player_choice":"Transformed","floor":28.0,"gold_loss":0.0,"damage_taken":0.0,"cards_obtained":["Electrodynamics"]},{"damage_healed":0.0,"max_hp_gain":0.0,"max_hp_loss":0.0,"gold_gain":0.0,"event_name":"N\u0027loth","player_choice":"Traded Relic","floor":31.0,"relics_lost":["NeowsBlessing"],"gold_loss":0.0,"damage_taken":0.0,"relics_obtained":["Nloth\u0027s Gift"]},{"damage_healed":0.0,"max_hp_gain":0.0,"max_hp_loss":0.0,"gold_gain":0.0,"event_name":"Mysterious Sphere","player_choice":"Ignored","floor":37.0,"gold_loss":0.0,"damage_taken":0.0},{"damage_healed":0,"gold_gain":0,"player_choice":"Memory 1","damage_taken":0,"max_hp_gain":0,"max_hp_loss":0,"event_name":"SensoryStone","floor":44,"gold_loss":0}],"is_beta":false,"boss_relics":[{"not_picked":["Sozu","Snecko Eye"],"picked":"Ectoplasm"},{"not_picked":["Black Star","Cursed Key"],"picked":"FrozenCore"}],"items_purged_floors":[3,5,19],"is_endless":false,"potions_floor_spawned":[1,4,10,14,16,18,21,27,29,30,47,48],"killed_by":"Awakened One","ascension_level":2}}