{"host":"qhhcmep1unj6mpf7","time":1609595994,"event":{"mods":["2.2 Compatiblity","AchievementEnabler","BaseMod","Colored Map","DeckTracker","Highlight Path","Keyboard Shortcuts","Minty Spire (QoL Compilation)","Permanent Neow","Quick Restart","Random Character Button","StSLib","SuperFastMode","everything is the same but u backflip on backflip"],"gold_per_floor":[113,130,147,52,68,68,68,68,68,84,84,84,101,115,115,213,263,275,292,292,391,410,410,427,46,98,98,130,33,33,67,67,170,170,189,207,107,121,121,121,139,164,164,124,124,155,155,166,166,166],"floor_reached":51,"playtime":1992,"items_purged":["Strike_B","Strike_B"],"score":903,"play_id":"9e893366-7bcb-44dd-a6ac-679fc291db3d","local_time":"20210102225954","is_ascension_mode":true,"campfire_choices":[{"data":"Enlightenment","floor":6.0,"key":"SMITH"},{"data":"Zap","floor":8.0,"key":"SMITH"},{"data":"Loop","floor":15.0,"key":"SMITH"},{"data":"Machine Learning","floor":23.0,"key":"SMITH"},{"data":"Defragment","floor":27.0,"key":"SMITH"},{"data":"Capacitor","floor":32.0,"key":"SMITH"},{"data":"Defragment","floor":40,"key":"SMITH"},{"data":"Seek","floor":47,"key":"SMITH"},{"data":"Machine Learning","floor":49,"key":"SMITH"}],"circlet_count":0,"master_deck":["Defend_B+1","Defend_B","Defend_B","Defend_B","Zap+1","Dualcast","Genetic Algorithm","Defragment+1","Enlightenment+1","Loop+1","Seek+1","Gash","Machine Learning+1","White Noise","Defragment+1","Gash+1","Capacitor+1","Coolheaded","Meteor Strike+1","Machine Learning+1","Defragment+1","Storm+1","Blizzard"],"relics":["Cracked Core","Lantern","Tiny House","Mummified Hand","Bag of Preparation","HornCleat","Bird Faced Urn","Dead Branch","Sozu","Whetstone","Meat on the Bone","TungstenRod"],"acts_visited":["Exordium","TheCity","TheBeyond"],"potions_floor_usage":[],"damage_taken":[{"damage":5.0,"enemies":"Small Slimes","floor":1.0,"turns":3.0},{"damage":5.0,"enemies":"Jaw Worm","floor":2.0,"turns":4.0},{"damage":0.0,"enemies":"2 Louse","floor":3.0,"turns":1.0},{"damage":5.0,"enemies":"Red Slaver","floor":5.0,"turns":4.0},{"damage":15.0,"enemies":"Exordium Thugs","floor":10.0,"turns":5.0},{"damage":0.0,"enemies":"3 Louse","floor":13.0,"turns":4.0},{"damage":22.0,"enemies":"2 Fungi Beasts","floor":14.0,"turns":6.0},{"damage":0.0,"enemies":"The Guardian","floor":16.0,"turns":23.0},{"damage":5.0,"enemies":"Shell Parasite","floor":18.0,"turns":6.0},{"damage":11.0,"enemies":"Chosen","floor":19.0,"turns":5.0},{"damage":2.0,"enemies":"Centurion and Healer","floor":22.0,"turns":9.0},{"damage":14.0,"enemies":"Sentry and Sphere","floor":24.0,"turns":7.0},{"damage":21.0,"enemies":"Slavers","floor":28.0,"turns":5.0},{"damage":11.0,"enemies":"Book of Stabbing","floor":31.0,"turns":5.0},{"damage":0.0,"enemies":"Automaton","floor":33.0,"turns":11.0},{"damage":0.0,"enemies":"3 Shapes","floor":35.0,"turns":5.0},{"damage":0,"enemies":"Orb Walker","floor":36,"turns":4},{"damage":14,"enemies":"Writhing Mass","floor":38,"turns":5},{"damage":0,"enemies":"Jaw Worm Horde","floor":41,"turns":6},{"damage":0,"enemies":"Giant Head","floor":42,"turns":9},{"damage":13,"enemies":"Nemesis","floor":46,"turns":5},{"damage":1,"enemies":"3 Darklings","floor":48,"turns":3},{"damage":31,"enemies":"Time Eater","floor":50,"turns":9}],"seed_played":"-5092584535829020720","potions_obtained":[{"floor":2.0,"key":"Regen Potion"},{"floor":10.0,"key":"Weak Potion"},{"floor":14.0,"key":"SkillPotion"},{"floor":17.0,"key":"Strength Potion"},{"floor":19.0,"key":"Block Potion"},{"floor":33.0,"key":"BlessingOfTheForge"}],"is_trial":false,"path_per_floor":["M","M","M","$","M","R","?","R","T","M","?","?","M","M","R","B",null,"M","M","?","?","M","R","M","$","T","R","E","$","?","E","R","B",null,"M","M","$","M","?","R","M","E","T","$","?","E","R","M","R","B",null],"character_chosen":"DEFECT","items_purchased":["Enlightenment","Mummified Hand","Defragment","Capacitor","Coolheaded","Blizzard"],"campfire_rested":0,"item_purchase_floors":[4,25,25,29,29,44],"current_hp_per_floor":[49,44,44,44,39,39,39,39,39,24,24,24,24,17,17,17,80,75,64,64,64,62,62,48,48,48,48,27,27,27,28,28,40,80,80,80,80,76,76,76,76,76,76,76,76,76,76,76,76,71],"gold":166,"neow_bonus":"REMOVE_TWO","is_daily":false,"chose_seed":false,"campfire_upgraded":9,"win_rate":0.0,"timestamp":1609595994,"path_taken":["M","M","M","$","M","R","?","R","T","M","?","?","?","M","R","BOSS","M","M","?","?","M","R","M","$","T","R","E","$","?","E","R","BOSS","M","M","$","?","?","R","M","E","T","$","?","E","R","M","R","BOSS"],"items_purchased_type":["Card","Relic","Card","Card","Card","Card"],"build_version":"2020-12-22","purchased_purges":2,"victory":true,"max_hp_per_floor":[75,75,75,75,75,75,75,75,75,75,75,75,75,75,75,75,80,80,80,80,80,80,80,80,80,80,80,80,80,80,80,80,80,80,80,80,80,80,76,76,76,76,76,76,76,76,76,76,76,76],"card_choices":[{"not_picked":["Turbo","Rebound"],"picked":"Genetic Algorithm","floor":1.0},{"not_picked":["Steam","Auto Shields","Streamline"],"picked":"SKIP","floor":2.0},{"not_picked":["Gash","Steam Power"],"picked":"Defragment","floor":3.0},{"not_picked":["Barrage","Darkness","Steam"],"picked":"SKIP","floor":5.0},{"not_picked":["Ball Lightning","Go for the Eyes"],"picked":"Coolheaded","floor":10.0},{"not_picked":["Conserve Battery","Double Energy"],"picked":"Loop","floor":13.0},{"not_picked":["Reprogram","Steam","Redo"],"picked":"SKIP","floor":14.0},{"not_picked":["Biased Cognition","Rainbow"],"picked":"Seek","floor":16.0},{"not_picked":["Leap","Turbo"],"picked":"Gash","floor":17.0},{"not_picked":["Rebound","Stack","Redo+1"],"picked":"SKIP","floor":18.0},{"not_picked":["Lockon","Compile Driver","Sunder+1"],"picked":"SKIP","floor":19.0},{"not_picked":["Gash","Loop+1"],"picked":"Machine Learning","floor":22.0},{"not_picked":["FTL","Rebound"],"picked":"White Noise","floor":24.0},{"not_picked":["Aggregate+1","Leap+1"],"picked":"Gash","floor":28.0},{"not_picked":["Redo","Glacier"],"picked":"Meteor Strike","floor":31.0},{"not_picked":["Reboot","All For One"],"picked":"Machine Learning","floor":33.0},{"not_picked":["Cold Snap","Go for the Eyes"],"picked":"Defragment","floor":35.0},{"not_picked":["Steam","Go for the Eyes","Redo"],"picked":"SKIP","floor":36},{"not_picked":["FTL","Go for the Eyes","Beam Cell"],"picked":"SKIP","floor":38},{"not_picked":["Rainbow","Self Repair+1","Rebound"],"picked":"SKIP","floor":41},{"not_picked":["Compile Driver+1","Conserve Battery"],"picked":"Storm+1","floor":42},{"not_picked":["Reinforced Body+1","Multi-Cast","Stack+1"],"picked":"SKIP","floor":46},{"not_picked":["Cold Snap","Hologram+1","Reprogram+1"],"picked":"SKIP","floor":48}],"player_experience":333812,"relics_obtained":[{"floor":9.0,"key":"Lantern"},{"floor":26.0,"key":"Bag of Preparation"},{"floor":28.0,"key":"HornCleat"},{"floor":31.0,"key":"Dead Branch"},{"floor":42,"key":"Whetstone"},{"floor":43,"key":"Meat on the Bone"},{"floor":46,"key":"TungstenRod"}],"event_choices":[{"damage_healed":0.0,"max_hp_gain":0.0,"max_hp_loss":0.0,"gold_gain":0.0,"event_name":"Living Wall","player_choice":"Grow","floor":7.0,"gold_loss":0.0,"damage_taken":0.0,"cards_upgraded":["Defragment"]},{"damage_healed":0.0,"max_hp_gain":0.0,"max_hp_loss":0.0,"gold_gain":0.0,"event_name":"The Cleric","player_choice":"Leave","floor":11.0,"gold_loss":0.0,"damage_taken":0.0},{"damage_healed":0.0,"max_hp_gain":0.0,"max_hp_loss":0.0,"gold_gain":0.0,"event_name":"The Woman in Blue","player_choice":"Bought 0 Potions","floor":12.0,"gold_loss":0.0,"damage_taken":0.0},{"damage_healed":0.0,"max_hp_gain":0.0,"max_hp_loss":0.0,"gold_gain":0.0,"event_name":"Ghosts","player_choice":"Ignored","floor":20.0,"gold_loss":0.0,"damage_taken":0.0},{"damage_healed":0.0,"max_hp_gain":0.0,"max_hp_loss":0.0,"gold_gain":99.0,"event_name":"Nest","player_choice":"Stole From Cult","floor":21.0,"gold_loss":0.0,"damage_taken":0.0},{"damage_healed":0.0,"max_hp_gain":0.0,"max_hp_loss":0.0,"gold_gain":0.0,"event_name":"WeMeetAgain","player_choice":"Gave Potion","floor":30.0,"gold_loss":0.0,"damage_taken":0.0,"relics_obtained":["Bird Faced Urn"]},{"damage_healed":0,"gold_gain":0,"player_choice":"Max HP","damage_taken":0,"max_hp_gain":0,"max_hp_loss":4,"event_name":"Winding Halls","floor":39,"gold_loss":0},{"cards_removed":["Coolheaded"],"damage_healed":0,"gold_gain":0,"player_choice":"Removed Skill","damage_taken":0,"max_hp_gain":0,"max_hp_loss":0,"event_name":"Falling","floor":45,"gold_loss":0}],"is_beta":false,"boss_relics":[{"not_picked":["Busted Crown","SlaversCollar"],"picked":"Tiny House"},{"not_picked":["Runic Pyramid","Coffee Dripper"],"picked":"Sozu"}],"items_purged_floors":[25,37],"is_endless":false,"potions_floor_spawned":[2,10,14,19,22,33,36,38,46,48],"ascension_level":1}}