{"host":"gzk2rcji1fpy0x52","time":1609551345,"event":{"mods":["BaseMod","Hermit","Minty Spire (QoL Compilation)","Replay The Spire","StSLib","The Bug Knight","The Gatherer","The Hierophant","The Runesmith"],"gold_per_floor":[117,117,107,118,118,118,131,9039,9039,9039,9011,9011],"floor_reached":11,"playtime":547,"items_purged":["hierophant:Strike_Hierophant"],"score":65,"play_id":"5f353b8a-ffc1-4622-b9e7-65637f406bb7","local_time":"20210102103545","is_ascension_mode":false,"campfire_choices":[{"floor":6,"key":"RECALL"},{"data":"hierophant:DivineIntervention","floor":10,"key":"SMITH"}],"circlet_count":0,"master_deck":["hierophant:Strike_Hierophant","hierophant:Strike_Hierophant","hierophant:Strike_Hierophant","hierophant:Punish","hierophant:Defend_Hierophant","hierophant:Defend_Hierophant","hierophant:Defend_Hierophant","hierophant:Defend_Hierophant","hierophant:ChurchCoffers","hierophant:Flagellation","hierophant:Endure","hierophant:PristineSoul","hierophant:DivineIntervention+1","hierophant:Doubloon","hierophant:Dazzle","hierophant:HolyVerse","hierophant:CoinFling","hierophant:Doubloon","hierophant:MintersHammer+1","hierophant:MorningPrayer","hierophant:Community"],"relics":["hierophant:PropheticMaskRelic","Runesmith:AutoHammer","Shuriken","Nunchaku","Membership Card"],"acts_visited":["Exordium"],"potions_floor_usage":[11,11,11,11,11,11],"damage_taken":[{"damage":2,"enemies":"2 Louse","floor":1,"turns":3},{"damage":1,"enemies":"Cultist","floor":3,"turns":3},{"damage":8,"enemies":"Jaw Worm","floor":4,"turns":4},{"damage":3,"enemies":"2 Fungi Beasts","floor":5,"turns":2},{"damage":14,"enemies":"Looter","floor":7,"turns":5},{"damage":89,"enemies":"Gremlin Nob","floor":11,"turns":5}],"seed_played":"-6979222539403594825","potions_obtained":[{"floor":1,"key":"FearPotion"},{"floor":3,"key":"Adrenaline Potion"},{"floor":5,"key":"Adrenaline Potion"}],"is_trial":false,"path_per_floor":["M","?","M","M","M","R","M","$","T","R","E"],"character_chosen":"HIEROPHANT","items_purchased":["hierophant:HolyVerse","hierophant:CoinFling","hierophant:MintersHammer+1","hierophant:MorningPrayer","hierophant:Community","Shuriken","Nunchaku","Membership Card","EntropicBrew"],"campfire_rested":0,"item_purchase_floors":[8,8,8,8,8,8,8,8,8],"current_hp_per_floor":[80,80,79,71,68,68,54,54,54,54,0,0],"gold":9011,"neow_bonus":"TEN_PERCENT_HP_BONUS","is_daily":false,"chose_seed":false,"campfire_upgraded":1,"win_rate":0.0,"timestamp":1609551345,"path_taken":["M","?","?","M","M","R","M","$","T","R","E"],"items_purchased_type":["Card","Card","Card","Card","Card","Relic","Relic","Relic","Potion"],"build_version":"2020-12-22","purchased_purges":1,"victory":false,"max_hp_per_floor":[82,82,82,82,82,82,82,82,82,82,82,82],"card_choices":[{"not_picked":["hierophant:SealAway","hierophant:Encroach"],"picked":"hierophant:Flagellation","floor":1},{"not_picked":["hierophant:ThreeLashes","hierophant:Patience"],"picked":"hierophant:Endure","floor":3},{"not_picked":["hierophant:Encroach","hierophant:OrnateBuckler"],"picked":"hierophant:PristineSoul","floor":4},{"not_picked":["hierophant:Prophecy","hierophant:RepressedViolence"],"picked":"hierophant:DivineIntervention","floor":5},{"not_picked":["hierophant:MorningPrayer","hierophant:Doubloon"],"picked":"hierophant:Dazzle","floor":7}],"player_experience":79002,"relics_obtained":[],"event_choices":[{"damage_healed":0,"gold_gain":0,"player_choice":"Gave Potion","damage_taken":0,"relics_obtained":["Runesmith:AutoHammer"],"max_hp_gain":0,"max_hp_loss":0,"event_name":"WeMeetAgain","floor":2,"gold_loss":0}],"is_beta":false,"boss_relics":[],"items_purged_floors":[8],"is_endless":false,"potions_floor_spawned":[1,3,5],"killed_by":"Gremlin Nob","ascension_level":0}}