{"host":"x52zk6e1f2bye2h7","time":1609597767,"event":{"mods":["AchievementEnabler","BaseMod","Highlight Path","Minty Spire (QoL Compilation)","everything is the same but u backflip on backflip"],"gold_per_floor":[111,127,77,2,74,74,105,105,105,105,105],"floor_reached":10,"playtime":567,"items_purged":["Strike_G"],"score":64,"play_id":"ee87b829-803f-424c-9db6-f6a705c31d76","local_time":"20210102142927","is_ascension_mode":false,"campfire_choices":[{"data":"Neutralize","floor":6,"key":"SMITH"},{"data":"Defend_G","floor":8,"key":"SMITH"}],"circlet_count":0,"master_deck":["Strike_G","Strike_G","Strike_G","Defend_G","Defend_G","Defend_G","Defend_G","Defend_G+1","Survivor","Neutralize+1","Tactician","Underhanded Strike","Reflex"],"relics":["Ring of the Snake","Centennial Puzzle","Meat on the Bone"],"acts_visited":["Exordium"],"potions_floor_usage":[10],"damage_taken":[{"damage":1,"enemies":"2 Louse","floor":1,"turns":5},{"damage":0,"enemies":"Small Slimes","floor":2,"turns":5},{"damage":49,"enemies":"Lagavulin","floor":7,"turns":13},{"damage":36,"enemies":"Gremlin Nob","floor":10,"turns":5}],"seed_played":"7286200164269516151","potions_obtained":[{"floor":7,"key":"GamblersBrew"}],"is_trial":false,"path_per_floor":["M","M","?","$","?","R","E","R","T","E"],"character_chosen":"THE_SILENT","items_purchased":[],"campfire_rested":0,"item_purchase_floors":[],"current_hp_per_floor":[76,76,76,76,76,76,27,27,27,0,0],"gold":105,"neow_bonus":"TEN_PERCENT_HP_BONUS","is_daily":false,"chose_seed":false,"campfire_upgraded":2,"win_rate":0.0,"timestamp":1609597767,"path_taken":["M","M","?","$","?","R","E","R","T","E"],"items_purchased_type":[],"build_version":"2020-12-22","purchased_purges":1,"victory":false,"max_hp_per_floor":[77,77,77,77,77,77,77,77,77,77,77],"card_choices":[{"not_picked":["Cloak And Dagger","Outmaneuver"],"picked":"Tactician","floor":1},{"not_picked":["Riddle With Holes","Cloak And Dagger"],"picked":"Underhanded Strike","floor":2},{"not_picked":["Envenom","Crippling Poison"],"picked":"Reflex","floor":7}],"player_experience":46004,"relics_obtained":[{"floor":7,"key":"Centennial Puzzle"},{"floor":9,"key":"Meat on the Bone"}],"event_choices":[{"cards_removed":["Strike_G"],"damage_healed":0,"gold_gain":0,"player_choice":"Card Removal","damage_taken":0,"max_hp_gain":0,"max_hp_loss":0,"event_name":"The Cleric","floor":3,"gold_loss":50},{"damage_healed":0,"gold_gain":72,"player_choice":"Gained Gold","damage_taken":0,"max_hp_gain":0,"max_hp_loss":0,"event_name":"Golden Wing","floor":5,"gold_loss":0}],"is_beta":false,"boss_relics":[],"items_purged_floors":[4],"is_endless":false,"potions_floor_spawned":[7],"killed_by":"Gremlin Nob","ascension_level":0}}