{"host":"37dk0reb6x0du8wx","time":1609606195,"event":{"mods":["BaseMod","Colored Map","DeckTracker","Minty Spire (QoL Compilation)","Quick Restart","StSLib","The Dragon Tamer"],"gold_per_floor":[111,131,81,96,96,96,131,145,145,161,8,23,23,34,34,139,139,154,154,173,191,77,77,77,77,103,122,139,139,167,178,178,178,178],"floor_reached":33,"playtime":1062,"items_purged":["Strike_G"],"score":298,"play_id":"1c8e609e-f776-454a-ac7d-0a222a273279","local_time":"20210103014955","is_ascension_mode":true,"campfire_choices":[{"floor":6,"key":"REST"},{"floor":13,"key":"REST"},{"floor":15,"key":"REST"},{"data":"Catalyst","floor":23,"key":"SMITH"},{"floor":25,"key":"REST"},{"data":"Catalyst","floor":29,"key":"SMITH"},{"floor":32,"key":"REST"}],"circlet_count":0,"master_deck":["Defend_G","Defend_G","Defend_G","Defend_G","Survivor","Neutralize","Catalyst+1","Noxious Fumes","Poisoned Stab","Noxious Fumes","Catalyst+1","Deflect","Adrenaline+1","Corpse Explosion+1","Flechettes+1","Flechettes+1","Deadly Poison","Shame"],"relics":["Ring of the Snake","Dream Catcher","Snake Skull","Mummified Hand","Membership Card","Astrolabe","Strawberry","HornCleat","Toy Ornithopter","Shuriken"],"acts_visited":["Exordium","TheCity"],"potions_floor_usage":[16,16,16,27,30,30,33],"damage_taken":[{"damage":16,"enemies":"Small Slimes","floor":1,"turns":5},{"damage":3,"enemies":"Jaw Worm","floor":2,"turns":6},{"damage":1,"enemies":"Cultist","floor":4,"turns":4},{"damage":24,"enemies":"Lagavulin","floor":7,"turns":8},{"damage":6,"enemies":"Exordium Wildlife","floor":8,"turns":4},{"damage":7,"enemies":"Gremlin Gang","floor":10,"turns":5},{"damage":11,"enemies":"Looter","floor":12,"turns":3},{"damage":4,"enemies":"Exordium Wildlife","floor":14,"turns":3},{"damage":36,"enemies":"Slime Boss","floor":16,"turns":9},{"damage":27,"enemies":"2 Thieves","floor":18,"turns":4},{"damage":18,"enemies":"Spheric Guardian","floor":20,"turns":4},{"damage":4,"enemies":"Snake Plant","floor":21,"turns":2},{"damage":0,"enemies":"Shelled Parasite and Fungi","floor":27,"turns":3},{"damage":18,"enemies":"Sentry and Sphere","floor":28,"turns":5},{"damage":20,"enemies":"Gremlin Leader","floor":30,"turns":6},{"damage":4,"enemies":"3 Cultists","floor":31,"turns":3},{"damage":87,"enemies":"Automaton","floor":33,"turns":6}],"seed_played":"2613463916370368170","potions_obtained":[{"floor":7,"key":"Dexterity Potion"},{"floor":10,"key":"Energy Potion"},{"floor":12,"key":"PowerPotion"},{"floor":16,"key":"Swift Potion"},{"floor":21,"key":"DistilledChaos"},{"floor":27,"key":"Fruit Juice"},{"floor":30,"key":"Swift Potion"}],"is_trial":false,"path_per_floor":["M","M","?","M","T","R","E","M","T","M","$","M","R","M","R","B",null,"M","?","M","M","$","R","?","R","T","M","M","R","E","M","R","B"],"character_chosen":"THE_SILENT","items_purchased":["Membership Card","Strawberry"],"campfire_rested":5,"item_purchase_floors":[11,22],"current_hp_per_floor":[54,51,51,50,50,70,46,40,40,33,33,22,43,39,60,24,70,43,43,25,21,28,28,28,51,51,61,43,43,33,29,53,0,0],"gold":178,"neow_bonus":"REMOVE_CARD","is_daily":false,"chose_seed":false,"campfire_upgraded":2,"win_rate":0.0,"timestamp":1609606195,"path_taken":["M","M","?","M","?","R","E","M","T","M","$","M","R","?","R","BOSS","M","?","M","?","$","R","?","R","T","M","M","R","E","M","R","BOSS"],"items_purchased_type":["Relic","Relic"],"build_version":"2020-12-22","purchased_purges":1,"victory":false,"max_hp_per_floor":[70,70,70,70,70,70,70,70,70,70,70,70,70,70,70,70,70,70,70,70,70,77,77,77,77,77,82,82,82,82,82,82,82,82],"card_choices":[{"not_picked":["Prepared","Cloak And Dagger","Skewer"],"picked":"SKIP","floor":1},{"not_picked":["Dodge and Roll","Backflip"],"picked":"Catalyst","floor":2},{"not_picked":["Prepared","Skewer"],"picked":"Noxious Fumes","floor":4},{"not_picked":["Backstab","Blade Dance"],"picked":"Poisoned Stab","floor":7},{"not_picked":["Cloak And Dagger","Dagger Throw"],"picked":"Noxious Fumes","floor":8},{"not_picked":["Dagger Throw","All Out Attack","Footwork"],"picked":"SKIP","floor":10},{"not_picked":["Well Laid Plans","Concentrate"],"picked":"Catalyst","floor":12},{"not_picked":["Cloak And Dagger","Dagger Spray"],"picked":"Deflect","floor":13},{"not_picked":["Dagger Spray","Venomology","Caltrops"],"picked":"SKIP","floor":14},{"not_picked":["Dagger Spray","PiercingWail","Underhanded Strike"],"picked":"SKIP","floor":18},{"not_picked":["Caltrops","Sucker Punch","Reflex"],"picked":"SKIP","floor":20},{"not_picked":["Cloak And Dagger","Reflex+1"],"picked":"Deadly Poison","floor":21},{"not_picked":["Quick Slash","All Out Attack","Dagger Throw"],"picked":"SKIP","floor":27},{"not_picked":["Envenom","Prepared","Acrobatics+1"],"picked":"SKIP","floor":28},{"not_picked":["Endless Agony","Dagger Spray","Sucker Punch"],"picked":"SKIP","floor":30},{"not_picked":["Bane","Dodge and Roll+1","Glass Knife"],"picked":"SKIP","floor":31}],"player_experience":138061,"relics_obtained":[{"floor":5,"key":"Dream Catcher"},{"floor":7,"key":"Snake Skull"},{"floor":9,"key":"Mummified Hand"},{"floor":26,"key":"Toy Ornithopter"},{"floor":30,"key":"Shuriken"}],"event_choices":[{"cards_removed":["Strike_G"],"damage_healed":0,"gold_gain":0,"player_choice":"Card Removal","damage_taken":0,"max_hp_gain":0,"max_hp_loss":0,"event_name":"The Cleric","floor":3,"gold_loss":50},{"damage_healed":0,"gold_gain":0,"player_choice":"Copied","damage_taken":0,"max_hp_gain":0,"max_hp_loss":0,"event_name":"Duplicator","floor":19,"gold_loss":0,"cards_obtained":["Flechettes"]},{"damage_healed":0,"gold_gain":0,"player_choice":"Stole Relic","damage_taken":0,"relics_obtained":["HornCleat"],"max_hp_gain":0,"max_hp_loss":0,"event_name":"Addict","floor":24,"gold_loss":0,"cards_obtained":["Shame"]}],"is_beta":false,"boss_relics":[{"not_picked":["Fusion Hammer","Snecko Eye"],"picked":"Astrolabe"}],"items_purged_floors":[22],"is_endless":false,"potions_floor_spawned":[7,10,12,16,21,27,30],"killed_by":"Automaton","ascension_level":2}}