{"host":"nmxkoih8gpfa0ew7","time":1609555026,"event":{"mods":["AchievementEnabler","BaseMod","Better Third Choice","Colored Map","Colored Powertips","Minty Spire (QoL Compilation)","Slay-I","StSLib"],"gold_per_floor":[116,116,133,83,83,83,112,112,112,122,157,186,216,216,216,320,320,330,330,348,45,58,91,91,104,104,124,151,170,170,170,170,267,267,281,331,331,331,380,410,424,454,508,527,543,543,543,543,543,543,543,543,4,32,32],"floor_reached":56,"playtime":4939,"items_purged":[],"score":1286,"play_id":"0d0a98cc-51b1-47b5-8916-bc17f4462de3","local_time":"20210101183706","is_ascension_mode":false,"campfire_choices":[{"floor":6,"key":"RECALL"},{"floor":8,"key":"REST"},{"floor":15,"key":"REST"},{"data":"Self Repair","floor":24,"key":"SMITH"},{"data":"Sunder","floor":32,"key":"SMITH"},{"data":"Fission","floor":46,"key":"SMITH"},{"data":"Sweeping Beam","floor":49,"key":"SMITH"},{"data":"Undo","floor":52,"key":"SMITH"}],"circlet_count":0,"master_deck":["Strike_B","Strike_B","Strike_B","Strike_B","Defend_B","Defend_B","Defend_B","Defend_B+1","Zap+1","Steam","FTL","Rainbow","Ball Lightning","Undo+1","Sweeping Beam+1","Coolheaded","Self Repair+1","Apotheosis+1","Electrodynamics","Compile Driver","Ball Lightning","Steam","BootSequence","Sunder+1","BootSequence","BootSequence","Fission+1","Chill+1","Conserve Battery","Madness","Madness","Defragment+1","Go for the Eyes+1","Streamline+1","Doom and Gloom+1","Core Surge+1","Genetic Algorithm+1","Glacier","Self Repair+1","Go for the Eyes+1","Lockon+1","Purity","Barrage+1"],"relics":["Cracked Core","War Paint","Orichalcum","StrikeDummy","Thread and Needle","Odd Mushroom","Nunchaku","Black Star","Incense Burner","Unceasing Top","Potion Belt","Mercury Hourglass","Juzu Bracelet","White Beast Statue","Philosopher\u0027s Stone","Pocketwatch","Bag of Preparation","Bird Faced Urn","Molten Egg 2","Prayer Wheel","PreservedInsect","HornCleat","Shuriken","Vajra","InkBottle","Mummified Hand"],"acts_visited":["Exordium","TheCity","TheBeyond","TheEnding"],"potions_floor_usage":[11,16,22,23,29,33,35,35,36,40,42,42,45,45,50,55,55,55],"damage_taken":[{"damage":3,"enemies":"Small Slimes","floor":1,"turns":3},{"damage":1,"enemies":"2 Louse","floor":3,"turns":2},{"damage":25,"enemies":"3 Sentries","floor":7,"turns":8},{"damage":0,"enemies":"Cultist","floor":10,"turns":2},{"damage":3,"enemies":"Gremlin Nob","floor":11,"turns":3},{"damage":0,"enemies":"The Mushroom Lair","floor":12,"turns":3},{"damage":0,"enemies":"3 Sentries","floor":13,"turns":5},{"damage":1,"enemies":"The Guardian","floor":16,"turns":8},{"damage":5,"enemies":"3 Byrds","floor":18,"turns":2},{"damage":0,"enemies":"Chosen","floor":20,"turns":3},{"damage":6,"enemies":"Centurion and Healer","floor":22,"turns":5},{"damage":13,"enemies":"Slavers","floor":23,"turns":4},{"damage":5,"enemies":"Shelled Parasite and Fungi","floor":25,"turns":4},{"damage":6,"enemies":"Snecko","floor":27,"turns":4},{"damage":21,"enemies":"Book of Stabbing","floor":28,"turns":6},{"damage":0,"enemies":"Snake Plant","floor":29,"turns":4},{"damage":1,"enemies":"Champ","floor":33,"turns":10},{"damage":35,"enemies":"3 Darklings","floor":35,"turns":4},{"damage":11,"enemies":"Mind Bloom Boss Battle","floor":36,"turns":6},{"damage":0,"enemies":"2 Orb Walkers","floor":39,"turns":3},{"damage":17,"enemies":"Reptomancer","floor":40,"turns":5},{"damage":0,"enemies":"Orb Walker","floor":41,"turns":3},{"damage":19,"enemies":"Giant Head","floor":42,"turns":8},{"damage":5,"enemies":"Writhing Mass","floor":44,"turns":5},{"damage":0,"enemies":"Maw","floor":45,"turns":6},{"damage":7,"enemies":"Awakened One","floor":50,"turns":15},{"damage":43,"enemies":"Shield and Spear","floor":54,"turns":6},{"damage":49,"enemies":"The Heart","floor":55,"turns":9}],"seed_played":"4213421748035842345","potions_obtained":[{"floor":10,"key":"FearPotion"},{"floor":11,"key":"FocusPotion"},{"floor":12,"key":"EssenceOfDarkness"},{"floor":13,"key":"LiquidMemories"},{"floor":18,"key":"DistilledChaos"},{"floor":22,"key":"PowerPotion"},{"floor":23,"key":"LiquidMemories"},{"floor":27,"key":"Dexterity Potion"},{"floor":28,"key":"Fire Potion"},{"floor":29,"key":"ColorlessPotion"},{"floor":33,"key":"EssenceOfDarkness"},{"floor":35,"key":"LiquidBronze"},{"floor":36,"key":"EssenceOfDarkness"},{"floor":39,"key":"Regen Potion"},{"floor":40,"key":"PowerPotion"},{"floor":41,"key":"DuplicationPotion"},{"floor":42,"key":"SteroidPotion"},{"floor":44,"key":"BlessingOfTheForge"},{"floor":45,"key":"GamblersBrew"},{"floor":54,"key":"ColorlessPotion"}],"is_trial":false,"path_per_floor":["M","?","M","?","?","R","E","R","T","M","E","?","E","?","R","B",null,"M","?","M","$","M","E","R","M","T","M","E","M","?","$","R","B",null,"M","?","?","?","?","E","M","E","T","M","M","R","?","?","R","B",null,"R","$","E","B",null],"character_chosen":"DEFECT","items_purchased":["Incense Burner","Shuriken","Vajra","Lockon+1","Purity"],"campfire_rested":2,"item_purchase_floors":[21,53,53,53,53],"current_hp_per_floor":[79,79,78,78,60,60,35,59,59,59,56,56,56,56,80,82,82,77,74,74,74,75,72,72,77,77,71,60,70,70,70,70,79,82,57,56,56,46,46,45,49,63,63,74,82,82,74,74,74,82,82,82,82,63,44],"gold":32,"neow_bonus":"TEN_PERCENT_HP_BONUS","is_daily":false,"chose_seed":false,"campfire_upgraded":5,"win_rate":0.0,"timestamp":1609555026,"path_taken":["M","?","M","?","?","R","E","R","T","M","E","?","E","?","R","BOSS","M","?","?","$","M","E","R","M","T","M","E","M","?","$","R","BOSS","M","?","?","?","?","E","M","E","T","M","M","R","?","?","R","BOSS","R","$","E","BOSS"],"items_purchased_type":["Relic","Relic","Relic","Card","Card"],"build_version":"2020-12-22","purchased_purges":0,"victory":true,"max_hp_per_floor":[82,82,82,82,82,82,82,82,82,82,82,82,82,82,82,82,82,82,82,82,82,82,82,82,82,82,82,82,82,82,82,82,82,82,82,82,82,82,82,82,82,82,82,82,82,82,82,82,82,82,82,82,82,82,82],"card_choices":[{"not_picked":["Compile Driver","Gash"],"picked":"Steam","floor":1},{"not_picked":["Gash","Go for the Eyes"],"picked":"FTL","floor":3},{"not_picked":["Turbo","Reprogram"],"picked":"Rainbow","floor":7},{"not_picked":["Darkness","Barrage"],"picked":"Ball Lightning","floor":8},{"not_picked":["Steam Power","Stack"],"picked":"Undo","floor":10},{"not_picked":["Aggregate","Double Energy"],"picked":"Sweeping Beam","floor":11},{"not_picked":["Reprogram","Reinforced Body"],"picked":"Coolheaded","floor":12},{"not_picked":["Hello World","Gash"],"picked":"Self Repair","floor":13},{"not_picked":["Biased Cognition","Machine Learning"],"picked":"Electrodynamics","floor":16},{"not_picked":["Streamline","Coolheaded"],"picked":"Compile Driver","floor":18},{"not_picked":["Rebound","Hologram"],"picked":"Ball Lightning","floor":20},{"not_picked":["Redo","White Noise"],"picked":"Steam","floor":22},{"not_picked":["Cold Snap","Beam Cell"],"picked":"BootSequence","floor":23},{"not_picked":["Beam Cell","Coolheaded"],"picked":"Sunder","floor":25},{"not_picked":["Barrage","Beam Cell+1"],"picked":"BootSequence","floor":27},{"not_picked":["Redo","Force Field"],"picked":"BootSequence","floor":28},{"not_picked":["Compile Driver+1","Coolheaded"],"picked":"Ball Lightning","floor":29},{"not_picked":["Core Surge","Creative AI"],"picked":"Fission","floor":33},{"not_picked":["Hologram+1","Rebound+1"],"picked":"Chill+1","floor":35},{"not_picked":["Beam Cell","Streamline+1"],"picked":"Conserve Battery","floor":36},{"not_picked":["Blizzard+1","Beam Cell+1"],"picked":"Defragment+1","floor":39},{"not_picked":["Turbo+1","Multi-Cast"],"picked":"Go for the Eyes+1","floor":40},{"not_picked":["Gash+1","Compile Driver+1"],"picked":"Streamline+1","floor":41},{"not_picked":["Hologram","Redo"],"picked":"Doom and Gloom+1","floor":41},{"not_picked":["Reinforced Body","Gash+1"],"picked":"Core Surge+1","floor":42},{"not_picked":["Coolheaded","Compile Driver+1"],"picked":"Genetic Algorithm+1","floor":44},{"not_picked":["Rip and Tear+1","Steam"],"picked":"Glacier","floor":44},{"not_picked":["BootSequence+1","Ball Lightning+1"],"picked":"Self Repair+1","floor":45},{"not_picked":["Reinforced Body","Skim"],"picked":"Go for the Eyes+1","floor":45},{"not_picked":["Tempest","Cold Snap+1"],"picked":"Barrage+1","floor":54}],"player_experience":497757,"relics_obtained":[{"floor":7,"key":"Orichalcum"},{"floor":9,"key":"StrikeDummy"},{"floor":11,"key":"Thread and Needle"},{"floor":12,"key":"Odd Mushroom"},{"floor":13,"key":"Nunchaku"},{"floor":23,"key":"Unceasing Top"},{"floor":23,"key":"Potion Belt"},{"floor":26,"key":"Mercury Hourglass"},{"floor":28,"key":"Juzu Bracelet"},{"floor":28,"key":"White Beast Statue"},{"floor":36,"key":"Pocketwatch"},{"floor":39,"key":"Bird Faced Urn"},{"floor":40,"key":"Molten Egg 2"},{"floor":40,"key":"Prayer Wheel"},{"floor":42,"key":"PreservedInsect"},{"floor":42,"key":"HornCleat"},{"floor":54,"key":"InkBottle"},{"floor":54,"key":"Mummified Hand"}],"event_choices":[{"damage_healed":0,"gold_gain":0,"player_choice":"Box","damage_taken":0,"relics_obtained":["War Paint"],"max_hp_gain":0,"max_hp_loss":0,"event_name":"Big Fish","floor":2,"gold_loss":0,"cards_obtained":["Regret"]},{"cards_removed":["Regret"],"damage_healed":0,"gold_gain":0,"player_choice":"Card Removal","damage_taken":0,"max_hp_gain":0,"max_hp_loss":0,"event_name":"The Cleric","floor":4,"gold_loss":50},{"damage_healed":0,"gold_gain":0,"player_choice":"Relic ","damage_taken":18,"max_hp_gain":0,"max_hp_loss":0,"event_name":"betterThird:BetterScrap","floor":5,"gold_loss":0,"cards_obtained":["Bloodletting"]},{"damage_healed":0,"gold_gain":0,"player_choice":"Fought Mushrooms","damage_taken":0,"max_hp_gain":0,"max_hp_loss":0,"event_name":"Mushrooms","floor":12,"gold_loss":0},{"damage_healed":56,"gold_gain":0,"player_choice":"Protect","damage_taken":0,"max_hp_gain":0,"max_hp_loss":82,"event_name":"betterThird:BetterShining","floor":14,"gold_loss":1},{"damage_healed":0,"gold_gain":0,"player_choice":"Punched","damage_taken":3,"max_hp_gain":0,"max_hp_loss":0,"event_name":"Designer","floor":19,"gold_loss":0},{"cards_removed":["Dualcast"],"damage_healed":0,"gold_gain":0,"player_choice":"Purged","damage_taken":0,"max_hp_gain":0,"max_hp_loss":0,"event_name":"Purifier","floor":30,"gold_loss":0},{"damage_healed":0,"gold_gain":0,"player_choice":"Fight","damage_taken":0,"max_hp_gain":0,"max_hp_loss":0,"event_name":"MindBloom","floor":36,"gold_loss":0},{"damage_healed":0,"gold_gain":0,"player_choice":"Gave Potion","damage_taken":0,"relics_obtained":["Bag of Preparation"],"max_hp_gain":0,"max_hp_loss":0,"event_name":"WeMeetAgain","floor":37,"gold_loss":0},{"damage_healed":0,"gold_gain":0,"player_choice":"Embrace Madness","damage_taken":10,"max_hp_gain":0,"max_hp_loss":0,"event_name":"Winding Halls","floor":38,"gold_loss":0,"cards_obtained":["Madness","Madness"]},{"damage_healed":0,"gold_gain":0,"player_choice":"Fight","damage_taken":0,"max_hp_gain":0,"max_hp_loss":0,"event_name":"Mysterious Sphere","floor":39,"gold_loss":0},{"damage_healed":0,"gold_gain":0,"player_choice":"Damaged","damage_taken":8,"max_hp_gain":0,"max_hp_loss":0,"event_name":"Wheel of Change","floor":47,"gold_loss":0},{"cards_removed":["Ball Lightning"],"damage_healed":0,"gold_gain":0,"player_choice":"Removed Attack","damage_taken":0,"max_hp_gain":0,"max_hp_loss":0,"event_name":"Falling","floor":48,"gold_loss":0}],"is_beta":false,"boss_relics":[{"not_picked":["Snecko Eye","Tiny House"],"picked":"Black Star"},{"not_picked":["Empty Cage","FrozenCore"],"picked":"Philosopher\u0027s Stone"}],"items_purged_floors":[],"is_endless":false,"potions_floor_spawned":[10,11,12,13,18,22,23,27,28,29,33,35,36,39,40,41,42,44,45,54],"ascension_level":0}}