{"host":"jksa5rawk3m4gilz","time":1609598314,"event":{"mods":["BaseMod","Colored Map","Highlight Path","Minty Spire (QoL Compilation)","Quick Restart"],"gold_per_floor":[15,35,51,51,51,81,81,8,33,33,33,33,47,78,78,78,78],"floor_reached":16,"playtime":596,"items_purged":[],"score":184,"play_id":"afddcc94-12df-4468-9eb8-7ceae6ed8b65","local_time":"20210102153834","is_ascension_mode":true,"campfire_choices":[{"floor":7,"key":"REST"},{"data":"Capacitor","floor":11,"key":"SMITH"},{"floor":15,"key":"REST"}],"circlet_count":0,"master_deck":["AscendersBane","Strike_B","Strike_B","Strike_B","Defend_B","Defend_B","Defend_B+1","Defend_B","Zap","Dualcast","Thinking Ahead+1","Cold Snap","Cold Snap","Cold Snap+1","Capacitor+1","Genetic Algorithm"],"relics":["Cracked Core","MealTicket","Toy Ornithopter","PreservedInsect"],"acts_visited":["Exordium"],"potions_floor_usage":[13,14],"damage_taken":[{"damage":7,"enemies":"Jaw Worm","floor":1,"turns":3},{"damage":10,"enemies":"Small Slimes","floor":2,"turns":4},{"damage":4,"enemies":"2 Louse","floor":3,"turns":3},{"damage":27,"enemies":"Gremlin Nob","floor":6,"turns":4},{"damage":9,"enemies":"Blue Slaver","floor":13,"turns":3},{"damage":8,"enemies":"3 Sentries","floor":14,"turns":7},{"damage":52,"enemies":"Slime Boss","floor":16,"turns":11}],"seed_played":"-5076263943559141165","potions_obtained":[{"floor":1,"key":"Explosive Potion"},{"floor":2,"key":"ColorlessPotion"}],"is_trial":false,"path_per_floor":["M","M","M","?","?","E","R","$","T","?","R","?","M","E","R","B"],"character_chosen":"DEFECT","items_purchased":["Capacitor"],"campfire_rested":2,"item_purchase_floors":[8],"current_hp_per_floor":[57,47,43,43,48,21,43,58,58,51,51,36,32,29,51,0,0],"gold":78,"neow_bonus":"RANDOM_COLORLESS_2","is_daily":false,"chose_seed":false,"campfire_upgraded":1,"win_rate":0.0,"timestamp":1609598314,"path_taken":["M","M","M","?","?","E","R","$","T","?","R","?","?","E","R","BOSS"],"items_purchased_type":["Card"],"build_version":"2020-12-22","purchased_purges":0,"victory":false,"max_hp_per_floor":[71,71,71,71,76,76,76,76,76,76,76,76,76,76,76,76,76],"card_choices":[{"not_picked":["Secret Weapon","Master of Strategy"],"picked":"Thinking Ahead","floor":0},{"not_picked":["Recycle","Genetic Algorithm"],"picked":"Cold Snap","floor":1},{"not_picked":["Steam Power","Aggregate"],"picked":"Cold Snap","floor":2},{"not_picked":["Gash","Steam"],"picked":"Cold Snap","floor":3},{"not_picked":["Reinforced Body","Gash","Ball Lightning"],"picked":"SKIP","floor":6},{"not_picked":["Conserve Battery","Coolheaded","Blizzard"],"picked":"SKIP","floor":13},{"not_picked":["Undo","Storm"],"picked":"Genetic Algorithm","floor":14}],"player_experience":2108998,"relics_obtained":[{"floor":6,"key":"MealTicket"},{"floor":9,"key":"Toy Ornithopter"},{"floor":14,"key":"PreservedInsect"}],"event_choices":[{"damage_healed":0,"gold_gain":0,"player_choice":"Grow","damage_taken":0,"max_hp_gain":0,"max_hp_loss":0,"event_name":"Living Wall","floor":4,"gold_loss":0,"cards_upgraded":["Thinking Ahead"]},{"damage_healed":0,"gold_gain":0,"player_choice":"Donut","damage_taken":0,"max_hp_gain":5,"max_hp_loss":0,"event_name":"Big Fish","floor":5,"gold_loss":0},{"cards_removed":["Strike_B"],"damage_healed":0,"gold_gain":0,"player_choice":"Card Removal","damage_taken":7,"max_hp_gain":0,"max_hp_loss":0,"event_name":"Golden Wing","floor":10,"gold_loss":0},{"damage_healed":0,"gold_gain":0,"player_choice":"Entered Light","damage_taken":15,"max_hp_gain":0,"max_hp_loss":0,"event_name":"Shining Light","floor":12,"gold_loss":0,"cards_upgraded":["Cold Snap","Defend_B"]}],"is_beta":false,"boss_relics":[],"items_purged_floors":[],"is_endless":false,"potions_floor_spawned":[1,2],"killed_by":"Slime Boss","ascension_level":14}}