{"host":"k6u7q08ihsmpx7o5","time":1609546400,"event":{"mods":["BaseMod","Bestiary","Minty Spire (QoL Compilation)","StSLib"],"gold_per_floor":[213,213,138,34,57,57,85,101,101,127,141,155,155,170,170,241,241,260,260,295,215,215],"floor_reached":21,"playtime":1132,"items_purged":[],"score":399,"play_id":"2380db09-c8f7-43d5-abb0-0dc28a2fdcd6","local_time":"20210102011320","is_ascension_mode":true,"campfire_choices":[{"data":"Spot Weakness","floor":6,"key":"SMITH"},{"data":"Combust","floor":13,"key":"SMITH"},{"data":"Armaments","floor":15,"key":"SMITH"}],"circlet_count":0,"master_deck":["AscendersBane","Defend_R","Defend_R","Defend_R","Bash","Sword Boomerang","Disarm","Spot Weakness+1","Headbutt","Iron Wave","Thunderclap","Limit Break","Combust+1","Second Wind","Armaments+1","Exhume","Bite","Bite","Bite","Bite","Bite"],"relics":["Burning Blood","Smiling Mask","Juzu Bracelet","Self Forming Clay","Kunai","Black Star","Red Mask"],"acts_visited":["Exordium","TheCity"],"potions_floor_usage":[16,16],"damage_taken":[{"damage":5,"enemies":"Small Slimes","floor":1,"turns":6},{"damage":21,"enemies":"Lagavulin","floor":7,"turns":7},{"damage":5,"enemies":"Jaw Worm","floor":8,"turns":5},{"damage":22,"enemies":"3 Sentries","floor":10,"turns":6},{"damage":1,"enemies":"Cultist","floor":11,"turns":3},{"damage":11,"enemies":"3 Louse","floor":12,"turns":3},{"damage":12,"enemies":"Looter","floor":14,"turns":4},{"damage":32,"enemies":"Slime Boss","floor":16,"turns":9},{"damage":13,"enemies":"Chosen","floor":18,"turns":6},{"damage":56,"enemies":"Masked Bandits","floor":20,"turns":5},{"damage":16,"enemies":"2 Thieves","floor":21,"turns":2}],"seed_played":"6120798496782285664","potions_obtained":[{"floor":8,"key":"Swift Potion"},{"floor":10,"key":"GamblersBrew"},{"floor":16,"key":"CultistPotion"}],"is_trial":false,"path_per_floor":["M","?","?","$","T","R","E","M","T","E","M","M","R","M","R","B",null,"M","?","?","M"],"character_chosen":"IRONCLAD","items_purchased":["Spot Weakness","Headbutt"],"campfire_rested":0,"item_purchase_floors":[4,4],"current_hp_per_floor":[69,69,69,69,69,69,54,55,55,39,44,39,39,33,33,7,58,51,51,14,0,0],"gold":215,"neow_bonus":"HUNDRED_GOLD","is_daily":false,"chose_seed":false,"campfire_upgraded":3,"win_rate":0.0,"timestamp":1609546400,"path_taken":["M","?","?","$","?","R","E","M","T","E","M","M","R","M","R","BOSS","M","?","?","M"],"items_purchased_type":["Card","Card"],"build_version":"2020-12-22","purchased_purges":0,"victory":false,"max_hp_per_floor":[75,75,75,75,75,75,75,75,75,75,75,75,75,75,75,75,75,75,52,52,52,52],"card_choices":[{"not_picked":["Thunderclap","Flame Barrier"],"picked":"Sword Boomerang","floor":1},{"not_picked":["Intimidate","Juggernaut"],"picked":"Iron Wave","floor":7},{"not_picked":["Heavy Blade","Clothesline"],"picked":"Thunderclap","floor":8},{"not_picked":["Wild Strike","True Grit"],"picked":"Limit Break","floor":10},{"not_picked":["Thunderclap","Body Slam"],"picked":"Combust","floor":11},{"not_picked":["Warcry","Heavy Blade"],"picked":"Second Wind","floor":12},{"not_picked":["Metallicize","Havoc"],"picked":"Armaments","floor":14},{"not_picked":["Double Tap","Berserk"],"picked":"Exhume","floor":16},{"not_picked":["Pommel Strike","Infernal Blade","Perfected Strike"],"picked":"SKIP","floor":18}],"player_experience":1908668,"relics_obtained":[{"floor":5,"key":"Smiling Mask"},{"floor":7,"key":"Juzu Bracelet"},{"floor":9,"key":"Self Forming Clay"},{"floor":10,"key":"Kunai"},{"floor":20,"key":"Red Mask"}],"event_choices":[{"damage_healed":0,"gold_gain":0,"cards_transformed":["Strike_R"],"player_choice":"Change","damage_taken":0,"max_hp_gain":0,"max_hp_loss":0,"event_name":"Living Wall","floor":2,"gold_loss":0,"cards_obtained":["Disarm"]},{"cards_removed":["Defend_R"],"damage_healed":0,"gold_gain":0,"player_choice":"Card Removal","damage_taken":0,"max_hp_gain":0,"max_hp_loss":0,"event_name":"The Cleric","floor":3,"gold_loss":75},{"damage_healed":0,"gold_gain":0,"player_choice":"Became a vampire","damage_taken":0,"max_hp_gain":0,"max_hp_loss":23,"event_name":"Vampires","floor":19,"gold_loss":0,"cards_obtained":["Bite","Bite","Bite","Bite","Bite"]},{"damage_healed":0,"gold_gain":0,"player_choice":"Fought Bandits","damage_taken":0,"max_hp_gain":0,"max_hp_loss":0,"event_name":"Masked Bandits","floor":20,"gold_loss":0}],"is_beta":false,"boss_relics":[{"not_picked":["Runic Dome","Calling Bell"],"picked":"Black Star"}],"items_purged_floors":[],"is_endless":false,"potions_floor_spawned":[8,10,11,12,16],"killed_by":"2 Thieves","ascension_level":20}}