{"host":"v9ordiuf4xzdpttp","time":1609620156,"event":{"mods":["AchievementEnabler","Act Like it!","AlwaysNeverKeys","Aspiration","Bartender","BaseMod","Better Third Choice","Better Vampires","BetterRewards","Colored Map","Conspire","Downfall","Energized Spire","Gold Saver","GungeonMod","Halation","Hubris","Infinite Spire","Ironclad Rager","Jedi Mod","Marked Mod","Melee Mod","Minty Spire (QoL Compilation)","Pale of the Ancients","Remove Card Discount Mod","Replay The Spire","Robot Space Explorer","SOS???????","Shop Mod","Small Relic Pack","Somnambulant","Spicy Shops","StSLib","The Bladedancer","The Bug Knight","The Construct","The Death Knight","The Edgeheg","The Exalted","The Hayseed","The Runesmith","The Senshi","The Servant 0.9.4","The Wild Card","TheBandit","??????REMEMod"],"gold_per_floor":[198,178,193,206,206,206,63,82,105,133,133,147,147,158,158,255,255,271,271],"floor_reached":18,"playtime":788,"items_purged":["Defend_Bartender","Defend_Bartender"],"score":214,"play_id":"0b1d4303-9f6a-44ba-9706-dae03bb395a9","local_time":"20210102154236","is_ascension_mode":false,"campfire_choices":[{"data":"Glare","floor":6,"key":"SMITH"},{"floor":13,"key":"REST"},{"floor":15,"key":"REST"}],"circlet_count":0,"master_deck":["Strike_Bartender","Strike_Bartender","Strike_Bartender","Strike_Bartender","Defend_Bartender","Defend_Bartender","Somersault+1","Bitters","Glare+1","Collect","Sucker_Punch","Bitters","With_A_Twist","Elbow_Slash","Bouncer","Snap_Punch","Bitters","Momentum","Form_Shift"],"relics":["Sneakers","REME_ComplimentaryCards","aspiration:HiddenCompartment","aspiration:PoetsPen_weak","DemoMod:GlassGuonStoneRelic"],"acts_visited":["Exordium","TheCity"],"potions_floor_usage":[3,8,14,14],"damage_taken":[{"damage":11,"enemies":"Jaw Worm","floor":1,"turns":2},{"damage":0,"enemies":"Cultist","floor":3,"turns":2},{"damage":9,"enemies":"Small Slimes","floor":4,"turns":3},{"damage":4,"enemies":"Exordium Wildlife","floor":8,"turns":2},{"damage":15,"enemies":"Gremlin Nob","floor":10,"turns":3},{"damage":36,"enemies":"Large Slime","floor":12,"turns":4},{"damage":0,"enemies":"Looter","floor":14,"turns":1},{"damage":0,"enemies":"Slime Boss","floor":16,"turns":4},{"damage":21,"enemies":"Shell Parasite","floor":18,"turns":3}],"seed_played":"4380446917892662609","potions_obtained":[{"floor":2,"key":"Explosive Potion"},{"floor":3,"key":"Fruit Juice"},{"floor":4,"key":"champ:CounterPotion"},{"floor":12,"key":"Block Potion"},{"floor":16,"key":"PowerPotion"}],"is_trial":false,"path_per_floor":["M","?","M","M","?","R","$","M","T","E","?","M","R","M","R","B",null,"M"],"character_chosen":"BARTENDER","items_purchased":["Bitters","With_A_Twist","Elbow_Slash"],"campfire_rested":2,"item_purchase_floors":[7,7,7],"current_hp_per_floor":[59,59,64,55,60,60,60,56,56,41,41,5,29,29,53,53,80,59,59],"gold":271,"neow_bonus":"UPGRADE_CARD","is_daily":false,"chose_seed":false,"campfire_upgraded":1,"win_rate":0.0,"timestamp":1609620156,"path_taken":["M","?","M","?","?","R","$","M","T","E","?","M","R","?","R","BOSS","M"],"items_purchased_type":["Card","Card","Card"],"build_version":"2020-12-22","purchased_purges":2,"victory":false,"max_hp_per_floor":[70,70,75,75,80,80,80,80,80,80,80,80,80,80,80,80,80,80,80],"card_choices":[{"not_picked":["Blizzard_Spikes","With_A_Twist"],"picked":"Bitters","floor":1},{"not_picked":["Vortex","Rising_Crane"],"picked":"Glare","floor":3},{"not_picked":["Press_Forward","Ripple"],"picked":"Sucker_Punch","floor":4},{"not_picked":["Mirage","Meditate"],"picked":"Bouncer","floor":8},{"not_picked":["Step_Of_The_Wind","Ripple"],"picked":"Snap_Punch","floor":10},{"not_picked":["Torment","Elbow_Slash"],"picked":"Bitters","floor":12},{"not_picked":["Wall_of_Ice","Feint"],"picked":"Momentum","floor":14},{"not_picked":["Storage","High_Tide"],"picked":"Form_Shift","floor":16}],"player_experience":238173,"relics_obtained":[{"floor":10,"key":"aspiration:HiddenCompartment"}],"event_choices":[{"damage_healed":0,"gold_gain":0,"player_choice":"Bought 1 Potion","damage_taken":0,"max_hp_gain":0,"max_hp_loss":0,"event_name":"The Woman in Blue","floor":2,"gold_loss":0},{"damage_healed":0,"gold_gain":0,"player_choice":"Donut","damage_taken":0,"max_hp_gain":5,"max_hp_loss":0,"event_name":"Big Fish","floor":5,"gold_loss":0}],"is_beta":false,"boss_relics":[{"not_picked":["relicPack:KazumaCape","energizedSpire:StickyHand"],"picked":"aspiration:PoetsPen_weak"}],"items_purged_floors":[7,7],"is_endless":false,"potions_floor_spawned":[3,4,12,16],"killed_by":"Shell Parasite","ascension_level":0}}