{"host":"vti7ja5rr21myvc5","time":1609627291,"event":{"mods":["Abigail Mod","AchievementEnabler","BaseMod","Friendly Minions","GifTheSpireLib","Gold Saver","Koishi","Minty Spire (QoL Compilation)","Replay The Spire","StSLib","The Wild Card","Uncapped","noobMod"],"gold_per_floor":[1120,1133,788,806,806,806,837,837,837,872,889,889,915,656,656,759,809,827,516,516,516,536,536,546,566,593,593,593,628,646,646,646,748,748,766,420,394,494,505,540,540,540,540,567,617,617,628,648,648,648,648,648,372,402,402],"floor_reached":56,"playtime":4758,"items_purged":[],"score":1484,"play_id":"2c34eb16-8412-4990-bf78-5abe112c5e18","local_time":"20210102234131","is_ascension_mode":true,"campfire_choices":[{"data":"AbbyMod:PrayerOfFaith","floor":6,"key":"SMITH"},{"data":"AbbyMod:HolidayWishes","floor":8,"key":"SMITH"},{"data":"AbbyMod:SuperMuscular","floor":12,"key":"SMITH"},{"data":"AbbyMod:SuperMuscular","floor":23,"key":"SMITH"},{"floor":27,"key":"REST"},{"floor":32,"key":"RECALL"},{"data":"AbbyMod:SuperMuscular","floor":42,"key":"SMITH"},{"floor":46,"key":"REST"},{"floor":49,"key":"DIG"},{"data":"AbbyMod:SuperMuscular","floor":52,"key":"SMITH"}],"circlet_count":0,"master_deck":["AbbyMod:Ab_Strike+1","AbbyMod:Ab_Strike+1","AbbyMod:Ab_Strike+1","AbbyMod:Ab_Strike+1","AbbyMod:Ab_Defend","AbbyMod:Ab_Defend","AbbyMod:Ab_Defend","AbbyMod:FleetingSanity+1","AbbyMod:ForeheadBeam","AbbyMod:HolidayWishes+1","AbbyMod:PrayerOfFaith+1","AbbyMod:PapaProtection+1","AbbyMod:EyesOfMadness","AbbyMod:SuperMuscular+1","AbbyMod:Dabigail+1","AbbyMod:PowerGamer","AbbyMod:PowerGamer","AbbyMod:Dabigail+1","AbbyMod:SuperMuscular+1","AbbyMod:Ab_SwirlOfMadness","AbbyMod:PantyShot+1","AbbyMod:Dabigail+1","AbbyMod:LossOfSanity+1","AbbyMod:EyesOfMadness+1","AbbyMod:Ab_DarkestPact+1","AbbyMod:SuperMuscular+1","AbbyMod:PapaProtection+1","Enlightenment+1","AbbyMod:SuperMuscular+1","AbbyMod:DemonPancake+1","AbbyMod:LossOfSanity+1","AbbyMod:FarAwayFriend+1","AbbyMod:ImpossibleGeometry+1"],"relics":["AbbyMod:Salem_Diary","ice","NeowsBlessing","Bronze Scales","ClockworkSouvenir","Unceasing Top","Ornamental Fan","Odd Mushroom","Vajra","Tiny House","Membership Card","ReplayTheSpireMod:Lightbulb","Replay:Rubber Ducky","Toxic Egg 2","Replay:Bronze Core","AbbyMod:MetalizedInsanity","Guide Book","Replay:WaspNest","Ancient Tea Set","Replay:Bottled Eggs","Gremlin Food","AbbyMod:CosmoBattery","Centennial Puzzle","ReplayFunnel","Oddly Smooth Stone","TheAbacus","Whetstone"],"acts_visited":["Exordium","TheCity","TheBeyond","TheEnding"],"potions_floor_usage":[13,16,22,22,33,44,44,47],"damage_taken":[{"damage":0,"enemies":"2 Louse","floor":1,"turns":1},{"damage":0,"enemies":"Jaw Worm","floor":2,"turns":1},{"damage":0,"enemies":"Small Slimes","floor":4,"turns":1},{"damage":7,"enemies":"Lagavulin","floor":7,"turns":6},{"damage":0,"enemies":"3 Sentries","floor":10,"turns":6},{"damage":0,"enemies":"2 Fungi Beasts","floor":11,"turns":2},{"damage":4,"enemies":"The Mushroom Lair","floor":13,"turns":2},{"damage":4,"enemies":"Slime Boss","floor":16,"turns":10},{"damage":0,"enemies":"Spheric Guardian","floor":18,"turns":3},{"damage":25,"enemies":"2 Thieves","floor":22,"turns":4},{"damage":0,"enemies":"Centurion and Healer","floor":24,"turns":5},{"damage":21,"enemies":"Snake Plant","floor":25,"turns":4},{"damage":8,"enemies":"Book of Stabbing","floor":29,"turns":4},{"damage":0,"enemies":"Cultist and Chosen","floor":30,"turns":4},{"damage":0,"enemies":"Pondfish","floor":33,"turns":7},{"damage":13,"enemies":"3 Darklings","floor":35,"turns":4},{"damage":15,"enemies":"3 Shapes","floor":39,"turns":3},{"damage":0,"enemies":"R_Hoarder","floor":40,"turns":7},{"damage":15,"enemies":"Nemesis","floor":44,"turns":7},{"damage":0,"enemies":"Mind Bloom Boss Battle","floor":45,"turns":4},{"damage":0,"enemies":"Jaw Worm Horde","floor":47,"turns":2},{"damage":0,"enemies":"Sphere and 2 Shapes","floor":48,"turns":4},{"damage":0,"enemies":"Replay:Hell Engine","floor":50,"turns":6},{"damage":2,"enemies":"Shield and Spear","floor":54,"turns":4},{"damage":15,"enemies":"The Heart","floor":55,"turns":8}],"seed_played":"-154477404843151990","potions_obtained":[{"floor":1,"key":"DuplicationPotion"},{"floor":10,"key":"CultistPotion"},{"floor":11,"key":"PowerPotion"},{"floor":13,"key":"GamblersBrew"},{"floor":16,"key":"Adrenaline Potion"},{"floor":17,"key":"SkillPotion"},{"floor":22,"key":"FairyPotion"},{"floor":29,"key":"Fire Potion"},{"floor":35,"key":"Elixir"},{"floor":44,"key":"ColorlessPotion"},{"floor":54,"key":"SpeedPotion"}],"is_trial":false,"path_per_floor":["M","M","$","M","?","R","E","R","T","E","M","R","?","$","R","B",null,"M","$","?","?","M","R","M","M","T","R","?","E","M","?","R","B",null,"M","$","$","?","M","E","?","R","T","E","?","R","M","M","R","B",null,"R","$","E","B",null],"character_chosen":"Ab_Foreigner","items_purchased":["Bronze Scales","ClockworkSouvenir","AbbyMod:PowerGamer","Vajra","AbbyMod:SweetPancakes+1","AbbyMod:Dabigail","Membership Card","ReplayTheSpireMod:Lightbulb","AbbyMod:Dabigail","AbbyMod:SuperMuscular","AbbyMod:MetalizedInsanity","Guide Book","Replay:WaspNest","AbbyMod:SuperMuscular","AbbyMod:SweetPancakes+1","ReplayFunnel","Oddly Smooth Stone","TheAbacus","AbbyMod:LossOfSanity+1","AbbyMod:FarAwayFriend+1"],"campfire_rested":2,"item_purchase_floors":[3,3,3,14,14,14,19,19,19,19,36,36,36,36,37,53,53,53,53,53],"current_hp_per_floor":[60,60,60,60,65,65,62,62,62,62,62,62,58,58,69,81,90,90,90,72,77,52,52,52,31,31,59,90,82,82,82,82,82,95,82,82,82,82,67,83,83,83,83,68,68,101,101,101,101,101,111,111,111,109,94],"gold":402,"neow_bonus":"THREE_ENEMY_KILL","is_daily":false,"chose_seed":false,"campfire_upgraded":6,"win_rate":0.0,"timestamp":1609627291,"path_taken":["M","M","$","M","?","R","E","R","T","E","M","R","?","$","R","BOSS","M","$","?","?","?","R","M","M","T","R","?","E","M","?","R","BOSS","M","?","$","?","?","E","?","R","T","E","?","R","M","M","R","BOSS","R","$","E","BOSS"],"items_purchased_type":["Relic","Relic","Card","Relic","Card","Card","Relic","Relic","Card","Card","Relic","Relic","Relic","Card","Card","Relic","Relic","Relic","Card","Card"],"build_version":"2020-12-22","purchased_purges":0,"victory":true,"max_hp_per_floor":[60,60,60,60,65,65,69,69,69,69,69,69,69,69,69,85,90,90,90,95,95,95,95,95,95,95,95,95,95,95,95,95,95,95,95,95,95,95,95,111,111,111,111,111,111,111,111,111,111,111,111,111,111,111,111],"card_choices":[{"not_picked":["AbbyMod:Keyblade","AbbyMod:Takeuchi"],"picked":"AbbyMod:SweetPancakes","floor":1},{"not_picked":["AbbyMod:Ygna","AbbyMod:Memocide"],"picked":"AbbyMod:HolidayWishes","floor":2},{"not_picked":["AbbyMod:Memocide","AbbyMod:SavingThrow"],"picked":"AbbyMod:PrayerOfFaith","floor":4},{"not_picked":["AbbyMod:PowerGamer","AbbyMod:LargeTentacle"],"picked":"AbbyMod:PapaProtection","floor":7},{"not_picked":["AbbyMod:CloneArmy","AbbyMod:ChocoKey"],"picked":"AbbyMod:EyesOfMadness","floor":10},{"not_picked":["AbbyMod:DemonPancake","AbbyMod:TentacleSwarm"],"picked":"AbbyMod:SuperMuscular","floor":11},{"not_picked":["AbbyMod:StarRadiance","AbbyMod:WormHole"],"picked":"AbbyMod:SweetPancakes","floor":13},{"not_picked":["AbbyMod:Meteo","AbbyMod:SavingThrow"],"picked":"AbbyMod:PowerGamer","floor":17},{"not_picked":["AbbyMod:Memocide","AbbyMod:ChocoKey"],"picked":"AbbyMod:PowerGamer","floor":18},{"not_picked":["AbbyMod:FatalEntropy","AbbyMod:SilverKey"],"picked":"AbbyMod:Ab_SwirlOfMadness","floor":22},{"not_picked":["AbbyMod:ConsumeFlesh","AbbyMod:CloneArmy"],"picked":"AbbyMod:PantyShot","floor":24},{"not_picked":["AbbyMod:Keyblade","AbbyMod:WormHole+1"],"picked":"AbbyMod:Dabigail","floor":25},{"not_picked":["AbbyMod:Keyblade","AbbyMod:MeltBrain+1"],"picked":"AbbyMod:LossOfSanity+1","floor":29},{"not_picked":["AbbyMod:FatalEntropy+1","AbbyMod:SavingThrow+1"],"picked":"AbbyMod:EyesOfMadness+1","floor":30},{"not_picked":["AbbyMod:HeroCreationA+1","AbbyMod:Keyblade+1"],"picked":"AbbyMod:Ab_DarkestPact+1","floor":35},{"not_picked":["AbbyMod:AceInTheHole","AbbyMod:WitchTrial+1","AbbyMod:SanityCheck+1"],"picked":"SKIP","floor":39},{"not_picked":["AbbyMod:RecklessSlam","AbbyMod:TeddyBear+1"],"picked":"AbbyMod:PapaProtection+1","floor":40},{"not_picked":["Replay:BasicMightCard","ReplayTheSpireMod:Brewmster"],"picked":"Enlightenment+1","floor":41},{"not_picked":["AbbyMod:LifeSentence+1","AbbyMod:TentacleSwarm"],"picked":"AbbyMod:WorldStrongest+1","floor":44},{"not_picked":["AbbyMod:SavingThrow+1","AbbyMod:Kinoko+1"],"picked":"AbbyMod:SuperMuscular","floor":45},{"not_picked":["AbbyMod:ChocoKey+1","AbbyMod:PapaProtection+1"],"picked":"AbbyMod:DemonPancake+1","floor":47},{"not_picked":["AbbyMod:FatalEntropy+1","AbbyMod:Ygna+1","AbbyMod:Kuroboshi+1"],"picked":"SKIP","floor":48},{"not_picked":["AbbyMod:DemonPancake+1","AbbyMod:Ab_FiveStars"],"picked":"AbbyMod:ImpossibleGeometry+1","floor":54}],"player_experience":364347,"relics_obtained":[{"floor":7,"key":"Unceasing Top"},{"floor":10,"key":"Ornamental Fan"},{"floor":13,"key":"Odd Mushroom"},{"floor":26,"key":"Replay:Rubber Ducky"},{"floor":29,"key":"Toxic Egg 2"},{"floor":40,"key":"Ancient Tea Set"},{"floor":43,"key":"Replay:Bottled Eggs"},{"floor":44,"key":"Gremlin Food"},{"floor":45,"key":"AbbyMod:CosmoBattery"},{"floor":49,"key":"Centennial Puzzle"},{"floor":54,"key":"Whetstone"}],"event_choices":[{"damage_healed":0,"gold_gain":0,"player_choice":"Donut","damage_taken":0,"max_hp_gain":5,"max_hp_loss":0,"event_name":"Big Fish","floor":5,"gold_loss":0},{"damage_healed":0,"gold_gain":0,"player_choice":"Fought Mushrooms","damage_taken":0,"max_hp_gain":0,"max_hp_loss":0,"event_name":"Mushrooms","floor":13,"gold_loss":0},{"damage_healed":0,"gold_gain":0,"player_choice":"Shed Blood","damage_taken":23,"max_hp_gain":5,"max_hp_loss":0,"event_name":"Forgotten Altar","floor":20,"gold_loss":0},{"cards_removed":["AbbyMod:PowerGamer"],"damage_healed":5,"gold_gain":0,"player_choice":"Offered Common","damage_taken":0,"max_hp_gain":0,"max_hp_loss":0,"event_name":"Bonfire Elementals","floor":21,"gold_loss":0},{"cards_removed":["AbbyMod:PowerGamer"],"damage_healed":5,"gold_gain":0,"player_choice":"Offered Special","damage_taken":0,"max_hp_gain":0,"max_hp_loss":0,"event_name":"Bonfire Elementals","floor":21,"gold_loss":0},{"damage_healed":31,"gold_gain":0,"player_choice":"Heal","damage_taken":0,"max_hp_gain":0,"max_hp_loss":0,"event_name":"The Library","floor":28,"gold_loss":0},{"damage_healed":0,"gold_gain":0,"player_choice":"Forge","damage_taken":0,"max_hp_gain":0,"max_hp_loss":0,"event_name":"Accursed Blacksmith","floor":31,"gold_loss":0,"cards_upgraded":["AbbyMod:FleetingSanity"]},{"damage_healed":0,"gold_gain":100,"player_choice":"Pray","damage_taken":0,"max_hp_gain":0,"max_hp_loss":0,"event_name":"Golden Shrine","floor":38,"gold_loss":0},{"damage_healed":0,"gold_gain":0,"player_choice":"Memory 1","damage_taken":0,"max_hp_gain":0,"max_hp_loss":0,"event_name":"SensoryStone","floor":41,"gold_loss":0},{"damage_healed":0,"gold_gain":0,"player_choice":"Fight","damage_taken":0,"max_hp_gain":0,"max_hp_loss":0,"event_name":"MindBloom","floor":45,"gold_loss":0}],"is_beta":false,"boss_relics":[{"not_picked":["Kintsugi","Snecko Eye"],"picked":"Tiny House"},{"not_picked":["Replay:Ancient Bell","Fusion Hammer"],"picked":"Replay:Bronze Core"}],"items_purged_floors":[],"is_endless":false,"potions_floor_spawned":[1,10,11,13,16,18,22,29,35,40,44,54],"ascension_level":1}}