{"host":"idhn3x725u206pbu","time":1609557414,"event":{"mods":["AchievementEnabler","BaseMod","Bestiary","Better Altar","Better Match","Better Note","Better Sensory Stone","Better Skull","Better Third Choice","BetterRewards","Colored Map","Energized Spire","Hubris","Infinite Spire","Minty Spire (QoL Compilation)","Permanent Neow","Quick Restart","Relic Stats","Replay The Spire","Spicy Shops","StSLib","The Jungle","UnlockEverythingMod","¡¾ÒÅÎï¿¨ÅÆ¡¿REMEMod"],"gold_per_floor":[118,118,118,129,148,209,227,227,254,269,288,288,288,314,314,314,314],"floor_reached":16,"playtime":910,"items_purged":[],"score":137,"play_id":"cc1be628-f7a0-47ed-b032-8c8cf458c78d","local_time":"20210102111654","is_ascension_mode":false,"campfire_choices":[{"floor":12,"key":"REST"}],"circlet_count":0,"master_deck":["Strike_R","Strike_R","Strike_R","Strike_R","Strike_R","Defend_R","Defend_R","Defend_R","Defend_R","Twin Strike","Rampage+1","Run Through+1","Reaper","Cleave","Headbutt","Eruption","Uppercut","FIFO Queue+1"],"relics":["REME_ComplimentaryCards","NeowsBlessing","Blue Doll","hubris:EvacipatedBox","Replay:M_SmolderingBlood","Pen Nib","Replay:Rubber Ducky"],"acts_visited":["Exordium"],"potions_floor_usage":[6,14],"damage_taken":[{"damage":0,"enemies":"Cultist","floor":1,"turns":1},{"damage":0,"enemies":"2 Louse","floor":4,"turns":1},{"damage":0,"enemies":"Small Slimes","floor":5,"turns":1},{"damage":47,"enemies":"3 Sentries","floor":6,"turns":11},{"damage":27,"enemies":"Looter","floor":7,"turns":4},{"damage":0,"enemies":"3 Louse","floor":10,"turns":3},{"damage":6,"enemies":"Red Slaver","floor":11,"turns":3},{"damage":12,"enemies":"Lagavulin","floor":14,"turns":3},{"damage":10,"enemies":"Slime Boss","floor":16,"turns":5}],"seed_played":"-4522032508982779225","potions_obtained":[{"floor":5,"key":"REME_GoldPotion"},{"floor":6,"key":"FearPotion"},{"floor":11,"key":"Death Potion"},{"floor":14,"key":"Doom Potion"}],"is_trial":false,"path_per_floor":["M","$","?","M","M","E","M","?","T","M","M","R","?","E","R_BF","B"],"character_chosen":"IRONCLAD","items_purchased":["Blue Doll","hubris:EvacipatedBox"],"campfire_rested":1,"item_purchase_floors":[2,2],"current_hp_per_floor":[80,51,51,57,63,30,13,13,13,15,9,33,19,15,39,37,37],"gold":314,"neow_bonus":"THREE_ENEMY_KILL","is_daily":false,"chose_seed":false,"campfire_upgraded":0,"win_rate":0.0,"timestamp":1609557414,"path_taken":["M","?","?","M","?","E","M","?","T","M","M","R","?","E","R_BF","BOSS"],"items_purchased_type":["Relic","Relic"],"build_version":"2020-12-22","purchased_purges":0,"victory":false,"max_hp_per_floor":[80,80,80,80,80,80,80,80,80,80,80,80,80,80,80,80,80],"relic_stats":{"counters":[9,32],"Pen Nib":[2],"obtain_stats":[{"NeowsBlessing":0,"Replay:M_SmolderingBlood":8,"Blue Doll":2,"Pen Nib":9,"Burning Blood":0,"hubris:EvacipatedBox":2,"REME_ComplimentaryCards":0,"Replay:Rubber Ducky":14},{"NeowsBlessing":0,"Replay:M_SmolderingBlood":5,"Blue Doll":1,"Pen Nib":5,"Burning Blood":0,"hubris:EvacipatedBox":1,"REME_ComplimentaryCards":0,"Replay:Rubber Ducky":8},{"NeowsBlessing":0,"Replay:M_SmolderingBlood":18,"Blue Doll":1,"Pen Nib":18,"Burning Blood":0,"hubris:EvacipatedBox":1,"REME_ComplimentaryCards":0,"Replay:Rubber Ducky":27}]},"card_choices":[{"not_picked":["Heavy Blade","Perfected Strike"],"picked":"Twin Strike","floor":1},{"not_picked":["Wild Strike","Searing Blow"],"picked":"Run Through","floor":4},{"not_picked":["Armaments","hubris:SharpeningStone"],"picked":"Reaper","floor":5},{"not_picked":["Run Through","REME_Fury"],"picked":"Cleave","floor":6},{"not_picked":["Clash","Havoc"],"picked":"Headbutt","floor":7},{"not_picked":["ForeignInfluence","True Grit"],"picked":"Uppercut","floor":10},{"not_picked":["Body Slam","Feel No Pain","Metallicize"],"picked":"SKIP","floor":11},{"not_picked":["Uppercut","Crescendo","REME_TheLastStrike"],"picked":"SKIP","floor":14}],"player_experience":93558,"relics_obtained":[{"floor":9,"key":"Pen Nib"},{"floor":14,"key":"Replay:Rubber Ducky"}],"event_choices":[{"damage_healed":0,"gold_gain":1,"player_choice":"4","damage_taken":0,"max_hp_gain":0,"max_hp_loss":0,"event_name":"betterStone:BetterStone","floor":3,"gold_loss":0,"cards_obtained":["Rampage"]},{"damage_healed":0,"gold_gain":0,"player_choice":"Card ","damage_taken":14,"max_hp_gain":0,"max_hp_loss":0,"event_name":"betterThird:BetterScrap","floor":13,"gold_loss":0,"cards_obtained":["FIFO Queue"]}],"is_beta":false,"boss_relics":[],"items_purged_floors":[],"is_endless":false,"potions_floor_spawned":[5,6,11,14],"killed_by":"Slime Boss","ascension_level":0}}