{"host":"i4eavuqabbk5mi94","time":1609608725,"event":{"mods":["BaseMod","Googly Eyes","Minty Spire (QoL Compilation)"],"gold_per_floor":[111,130,156,156,176,205,222,256,256,272,119,198,208,208,208,336,336,351,351,36,75,23,23,23],"floor_reached":23,"playtime":1730,"items_purged":["Strike_R"],"score":249,"play_id":"b4fcb60c-816a-4d6d-a00e-dd532ebe4ad4","local_time":"20210102173205","is_ascension_mode":true,"campfire_choices":[{"floor":15,"key":"REST"}],"circlet_count":0,"master_deck":["Strike_R","Strike_R","Strike_R","Defend_R","Defend_R","Defend_R","Defend_R","Bash","Brutality","Bloodletting","Cleave","Heavy Blade","Hemokinesis","Flex","Metallicize","Rampage","Injury","Shrug It Off","Double Tap","Intimidate","Combust","Armaments"],"relics":["Burning Blood","Vajra","Bird Faced Urn","Centennial Puzzle","Dream Catcher","Golden Idol","Sozu","Mummified Hand","Red Mask"],"acts_visited":["Exordium","TheCity"],"potions_floor_usage":[6,6,8,16],"damage_taken":[{"damage":8,"enemies":"Cultist","floor":1,"turns":3},{"damage":7,"enemies":"2 Louse","floor":2,"turns":3},{"damage":6,"enemies":"Small Slimes","floor":5,"turns":5},{"damage":23,"enemies":"3 Sentries","floor":6,"turns":6},{"damage":15,"enemies":"Blue Slaver","floor":7,"turns":4},{"damage":32,"enemies":"Gremlin Nob","floor":8,"turns":4},{"damage":2,"enemies":"3 Louse","floor":10,"turns":2},{"damage":20,"enemies":"Exordium Wildlife","floor":13,"turns":5},{"damage":42,"enemies":"The Guardian","floor":16,"turns":10},{"damage":20,"enemies":"Shell Parasite","floor":18,"turns":4},{"damage":31,"enemies":"Masked Bandits","floor":21,"turns":4},{"damage":37,"enemies":"Book of Stabbing","floor":23,"turns":5}],"seed_played":"3933690979186786281","potions_obtained":[{"floor":2,"key":"Fire Potion"},{"floor":5,"key":"Explosive Potion"},{"floor":7,"key":"AttackPotion"},{"floor":8,"key":"FearPotion"}],"is_trial":false,"path_per_floor":["M","M","T","?","M","E","M","E","T","M","$","?","M","?","R","B",null,"M","?","$","?","$","E"],"character_chosen":"IRONCLAD","items_purchased":["Metallicize","Combust","Mummified Hand","Armaments"],"campfire_rested":1,"item_purchase_floors":[11,20,20,22],"current_hp_per_floor":[78,77,77,77,77,60,53,27,27,31,31,31,21,21,45,13,63,53,53,53,30,30,0,0],"gold":23,"neow_bonus":"ONE_RANDOM_RARE_CARD","is_daily":false,"chose_seed":false,"campfire_upgraded":0,"win_rate":0.0,"timestamp":1609608725,"path_taken":["M","M","?","?","M","E","?","E","T","?","$","?","M","?","R","BOSS","M","?","$","?","?","E"],"items_purchased_type":["Card","Card","Relic","Card"],"build_version":"2020-12-22","purchased_purges":1,"victory":false,"max_hp_per_floor":[80,80,80,80,80,80,80,80,80,80,80,80,80,80,80,80,80,80,80,80,80,80,80,80],"card_choices":[{"not_picked":["Havoc","Dual Wield","Sentinel"],"picked":"SKIP","floor":1},{"not_picked":["Headbutt","Second Wind"],"picked":"Bloodletting","floor":2},{"not_picked":["Thunderclap","True Grit"],"picked":"Cleave","floor":5},{"not_picked":["Perfected Strike","Feel No Pain"],"picked":"Heavy Blade","floor":6},{"not_picked":["Pommel Strike","Carnage"],"picked":"Hemokinesis","floor":7},{"not_picked":["Headbutt","Second Wind"],"picked":"Flex","floor":8},{"not_picked":["Heavy Blade","Infernal Blade","Thunderclap"],"picked":"SKIP","floor":10},{"not_picked":["Warcry","Pommel Strike"],"picked":"Rampage","floor":13},{"not_picked":["Iron Wave","Pommel Strike"],"picked":"Shrug It Off","floor":15},{"not_picked":["Corruption","Juggernaut"],"picked":"Double Tap","floor":16},{"not_picked":["Shrug It Off","Sword Boomerang"],"picked":"Intimidate","floor":18}],"player_experience":368453,"relics_obtained":[{"floor":3,"key":"Vajra"},{"floor":6,"key":"Bird Faced Urn"},{"floor":8,"key":"Centennial Puzzle"},{"floor":9,"key":"Dream Catcher"},{"floor":21,"key":"Red Mask"}],"event_choices":[{"cards_removed":["Strike_R"],"damage_healed":0,"gold_gain":0,"player_choice":"Purged","damage_taken":0,"max_hp_gain":0,"max_hp_loss":0,"event_name":"Purifier","floor":4,"gold_loss":0},{"damage_healed":0,"gold_gain":79,"player_choice":"Gained Gold","damage_taken":0,"max_hp_gain":0,"max_hp_loss":0,"event_name":"Golden Wing","floor":12,"gold_loss":0},{"damage_healed":0,"gold_gain":0,"player_choice":"Take Wound","damage_taken":0,"relics_obtained":["Golden Idol"],"max_hp_gain":0,"max_hp_loss":0,"event_name":"Golden Idol","floor":14,"gold_loss":0,"cards_obtained":["Injury"]},{"damage_healed":0,"gold_gain":0,"player_choice":"Ignored","damage_taken":0,"max_hp_gain":0,"max_hp_loss":0,"event_name":"Ghosts","floor":19,"gold_loss":0},{"damage_healed":0,"gold_gain":0,"player_choice":"Fought Bandits","damage_taken":0,"max_hp_gain":0,"max_hp_loss":0,"event_name":"Masked Bandits","floor":21,"gold_loss":0}],"is_beta":false,"boss_relics":[{"not_picked":["Mark of Pain","Astrolabe"],"picked":"Sozu"}],"items_purged_floors":[11],"is_endless":false,"potions_floor_spawned":[2,5,7,8,18],"killed_by":"Book of Stabbing","ascension_level":5}}