{"host":"pi8b3ffzwvxqztac","time":1609563751,"event":{"mods":["BaseMod","Colored Map","Downfall","Minty Spire (QoL Compilation)","StSLib"],"gold_per_floor":[99,116,116,216,231,249,274,124,124,124,137,137,157,157,177,252,252,252,266,266,266,276,302,326,177,190,201,201,201,201,26,38,110,110,110,121,134,148,167,352,352,352,277,296,309,325,325,356,281,281,281,307,113,113,113],"floor_reached":56,"playtime":4122,"items_purged":["Parasite"],"score":2182,"play_id":"b019f5e8-47fe-4a23-9d6a-623fb9d673f3","local_time":"20210102180231","is_ascension_mode":true,"campfire_choices":[{"floor":1.0,"key":"RECALL"},{"data":"Guardian:StasisEngine","floor":8.0,"key":"SMITH"},{"data":"Guardian:CurlUp","floor":10.0,"key":"SMITH"},{"floor":12.0,"key":"REST"},{"data":"Guardian:Harden","floor":18.0,"key":"SMITH"},{"data":"Guardian:FloatingOrbs","floor":28,"key":"SMITH"},{"floor":30,"key":"REST"},{"data":"Guardian:PiercingHide","floor":35,"key":"SMITH"},{"data":"Guardian:Orbwalk","floor":42,"key":"SMITH"},{"floor":49,"key":"REST"},{"data":"expansioncontent:Chronoboost","floor":54,"key":"SMITH"}],"circlet_count":0,"master_deck":["AscendersBane","Guardian:Strike_Guardian+1","Guardian:Strike_Guardian+1","Guardian:Strike_Guardian+1","Guardian:Defend_Guardian+1","Guardian:Defend_Guardian","Guardian:Defend_Guardian","Guardian:CurlUp+1","Guardian:TwinSlam+1","Guardian:StasisEngine+1","Guardian:EvasiveProtocol","Guardian:Harden+1","Guardian:PiercingHide+1","Guardian:FloatingOrbs+1","Guardian:Reroute+1","Guardian:FuturePlans","Guardian:VentSteam","Guardian:Planning","Guardian:ExploitGems","Guardian:BronzeArmor","Guardian:ExploitGems","expansioncontent:Chronoboost+1","Guardian:Orbwalk+1"],"relics":["Guardian:ModeShifterPlus","downfall:HeartBlessingBlue","downfall:HeartBlessingRed","Peace Pipe","Whetstone","Lantern","Empty Cage","Mercury Hourglass","Regal Pillow","downfall:HeartBlessingGreen","Happy Flower","Oddly Smooth Stone"],"acts_visited":["Exordium","TheCity","TheBeyond","TheEnding"],"potions_floor_usage":[23,33,36,38,48,50],"damage_taken":[{"damage":7.0,"enemies":"2 Louse","floor":2.0,"turns":3.0},{"damage":12.0,"enemies":"Small Slimes","floor":5.0,"turns":6.0},{"damage":8.0,"enemies":"Jaw Worm","floor":6.0,"turns":4.0},{"damage":11.0,"enemies":"3 Louse","floor":11.0,"turns":2.0},{"damage":1.0,"enemies":"Lots of Slimes","floor":13.0,"turns":4.0},{"damage":1.0,"enemies":"2 Fungi Beasts","floor":15.0,"turns":3.0},{"damage":5.0,"enemies":"downfall:Watcher","floor":16.0,"turns":10.0},{"damage":0.0,"enemies":"Spheric Guardian","floor":19.0,"turns":5.0},{"damage":0.0,"enemies":"Shell Parasite","floor":22.0,"turns":6.0},{"damage":14,"enemies":"Gremlin Leader","floor":23,"turns":7},{"damage":0,"enemies":"downfall:FleeingMerchant","floor":25,"turns":4},{"damage":7,"enemies":"Centurion and Healer","floor":26,"turns":6},{"damage":0,"enemies":"Sentry and Sphere","floor":27,"turns":6},{"damage":2,"enemies":"downfall:FleeingMerchant","floor":31,"turns":4},{"damage":0,"enemies":"Snake Plant","floor":32,"turns":3},{"damage":0,"enemies":"downfall:Silent","floor":33,"turns":6},{"damage":5,"enemies":"3 Darklings","floor":36,"turns":4},{"damage":1,"enemies":"Orb Walker","floor":37,"turns":4},{"damage":0,"enemies":"Maw","floor":38,"turns":5},{"damage":0,"enemies":"Writhing Mass","floor":39,"turns":6},{"damage":2,"enemies":"downfall:FleeingMerchant","floor":40,"turns":4},{"damage":9,"enemies":"Transient","floor":44,"turns":6},{"damage":0,"enemies":"Maw","floor":45,"turns":5},{"damage":8,"enemies":"3 Darklings","floor":46,"turns":5},{"damage":52,"enemies":"Nemesis","floor":48,"turns":7},{"damage":3,"enemies":"downfall:Ironclad","floor":50,"turns":9},{"damage":0,"enemies":"downfall:CharBossMerchant","floor":52,"turns":6},{"damage":26,"enemies":"downfall:NeowBoss","floor":55,"turns":15}],"seed_played":"-5312685363150950016","potions_obtained":[{"floor":2.0,"key":"BlessingOfTheForge"},{"floor":11.0,"key":"Ancient Potion"},{"floor":15.0,"key":"CultistPotion"},{"floor":22.0,"key":"Swift Potion"},{"floor":26,"key":"hexamod:EctoCoolerPotion"},{"floor":33,"key":"DistilledChaos"},{"floor":36,"key":"FearPotion"},{"floor":39,"key":"FairyPotion"},{"floor":45,"key":"GamblersBrew"},{"floor":48,"key":"AttackPotion"}],"is_trial":false,"path_per_floor":["R","M","?","?","M","M","T","R","?","R","M","R","M","?","M","B",null,"R","M","?","?","M","E","T","$","M","M","R","?","R","$","M","B",null,"R","M","M","M","M","$","T","R","$","M","M","M","?","E","R","B",null,"E","$","R","B",null],"character_chosen":"GUARDIAN","items_purchased":["Guardian:FuturePlans","Guardian:Gem_Fragmented","Lantern","expansioncontent:Chronoboost","Guardian:Orbwalk","Oddly Smooth Stone","Guardian:Gem_Lightblue"],"campfire_rested":3,"item_purchase_floors":[25,25,31,40,40,53,53],"current_hp_per_floor":[65,58,58,58,46,38,38,48,48,48,37,61,60,60,59,54,75,75,75,75,75,75,61,61,61,54,54,54,54,78,76,76,76,81,81,76,75,75,75,73,73,73,73,64,64,56,56,4,42,39,69,69,69,69,43],"gold":113,"neow_bonus":"ONE_RANDOM_RARE_CARD","is_daily":false,"chose_seed":false,"campfire_upgraded":7,"win_rate":0.0,"timestamp":1609563751,"path_taken":["R","M","?","?","M","M","T","R","?","R","M","R","M","?","M","BOSS","R","M","?","?","M","E","T","$","M","M","R","?","R","$","M","BOSS","R","M","?","M","M","$","T","R","$","M","?","M","?","E","R","BOSS","E","$","R","BOSS"],"items_purchased_type":["Card","Card","Relic","Card","Card","Relic","Card"],"build_version":"2020-12-22","purchased_purges":1,"victory":true,"max_hp_per_floor":[72,72,72,72,72,72,72,82,82,82,82,82,82,82,82,82,82,82,82,82,82,82,82,82,82,82,82,82,82,82,82,82,82,82,82,82,82,82,82,82,82,82,79,79,79,79,79,79,79,79,79,79,79,79,79],"card_choices":[{"not_picked":["Guardian:EvasiveProtocol","Guardian:ChargeUp"],"picked":"Guardian:Gem_Cyan","floor":2.0},{"not_picked":["Guardian:RefractedBeam","Guardian:Gem_White"],"picked":"Guardian:Gem_Fragmented","floor":5.0},{"not_picked":["Guardian:Reroute","Guardian:Gem_Green"],"picked":"Guardian:EvasiveProtocol","floor":6.0},{"not_picked":["Guardian:Incinerate","Guardian:Orbwalk"],"picked":"Guardian:Gem_Cyan","floor":11.0},{"not_picked":["Guardian:Gem_Green","Guardian:Reroute"],"picked":"Guardian:Harden","floor":13.0},{"not_picked":["Guardian:RollAttack","Guardian:Gem_Lightblue","Guardian:Clone"],"picked":"SKIP","floor":15.0},{"not_picked":["Guardian:FastForward","Guardian:ExploitGems"],"picked":"Guardian:Gem_Synthetic","floor":16.0},{"not_picked":["Guardian:VentSteam+1","Guardian:Gem_Green"],"picked":"Guardian:Gem_White","floor":19.0},{"not_picked":["Guardian:Gem_Red","Guardian:Gem_Cyan"],"picked":"Guardian:FloatingOrbs","floor":22.0},{"not_picked":["Guardian:Gem_Yellow","Guardian:Gem_Red"],"picked":"Guardian:Reroute","floor":23},{"not_picked":["Guardian:ShieldCharger+1","Guardian:Gem_Red","Guardian:CrystalBeam"],"picked":"SKIP","floor":25},{"not_picked":["Guardian:RefractedBeam","Guardian:BronzeArmor"],"picked":"Guardian:VentSteam","floor":26},{"not_picked":["Guardian:Gem_Lightblue","Guardian:DonusPower"],"picked":"Guardian:Planning","floor":27},{"not_picked":["Guardian:ShieldCharger+1","Guardian:VentSteam"],"picked":"Guardian:ExploitGems","floor":31},{"not_picked":["Guardian:Incinerate","Guardian:Recover","Guardian:WalkerClaw"],"picked":"SKIP","floor":32},{"not_picked":["Guardian:VentSteam","Guardian:TemporalStrike"],"picked":"Guardian:Gem_Crimson","floor":36},{"not_picked":["Guardian:ArmoredProtocol+1","Guardian:MultiBeam"],"picked":"Guardian:BronzeArmor","floor":37},{"not_picked":["Guardian:ChargeCore","Guardian:RollAttack"],"picked":"Guardian:Gem_Blue","floor":38},{"not_picked":["Guardian:VentSteam","Guardian:Gem_Lightblue"],"picked":"Guardian:ExploitGems","floor":39},{"not_picked":["Guardian:FuturePlans","Guardian:RollAttack","Guardian:Suspension"],"picked":"SKIP","floor":40},{"not_picked":["Guardian:Recover","Guardian:ArmoredProtocol","Guardian:Reroute+1"],"picked":"SKIP","floor":44},{"not_picked":["Guardian:FuturePlans","Guardian:PrimingBeam","Guardian:CrystalBeam+1"],"picked":"SKIP","floor":45},{"not_picked":["Guardian:CrystalBeam","Guardian:PrismaticBeam","Guardian:TemporalStrike"],"picked":"SKIP","floor":46},{"not_picked":["Guardian:GuardianWhirl","Guardian:Reroute"],"picked":"Guardian:Gem_White","floor":48},{"not_picked":["Guardian:WalkerClaw","Guardian:ShieldCharger","Guardian:Clone+1"],"picked":"SKIP","floor":52}],"player_experience":462952,"relics_obtained":[{"floor":23,"key":"Peace Pipe"},{"floor":24,"key":"Whetstone"},{"floor":41,"key":"Mercury Hourglass"},{"floor":48,"key":"Regal Pillow"},{"floor":52,"key":"Happy Flower"}],"event_choices":[{"damage_healed":0.0,"max_hp_gain":0.0,"max_hp_loss":0.0,"gold_gain":0.0,"event_name":"Living Wall","player_choice":"Grow","floor":9.0,"gold_loss":0.0,"damage_taken":0.0,"cards_upgraded":["Guardian:TwinSlam"]},{"cards_removed":["Regret"],"damage_healed":0.0,"max_hp_gain":0.0,"max_hp_loss":0.0,"gold_gain":0.0,"event_name":"The Cleric","player_choice":"Card Removal","floor":14.0,"gold_loss":0.0,"damage_taken":0.0},{"damage_healed":0.0,"max_hp_gain":0.0,"max_hp_loss":0.0,"gold_gain":0.0,"event_name":"The Library","player_choice":"Read","floor":20.0,"gold_loss":0.0,"damage_taken":0.0,"cards_obtained":["Guardian:PiercingHide"]},{"damage_healed":0,"gold_gain":0,"player_choice":"Ignored","damage_taken":0,"max_hp_gain":0,"max_hp_loss":0,"event_name":"Mysterious Sphere","floor":47,"gold_loss":0}],"is_beta":false,"boss_relics":[{"not_picked":["Sozu","Calling Bell"],"picked":"Guardian:ModeShifterPlus"},{"not_picked":["Coffee Dripper","Runic Dome"],"picked":"Empty Cage"}],"items_purged_floors":[43],"is_endless":false,"potions_floor_spawned":[2,11,15,22,26,33,36,39,44,45,48],"ascension_level":20}}