{"host":"os7ajuuouznx3pj7","time":1609602435,"event":{"mods":["AchievementEnabler","BaseMod","Bestiary","Block Reminder","Colored Map","Colored Powertips","Keyboard Shortcuts","Minty Spire (QoL Compilation)","Quick Restart","Relic Stats","SuperFastMode"],"gold_per_floor":[117,192,210,210,282,282,302,302,381,381,395,426,451,497,509,521,521],"floor_reached":16,"playtime":1580,"items_purged":[],"score":220,"play_id":"b8e8da31-70d5-4d2f-b147-7678f92ff001","local_time":"20210102134715","is_ascension_mode":true,"campfire_choices":[{"data":"Carnage","floor":6.0,"key":"SMITH"},{"data":"Wild Strike","floor":8.0,"key":"SMITH"},{"data":"Whirlwind","floor":10.0,"key":"SMITH"},{"data":"Sentinel","floor":15.0,"key":"SMITH"}],"circlet_count":0,"master_deck":["AscendersBane","Strike_R","Strike_R","Strike_R","Strike_R","Strike_R","Defend_R","Defend_R","Defend_R","Defend_R","Bash","Whirlwind+1","Carnage+1","Wild Strike+1","Burning Pact","Impervious","Ghostly Armor","Sentinel+1"],"relics":["Burning Blood","Dead Branch","Question Card","MawBank","Bronze Scales"],"acts_visited":["Exordium"],"potions_floor_usage":[],"damage_taken":[{"damage":12.0,"enemies":"Jaw Worm","floor":1.0,"turns":3.0},{"damage":8.0,"enemies":"2 Louse","floor":3.0,"turns":2.0},{"damage":3.0,"enemies":"Small Slimes","floor":7.0,"turns":3.0},{"damage":8.0,"enemies":"Blue Slaver","floor":11.0,"turns":2.0},{"damage":27.0,"enemies":"Gremlin Nob","floor":12.0,"turns":4.0},{"damage":5.0,"enemies":"Gremlin Gang","floor":13.0,"turns":3.0},{"damage":15.0,"enemies":"Lagavulin","floor":14.0,"turns":7.0},{"damage":24,"enemies":"Hexaghost","floor":16,"turns":7}],"seed_played":"-1746211337148713446","potions_obtained":[{"floor":3.0,"key":"Weak Potion"},{"floor":7.0,"key":"SpeedPotion"},{"floor":12.0,"key":"Ancient Potion"}],"is_trial":false,"path_per_floor":["M","?","M","?","?","R","M","R","T","R","M","E","M","E","R","B"],"character_chosen":"IRONCLAD","items_purchased":[],"campfire_rested":0,"item_purchase_floors":[],"current_hp_per_floor":[62,51,49,49,49,49,52,52,52,52,50,29,30,21,21,0,0],"gold":521,"neow_bonus":"ONE_RARE_RELIC","is_daily":false,"chose_seed":false,"campfire_upgraded":4,"win_rate":0.0,"timestamp":1609602435,"path_taken":["M","?","M","?","?","R","M","R","T","R","M","E","M","E","R","BOSS"],"items_purchased_type":[],"build_version":"2020-12-22","purchased_purges":0,"victory":false,"max_hp_per_floor":[68,68,68,68,68,68,68,68,68,68,68,68,68,68,68,68,68],"relic_stats":{"counters":[8,31],"Dead Branch":[15],"Bronze Scales":[33],"Question Card":4,"MawBank":48,"obtain_stats":[{"Dead Branch":0,"Bronze Scales":14,"Question Card":9,"MawBank":12,"Burning Blood":0},{"Dead Branch":0,"Bronze Scales":7,"Question Card":3,"MawBank":5,"Burning Blood":0},{"Dead Branch":0,"Bronze Scales":24,"Question Card":8,"MawBank":14,"Burning Blood":0}],"Burning Blood":42},"card_choices":[{"not_picked":["Anger","Pommel Strike"],"picked":"Whirlwind","floor":1.0},{"not_picked":["Clash","Havoc"],"picked":"Carnage","floor":3.0},{"not_picked":["Sword Boomerang","Metallicize"],"picked":"Wild Strike","floor":7.0},{"not_picked":["Headbutt","Searing Blow","Evolve"],"picked":"Burning Pact","floor":11.0},{"not_picked":["Shockwave","Clothesline","Intimidate"],"picked":"Impervious","floor":12.0},{"not_picked":["Searing Blow","Twin Strike","Pummel"],"picked":"Ghostly Armor","floor":13.0},{"not_picked":["Dropkick","Body Slam","Power Through"],"picked":"Sentinel","floor":14.0}],"player_experience":745328,"relics_obtained":[{"floor":9.0,"key":"Question Card"},{"floor":12.0,"key":"MawBank"},{"floor":14.0,"key":"Bronze Scales"}],"event_choices":[{"damage_healed":0.0,"max_hp_gain":0.0,"max_hp_loss":0.0,"gold_gain":75.0,"event_name":"World of Goop","player_choice":"Gather Gold","floor":2.0,"gold_loss":0.0,"damage_taken":11.0},{"damage_healed":0.0,"max_hp_gain":0.0,"max_hp_loss":0.0,"gold_gain":0.0,"event_name":"Scrap Ooze","player_choice":"Fled","floor":4.0,"gold_loss":0.0,"damage_taken":0.0},{"damage_healed":0.0,"max_hp_gain":0.0,"max_hp_loss":0.0,"gold_gain":72.0,"event_name":"Golden Wing","player_choice":"Gained Gold","floor":5.0,"gold_loss":0.0,"damage_taken":0.0}],"is_beta":false,"boss_relics":[],"items_purged_floors":[],"is_endless":false,"potions_floor_spawned":[3,7,12],"killed_by":"Hexaghost","ascension_level":20}}