{"host":"w9yruvs4bqht6bhw","time":1609609115,"event":{"mods":["BaseMod","Colored Powertips","Minty Spire (QoL Compilation)"],"gold_per_floor":[111,35,49,66,81,115,135,170,170,201,214,289,310,327,327,427,427,447,461,287,287,287,287,304,304,304,320,22,0,17,27,27,27,27],"floor_reached":33,"playtime":1321,"items_purged":["Defend_R","Bash"],"score":416,"play_id":"6fe79f9d-1498-46b3-a6c1-a2b6e8e857b0","local_time":"20210102123835","is_ascension_mode":true,"campfire_choices":[{"data":"Anger","floor":15,"key":"SMITH"},{"data":"Rage","floor":23,"key":"SMITH"},{"data":"Cleave","floor":25,"key":"SMITH"},{"data":"Spot Weakness","floor":32,"key":"SMITH"}],"circlet_count":0,"master_deck":["Defend_R","Defend_R","Defend_R","Cleave+1","Inflame","Twin Strike","Anger+1","Clash","Exhume","Clash","Twin Strike","Twin Strike","Ghostly Armor","Rage+1","Shrug It Off","Anger","Bite","Bite","Bite","Bite","Bite","Rampage","Uppercut","Clash","Clash","Spot Weakness+1"],"relics":["Black Blood","Juzu Bracelet","Singing Bowl","Question Card","Gambling Chip","Sundial","Odd Mushroom","MutagenicStrength","DollysMirror"],"acts_visited":["Exordium","TheCity"],"potions_floor_usage":[8,11,16,24,24,24,27,30,33,33,33],"damage_taken":[{"damage":1,"enemies":"Cultist","floor":1,"turns":3},{"damage":7,"enemies":"2 Louse","floor":3,"turns":3},{"damage":2,"enemies":"Jaw Worm","floor":4,"turns":3},{"damage":1,"enemies":"2 Fungi Beasts","floor":5,"turns":3},{"damage":8,"enemies":"Gremlin Nob","floor":6,"turns":3},{"damage":7,"enemies":"Looter","floor":7,"turns":3},{"damage":18,"enemies":"3 Sentries","floor":8,"turns":4},{"damage":25,"enemies":"Lagavulin","floor":10,"turns":4},{"damage":13,"enemies":"Blue Slaver","floor":11,"turns":2},{"damage":10,"enemies":"The Mushroom Lair","floor":13,"turns":3},{"damage":0,"enemies":"Large Slime","floor":14,"turns":4},{"damage":60,"enemies":"The Guardian","floor":16,"turns":11},{"damage":43,"enemies":"2 Thieves","floor":18,"turns":4},{"damage":15,"enemies":"Shell Parasite","floor":19,"turns":5},{"damage":17,"enemies":"Snake Plant","floor":24,"turns":4},{"damage":12,"enemies":"Snecko","floor":27,"turns":5},{"damage":3,"enemies":"Centurion and Healer","floor":30,"turns":4},{"damage":20,"enemies":"Shelled Parasite and Fungi","floor":31,"turns":4},{"damage":74,"enemies":"Collector","floor":33,"turns":10}],"seed_played":"7739563686689134234","potions_obtained":[{"floor":3,"key":"ColorlessPotion"},{"floor":7,"key":"BloodPotion"},{"floor":10,"key":"FairyPotion"},{"floor":13,"key":"SpeedPotion"},{"floor":19,"key":"EntropicBrew"},{"floor":27,"key":"Regen Potion"},{"floor":31,"key":"Block Potion"}],"is_trial":false,"path_per_floor":["M","$","M","M","M","E","M","E","T","E","M","?","?","M","R","B",null,"M","M","$","?","?","R","M","R","T","M","$","?","M","M","R","B"],"character_chosen":"IRONCLAD","items_purchased":["Inflame","Block Potion","PowerPotion","Clash","DollysMirror"],"campfire_rested":0,"item_purchase_floors":[2,20,20,28,28],"current_hp_per_floor":[77,77,76,80,80,78,77,65,65,46,55,44,40,48,48,21,68,37,34,34,34,34,34,35,35,35,43,43,43,58,56,56,0,0],"gold":27,"neow_bonus":"RANDOM_COMMON_RELIC","is_daily":false,"chose_seed":false,"campfire_upgraded":4,"win_rate":0.0,"timestamp":1609609115,"path_taken":["M","?","M","M","M","E","M","E","T","E","M","?","?","M","R","BOSS","M","M","$","?","?","R","M","R","T","M","?","?","M","M","R","BOSS"],"items_purchased_type":["Card","Potion","Potion","Card","Relic"],"build_version":"2020-12-22","purchased_purges":2,"victory":false,"max_hp_per_floor":[80,80,80,80,80,80,80,80,80,80,80,80,80,82,82,84,84,84,84,84,84,58,58,58,58,58,58,58,58,58,60,60,60,60],"card_choices":[{"not_picked":["Carnage","Clothesline"],"picked":"Cleave","floor":1},{"not_picked":["Armaments","Whirlwind"],"picked":"Twin Strike","floor":3},{"not_picked":["Warcry","Sentinel"],"picked":"Anger","floor":4},{"not_picked":["Metallicize","Entrench"],"picked":"Clash","floor":5},{"not_picked":["Body Slam","Hemokinesis"],"picked":"Exhume","floor":6},{"not_picked":["Dropkick","Twin Strike"],"picked":"Clash","floor":7},{"not_picked":["Armaments","Feel No Pain"],"picked":"Twin Strike","floor":8},{"not_picked":["Sentinel","Body Slam","Sever Soul"],"picked":"Twin Strike","floor":10},{"not_picked":["Pummel","Cleave","Evolve"],"picked":"Ghostly Armor","floor":11},{"not_picked":["Havoc","Pommel Strike","True Grit"],"picked":"Rage","floor":13},{"not_picked":["Body Slam","Metallicize","Havoc","Immolate"],"picked":"Singing Bowl","floor":14},{"not_picked":["Immolate","Offering","Exhume","Corruption"],"picked":"Singing Bowl","floor":16},{"not_picked":["Entrench","Shockwave","Ghostly Armor"],"picked":"Shrug It Off","floor":18},{"not_picked":["Headbutt","Pommel Strike","Shockwave"],"picked":"Anger","floor":19},{"not_picked":["Warcry","Flame Barrier","Evolve"],"picked":"Rampage","floor":24},{"not_picked":["Cleave+1","Metallicize","Twin Strike+1"],"picked":"Uppercut","floor":27},{"not_picked":["Sentinel+1","Perfected Strike","Warcry"],"picked":"Spot Weakness","floor":30},{"not_picked":["Anger","Body Slam+1","Sword Boomerang","Havoc"],"picked":"Singing Bowl","floor":31}],"player_experience":254527,"relics_obtained":[{"floor":6,"key":"Singing Bowl"},{"floor":8,"key":"Question Card"},{"floor":9,"key":"Gambling Chip"},{"floor":10,"key":"Sundial"},{"floor":13,"key":"Odd Mushroom"}],"event_choices":[{"damage_healed":0,"gold_gain":75,"player_choice":"Gather Gold","damage_taken":11,"max_hp_gain":0,"max_hp_loss":0,"event_name":"World of Goop","floor":12,"gold_loss":0},{"damage_healed":0,"gold_gain":0,"player_choice":"Fought Mushrooms","damage_taken":0,"max_hp_gain":0,"max_hp_loss":0,"event_name":"Mushrooms","floor":13,"gold_loss":0},{"damage_healed":0,"gold_gain":0,"player_choice":"Inject Mutagens","damage_taken":0,"relics_obtained":["MutagenicStrength"],"max_hp_gain":0,"max_hp_loss":0,"event_name":"Drug Dealer","floor":21,"gold_loss":0},{"damage_healed":0,"gold_gain":0,"player_choice":"Became a vampire","damage_taken":0,"max_hp_gain":0,"max_hp_loss":26,"event_name":"Vampires","floor":22,"gold_loss":0,"cards_obtained":["Bite","Bite","Bite","Bite","Bite"]},{"damage_healed":0,"gold_gain":0,"player_choice":"Paid Fearfully","damage_taken":0,"max_hp_gain":0,"max_hp_loss":0,"event_name":"Masked Bandits","floor":29,"gold_loss":22}],"is_beta":false,"boss_relics":[{"not_picked":["Busted Crown","Runic Cube"],"picked":"Black Blood"}],"items_purged_floors":[20,28],"is_endless":false,"potions_floor_spawned":[3,7,10,13,19,27,31],"killed_by":"Collector","ascension_level":7}}