{"host":"s3g5dmvfnpdztvul","time":1609556351,"event":{"mods":["AchievementEnabler","AlwaysNeverKeys","Aspiration","BaseMod","Better Altar","Better Match","Better Note","Better Sensory Stone","Better Vampires","BetterRewards","CatGirl Mod","Challenge The Spire","Colored Map","Colored Powertips","Colorless Booster Pack","Conspire","Curses Come First","DeckTracker","Defuse TimeMaze Blight","Displayed Cursed Tome","Downfall","Energized Spire","Fiend Mod","Friendly Minions","GifTheSpireLib","Hubris","Hyrulean Relics","Infinite Spire","Ironclad Rager","Jedi Mod","Marisa????????","Marked Mod","Mimic Mod","Minty Spire (QoL Compilation)","Permanent Neow","Quick Restart","Railgun Mod","Random Character Button","Rare Cards Sparkle","Replay The Spire","SCP261 Mod","Shade Mod","Small Relic Pack","Spicy Shops","Spikes Relics","StSLib","Stuff the Spire","The Alterego","The Blue Laboratory","The Clintock","The Cursed","The Factory","The Jungle","The Necromancer","TheSwordswoman","Trackpad","Unceasing Turn Reminder","Virulent Crown","Waifu the Spire","Wandering Minibosses","vexMod"],"gold_per_floor":[110,120,120,120,14,14,24,24,79,79,96,96,25,40,40,40,40],"floor_reached":16,"playtime":959,"items_purged":[],"score":99,"play_id":"61a345a4-3aed-4f06-9728-8c17dcd08885","local_time":"20210101215911","is_ascension_mode":true,"campfire_choices":[{"floor":6,"key":"REST"},{"floor":12,"key":"REST"},{"data":"alterego_mod:ClassAdvantage","floor":15,"key":"SMITH"}],"circlet_count":0,"master_deck":["alterego_mod:Strike","alterego_mod:Strike","alterego_mod:Strike","alterego_mod:Strike","alterego_mod:Defend","alterego_mod:Defend","alterego_mod:Defend","alterego_mod:Defend","alterego_mod:Impale","alterego_mod:BigMeatyClaws","alterego_mod:BrynhildrsRune+1","alterego_mod:Undulate","alterego_mod:ClassAdvantage+1","Injury","Decay","alterego_mod:Maid","alterego_mod:Belle","Voices","alterego_mod:DeftHands","alterego_mod:Lingerie","alterego_mod:Clones+1"],"relics":["alterego_mod:MasochisticConstitution","ReplayTheSpireMod:Lightbulb","Toxic Egg 2","trackpad:CultistFigurine","Strawberry","StuffTheSpire:HeavyRock","ReplayTheSpireMod:Ring of Sloth","Ring of Fury"],"acts_visited":["Exordium"],"potions_floor_usage":[11,14,16],"damage_taken":[{"damage":9,"enemies":"conspire:RoseBush","floor":1,"turns":4},{"damage":27,"enemies":"Jaw Worm","floor":2,"turns":10},{"damage":20,"enemies":"2 Louse","floor":7,"turns":4},{"damage":16,"enemies":"conspire:2 RoseBushes","floor":11,"turns":7},{"damage":0,"enemies":"Large Slime","floor":14,"turns":4},{"damage":87,"enemies":"The Guardian","floor":16,"turns":9}],"seed_played":"-3580221867995306882","potions_obtained":[{"floor":7,"key":"PowerPotion"},{"floor":11,"key":"Energy Potion"},{"floor":14,"key":"blueLaboratory:FrostheartPotion"}],"is_trial":false,"path_per_floor":["M","M","?","?","$","R","M","?","T","?","M","R","$","M","R","B"],"character_chosen":"The_Alterego","items_purchased":["trackpad:CultistFigurine","alterego_mod:Maid","alterego_mod:Lingerie"],"campfire_rested":2,"item_purchase_floors":[5,5,13],"current_hp_per_floor":[62,43,43,43,43,64,45,45,45,45,44,68,68,81,81,0,0],"gold":40,"neow_bonus":"RANDOM_COMMON_RELIC","is_daily":false,"chose_seed":false,"campfire_upgraded":1,"win_rate":0.0,"timestamp":1609556351,"path_taken":["M","M","?","?","?","R","M","?","T","?","?","R","$","M","R","BOSS"],"items_purchased_type":["Relic","Card","Card"],"build_version":"2020-12-22","purchased_purges":0,"victory":false,"max_hp_per_floor":[71,72,72,72,72,72,73,80,80,80,81,81,81,81,81,81,81],"card_choices":[{"not_picked":["alterego_mod:Rip","alterego_mod:Birthday"],"picked":"alterego_mod:Undulate","floor":1},{"not_picked":["alterego_mod:Clap","alterego_mod:Skirt"],"picked":"alterego_mod:ClassAdvantage","floor":2},{"not_picked":["alterego_mod:DustData","alterego_mod:Santa+1"],"picked":"alterego_mod:Belle","floor":7},{"not_picked":["alterego_mod:PerceptionDisorder","alterego_mod:Cycle+1"],"picked":"alterego_mod:DeftHands","floor":11},{"not_picked":["alterego_mod:STier+1","alterego_mod:BustOut"],"picked":"alterego_mod:Clones+1","floor":14}],"player_experience":519559,"relics_obtained":[{"floor":9,"key":"StuffTheSpire:HeavyRock"},{"floor":10,"key":"ReplayTheSpireMod:Ring of Sloth"},{"floor":10,"key":"Ring of Fury"}],"event_choices":[{"damage_healed":0,"gold_gain":0,"player_choice":"Grow","damage_taken":0,"max_hp_gain":0,"max_hp_loss":0,"event_name":"Living Wall","floor":3,"gold_loss":0,"cards_upgraded":["alterego_mod:BrynhildrsRune"]},{"damage_healed":0,"gold_gain":0,"player_choice":"Success","damage_taken":7,"relics_obtained":["Strawberry"],"max_hp_gain":0,"max_hp_loss":0,"event_name":"Scrap Ooze","floor":8,"gold_loss":0}],"is_beta":false,"boss_relics":[],"items_purged_floors":[],"is_endless":false,"potions_floor_spawned":[7,11,14],"killed_by":"The Guardian","ascension_level":2}}