{"host":"isy2gwbfe91wqj1j","time":1609555216,"event":{"mods":["AchievementEnabler","BaseMod","Better Altar","Better Match","Better Note","Better Sensory Stone","Better Skull","Better Third Choice","BetterRewards","Minty Spire (QoL Compilation)","StSLib"],"gold_per_floor":[119,131,8,18,18,18,32,46,46,63,63,83,96,96,96,198,198,209,221,58,76,76,76],"floor_reached":22,"playtime":906,"items_purged":["Defend_R"],"score":207,"play_id":"faa4eb41-0b13-4fe0-ba3b-fd89264025cc","local_time":"20210101194016","is_ascension_mode":false,"campfire_choices":[{"data":"Heavy Blade","floor":6,"key":"SMITH"},{"floor":15,"key":"REST"}],"circlet_count":0,"master_deck":["Strike_R","Strike_R","Strike_R","Strike_R","Strike_R","Defend_R","Defend_R","Defend_R","Bash","Pommel Strike","Heavy Blade+1","Cleave","Heavy Blade","Second Wind","Dual Wield","Shrug It Off","Limit Break","Shrug It Off","Shrug It Off","Limit Break","Reaper"],"relics":["Burning Blood","Brimstone","Blue Candle","Matryoshka","InkBottle","Runic Pyramid"],"acts_visited":["Exordium","TheCity"],"potions_floor_usage":[13,13,16,19,21],"damage_taken":[{"damage":4,"enemies":"Small Slimes","floor":1,"turns":2},{"damage":0,"enemies":"Cultist","floor":2,"turns":2},{"damage":7,"enemies":"2 Louse","floor":4,"turns":2},{"damage":0,"enemies":"Lots of Slimes","floor":7,"turns":1},{"damage":0,"enemies":"2 Fungi Beasts","floor":8,"turns":2},{"damage":8,"enemies":"3 Louse","floor":10,"turns":3},{"damage":16,"enemies":"Exordium Wildlife","floor":12,"turns":2},{"damage":15,"enemies":"Exordium Thugs","floor":13,"turns":4},{"damage":35,"enemies":"The Guardian","floor":16,"turns":6},{"damage":4,"enemies":"Chosen","floor":18,"turns":4},{"damage":37,"enemies":"3 Byrds","floor":19,"turns":5},{"damage":21,"enemies":"Centurion and Healer","floor":21,"turns":3},{"damage":37,"enemies":"Snake Plant","floor":22,"turns":2}],"seed_played":"8727563726401932685","potions_obtained":[{"floor":7,"key":"FearPotion"},{"floor":10,"key":"Ancient Potion"},{"floor":11,"key":"Strength Potion"},{"floor":11,"key":"DistilledChaos"},{"floor":13,"key":"Swift Potion"},{"floor":16,"key":"Explosive Potion"},{"floor":19,"key":"ColorlessPotion"}],"is_trial":false,"path_per_floor":["M","M","?","M","$","R","M","M","T","M","?","M","M","?","R","B",null,"M","M","$","M","M"],"character_chosen":"IRONCLAD","items_purchased":["Brimstone","Pommel Strike","Limit Break"],"campfire_rested":1,"item_purchase_floors":[0,0,20],"current_hp_per_floor":[80,80,80,79,79,79,80,80,80,78,78,68,59,34,58,29,80,80,49,49,34,0,0],"gold":76,"neow_bonus":"","is_daily":false,"chose_seed":false,"campfire_upgraded":1,"win_rate":0.0,"timestamp":1609555216,"path_taken":["M","M","?","M","?","R","M","M","T","M","?","M","?","?","R","BOSS","M","M","$","M","M"],"items_purchased_type":["Relic","Card","Card"],"build_version":"2020-12-22","purchased_purges":1,"victory":false,"max_hp_per_floor":[80,80,80,80,80,80,80,80,80,80,80,80,80,80,80,80,80,80,80,80,80,80,80],"card_choices":[{"not_picked":["Iron Wave","Feel No Pain"],"picked":"Heavy Blade","floor":1},{"not_picked":["Bloodletting","Warcry"],"picked":"Cleave","floor":2},{"not_picked":["Sword Boomerang","Shockwave"],"picked":"Heavy Blade","floor":4},{"not_picked":["Clothesline","Clash"],"picked":"Second Wind","floor":7},{"not_picked":["Havoc","Warcry","Headbutt"],"picked":"SKIP","floor":8},{"not_picked":["Sword Boomerang","Armaments"],"picked":"Dual Wield","floor":10},{"not_picked":["Feel No Pain","Warcry"],"picked":"Shrug It Off","floor":12},{"not_picked":["Juggernaut","Hemokinesis","Thunderclap"],"picked":"SKIP","floor":13},{"not_picked":["Fiend Fire","Double Tap"],"picked":"Limit Break","floor":16},{"not_picked":["Havoc","Heavy Blade"],"picked":"Shrug It Off","floor":18},{"not_picked":["Thunderclap","Dark Embrace"],"picked":"Shrug It Off","floor":19},{"not_picked":["Headbutt","Combust"],"picked":"Reaper","floor":21}],"player_experience":131138,"relics_obtained":[{"floor":9,"key":"Matryoshka"}],"event_choices":[{"damage_healed":0,"gold_gain":0,"player_choice":"Paid Gold","damage_taken":0,"relics_obtained":["Blue Candle"],"max_hp_gain":0,"max_hp_loss":0,"event_name":"WeMeetAgain","floor":3,"gold_loss":123},{"damage_healed":0,"gold_gain":0,"player_choice":"Got Potions","damage_taken":0,"max_hp_gain":0,"max_hp_loss":0,"event_name":"Lab","floor":11,"gold_loss":0},{"damage_healed":0,"gold_gain":0,"player_choice":"Relic ","damage_taken":25,"max_hp_gain":0,"max_hp_loss":0,"event_name":"betterThird:BetterScrap","floor":14,"gold_loss":0,"cards_obtained":["Tactician"]}],"is_beta":false,"boss_relics":[{"not_picked":["SacredBark","Empty Cage"],"picked":"Runic Pyramid"}],"items_purged_floors":[0],"is_endless":false,"potions_floor_spawned":[7,10,12,13,16,19],"killed_by":"Snake Plant","ascension_level":0}}