{"host":"9kuc8qxv67wkis18","time":1609605477,"event":{"mods":["2.2 Compatiblity","AchievementEnabler","Aspiration","Astrologer","Bard","BaseMod","Beaked The Cultist","Bestiary","Better Note","Better Third Choice","Block Reminder","Challenge The Spire","ChefMod","Conspire","Curses Come First","GifTheSpireLib","Glutton Mod","Halation","Hermit","Highlight Path","Hubris","Infinite Spire","Jorbs\u0027s Wanderer Trilogy","Marked Mod","Melee Mod","Minty Spire (QoL Compilation)","Permanent Neow","Potionbrewer","Random Character Button","Rare Cards Sparkle","Replay The Spire","Shade Mod","Somnambulant","Spikes Relics","StSLib","Stuff the Spire","The Accelerator","The Blue Laboratory","The Caster","The Construct","The Cursed","The Disciple","The Florist","The Forsaken","The Hierophant","The Judge","The Juggle","The Jungle","The Marked","The Necromancer","The Showman","The Wild Card","TheArtist","Thieving Mod","everything is the same but u backflip on backflip","thorton","vexMod"],"gold_per_floor":[119,130,130,205,85,113,123,136,162,182,215,215,67,93,93,189,189,202,202,215,215,215,215,58,58,107,107,134,134,150,71,71,176,176,189,164,223,246,274,286,298,298],"floor_reached":41,"playtime":2735,"items_purged":["Strike_B"],"score":467,"play_id":"c6569f59-b41a-4135-b608-346f4f992d27","local_time":"20210102113757","is_ascension_mode":false,"campfire_choices":[{"floor":12,"key":"REST"},{"data":"Gash","floor":15,"key":"SMITH"},{"floor":23,"key":"REST"},{"data":"Replay:Fractal Strike","floor":25,"key":"SMITH"},{"floor":32,"key":"REST"},{"floor":40,"key":"REST"}],"circlet_count":0,"master_deck":["Strike_B","Defend_B","Defend_B","Defend_B","Defend_B","Zap+1","Dualcast","Gash+1","Gash+1","Go for the Eyes","Reinforced Body+1","Steam+1","Hologram+1","StuffTheSpire:LaunchingStrike+1","Skim","Replay:Fractal Strike+1","Scrape+1","Gash","Hologram","Machine Learning","Streamline","ReplayTheSpireMod:Splinters","Conserve Battery","Gash"],"relics":["StuffTheSpire:OccultApparatus","StuffTheSpire:Barrel","StuffTheSpire:Mouthbags","WingedGreaves","MealTicket","infinitespire:Lucky Rock","vexMod:ImprovementManual","conspire:GlowingRock","infinitespire:Cupcake","StuffTheSpire:Gunfinga","Juzu Bracelet","halation:SelfBoilingWater","halation:MonkeysPaw","MawBank"],"acts_visited":["Exordium","TheCity","TheBeyond"],"potions_floor_usage":[16,33,33],"damage_taken":[{"damage":0,"enemies":"Small Slimes","floor":1,"turns":3},{"damage":0,"enemies":"conspire:RoseBush","floor":2,"turns":2},{"damage":16,"enemies":"Lagavulin","floor":6,"turns":6},{"damage":1,"enemies":"Cultist","floor":7,"turns":3},{"damage":11,"enemies":"Lots of Slimes","floor":8,"turns":4},{"damage":4,"enemies":"Large Slime","floor":10,"turns":7},{"damage":18,"enemies":"Replay:BlueRogue","floor":11,"turns":7},{"damage":11,"enemies":"Hexaghost","floor":16,"turns":10},{"damage":16,"enemies":"Chosen","floor":18,"turns":5},{"damage":23,"enemies":"Spheric Guardian","floor":20,"turns":5},{"damage":24,"enemies":"Nightmare","floor":28,"turns":7},{"damage":8,"enemies":"Centurion and Healer","floor":30,"turns":6},{"damage":3,"enemies":"Champ","floor":33,"turns":3},{"damage":5,"enemies":"3 Shapes","floor":35,"turns":3},{"damage":18,"enemies":"3 Darklings","floor":38,"turns":5},{"damage":22,"enemies":"Transient","floor":39,"turns":5},{"damage":57,"enemies":"Nemesis","floor":41,"turns":7}],"seed_played":"-5442569151979712096","potions_obtained":[{"floor":2,"key":"ColorlessPotion"},{"floor":6,"key":"blueLaboratory:ConsumingVoid"},{"floor":7,"key":"Strength Potion"},{"floor":28,"key":"infinitespire:BlackPotion"},{"floor":33,"key":"construct:ShiftPotion"},{"floor":35,"key":"FocusPotion"}],"is_trial":false,"path_per_floor":["M","M","?","?","$","E","M","M","T","M","E","R","$","T","R","B",null,"M","?","M","AVR","?","R","$","R","T","?","NM","?","M","$","R","B",null,"M","?","?","M","M","R","E"],"character_chosen":"DEFECT","items_purchased":["Gash","MealTicket","StuffTheSpire:Gunfinga","Gash","Hologram"],"campfire_rested":4,"item_purchase_floors":[5,13,24,31,31],"current_hp_per_floor":[75,75,68,61,61,45,44,33,33,29,11,33,33,33,33,22,75,59,59,36,36,36,58,73,73,73,73,49,49,41,56,75,72,75,70,70,70,52,30,52,0,0],"gold":298,"neow_bonus":"UPGRADE_CARD","is_daily":false,"chose_seed":false,"campfire_upgraded":2,"win_rate":0.0,"timestamp":1609605477,"path_taken":["M","M","?","?","$","E","M","?","T","M","E","R","$","?","R","BOSS","M","?","M","AVR","?","R","$","R","T","?","NM","?","M","$","R","BOSS","M","?","?","M","M","R","E"],"items_purchased_type":["Card","Relic","Relic","Card","Card"],"build_version":"2020-12-22","purchased_purges":1,"victory":false,"max_hp_per_floor":[75,75,75,75,75,75,75,75,75,75,75,75,75,75,75,75,75,75,75,75,75,75,75,75,75,75,75,75,75,75,75,75,75,75,75,75,75,75,75,75,75,75],"card_choices":[{"not_picked":["Conserve Battery","Steam"],"picked":"Gash","floor":1},{"not_picked":["Barrage","Hello World","Ball Lightning"],"picked":"SKIP","floor":2},{"not_picked":["ReplayRNGCard","BasicCrystalCard"],"picked":"Reinforced Body","floor":6},{"not_picked":["Compile Driver","Ball Lightning"],"picked":"Go for the Eyes","floor":7},{"not_picked":["White Noise","Biased Cognition","BasicCrystalCard"],"picked":"SKIP","floor":8},{"not_picked":["Tempest","Redo"],"picked":"Steam","floor":10},{"not_picked":["BasicCrystalCard","Defragment"],"picked":"Hologram","floor":11},{"not_picked":["Creative AI","ReplayTheSpireMod:Omega Cannon"],"picked":"StuffTheSpire:LaunchingStrike","floor":16},{"not_picked":["Panic Button","Time Bomb"],"picked":"Skim","floor":18},{"not_picked":["Force Field","StuffTheSpire:Plugnplay+1","DiskWipe"],"picked":"SKIP","floor":20},{"not_picked":["Skim","Hologram"],"picked":"Scrape+1","floor":28},{"not_picked":["Darkness","StuffTheSpire:CleanHardDrive+1","BasicCrystalCard"],"picked":"SKIP","floor":30},{"not_picked":["ReplayTheSpireMod:Fabricate Wheel","Multi-Cast"],"picked":"Machine Learning","floor":33},{"not_picked":["Coolheaded","Barrage+1"],"picked":"Streamline","floor":35},{"not_picked":["Sweeping Beam","Beam Cell"],"picked":"Conserve Battery","floor":37},{"not_picked":["Panic Button","Leap","Doom and Gloom"],"picked":"SKIP","floor":38},{"not_picked":["Hologram","Conserve Battery+1"],"picked":"Gash","floor":39}],"player_experience":151311,"relics_obtained":[{"floor":6,"key":"StuffTheSpire:Barrel"},{"floor":9,"key":"StuffTheSpire:Mouthbags"},{"floor":11,"key":"WingedGreaves"},{"floor":14,"key":"infinitespire:Lucky Rock"},{"floor":26,"key":"Juzu Bracelet"},{"floor":28,"key":"halation:SelfBoilingWater"},{"floor":37,"key":"MawBank"}],"event_choices":[{"cards_removed":["Strike_B"],"damage_healed":0,"gold_gain":0,"player_choice":"Card Removal","damage_taken":7,"max_hp_gain":0,"max_hp_loss":0,"event_name":"Golden Wing","floor":3,"gold_loss":0},{"damage_healed":0,"gold_gain":75,"player_choice":"Touch","damage_taken":7,"max_hp_gain":0,"max_hp_loss":0,"event_name":"FaceTrader","floor":4,"gold_loss":0},{"cards_removed":["Strike_B"],"damage_healed":0,"gold_gain":0,"player_choice":"Purged","damage_taken":0,"max_hp_gain":0,"max_hp_loss":0,"event_name":"Purifier","floor":19,"gold_loss":0},{"damage_healed":0,"gold_gain":0,"player_choice":"Ignored","damage_taken":0,"max_hp_gain":0,"max_hp_loss":0,"event_name":"betterNote:BetterNote","floor":22,"gold_loss":0,"cards_obtained":["hermit:FromBeyond"]}],"is_beta":false,"boss_relics":[{"not_picked":["vexMod:CursedCompass","halation:LoveArrow"],"picked":"vexMod:ImprovementManual"},{"not_picked":["Velvet Choker","hubris:HollowSoul"],"picked":"halation:MonkeysPaw"}],"items_purged_floors":[5],"is_endless":false,"potions_floor_spawned":[2,6,7,10,28,33,35],"killed_by":"Nemesis","ascension_level":0}}