{"host":"dzallfdpazhc6w9d","time":1609558493,"event":{"mods":["BaseMod","Colored Powertips","Highlight Path","Minty Spire (QoL Compilation)","StSLib","The Bug Knight","The Jungle","The Senshi","The Servant 0.9.4"],"gold_per_floor":[115,115,132,132,132,167,178,205,205,205,230,246,15,26,26,127,127,141,171,86,86,105,105,134,134,134,34,34,34,34,44,44,44,44],"floor_reached":33,"playtime":3005,"items_purged":["Strike_G","Defend_G"],"score":346,"play_id":"0eb3360c-5ee8-4132-8e9f-3ba7906d831a","local_time":"20210101213453","is_ascension_mode":true,"campfire_choices":[{"data":"Dagger Spray","floor":10,"key":"SMITH"},{"floor":15,"key":"REST"},{"data":"Adrenaline","floor":23,"key":"SMITH"},{"data":"Terror","floor":25,"key":"SMITH"},{"data":"Burst","floor":32,"key":"SMITH"}],"circlet_count":0,"master_deck":["Strike_G","Strike_G","Strike_G","Defend_G","Defend_G","Defend_G","Survivor","Neutralize","Dagger Throw","Outmaneuver","Unload","PanicButton","Backflip","Predator","Tactician","Dagger Spray+1","Adrenaline+1","Dagger Throw","Adrenaline","Terror+1","Glass Knife","Blade Dance","Setup","Sucker Punch","Heel Hook","Ghostly","Ghostly","Ghostly","Ghostly","Ghostly","Burst+1","Dagger Spray","Slice+1"],"relics":["Ring of the Snake","NeowsBlessing","Meat on the Bone","Gambling Chip","Pocketwatch","HornCleat","DollysMirror","HoveringKite","Red Mask","Regal Pillow","Bottled Flame","Tough Bandages"],"acts_visited":["Exordium","TheCity"],"potions_floor_usage":[33,33,33,33],"damage_taken":[{"damage":0,"enemies":"2 Louse","floor":1,"turns":1},{"damage":0,"enemies":"Jaw Worm","floor":3,"turns":1},{"damage":0,"enemies":"Lagavulin","floor":6,"turns":1},{"damage":0,"enemies":"Cultist","floor":7,"turns":3},{"damage":34,"enemies":"HollowMod:MossKnight","floor":8,"turns":10},{"damage":13,"enemies":"3 Sentries","floor":11,"turns":6},{"damage":1,"enemies":"Gremlin Gang","floor":12,"turns":3},{"damage":0,"enemies":"Large Slime","floor":14,"turns":2},{"damage":10,"enemies":"Slime Boss","floor":16,"turns":7},{"damage":4,"enemies":"Shell Parasite","floor":18,"turns":3},{"damage":14,"enemies":"Masked Bandits","floor":19,"turns":4},{"damage":0,"enemies":"Spheric Guardian","floor":22,"turns":3},{"damage":7,"enemies":"HollowMod:Nosk","floor":24,"turns":5},{"damage":3,"enemies":"3 Cultists","floor":31,"turns":6},{"damage":62,"enemies":"Champ","floor":33,"turns":13}],"seed_played":"-7941394716048863233","potions_obtained":[{"floor":3,"key":"GhostInAJar"},{"floor":6,"key":"FearPotion"},{"floor":12,"key":"LiquidMemories"},{"floor":22,"key":"EntropicBrew"}],"is_trial":false,"path_per_floor":["M","?","M","?","$","E","M","E","T","R","E","M","$","M","R","B",null,"M","?","?","$","M","R","E","R","T","$","?","?","$","M","R","B"],"character_chosen":"THE_SILENT","items_purchased":["DollysMirror"],"campfire_rested":1,"item_purchase_floors":[13],"current_hp_per_floor":[70,75,75,75,75,75,75,41,41,41,40,39,39,39,61,51,75,71,57,57,57,57,57,50,50,50,50,37,37,37,34,34,0,0],"gold":44,"neow_bonus":"THREE_ENEMY_KILL","is_daily":false,"chose_seed":false,"campfire_upgraded":4,"win_rate":0.0,"timestamp":1609558493,"path_taken":["M","?","M","?","$","E","M","E","T","R","E","?","?","M","R","BOSS","M","?","?","$","?","R","E","R","T","$","?","?","?","M","R","BOSS"],"items_purchased_type":["Relic"],"build_version":"2020-12-22","purchased_purges":2,"victory":false,"max_hp_per_floor":[70,75,75,75,75,75,75,75,75,75,75,75,75,75,75,75,75,75,75,75,75,75,75,75,75,75,75,37,37,37,37,37,37,37],"card_choices":[{"not_picked":["Bane","Cloak And Dagger"],"picked":"Dagger Throw","floor":1},{"not_picked":["Cloak And Dagger","Acrobatics"],"picked":"Outmaneuver","floor":3},{"not_picked":["Escape Plan","Reflex"],"picked":"Predator","floor":6},{"not_picked":["Calculated Gamble","Deadly Poison"],"picked":"Tactician","floor":7},{"not_picked":["Deflect","Escape Plan"],"picked":"Dagger Spray","floor":8},{"not_picked":["Bouncing Flask","Choke"],"picked":"Adrenaline","floor":11},{"not_picked":["Poisoned Stab","Dagger Spray"],"picked":"Dagger Throw","floor":12},{"not_picked":["Caltrops","Setup"],"picked":"Terror","floor":14},{"not_picked":["Corpse Explosion","Venomology"],"picked":"Glass Knife","floor":16},{"not_picked":["Reflex","Deadly Poison"],"picked":"Blade Dance","floor":18},{"not_picked":["Blade Dance","Dagger Spray"],"picked":"Setup","floor":19},{"not_picked":["Blade Dance","Bane"],"picked":"Sucker Punch","floor":22},{"not_picked":["Unload","Blade Dance"],"picked":"Heel Hook","floor":24},{"not_picked":["Blade Dance+1","Bane+1"],"picked":"Slice+1","floor":31}],"player_experience":427717,"relics_obtained":[{"floor":6,"key":"Meat on the Bone"},{"floor":8,"key":"Gambling Chip"},{"floor":9,"key":"Pocketwatch"},{"floor":11,"key":"HornCleat"},{"floor":19,"key":"Red Mask"},{"floor":24,"key":"Bottled Flame"},{"floor":26,"key":"Tough Bandages"}],"event_choices":[{"damage_healed":0,"gold_gain":0,"player_choice":"Donut","damage_taken":0,"max_hp_gain":5,"max_hp_loss":0,"event_name":"Big Fish","floor":2,"gold_loss":0},{"damage_healed":0,"gold_gain":0,"player_choice":"3 cards matched","damage_taken":0,"max_hp_gain":0,"max_hp_loss":0,"event_name":"Match and Keep!","floor":4,"gold_loss":0,"cards_obtained":["Unload","PanicButton","Backflip"]},{"damage_healed":0,"gold_gain":0,"player_choice":"Fought Bandits","damage_taken":0,"max_hp_gain":0,"max_hp_loss":0,"event_name":"Masked Bandits","floor":19,"gold_loss":0},{"damage_healed":0,"gold_gain":0,"player_choice":"Obtained Relic","damage_taken":0,"relics_obtained":["Regal Pillow"],"max_hp_gain":0,"max_hp_loss":0,"event_name":"Addict","floor":20,"gold_loss":85},{"damage_healed":0,"gold_gain":0,"player_choice":"Became a Ghost","damage_taken":0,"max_hp_gain":0,"max_hp_loss":38,"event_name":"Ghosts","floor":28,"gold_loss":0,"cards_obtained":["Ghostly","Ghostly","Ghostly","Ghostly","Ghostly"]},{"damage_healed":0,"gold_gain":0,"cards_transformed":["Strike_G","Defend_G"],"player_choice":"Became Test Subject","damage_taken":0,"max_hp_gain":0,"max_hp_loss":0,"event_name":"Drug Dealer","floor":29,"gold_loss":0,"cards_obtained":["Burst","Dagger Spray"]}],"is_beta":false,"boss_relics":[{"not_picked":["Velvet Choker","Fusion Hammer"],"picked":"HoveringKite"}],"items_purged_floors":[13,27],"is_endless":false,"potions_floor_spawned":[3,6,12,22,24,31],"killed_by":"Champ","ascension_level":1}}