{"host":"mike","time":1609555404,"event":{"mods":["2.2 Compatiblity","AchievementEnabler","BaseMod","Dio Mod","Hermit","Highlight Path","Jorbs\u0027s Wanderer Trilogy","Minty Spire (QoL Compilation)","Random Character Button","Rare Cards Sparkle","Relic Stats","StSLib","The Bladedancer","The Cursed","The Marked"],"gold_per_floor":[112,123,138,153,153,153,185,185,212,53,85,98,129,146,146,244,244,263,188,201,220,0,0,30,30,30,50,50,50,77,94,94,94,94],"floor_reached":33,"playtime":1742,"items_purged":["theMarked:Strike"],"score":354,"play_id":"798c780d-7342-40f3-b346-9aef7b87c131","local_time":"20210101214324","is_ascension_mode":true,"campfire_choices":[{"data":"theMarked:SoldierOfQuellstein","floor":6,"key":"SMITH"},{"data":"theMarked:RogueSparks","floor":8,"key":"SMITH"},{"data":"theMarked:MagicAdept","floor":15,"key":"SMITH"},{"floor":23,"key":"REST"},{"data":"theMarked:EternalStudent","floor":25,"key":"SMITH"},{"floor":32,"key":"REST"}],"circlet_count":0,"master_deck":["theMarked:Strike","theMarked:Strike","theMarked:Strike","theMarked:Defend","theMarked:Defend","theMarked:Defend","theMarked:Defend","theMarked:SoldierOfQuellstein+1","theMarked:SwordAndMagic","theMarked:EmpowerWeapon+1","theMarked:RogueSparks+1","theMarked:Aftermath","theMarked:StartUp","theMarked:ComboAttacks","theMarked:EmpowerWeapon","theMarked:MagicAdept+1","theMarked:Reabsorb","theMarked:HeightenedSenses","theMarked:Electrify","theMarked:EternalStudent+1","theMarked:WardOff+1","theMarked:SelfDefenseTraining+1","theMarked:BindingBlade","theMarked:ChainLightning","theMarked:ParalyzingBlade"],"relics":["theMarked:ArtifactOfAir","Akabeko","PreservedInsect","Anchor","Tiny Chest","Runic Pyramid","Membership Card","White Beast Statue","Potion Belt","FossilizedHelix"],"acts_visited":["Exordium","TheCity"],"potions_floor_usage":[7,20,31,33,33],"damage_taken":[{"damage":0,"enemies":"Cultist","floor":1,"turns":4},{"damage":2,"enemies":"2 Louse","floor":2,"turns":2},{"damage":3,"enemies":"Jaw Worm","floor":3,"turns":5},{"damage":0,"enemies":"3 Louse","floor":4,"turns":3},{"damage":19,"enemies":"Gremlin Nob","floor":7,"turns":4},{"damage":0,"enemies":"Lagavulin","floor":11,"turns":4},{"damage":0,"enemies":"Exordium Wildlife","floor":12,"turns":2},{"damage":0,"enemies":"Gremlin Nob","floor":13,"turns":2},{"damage":0,"enemies":"Looter","floor":14,"turns":2},{"damage":40,"enemies":"Hexaghost","floor":16,"turns":9},{"damage":25,"enemies":"Shell Parasite","floor":18,"turns":5},{"damage":20,"enemies":"Spheric Guardian","floor":20,"turns":4},{"damage":22,"enemies":"Cultist and Chosen","floor":21,"turns":7},{"damage":7,"enemies":"Book of Stabbing","floor":24,"turns":4},{"damage":13,"enemies":"3 Cultists","floor":27,"turns":6},{"damage":12,"enemies":"Shelled Parasite and Fungi","floor":31,"turns":5},{"damage":29,"enemies":"Collector","floor":33,"turns":4}],"seed_played":"5836327593486526201","potions_obtained":[{"floor":2,"key":"LiquidBronze"},{"floor":3,"key":"Block Potion"},{"floor":7,"key":"theMarked:SummonPotion"},{"floor":11,"key":"AttackPotion"},{"floor":16,"key":"theMarked:ChargePotion"},{"floor":24,"key":"PowerPotion"},{"floor":27,"key":"ColorlessPotion"},{"floor":31,"key":"Strength Potion"}],"is_trial":false,"path_per_floor":["M","M","M","M","?","R","E","R","T","$","E","M","E","M","R","B",null,"M","?","M","M","$","R","E","R","T","M","?","T","T","M","R","B"],"character_chosen":"THE_DEFAULT","items_purchased":["theMarked:ComboAttacks","theMarked:EmpowerWeapon","Membership Card","theMarked:BindingBlade"],"campfire_rested":2,"item_purchase_floors":[10,10,22,22],"current_hp_per_floor":[77,75,72,72,72,72,53,53,53,53,53,53,53,53,53,13,77,52,52,32,10,10,33,26,26,26,13,13,13,13,1,24,0,0],"gold":94,"neow_bonus":"TEN_PERCENT_HP_BONUS","is_daily":false,"chose_seed":false,"campfire_upgraded":4,"win_rate":0.0,"timestamp":1609555404,"path_taken":["M","M","?","M","?","R","E","R","T","$","E","M","E","?","R","BOSS","M","?","M","M","$","R","E","R","T","M","?","?","?","M","R","BOSS"],"items_purchased_type":["Card","Card","Relic","Card"],"build_version":"2020-12-18","purchased_purges":1,"victory":false,"max_hp_per_floor":[77,77,77,77,77,77,77,77,77,77,77,77,77,77,77,77,77,77,77,77,77,77,77,77,77,77,77,77,77,77,77,77,77,77],"relic_stats":{"counters":[17,71],"Tiny Chest":1,"PreservedInsect":90,"obtain_stats":[{"Potion Belt":26,"theMarked:ArtifactOfAir":0,"Anchor":11,"Tiny Chest":13,"PreservedInsect":9,"Membership Card":22,"Akabeko":7,"White Beast Statue":24,"FossilizedHelix":29,"Runic Pyramid":17},{"Potion Belt":14,"theMarked:ArtifactOfAir":0,"Anchor":6,"Tiny Chest":8,"PreservedInsect":5,"Membership Card":13,"Akabeko":5,"White Beast Statue":14,"FossilizedHelix":15,"Runic Pyramid":10},{"Potion Belt":56,"theMarked:ArtifactOfAir":0,"Anchor":22,"Tiny Chest":26,"PreservedInsect":18,"Membership Card":52,"Akabeko":18,"White Beast Statue":56,"FossilizedHelix":62,"Runic Pyramid":36}]},"card_choices":[{"not_picked":["theMarked:Parry","theMarked:TakeCover"],"picked":"theMarked:SwordAndMagic","floor":1},{"not_picked":["theMarked:AttractMetal","theMarked:WardOff"],"picked":"theMarked:EmpowerWeapon","floor":2},{"not_picked":["theMarked:ElectricStrings","theMarked:Aftermath"],"picked":"theMarked:RogueSparks","floor":3},{"not_picked":["theMarked:Static","theMarked:BanishingWave"],"picked":"theMarked:Aftermath","floor":4},{"not_picked":["theMarked:SwordAndMagic","theMarked:Panic"],"picked":"theMarked:StartUp","floor":7},{"not_picked":["theMarked:PowerFlow","theMarked:Electrify"],"picked":"theMarked:MagicAdept","floor":11},{"not_picked":["theMarked:Frustration","theMarked:Electrocute"],"picked":"theMarked:Reabsorb","floor":12},{"not_picked":["theMarked:Frustration","theMarked:Static"],"picked":"theMarked:HeightenedSenses","floor":13},{"not_picked":["theMarked:TakeOffHeels","theMarked:BanishingStrike"],"picked":"theMarked:Electrify","floor":14},{"not_picked":["theMarked:SummonStrength","theMarked:Vacuum"],"picked":"theMarked:EternalStudent","floor":16},{"not_picked":["theMarked:WastefulDefense","theMarked:Improvise+1","theMarked:Aftermath"],"picked":"SKIP","floor":18},{"not_picked":["theMarked:ShockingTouch","theMarked:ResourceFulStrike"],"picked":"theMarked:WardOff+1","floor":20},{"not_picked":["theMarked:ResourceFulStrike","theMarked:Electrocute"],"picked":"theMarked:SelfDefenseTraining+1","floor":21},{"not_picked":["theMarked:DeterminationOfTheMarked+1","theMarked:EmpowerWeapon","theMarked:Static"],"picked":"SKIP","floor":24},{"not_picked":["theMarked:TunnelVision","theMarked:RogueSparks+1"],"picked":"theMarked:ChainLightning","floor":27},{"not_picked":["theMarked:Frustration","theMarked:Generate"],"picked":"theMarked:ParalyzingBlade","floor":31}],"player_experience":288902,"relics_obtained":[{"floor":7,"key":"Akabeko"},{"floor":9,"key":"PreservedInsect"},{"floor":11,"key":"Anchor"},{"floor":13,"key":"Tiny Chest"},{"floor":24,"key":"White Beast Statue"},{"floor":26,"key":"Potion Belt"},{"floor":29,"key":"FossilizedHelix"}],"event_choices":[{"damage_healed":0,"gold_gain":0,"player_choice":"Upgraded","damage_taken":0,"max_hp_gain":0,"max_hp_loss":0,"event_name":"Upgrade Shrine","floor":5,"gold_loss":0,"cards_upgraded":["theMarked:EmpowerWeapon"]},{"cards_removed":["theMarked:Strike"],"damage_healed":0,"gold_gain":0,"player_choice":"Gave Gold","damage_taken":0,"max_hp_gain":0,"max_hp_loss":0,"event_name":"Beggar","floor":19,"gold_loss":75},{"damage_healed":0,"gold_gain":0,"player_choice":"Ignored","damage_taken":0,"max_hp_gain":0,"max_hp_loss":0,"event_name":"Ghosts","floor":28,"gold_loss":0}],"is_beta":true,"boss_relics":[{"not_picked":["Ectoplasm","SacredBark"],"picked":"Runic Pyramid"}],"items_purged_floors":[10],"is_endless":false,"potions_floor_spawned":[2,3,7,11,12,16,18,24,27,31],"killed_by":"Collector","ascension_level":1}}