{"host":"April","time":1609579307,"event":{"mods":["BaseMod","Minty Spire (QoL Compilation)"],"gold_per_floor":[114,28,43,58,73,103,103,133,133,135,165,165,195,0,0,100,100,115,115,115,40,40,40,70,85,85,85,100,130,146,161,161,261,261,276,276,318,333,333,333,83,113,113,143,365,365,380,410,410,410],"floor_reached":51,"playtime":4972,"items_purged":["Grand Finale"],"score":947,"play_id":"2e5af5f1-831e-4cac-9944-5939c9015d1b","local_time":"20210102012147","daily_mods":["Shiny","ControlledChaos","Elite Swarm"],"is_ascension_mode":false,"campfire_choices":[{"floor":7.0,"key":"REST"},{"data":"Adrenaline","floor":12.0,"key":"SMITH"},{"data":"After Image","floor":15.0,"key":"SMITH"},{"data":"Well Laid Plans","floor":23.0,"key":"SMITH"},{"floor":27.0,"key":"REST"},{"data":"Calculated Gamble","floor":32.0,"key":"SMITH"},{"data":"Doppelganger","floor":40,"key":"SMITH"},{"floor":46,"key":"REST"},{"data":"Storm of Steel","floor":49,"key":"SMITH"}],"circlet_count":0,"master_deck":["Venomology","Corpse Explosion","Malaise","Phantasmal Killer","Die Die Die","Adrenaline+1","Envenom","Doppelganger+1","Burst","Wraith Form v2","Tools of the Trade","Night Terror","Unload","Bullet Time","Storm of Steel+1","Glass Knife","A Thousand Cuts","Setup","Well Laid Plans+1","Flying Knee","Terror","Burst","Storm of Steel","Poisoned Stab","Glass Knife","Deadly Poison","Unload","Reflex","Crippling Poison","Shame","Unload","Calculated Gamble+1","Dash+1","Poisoned Stab+1","The Bomb","Apotheosis","PiercingWail"],"relics":["Ring of the Snake","Frozen Eye","Prayer Wheel","PreservedInsect","Orichalcum","Odd Mushroom","Snake Skull","Strawberry","Bag of Preparation","Snecko Eye","Nilry\u0027s Codex","Pen Nib","Happy Flower","Potion Belt","Singing Bowl","White Beast Statue","Red Mask","SacredBark","Lizard Tail","Letter Opener","Question Card","TungstenRod","Juzu Bracelet","Shuriken"],"acts_visited":["Exordium","TheCity","TheBeyond"],"potions_floor_usage":[33,33,37,38,38,48,50,50,50,50],"damage_taken":[{"damage":0.0,"enemies":"Cultist","floor":1.0,"turns":3.0},{"damage":7.0,"enemies":"Small Slimes","floor":3.0,"turns":3.0},{"damage":0.0,"enemies":"2 Louse","floor":4.0,"turns":1.0},{"damage":12.0,"enemies":"Blue Slaver","floor":5.0,"turns":2.0},{"damage":15.0,"enemies":"3 Sentries","floor":6.0,"turns":3.0},{"damage":6.0,"enemies":"Lagavulin","floor":8.0,"turns":5.0},{"damage":4.0,"enemies":"The Mushroom Lair","floor":10.0,"turns":2.0},{"damage":1.0,"enemies":"Gremlin Nob","floor":11.0,"turns":4.0},{"damage":2.0,"enemies":"3 Sentries","floor":13.0,"turns":2.0},{"damage":0.0,"enemies":"Hexaghost","floor":16.0,"turns":7.0},{"damage":4.0,"enemies":"Chosen","floor":18.0,"turns":3.0},{"damage":14.0,"enemies":"Gremlin Leader","floor":24.0,"turns":4.0},{"damage":0.0,"enemies":"3 Byrds","floor":25.0,"turns":1.0},{"damage":2.0,"enemies":"Centurion and Healer","floor":28.0,"turns":3.0},{"damage":9.0,"enemies":"Book of Stabbing","floor":29.0,"turns":3.0},{"damage":4.0,"enemies":"Masked Bandits","floor":30.0,"turns":3.0},{"damage":0.0,"enemies":"3 Cultists","floor":31.0,"turns":3.0},{"damage":26,"enemies":"Automaton","floor":33,"turns":6},{"damage":5,"enemies":"3 Darklings","floor":35,"turns":3},{"damage":29,"enemies":"2 Orb Walkers","floor":37,"turns":3},{"damage":0,"enemies":"3 Shapes","floor":38,"turns":3},{"damage":22,"enemies":"Nemesis","floor":42,"turns":3},{"damage":0,"enemies":"Reptomancer","floor":44,"turns":4},{"damage":0,"enemies":"Spire Growth","floor":47,"turns":3},{"damage":0,"enemies":"Giant Head","floor":48,"turns":4},{"damage":32,"enemies":"Awakened One","floor":50,"turns":10}],"seed_played":"-2495295926900846280","potions_obtained":[{"floor":4.0,"key":"AttackPotion"},{"floor":5.0,"key":"SneckoOil"},{"floor":10.0,"key":"SteroidPotion"},{"floor":16.0,"key":"CultistPotion"},{"floor":24.0,"key":"SkillPotion"},{"floor":30.0,"key":"EssenceOfSteel"},{"floor":31.0,"key":"Weak Potion"},{"floor":33,"key":"FearPotion"},{"floor":37,"key":"GamblersBrew"},{"floor":44,"key":"SkillPotion"},{"floor":47,"key":"DistilledChaos"},{"floor":48,"key":"SkillPotion"}],"is_trial":false,"path_per_floor":["M","$","M","M","M","E","R","E","T","?","E","R","E","$","R","B",null,"M","?","?","$","?","R","E","M","T","R","M","E","?","M","R","B",null,"M","?","?","M","?","R","$","E","T","E","?","R","M","E","R","B",null],"character_chosen":"THE_SILENT","items_purchased":["Well Laid Plans","AttackPotion","Bag of Preparation","Deadly Poison","Letter Opener"],"campfire_rested":3,"item_purchase_floors":[2,2,14,14,41],"current_hp_per_floor":[70,70,63,63,51,36,57,51,51,47,46,46,51,51,51,51,77,73,57,57,57,57,57,43,43,43,66,66,59,57,59,59,35,87,86,78,51,55,55,55,55,35,35,37,37,67,71,73,73,41],"gold":410,"neow_bonus":"","is_daily":true,"chose_seed":false,"campfire_upgraded":6,"win_rate":0.0,"timestamp":1609579307,"path_taken":["M","$","M","?","M","E","R","E","T","?","E","R","E","$","R","BOSS","M","?","?","?","?","R","E","?","T","R","M","E","?","M","R","BOSS","M","?","?","M","?","R","$","E","T","E","?","R","M","E","R","BOSS"],"items_purchased_type":["Card","Potion","Relic","Card","Relic"],"build_version":"2020-12-18","purchased_purges":1,"victory":true,"max_hp_per_floor":[70,70,70,70,70,70,70,70,70,70,70,70,77,77,77,77,77,77,77,77,77,77,77,77,77,77,77,79,81,83,85,85,87,87,91,93,95,99,99,99,99,101,101,103,103,103,107,109,109,109],"card_choices":[{"not_picked":["Dagger Spray","Underhanded Strike"],"picked":"Setup","floor":1.0},{"not_picked":["Slice","Poisoned Stab"],"picked":"Escape Plan","floor":3.0},{"not_picked":["Bane","Backflip"],"picked":"Flying Knee","floor":4.0},{"not_picked":["Crippling Poison","Slice"],"picked":"Terror","floor":5.0},{"not_picked":["Unload","Grand Finale"],"picked":"Burst","floor":6.0},{"not_picked":["Burst","Night Terror"],"picked":"Storm of Steel","floor":8.0},{"not_picked":["Skewer","Acrobatics"],"picked":"Poisoned Stab","floor":10.0},{"not_picked":["Doppelganger","Phantasmal Killer","Venomology"],"picked":"SKIP","floor":11.0},{"not_picked":["A Thousand Cuts","Bullet Time"],"picked":"Glass Knife","floor":13.0},{"not_picked":["Night Terror","Doppelganger"],"picked":"Unload","floor":16.0},{"not_picked":["Blade Dance","Expertise"],"picked":"Reflex","floor":18.0},{"not_picked":["Slice","Bane"],"picked":"Crippling Poison","floor":18.0},{"not_picked":["Tools of the Trade","Burst"],"picked":"Unload","floor":24.0},{"not_picked":["Tactician","Predator"],"picked":"Calculated Gamble","floor":25.0},{"not_picked":["Flechettes","Accuracy","Endless Agony"],"picked":"SKIP","floor":25.0},{"not_picked":["Deflect","Blade Dance+1"],"picked":"Dash+1","floor":28.0},{"not_picked":["Deflect","Quick Slash","Backflip"],"picked":"Singing Bowl","floor":28.0},{"not_picked":["Phantasmal Killer","Tools of the Trade","Grand Finale"],"picked":"Singing Bowl","floor":29.0},{"not_picked":["Flying Knee","Blade Dance","Quick Slash"],"picked":"Singing Bowl","floor":30.0},{"not_picked":["Dodge and Roll","Dagger Spray"],"picked":"Poisoned Stab+1","floor":31.0},{"not_picked":["Deflect","Quick Slash","Poisoned Stab"],"picked":"Singing Bowl","floor":31.0},{"not_picked":["Night Terror","Unload","Die Die Die"],"picked":"Singing Bowl","floor":33},{"not_picked":["Dodge and Roll+1","Slice","Accuracy+1"],"picked":"Singing Bowl","floor":35},{"not_picked":["Sucker Punch+1","Underhanded Strike+1","Quick Slash"],"picked":"Singing Bowl","floor":35},{"not_picked":["Deep Breath","Forethought"],"picked":"The Bomb","floor":36},{"not_picked":["Sadistic Nature","Purity"],"picked":"Apotheosis","floor":36},{"not_picked":["PanicButton","Deep Breath","Madness"],"picked":"Singing Bowl","floor":36},{"not_picked":["Underhanded Strike+1","Acrobatics+1","Deflect+1"],"picked":"Singing Bowl","floor":37},{"not_picked":["Flechettes","Sucker Punch+1","Terror+1"],"picked":"Singing Bowl","floor":38},{"not_picked":["Poisoned Stab+1","Bane+1","Slice+1"],"picked":"Singing Bowl","floor":38},{"not_picked":["Bullet Time","Venomology","Unload"],"picked":"Singing Bowl","floor":42},{"not_picked":["Tools of the Trade","Bullet Time","A Thousand Cuts","Adrenaline"],"picked":"Singing Bowl","floor":44},{"not_picked":["Dagger Spray+1","Sucker Punch+1","Dash+1","Bane+1"],"picked":"Singing Bowl","floor":47},{"not_picked":["Bane+1","PiercingWail+1","Flying Knee","Outmaneuver"],"picked":"Singing Bowl","floor":47},{"not_picked":["Venomology","Burst","Bullet Time","Phantasmal Killer"],"picked":"Singing Bowl","floor":48}],"player_experience":2547891,"relics_obtained":[{"floor":6.0,"key":"Prayer Wheel"},{"floor":8.0,"key":"PreservedInsect"},{"floor":9.0,"key":"Orichalcum"},{"floor":10.0,"key":"Odd Mushroom"},{"floor":11.0,"key":"Snake Skull"},{"floor":13.0,"key":"Strawberry"},{"floor":19.0,"key":"Nilry\u0027s Codex"},{"floor":24.0,"key":"Potion Belt"},{"floor":26.0,"key":"Singing Bowl"},{"floor":29.0,"key":"White Beast Statue"},{"floor":30.0,"key":"Red Mask"},{"floor":37,"key":"Lizard Tail"},{"floor":42,"key":"Question Card"},{"floor":43,"key":"TungstenRod"},{"floor":44,"key":"Juzu Bracelet"},{"floor":48,"key":"Shuriken"}],"event_choices":[{"damage_healed":0.0,"max_hp_gain":0.0,"max_hp_loss":0.0,"gold_gain":0.0,"event_name":"Mushrooms","player_choice":"Fought Mushrooms","floor":10.0,"gold_loss":0.0,"damage_taken":0.0},{"damage_healed":0.0,"max_hp_gain":0.0,"max_hp_loss":0.0,"gold_gain":0.0,"event_name":"Cursed Tome","player_choice":"Obtained Book","floor":19.0,"gold_loss":0.0,"damage_taken":16.0},{"damage_healed":0.0,"max_hp_gain":0.0,"max_hp_loss":0.0,"gold_gain":0.0,"event_name":"Addict","player_choice":"Stole Relic","floor":20.0,"gold_loss":0.0,"damage_taken":0.0,"relics_obtained":["Pen Nib"],"cards_obtained":["Shame"]},{"cards_removed":["Escape Plan"],"damage_healed":0.0,"max_hp_gain":0.0,"max_hp_loss":0.0,"gold_gain":0.0,"event_name":"WeMeetAgain","player_choice":"Gave Card","floor":22.0,"gold_loss":0.0,"damage_taken":0.0,"relics_obtained":["Happy Flower"]},{"damage_healed":0.0,"max_hp_gain":0.0,"max_hp_loss":0.0,"gold_gain":0.0,"event_name":"Masked Bandits","player_choice":"Fought Bandits","floor":30.0,"gold_loss":0.0,"damage_taken":0.0},{"damage_healed":0,"gold_gain":0,"player_choice":"Memory 3","damage_taken":10,"max_hp_gain":0,"max_hp_loss":0,"event_name":"SensoryStone","floor":36,"gold_loss":0},{"damage_healed":0,"gold_gain":0,"player_choice":"Fight","damage_taken":0,"max_hp_gain":0,"max_hp_loss":0,"event_name":"Mysterious Sphere","floor":37,"gold_loss":0},{"damage_healed":0,"gold_gain":0,"cards_transformed":["After Image"],"player_choice":"Transformed","damage_taken":0,"max_hp_gain":0,"max_hp_loss":0,"event_name":"Transmorgrifier","floor":39,"gold_loss":0,"cards_obtained":["PiercingWail"]},{"damage_healed":0,"gold_gain":222,"player_choice":"Wore Mask","damage_taken":0,"max_hp_gain":0,"max_hp_loss":0,"event_name":"Tomb of Lord Red Mask","floor":45,"gold_loss":0}],"is_beta":true,"boss_relics":[{"not_picked":["Velvet Choker","Coffee Dripper"],"picked":"Snecko Eye"},{"not_picked":["Sozu","Empty Cage"],"picked":"SacredBark"}],"items_purged_floors":[21],"is_endless":false,"potions_floor_spawned":[3,4,5,10,16,24,30,31,33,35,37,38,42,44,47,48],"ascension_level":0}}