{"host":"novohdx135h0xyrr","time":1609607177,"event":{"mods":["BaseMod","Colored Map","Colored Powertips","Highlight Path","Minty Spire (QoL Compilation)"],"gold_per_floor":[114,64,17,17,33,64,64,108,108,124,124,145,145,145,145,273,273,298,223,243,258,258,258,291,330,330,330,345,345,379,279,279,409,409,432,432,228,228,253,253,276,316,342,342,382,398,398,412,412,412,412],"floor_reached":50,"playtime":3419,"items_purged":["Strike_P","Strike_P","Defend_P"],"score":736,"play_id":"c51d4b56-d071-437a-8956-bf826fd6f1c5","local_time":"20210102090617","is_ascension_mode":true,"campfire_choices":[{"floor":7,"key":"REST"},{"data":"SignatureMove","floor":11,"key":"SMITH"},{"data":"Halt","floor":13,"key":"SMITH"},{"floor":15,"key":"REST"},{"data":"Eruption","floor":23,"key":"SMITH"},{"data":"Halt","floor":27,"key":"SMITH"},{"data":"Meditate","floor":29,"key":"SMITH"},{"floor":32,"key":"DIG"},{"floor":40,"key":"DIG"},{"floor":44,"key":"RECALL"},{"floor":49,"key":"DIG"}],"circlet_count":0,"master_deck":["Eruption+1","Vigilance","Vengeance","Halt+1","Meditate+1","SignatureMove+1","Halt+1","Vault+1","InnerPeace+1","Adaptation+1","PathToVictory+1"],"relics":["PureWater","Golden Idol","Mango","Matryoshka","Yang","HornCleat","Runic Dome","Bird Faced Urn","Red Mask","Damaru","Shovel","Toxic Egg 2","Velvet Choker","Centennial Puzzle","TungstenRod","Strawberry","Molten Egg 2","Oddly Smooth Stone"],"acts_visited":["Exordium","TheCity","TheBeyond"],"potions_floor_usage":[12,16,45,50],"damage_taken":[{"damage":0,"enemies":"Small Slimes","floor":1,"turns":5},{"damage":4,"enemies":"Jaw Worm","floor":5,"turns":3},{"damage":22,"enemies":"Lagavulin","floor":6,"turns":6},{"damage":12,"enemies":"Gremlin Nob","floor":8,"turns":3},{"damage":0,"enemies":"2 Louse","floor":10,"turns":2},{"damage":14,"enemies":"Gremlin Gang","floor":12,"turns":3},{"damage":6,"enemies":"The Guardian","floor":16,"turns":5},{"damage":0,"enemies":"Spheric Guardian","floor":18,"turns":2},{"damage":14,"enemies":"2 Thieves","floor":20,"turns":3},{"damage":0,"enemies":"Cultist and Chosen","floor":21,"turns":3},{"damage":0,"enemies":"Book of Stabbing","floor":24,"turns":4},{"damage":10,"enemies":"Masked Bandits","floor":25,"turns":5},{"damage":0,"enemies":"Snake Plant","floor":28,"turns":2},{"damage":2,"enemies":"Slavers","floor":30,"turns":5},{"damage":0,"enemies":"Champ","floor":33,"turns":7},{"damage":0,"enemies":"Orb Walker","floor":35,"turns":3},{"damage":0,"enemies":"3 Shapes","floor":39,"turns":3},{"damage":14,"enemies":"Sphere and 2 Shapes","floor":41,"turns":4},{"damage":0,"enemies":"Nemesis","floor":42,"turns":6},{"damage":35,"enemies":"Reptomancer","floor":45,"turns":5},{"damage":0,"enemies":"Spire Growth","floor":46,"turns":3},{"damage":0,"enemies":"Jaw Worm Horde","floor":48,"turns":3},{"damage":65,"enemies":"Time Eater","floor":50,"turns":4}],"seed_played":"-2130065236668431692","potions_obtained":[{"floor":8,"key":"Regen Potion"},{"floor":10,"key":"BlessingOfTheForge"},{"floor":16,"key":"SteroidPotion"},{"floor":21,"key":"FairyPotion"},{"floor":25,"key":"Dexterity Potion"},{"floor":30,"key":"ColorlessPotion"},{"floor":42,"key":"DistilledChaos"},{"floor":48,"key":"Regen Potion"}],"is_trial":false,"path_per_floor":["M","?","$","?","M","E","R","E","T","M","R","M","R","?","R","B",null,"M","$","M","M","?","R","E","?","T","R","M","R","E","$","R","B",null,"M","?","$","?","M","R","M","E","T","R","E","M","?","M","R","B"],"character_chosen":"WATCHER","items_purchased":["Halt","InnerPeace+1"],"campfire_rested":2,"item_purchase_floors":[3,37],"current_hp_per_floor":[51,51,51,33,29,21,46,34,34,34,34,29,29,29,54,48,86,86,86,72,72,72,72,72,62,62,62,62,62,60,60,60,60,86,86,86,86,86,86,86,72,72,79,79,44,46,46,48,48,0,0],"gold":412,"neow_bonus":"REMOVE_TWO","is_daily":false,"chose_seed":false,"campfire_upgraded":5,"win_rate":0.0,"timestamp":1609607177,"path_taken":["M","?","$","?","?","E","R","E","T","M","R","M","R","?","R","BOSS","M","$","M","M","?","R","E","?","T","R","?","R","E","$","R","BOSS","M","?","$","?","?","R","M","E","T","R","E","M","?","M","R","BOSS"],"items_purchased_type":["Card","Card"],"build_version":"2020-12-22","purchased_purges":3,"victory":false,"max_hp_per_floor":[72,72,72,72,72,86,86,86,86,86,86,86,86,86,86,86,86,86,86,86,86,86,86,86,86,86,86,86,86,86,86,86,86,86,86,86,86,86,86,86,86,86,93,93,93,93,93,93,93,93,93],"card_choices":[{"not_picked":["Protect","Indignation"],"picked":"Vengeance","floor":1},{"not_picked":["Sanctity","Fasting2"],"picked":"Meditate","floor":5},{"not_picked":["Collect","EmptyBody"],"picked":"SignatureMove","floor":6},{"not_picked":["WheelKick","Worship","BowlingBash"],"picked":"SKIP","floor":8},{"not_picked":["CutThroughFate","BattleHymn","Evaluate"],"picked":"SKIP","floor":10},{"not_picked":["ClearTheMind","SashWhip","Pray"],"picked":"SKIP","floor":12},{"not_picked":["Weave+1","Meditate","Wallop+1"],"picked":"SKIP","floor":18},{"not_picked":["FlurryOfBlows","Wireheading"],"picked":"Halt","floor":20},{"not_picked":["WreathOfFlame+1","Protect","MentalFortress"],"picked":"SKIP","floor":21},{"not_picked":["Prostrate","FlyingSleeves","EmptyFist"],"picked":"SKIP","floor":24},{"not_picked":["CutThroughFate","BowlingBash","MentalFortress+1"],"picked":"SKIP","floor":28},{"not_picked":["ForeignInfluence","TalkToTheHand","CrushJoints"],"picked":"SKIP","floor":30},{"not_picked":["ConjureBlade+1","Establishment"],"picked":"Vault+1","floor":33},{"not_picked":["ClearTheMind+1","Fasting2+1","EmptyFist+1"],"picked":"SKIP","floor":35},{"not_picked":["EmptyFist+1","CrushJoints","Sanctity+1"],"picked":"SKIP","floor":39},{"not_picked":["JustLucky+1","PathToVictory+1","Nirvana+1"],"picked":"SKIP","floor":41},{"not_picked":["Nirvana+1","Worship+1","LikeWater+1"],"picked":"SKIP","floor":42},{"not_picked":["Ragnarok+1","ThirdEye+1"],"picked":"Adaptation+1","floor":45},{"not_picked":["Consecrate+1","BowlingBash+1"],"picked":"PathToVictory+1","floor":46},{"not_picked":["ClearTheMind+1","Wish+1","Pray+1"],"picked":"SKIP","floor":48}],"player_experience":179868,"relics_obtained":[{"floor":6,"key":"Mango"},{"floor":8,"key":"Matryoshka"},{"floor":9,"key":"Yang"},{"floor":9,"key":"HornCleat"},{"floor":24,"key":"Bird Faced Urn"},{"floor":25,"key":"Red Mask"},{"floor":26,"key":"Damaru"},{"floor":30,"key":"Shovel"},{"floor":32,"key":"Toxic Egg 2"},{"floor":40,"key":"Centennial Puzzle"},{"floor":42,"key":"TungstenRod"},{"floor":43,"key":"Strawberry"},{"floor":45,"key":"Molten Egg 2"},{"floor":49,"key":"Oddly Smooth Stone"}],"event_choices":[{"cards_removed":["Defend_P"],"damage_healed":0,"gold_gain":0,"player_choice":"Card Removal","damage_taken":0,"max_hp_gain":0,"max_hp_loss":0,"event_name":"The Cleric","floor":2,"gold_loss":50},{"damage_healed":0,"gold_gain":0,"player_choice":"Take Damage","damage_taken":18,"relics_obtained":["Golden Idol"],"max_hp_gain":0,"max_hp_loss":0,"event_name":"Golden Idol","floor":4,"gold_loss":0},{"cards_removed":["Strike_P"],"damage_healed":0,"gold_gain":0,"player_choice":"Forget","damage_taken":0,"max_hp_gain":0,"max_hp_loss":0,"event_name":"Living Wall","floor":14,"gold_loss":0},{"damage_healed":0,"gold_gain":0,"player_choice":"Ignored","damage_taken":0,"max_hp_gain":0,"max_hp_loss":0,"event_name":"Vampires","floor":22,"gold_loss":0},{"damage_healed":0,"gold_gain":0,"player_choice":"Fought Bandits","damage_taken":0,"max_hp_gain":0,"max_hp_loss":0,"event_name":"Masked Bandits","floor":25,"gold_loss":0},{"damage_healed":0,"gold_gain":0,"player_choice":"Memory 1","damage_taken":0,"max_hp_gain":0,"max_hp_loss":0,"event_name":"SensoryStone","floor":36,"gold_loss":0},{"cards_removed":["Defend_P"],"damage_healed":0,"gold_gain":0,"player_choice":"Card Removal","damage_taken":0,"max_hp_gain":0,"max_hp_loss":0,"event_name":"Wheel of Change","floor":38,"gold_loss":0},{"damage_healed":0,"gold_gain":0,"player_choice":"Ignored","damage_taken":0,"max_hp_gain":0,"max_hp_loss":0,"event_name":"Tomb of Lord Red Mask","floor":47,"gold_loss":0}],"is_beta":false,"boss_relics":[{"not_picked":["Cursed Key","Runic Pyramid"],"picked":"Runic Dome"},{"not_picked":["Calling Bell","Philosopher\u0027s Stone"],"picked":"Velvet Choker"}],"items_purged_floors":[19,31,37],"is_endless":false,"potions_floor_spawned":[8,10,16,21,25,30,42,48],"killed_by":"Time Eater","ascension_level":2}}