{"host":"rxpu8tqu58sn7qk5","time":1609548361,"event":{"mods":["BaseMod","Colored Map","Colored Powertips","Downfall","Hubris","Minty Spire (QoL Compilation)","Replay The Spire","StSLib"],"gold_per_floor":[217,217,217,107,170,170,204,204,204,220,156,173,173,223,223,321,321,335,385,398,418,110,110,172,172,195,245,278,328,397,397,397],"floor_reached":31,"playtime":1449,"items_purged":[],"score":251,"play_id":"3a29b23f-2be5-494d-908c-ba9370c6eddc","local_time":"20210101194601","is_ascension_mode":false,"campfire_choices":[{"data":"Fire Breathing","floor":6,"key":"SMITH"},{"data":"Fire Breathing","floor":8,"key":"SMITH"},{"data":"Armaments","floor":13,"key":"SMITH"},{"floor":15,"key":"DIG"},{"floor":23,"key":"REST"},{"data":"Fire Breathing","floor":25,"key":"SMITH"}],"circlet_count":0,"master_deck":["Strike_R","Strike_R","Strike_R","Strike_R","Strike_R","Defend_R","Defend_R","Defend_R","Defend_R","Bash","Body Slam","Thunderclap","Fire Breathing+1","Fire Breathing+1","Wild Strike","Flex","Armaments+1","Juggernaut+1","Carnage","Regret","Reaper","Cleave","RitualDagger","Fire Breathing+1","Reckless Charge","Abandon","Slimebound:CheckThePlaybook","Slimebound:Icky","Pommel Strike+1","Deep Breath","Replay:Undeath\u0027s Touch","Twin Strike"],"relics":["Burning Blood","SsserpentHead","Vajra","hubris:CrystalStatue","Replay:Baseball","Replay:Wax Seal","Sozu","Lantern","Orichalcum","Ornamental Fan"],"acts_visited":["Exordium","TheCity"],"potions_floor_usage":[16,18,28],"damage_taken":[{"damage":5,"enemies":"Cultist","floor":1,"turns":4},{"damage":5,"enemies":"Small Slimes","floor":5,"turns":4},{"damage":36,"enemies":"Gremlin Nob","floor":7,"turns":5},{"damage":1,"enemies":"Jaw Worm","floor":10,"turns":2},{"damage":8,"enemies":"Red Slaver","floor":12,"turns":2},{"damage":17,"enemies":"Fading Forest","floor":16,"turns":11},{"damage":6,"enemies":"Spheric Guardian","floor":18,"turns":3},{"damage":34,"enemies":"3 Byrds","floor":20,"turns":4},{"damage":34,"enemies":"Cultist and Chosen","floor":24,"turns":5},{"damage":24,"enemies":"Slavers","floor":28,"turns":5},{"damage":50,"enemies":"Shelled Parasite and Fungi","floor":30,"turns":4},{"damage":10,"enemies":"Replay:Snechameleon","floor":31,"turns":1}],"seed_played":"8047138403488658453","potions_obtained":[{"floor":10,"key":"Regen Potion"},{"floor":12,"key":"SneckoOil"},{"floor":16,"key":"Languid Potion"}],"is_trial":false,"path_per_floor":["M","$","?","$","M","R","E","R","T","M","$","M","R","?","R_BF","B",null,"M","?","M","?","$","R","M","R","T","?","E","?","M","E"],"character_chosen":"IRONCLAD","items_purchased":["Thunderclap","Fire Breathing","Juggernaut+1","Fire Breathing","Reckless Charge","Lantern"],"campfire_rested":1,"item_purchase_floors":[4,4,11,22,22,22],"current_hp_per_floor":[80,80,80,80,80,80,50,50,50,55,55,53,53,53,53,57,80,80,74,46,46,46,70,52,52,52,52,48,48,9,0,0],"gold":397,"neow_bonus":"HUNDRED_GOLD","is_daily":false,"chose_seed":false,"campfire_upgraded":4,"win_rate":0.0,"timestamp":1609548361,"path_taken":["M","?","?","$","?","R","E","R","T","M","?","M","R","?","R_BF","BOSS","M","?","M","?","$","R","?","R","T","?","E","?","?","E"],"items_purchased_type":["Card","Card","Card","Card","Card","Relic"],"build_version":"2020-12-22","purchased_purges":0,"victory":false,"max_hp_per_floor":[80,80,80,80,80,80,80,80,80,80,80,80,80,80,80,80,80,80,80,80,80,80,80,80,80,80,80,80,80,80,80,80],"card_choices":[{"not_picked":["Headbutt","ReplayTheSpireMod:Strike From Hell"],"picked":"Body Slam","floor":1},{"not_picked":["ReplayTheSpireMod:Strike From Hell","Blood for Blood"],"picked":"Wild Strike","floor":5},{"not_picked":["Rage","Rupture"],"picked":"Flex","floor":7},{"not_picked":["Dark Embrace","Pommel Strike"],"picked":"Armaments","floor":10},{"not_picked":["Thunderclap","Clothesline"],"picked":"Carnage","floor":12},{"not_picked":["Exhume","Eclipse"],"picked":"Reaper","floor":16},{"not_picked":["Flex","Thunderclap"],"picked":"Cleave","floor":18},{"not_picked":["ReplayTheSpireMod:Corrosion Curse+1","Headbutt","Second Wind"],"picked":"SKIP","floor":20},{"not_picked":["Blood for Blood","Perfected Strike+1"],"picked":"Abandon","floor":24},{"not_picked":["Whirlwind+1","Shrug It Off"],"picked":"Pommel Strike+1","floor":28},{"not_picked":["Warcry+1","ReplayTheSpireMod:Strike From Hell"],"picked":"Twin Strike","floor":30}],"player_experience":116412,"relics_obtained":[{"floor":7,"key":"Vajra"},{"floor":9,"key":"hubris:CrystalStatue"},{"floor":15,"key":"Replay:Wax Seal"},{"floor":26,"key":"Orichalcum"},{"floor":28,"key":"Ornamental Fan"}],"event_choices":[{"damage_healed":0,"gold_gain":0,"player_choice":"Trade","damage_taken":0,"relics_obtained":["SsserpentHead"],"max_hp_gain":0,"max_hp_loss":0,"event_name":"FaceTrader","floor":3,"gold_loss":0},{"damage_healed":0,"gold_gain":0,"player_choice":"Box","damage_taken":0,"relics_obtained":["Replay:Baseball"],"max_hp_gain":0,"max_hp_loss":0,"event_name":"Big Fish","floor":14,"gold_loss":0,"cards_obtained":["Regret"]},{"damage_healed":0,"gold_gain":0,"player_choice":"Joined the Cult","damage_taken":6,"max_hp_gain":0,"max_hp_loss":0,"event_name":"Nest","floor":19,"gold_loss":0,"cards_obtained":["RitualDagger"]},{"damage_healed":0,"gold_gain":0,"player_choice":"Bought 2 Potions","damage_taken":0,"max_hp_gain":0,"max_hp_loss":0,"event_name":"The Woman in Blue","floor":21,"gold_loss":0},{"damage_healed":0,"gold_gain":0,"player_choice":"2 cards matched","damage_taken":0,"max_hp_gain":0,"max_hp_loss":0,"event_name":"Match and Keep!","floor":29,"gold_loss":0,"cards_obtained":["Deep Breath","Replay:Undeath\u0027s Touch"]}],"is_beta":false,"boss_relics":[{"not_picked":["Painkiller Herb","Replay:Grab Bag"],"picked":"Sozu"}],"items_purged_floors":[],"is_endless":false,"potions_floor_spawned":[10,12,16,24,28],"killed_by":"Replay:Snechameleon","ascension_level":0}}