{"host":"1u4zr9vl8my47i07","time":1609576770,"event":{"mods":["AchievementEnabler","BaseMod","BetterRewards","DeckTracker","Filter the Spire","Highlight Path","Keyboard Shortcuts","Minty Spire (QoL Compilation)","Relic Stats","StSLib","SuperFastMode","The Animator","Uncapped","everything is the same but u backflip on backflip"],"gold_per_floor":[112,112,112,135,160,160,193,193,193,193,206,156,174,197,197,318,318,334,334,355,116,116,116,150,150,176,213,239,270,297,309,321,430,442,469,491,503,188,75,102,102,137,137,170,170,170,30,30,30,30,30,30,5,39,39],"floor_reached":56,"playtime":3684,"items_purged":["Strike_B","Strike_B","Defend_B","Reinforced Body"],"score":1689,"play_id":"68e7cbc5-a3fa-438e-8e41-2b0a47eb7699","local_time":"20210102173930","is_ascension_mode":true,"campfire_choices":[{"data":"Zap","floor":6.0,"key":"SMITH"},{"data":"Redo","floor":8.0,"key":"SMITH"},{"data":"Dualcast","floor":10.0,"key":"SMITH"},{"floor":15.0,"key":"REST"},{"data":"Buffer","floor":23.0,"key":"SMITH"},{"data":"Tempest","floor":25.0,"key":"SMITH"},{"data":"Defragment","floor":32.0,"key":"SMITH"},{"data":"Chaos","floor":41.0,"key":"SMITH"},{"data":"Loop","floor":45.0,"key":"SMITH"},{"data":"Lockon","floor":46.0,"key":"SMITH"},{"floor":49.0,"key":"RECALL"},{"data":"Double Energy","floor":52.0,"key":"SMITH"}],"circlet_count":0,"master_deck":["Defend_B","Defend_B","Zap+1","Dualcast+1","Cold Snap","Redo+1","Leap","Coolheaded","White Noise","Defragment+1","Tempest+1","Buffer+1","Ball Lightning","Necronomicurse","FTL+1","Chill","Conserve Battery","Self Repair","Darkness","Blizzard","Thunder Strike","Compile Driver+1","Reinforced Body","Loop+1","Chaos+1","Lockon+1","Double Energy+1","Go for the Eyes","Skim+1"],"relics":["Cracked Core","DataDisk","Bloody Idol","Blue Candle","Eternal Feather","Coffee Dripper","Necronomicon","Membership Card","Mummified Hand","MawBank","Letter Opener","Runic Pyramid","Runic Capacitor","WingedGreaves","Frozen Eye","Pen Nib","Dead Branch","Frozen Egg 2","Strawberry","Vajra","Lizard Tail"],"acts_visited":["Exordium","TheCity","TheBeyond","TheEnding"],"potions_floor_usage":[54,55],"damage_taken":[{"damage":10.0,"enemies":"2 Louse","floor":1.0,"turns":3.0},{"damage":2.0,"enemies":"Jaw Worm","floor":4.0,"turns":3.0},{"damage":0.0,"enemies":"Cultist","floor":5.0,"turns":3.0},{"damage":11.0,"enemies":"3 Sentries","floor":7.0,"turns":7.0},{"damage":0.0,"enemies":"Looter","floor":11.0,"turns":3.0},{"damage":14.0,"enemies":"Lots of Slimes","floor":13.0,"turns":5.0},{"damage":5.0,"enemies":"3 Louse","floor":14.0,"turns":3.0},{"damage":0.0,"enemies":"Slime Boss","floor":16.0,"turns":7.0},{"damage":7.0,"enemies":"3 Byrds","floor":18.0,"turns":3.0},{"damage":7.0,"enemies":"Shell Parasite","floor":20.0,"turns":5.0},{"damage":0.0,"enemies":"Book of Stabbing","floor":24.0,"turns":6.0},{"damage":23.0,"enemies":"Slavers","floor":27.0,"turns":7.0},{"damage":0.0,"enemies":"Snecko","floor":28.0,"turns":3.0},{"damage":3.0,"enemies":"Centurion and Healer","floor":29.0,"turns":3.0},{"damage":7.0,"enemies":"Snake Plant","floor":30.0,"turns":3.0},{"damage":12.0,"enemies":"Automaton","floor":33.0,"turns":8.0},{"damage":3.0,"enemies":"Orb Walker","floor":35.0,"turns":3.0},{"damage":0.0,"enemies":"3 Darklings","floor":36.0,"turns":4.0},{"damage":57.0,"enemies":"Reptomancer","floor":40.0,"turns":5.0},{"damage":1.0,"enemies":"Nemesis","floor":42.0,"turns":5.0},{"damage":10.0,"enemies":"Giant Head","floor":44.0,"turns":7.0},{"damage":0.0,"enemies":"Awakened One","floor":50.0,"turns":8.0},{"damage":21,"enemies":"Shield and Spear","floor":54,"turns":5},{"damage":107,"enemies":"The Heart","floor":55,"turns":8}],"seed_played":"-5708463814303006745","potions_obtained":[{"floor":4.0,"key":"ColorlessPotion"},{"floor":7.0,"key":"EssenceOfSteel"},{"floor":14.0,"key":"Block Potion"},{"floor":28.0,"key":"FocusPotion"},{"floor":29.0,"key":"AttackPotion"},{"floor":30.0,"key":"GamblersBrew"},{"floor":33.0,"key":"Regen Potion"},{"floor":36.0,"key":"Energy Potion"},{"floor":42.0,"key":"ColorlessPotion"}],"is_trial":false,"path_per_floor":["M","?","?","M","M","R","E","R","T","R","M","?","M","M","R","B",null,"M","?","M","$","?","R","E","R","T","E","M","M","M","T","R","B",null,"M","M","?","$","$","E","R","E","T","E","R","R","$","?","R","B",null,"R","$","E","B",null],"character_chosen":"DEFECT","items_purchased":["DataDisk","EntropicBrew","Membership Card","Chill","Conserve Battery","Runic Capacitor","Loop","WingedGreaves","Chaos","Frozen Eye","Double Energy","FocusPotion","Go for the Eyes"],"campfire_rested":1,"item_purchase_floors":[0,0,21,21,21,38,38,38,39,39,47,47,53],"current_hp_per_floor":[65,47,47,45,45,45,34,34,34,40,40,40,26,21,52,52,69,62,46,39,39,39,51,56,68,73,57,67,75,75,75,75,75,75,75,75,75,75,75,35,50,61,61,70,82,82,82,82,82,82,82,82,82,73,17],"gold":39,"neow_bonus":"","is_daily":false,"chose_seed":false,"campfire_upgraded":10,"win_rate":0.0,"timestamp":1609576770,"path_taken":["M","?","?","M","M","R","E","R","T","R","M","?","?","M","R","BOSS","M","?","M","$","?","R","E","R","T","E","?","M","M","?","R","BOSS","M","M","?","?","$","E","R","E","T","E","R","R","$","?","R","BOSS","R","$","E","BOSS"],"items_purchased_type":["Relic","Potion","Relic","Card","Card","Relic","Card","Relic","Card","Relic","Card","Potion","Card"],"build_version":"2020-12-22","purchased_purges":4,"victory":true,"max_hp_per_floor":[75,75,75,75,75,75,75,75,75,75,75,75,75,75,75,75,75,75,75,75,75,75,75,75,75,75,75,75,75,75,75,75,75,75,75,75,75,75,75,75,75,75,75,82,82,82,82,82,82,82,82,82,82,82,82],"relic_stats":{"Lizard Tail":41,"counters":[90,408],"Mummified Hand":[102],"Bloody Idol":60,"Blue Candle":[10],"Dead Branch":[350],"Eternal Feather":66,"Pen Nib":[7],"Necronomicon":[8],"Letter Opener":[285],"MawBank":144,"obtain_stats":[{"Vajra":54,"Runic Capacitor":38,"Ginger":14,"Whetstone":45,"Bottled Tornado":42,"Centennial Puzzle":12,"Lizard Tail":0,"Strawberry":44,"MealTicket":7,"Necronomicon":19,"Pear":44,"Astrolabe":17,"Blue Candle":20,"Dead Branch":30,"Velvet Choker":17,"Eternal Feather":11,"Pen Nib":40,"Letter Opener":27,"Question Card":45,"Du-Vu Doll":0,"OrangePellets":12,"Bottled Flame":8,"Black Star":34,"StrikeDummy":9,"Unceasing Top":39,"Meat on the Bone":48,"Pocketwatch":0,"Torii":48,"Mango":46,"Bag of Preparation":43,"Smiling Mask":27,"Empty Cage":17,"Burning Blood":0,"Frozen Eye":39,"Dream Catcher":48,"Nunchaku":54,"Mummified Hand":24,"WingedGreaves":38,"Red Mask":37,"Chemical X":0,"Cracked Core":0,"Red Skull":11,"Paper Frog":3,"Runic Pyramid":34,"Golden Idol":2,"Circlet":17,"Orichalcum":8,"Frozen Egg 2":43,"Medical Kit":19,"MawBank":26,"White Beast Statue":29,"Strange Spoon":38,"DataDisk":0,"Ornamental Fan":40,"Bloody Idol":22,"Orrery":30,"Turnip":26,"Art of War":40,"Coffee Dripper":17,"Bottled Lightning":12,"Membership Card":21,"Toy Ornithopter":43},{"Vajra":40,"Runic Capacitor":84,"Ginger":5,"Whetstone":60,"Bottled Tornado":58,"Centennial Puzzle":4,"Lizard Tail":41,"Strawberry":87,"MealTicket":3,"Necronomicon":75,"Pear":34,"Astrolabe":20,"Blue Candle":49,"Dead Branch":52,"Velvet Choker":6,"Eternal Feather":18,"Pen Nib":85,"Letter Opener":78,"Question Card":60,"Du-Vu Doll":0,"OrangePellets":46,"Bottled Flame":45,"Black Star":53,"StrikeDummy":3,"Unceasing Top":33,"Meat on the Bone":38,"Pocketwatch":41,"Torii":63,"Mango":61,"Bag of Preparation":34,"Smiling Mask":27,"Empty Cage":48,"Burning Blood":0,"Frozen Eye":84,"Dream Catcher":63,"Nunchaku":65,"Mummified Hand":77,"WingedGreaves":84,"Red Mask":54,"Chemical X":10,"Cracked Core":0,"Red Skull":46,"Paper Frog":1,"Runic Pyramid":82,"Golden Idol":67,"Circlet":48,"Orichalcum":17,"Frozen Egg 2":86,"Medical Kit":7,"MawBank":77,"White Beast Statue":29,"Strange Spoon":32,"DataDisk":66,"Ornamental Fan":57,"Bloody Idol":76,"Orrery":29,"Turnip":26,"Art of War":57,"Coffee Dripper":74,"Bottled Lightning":18,"Membership Card":76,"Toy Ornithopter":58},{"Vajra":177,"Runic Capacitor":370,"Ginger":28,"Whetstone":269,"Bottled Tornado":265,"Centennial Puzzle":24,"Lizard Tail":179,"Strawberry":387,"MealTicket":16,"Necronomicon":328,"Pear":156,"Astrolabe":102,"Blue Candle":218,"Dead Branch":229,"Velvet Choker":39,"Eternal Feather":94,"Pen Nib":375,"Letter Opener":346,"Question Card":269,"Du-Vu Doll":0,"OrangePellets":203,"Bottled Flame":194,"Black Star":242,"StrikeDummy":16,"Unceasing Top":154,"Meat on the Bone":168,"Pocketwatch":179,"Torii":279,"Mango":271,"Bag of Preparation":156,"Smiling Mask":136,"Empty Cage":212,"Burning Blood":0,"Frozen Eye":370,"Dream Catcher":279,"Nunchaku":285,"Mummified Hand":339,"WingedGreaves":370,"Red Mask":249,"Chemical X":61,"Cracked Core":0,"Red Skull":203,"Paper Frog":3,"Runic Pyramid":363,"Golden Idol":294,"Circlet":212,"Orichalcum":85,"Frozen Egg 2":380,"Medical Kit":44,"MawBank":339,"White Beast Statue":141,"Strange Spoon":151,"DataDisk":291,"Ornamental Fan":264,"Bloody Idol":333,"Orrery":141,"Turnip":130,"Art of War":264,"Coffee Dripper":325,"Bottled Lightning":94,"Membership Card":333,"Toy Ornithopter":265}]},"card_choices":[{"not_picked":["Self Repair","Hologram"],"picked":"Cold Snap","floor":1.0},{"not_picked":["Skim","Streamline"],"picked":"Redo","floor":4.0},{"not_picked":["Stack","Cold Snap"],"picked":"Leap","floor":5.0},{"not_picked":["Steam Power","Hologram"],"picked":"Coolheaded","floor":7.0},{"not_picked":["Sunder","Blizzard"],"picked":"White Noise","floor":11.0},{"not_picked":["Barrage","Rainbow"],"picked":"Defragment","floor":13.0},{"not_picked":["Rebound","Aggregate"],"picked":"Tempest","floor":14.0},{"not_picked":["Biased Cognition","Creative AI"],"picked":"Buffer","floor":16.0},{"not_picked":["Barrage","Go for the Eyes"],"picked":"Ball Lightning","floor":18.0},{"not_picked":["Rebound","Reinforced Body"],"picked":"FTL+1","floor":20.0},{"not_picked":["Stack","Barrage","Cold Snap"],"picked":"SKIP","floor":24.0},{"not_picked":["Undo+1","Hologram+1"],"picked":"Self Repair","floor":27.0},{"not_picked":["All For One","Static Discharge","Steam"],"picked":"SKIP","floor":28.0},{"not_picked":["Turbo+1","Compile Driver+1"],"picked":"Darkness","floor":29.0},{"not_picked":["Reprogram+1","Steam"],"picked":"Blizzard","floor":30.0},{"not_picked":["All For One","Fission"],"picked":"Thunder Strike","floor":33.0},{"not_picked":["Barrage+1","Steam"],"picked":"Compile Driver+1","floor":35.0},{"not_picked":["FTL+1","Aggregate"],"picked":"Reinforced Body","floor":36.0},{"not_picked":["Compile Driver+1","Barrage"],"picked":"Lockon","floor":40.0},{"not_picked":["Leap","Conserve Battery+1","Redo+1"],"picked":"SKIP","floor":42.0},{"not_picked":["Machine Learning+1","Ball Lightning","Sunder"],"picked":"SKIP","floor":44.0},{"not_picked":["Chaos","Beam Cell+1"],"picked":"Skim+1","floor":54}],"player_experience":246559,"relics_obtained":[{"floor":7.0,"key":"Blue Candle"},{"floor":9.0,"key":"Eternal Feather"},{"floor":19.0,"key":"Necronomicon"},{"floor":24.0,"key":"Mummified Hand"},{"floor":26.0,"key":"MawBank"},{"floor":27.0,"key":"Letter Opener"},{"floor":40.0,"key":"Pen Nib"},{"floor":42.0,"key":"Dead Branch"},{"floor":43.0,"key":"Frozen Egg 2"},{"floor":44.0,"key":"Strawberry"},{"floor":54,"key":"Vajra"}],"event_choices":[{"damage_healed":0.0,"max_hp_gain":0.0,"max_hp_loss":0.0,"gold_gain":0.0,"event_name":"Golden Idol","player_choice":"Take Damage","floor":2.0,"gold_loss":0.0,"damage_taken":18.0,"relics_obtained":["Golden Idol"]},{"damage_healed":0.0,"max_hp_gain":0.0,"max_hp_loss":0.0,"gold_gain":0.0,"event_name":"Shining Light","player_choice":"Ignored","floor":3.0,"gold_loss":0.0,"damage_taken":0.0},{"cards_removed":["Strike_B"],"damage_healed":0.0,"max_hp_gain":0.0,"max_hp_loss":0.0,"gold_gain":0.0,"event_name":"The Cleric","player_choice":"Card Removal","floor":12.0,"gold_loss":50.0,"damage_taken":0.0},{"damage_healed":0.0,"max_hp_gain":0.0,"max_hp_loss":0.0,"gold_gain":0.0,"event_name":"Cursed Tome","player_choice":"Obtained Book","floor":19.0,"gold_loss":0.0,"damage_taken":16.0},{"damage_healed":0.0,"max_hp_gain":0.0,"max_hp_loss":0.0,"gold_gain":0.0,"event_name":"Forgotten Altar","player_choice":"Gave Idol","floor":22.0,"relics_lost":["Golden Idol"],"gold_loss":0.0,"damage_taken":0.0,"relics_obtained":["Bloody Idol"]},{"damage_healed":0.0,"max_hp_gain":0.0,"max_hp_loss":0.0,"gold_gain":0.0,"cards_transformed":["Strike_B"],"event_name":"Transmorgrifier","player_choice":"Transformed","floor":37.0,"gold_loss":0.0,"damage_taken":0.0,"cards_obtained":["Reinforced Body"]},{"cards_removed":["Defend_B"],"damage_healed":0.0,"max_hp_gain":0.0,"max_hp_loss":0.0,"gold_gain":0.0,"event_name":"Bonfire Elementals","player_choice":"Offered Basic","floor":48.0,"gold_loss":0.0,"damage_taken":0.0}],"is_beta":false,"boss_relics":[{"not_picked":["Runic Dome","Pandora\u0027s Box"],"picked":"Coffee Dripper"},{"not_picked":["SacredBark","Astrolabe"],"picked":"Runic Pyramid"}],"items_purged_floors":[0,21,38,47],"is_endless":false,"potions_floor_spawned":[4,7,14,28,29,30,33,36,42],"ascension_level":5}}