{"host":"novohdx135h0xyrr","time":1609624704,"event":{"mods":["BaseMod","Colored Map","Colored Powertips","Highlight Path","Minty Spire (QoL Compilation)"],"gold_per_floor":[109,127,127,139,149,174,205,245,557,569,148,148,168,187,187,187,187],"floor_reached":16,"playtime":1328,"items_purged":["Strike_R"],"score":137,"play_id":"8c63dcc1-dc50-4b83-b596-6a488b118156","local_time":"20210102135824","is_ascension_mode":true,"campfire_choices":[{"floor":12,"key":"REST"},{"data":"Body Slam","floor":15,"key":"SMITH"}],"circlet_count":0,"master_deck":["Strike_R","Strike_R","Defend_R","Defend_R","Defend_R","Defend_R","Bash","Body Slam+1","Shrug It Off","Body Slam","Shrug It Off"],"relics":["Burning Blood","Bag of Marbles","MawBank","Oddly Smooth Stone","Old Coin","Prayer Wheel"],"acts_visited":["Exordium"],"potions_floor_usage":[6,8,8,16,16],"damage_taken":[{"damage":7,"enemies":"Jaw Worm","floor":1,"turns":3},{"damage":6,"enemies":"Cultist","floor":2,"turns":3},{"damage":4,"enemies":"Small Slimes","floor":4,"turns":4},{"damage":13,"enemies":"Blue Slaver","floor":5,"turns":3},{"damage":27,"enemies":"3 Sentries","floor":6,"turns":10},{"damage":19,"enemies":"Exordium Thugs","floor":7,"turns":6},{"damage":30,"enemies":"Gremlin Nob","floor":8,"turns":4},{"damage":0,"enemies":"2 Fungi Beasts","floor":13,"turns":4},{"damage":8,"enemies":"3 Louse","floor":14,"turns":5},{"damage":72,"enemies":"Slime Boss","floor":16,"turns":13}],"seed_played":"-2998211811006238106","potions_obtained":[{"floor":1,"key":"FearPotion"},{"floor":2,"key":"PowerPotion"},{"floor":6,"key":"Strength Potion"},{"floor":8,"key":"FairyPotion"},{"floor":13,"key":"Strength Potion"}],"is_trial":false,"path_per_floor":["M","M","?","M","M","E","M","E","T","?","$","R","M","M","R","B"],"character_chosen":"IRONCLAD","items_purchased":["Prayer Wheel","Swift Potion"],"campfire_rested":1,"item_purchase_floors":[11,11],"current_hp_per_floor":[79,79,79,80,73,52,39,15,15,15,15,39,45,43,43,0,0],"gold":187,"neow_bonus":"RANDOM_COMMON_RELIC","is_daily":false,"chose_seed":false,"campfire_upgraded":1,"win_rate":0.0,"timestamp":1609624704,"path_taken":["M","M","?","M","M","E","M","E","T","?","$","R","M","M","R","BOSS"],"items_purchased_type":["Relic","Potion"],"build_version":"2020-12-22","purchased_purges":1,"victory":false,"max_hp_per_floor":[80,80,80,80,80,80,80,80,80,80,80,80,80,80,80,80,80],"card_choices":[{"not_picked":["Cleave","Inflame"],"picked":"Body Slam","floor":1},{"not_picked":["Combust","Warcry","Havoc"],"picked":"SKIP","floor":2},{"not_picked":["Heavy Blade","Perfected Strike"],"picked":"Shrug It Off","floor":4},{"not_picked":["True Grit","Evolve","Pommel Strike"],"picked":"SKIP","floor":5},{"not_picked":["Rampage","Warcry","Berserk"],"picked":"SKIP","floor":6},{"not_picked":["Cleave","Thunderclap","Fire Breathing"],"picked":"SKIP","floor":7},{"not_picked":["Rage","Wild Strike"],"picked":"Body Slam","floor":8},{"not_picked":["Fire Breathing","Intimidate"],"picked":"Shrug It Off","floor":13},{"not_picked":["Perfected Strike","Clothesline","Iron Wave"],"picked":"SKIP","floor":13},{"not_picked":["Sever Soul","Iron Wave","Clothesline"],"picked":"SKIP","floor":14},{"not_picked":["Uppercut","Headbutt","True Grit"],"picked":"SKIP","floor":14}],"player_experience":187463,"relics_obtained":[{"floor":6,"key":"MawBank"},{"floor":8,"key":"Oddly Smooth Stone"},{"floor":9,"key":"Old Coin"}],"event_choices":[{"cards_removed":["Strike_R"],"damage_healed":0,"gold_gain":0,"player_choice":"Forget","damage_taken":0,"max_hp_gain":0,"max_hp_loss":0,"event_name":"Living Wall","floor":3,"gold_loss":0},{"cards_removed":["Strike_R"],"damage_healed":0,"gold_gain":0,"player_choice":"Card Removal","damage_taken":0,"max_hp_gain":0,"max_hp_loss":0,"event_name":"Wheel of Change","floor":10,"gold_loss":0}],"is_beta":false,"boss_relics":[],"items_purged_floors":[11],"is_endless":false,"potions_floor_spawned":[1,2,6,8,13],"killed_by":"Slime Boss","ascension_level":4}}