{"host":"cvi30shpqg1ukvbr","time":1609568531,"event":{"mods":["Act Like it!","BaseMod","Better Altar","Better Match","Better Note","Better Sensory Stone","Better Skull","Better Third Choice","Conspire","GifTheSpireLib","Hubris","Infinite Spire","Minty Spire (QoL Compilation)","Relic Stats","Replay The Spire","Shop Mod","Spicy Shops","StSLib","Stuff the Spire"],"gold_per_floor":[359,359,376,394,53,53,81,81,129,144,169,189,206,232,232,330,330,350,361,376,388,45,45,45],"floor_reached":23,"playtime":1129,"items_purged":[],"score":276,"play_id":"3047aa9a-d442-4366-9a1a-b7f71d7392bd","local_time":"20210102152211","is_ascension_mode":true,"campfire_choices":[{"data":"conspire:Banana","floor":6,"key":"SMITH"},{"floor":8,"key":"REST"},{"data":"Carnage","floor":15,"key":"SMITH"}],"circlet_count":0,"master_deck":["Strike_R","Strike_R","Strike_R","Strike_R","Defend_R","Defend_R","Defend_R","Defend_R","Bash","Replay:Undeath\u0027s Touch","Reckless Charge","ReplayTheSpireMod:Muscle Training","Berserk","conspire:Banana+1","Inflame","Exhume","ReplayTheSpireMod:Limb From Limb","Carnage+1","Hemogenesis","Berserk","Offering","Battle Trance+1","StuffTheSpire:Resist","True Grit","StuffTheSpire:RockThrow","StuffTheSpire:Pyroclast"],"relics":["Burning Blood","ReplayTheSpireMod:CursedCoin","infinitespire:Bottled Soul","Bag of Marbles","StuffTheSpire:OldFever","StuffTheSpire:Rhapsscallions","StuffTheSpire:EmeraldSignet","Black Star","hubris:Potato"],"acts_visited":["Exordium","TheCity"],"potions_floor_usage":[11,11,14,16,21,21,23],"damage_taken":[{"damage":2,"enemies":"Small Slimes","floor":1,"turns":6},{"damage":1,"enemies":"Jaw Worm","floor":3,"turns":5},{"damage":1,"enemies":"Cultist","floor":4,"turns":3},{"damage":56,"enemies":"Gremlin Nob","floor":7,"turns":6},{"damage":1,"enemies":"3 Louse","floor":10,"turns":4},{"damage":19,"enemies":"3 Sentries","floor":11,"turns":7},{"damage":15,"enemies":"Exordium Thugs","floor":12,"turns":5},{"damage":0,"enemies":"Exordium Wildlife","floor":13,"turns":5},{"damage":4,"enemies":"Lagavulin","floor":14,"turns":5},{"damage":64,"enemies":"Hexaghost","floor":16,"turns":5},{"damage":46,"enemies":"Shell Parasite","floor":18,"turns":6},{"damage":33,"enemies":"Spheric Guardian","floor":19,"turns":4},{"damage":38,"enemies":"Cultist and Chosen","floor":20,"turns":6},{"damage":30,"enemies":"Shelled Parasite and Fungi","floor":21,"turns":6},{"damage":32,"enemies":"conspire:SneckoGhost","floor":23,"turns":3}],"seed_played":"-3515590994275428106","potions_obtained":[{"floor":1,"key":"FearPotion"},{"floor":7,"key":"Fire Potion"},{"floor":10,"key":"Regen Potion"},{"floor":13,"key":"Swift Potion"},{"floor":16,"key":"Weak Potion"},{"floor":18,"key":"SpeedPotion"},{"floor":21,"key":"Adrenaline Potion"}],"is_trial":false,"path_per_floor":["M","?","M","M","$","R","E","R","T","M","E","M","M","E","R","B",null,"M","M","M","M","$","E"],"character_chosen":"IRONCLAD","items_purchased":["Berserk","conspire:Banana","ReplayTheSpireMod:CursedCoin","infinitespire:Bottled Soul","hubris:Potato","StuffTheSpire:Pyroclast"],"campfire_rested":1,"item_purchase_floors":[5,5,5,5,22,22],"current_hp_per_floor":[60,53,58,63,63,63,17,42,42,49,60,55,65,71,71,22,111,77,54,28,15,15,0,0],"gold":45,"neow_bonus":"TWO_FIFTY_GOLD","is_daily":false,"chose_seed":false,"campfire_upgraded":2,"win_rate":0.0,"timestamp":1609568531,"path_taken":["M","?","M","M","$","R","E","R","T","M","E","M","M","E","R","BOSS","M","M","M","M","$","E"],"items_purchased_type":["Card","Card","Relic","Relic","Relic","Card"],"build_version":"2020-12-22","purchased_purges":0,"victory":false,"max_hp_per_floor":[80,80,80,80,80,80,84,84,84,86,95,99,103,107,107,111,111,117,121,125,131,131,133,133],"relic_stats":{"counters":[15,76],"Black Star":0,"obtain_stats":[{"ReplayTheSpireMod:CursedCoin":5,"infinitespire:Bottled Soul":5,"StuffTheSpire:Rhapsscallions":11,"StuffTheSpire:EmeraldSignet":14,"Bag of Marbles":7,"Black Star":17,"Burning Blood":0,"StuffTheSpire:OldFever":9,"hubris:Potato":22},{"ReplayTheSpireMod:CursedCoin":3,"infinitespire:Bottled Soul":3,"StuffTheSpire:Rhapsscallions":6,"StuffTheSpire:EmeraldSignet":9,"Bag of Marbles":4,"Black Star":10,"Burning Blood":0,"StuffTheSpire:OldFever":4,"hubris:Potato":14},{"ReplayTheSpireMod:CursedCoin":14,"infinitespire:Bottled Soul":14,"StuffTheSpire:Rhapsscallions":31,"StuffTheSpire:EmeraldSignet":46,"Bag of Marbles":20,"Black Star":51,"Burning Blood":0,"StuffTheSpire:OldFever":20,"hubris:Potato":73}],"Burning Blood":84},"card_choices":[{"not_picked":["Havoc","Warcry"],"picked":"Replay:Undeath\u0027s Touch","floor":1},{"not_picked":["StuffTheSpire:Pyroclast","Anger"],"picked":"Reckless Charge","floor":3},{"not_picked":["Replay:Undeath\u0027s Touch","StuffTheSpire:Slingshot"],"picked":"ReplayTheSpireMod:Muscle Training","floor":4},{"not_picked":["Evolve","hubris:SharpeningStone"],"picked":"Inflame","floor":7},{"not_picked":["Warcry","Wild Strike"],"picked":"Exhume","floor":10},{"not_picked":["Twin Strike","infinitespire:OneForAll"],"picked":"ReplayTheSpireMod:Limb From Limb","floor":11},{"not_picked":["Rupture","Armaments"],"picked":"Carnage","floor":12},{"not_picked":["Entrench","hubris:SharpeningStone"],"picked":"Hemogenesis","floor":13},{"not_picked":["Wild Strike","Clothesline"],"picked":"Berserk","floor":14},{"not_picked":["hubris:StunningStrike","Impervious"],"picked":"Offering","floor":16},{"not_picked":["Clothesline","Headbutt"],"picked":"Battle Trance+1","floor":18},{"not_picked":["Wild Strike","StuffTheSpire:RagingBull"],"picked":"StuffTheSpire:Resist","floor":19},{"not_picked":["Uppercut","Cleave"],"picked":"True Grit","floor":20},{"not_picked":["Havoc","Anger"],"picked":"StuffTheSpire:RockThrow","floor":21}],"player_experience":1794101,"relics_obtained":[{"floor":7,"key":"Bag of Marbles"},{"floor":9,"key":"StuffTheSpire:OldFever"},{"floor":11,"key":"StuffTheSpire:Rhapsscallions"},{"floor":14,"key":"StuffTheSpire:EmeraldSignet"}],"event_choices":[{"cards_removed":["Strike_R"],"damage_healed":0,"gold_gain":0,"player_choice":"Card Removal","damage_taken":7,"max_hp_gain":0,"max_hp_loss":0,"event_name":"Golden Wing","floor":2,"gold_loss":0}],"is_beta":false,"boss_relics":[{"not_picked":["Philosopher\u0027s Stone","Mark of Pain"],"picked":"Black Star"}],"items_purged_floors":[],"is_endless":false,"potions_floor_spawned":[1,7,10,13,16,18,21],"killed_by":"conspire:SneckoGhost","ascension_level":1}}