{"host":"t3am9egsh7oyry6t","time":1609549410,"event":{"mods":["AchievementEnabler","BaseMod","Colored Powertips","Googly Eyes","Minty Spire (QoL Compilation)","Relic Stats","StSLib","Synergy Search"],"gold_per_floor":[109,109,128,145,159,159,190,203,203,235,255,255,271,301,301,397,397,382,382,395,407,424,424,442,474,474,507,8,26,26,57,57,161,161,176,226,226,238,238,264,264,293,293,293,325,0,34,47,47,47],"floor_reached":51,"playtime":3967,"items_purged":[],"score":1439,"play_id":"361506fb-6bda-4e3f-bc0b-436b9d1e022d","local_time":"20210101170330","is_ascension_mode":true,"campfire_choices":[{"data":"Uppercut","floor":6,"key":"SMITH"},{"floor":15,"key":"REST"},{"data":"Corruption","floor":23,"key":"SMITH"},{"data":"Armaments","floor":32,"key":"SMITH"},{"data":"Demon Form","floor":41,"key":"SMITH"},{"data":"True Grit","floor":44,"key":"SMITH"},{"data":"Shrug It Off","floor":49,"key":"SMITH"}],"circlet_count":0,"master_deck":["AscendersBane","Strike_R","Strike_R","Strike_R","Strike_R","Strike_R","Defend_R","Defend_R","Defend_R","Bash","Perfected Strike","Intimidate","Uppercut+1","Perfected Strike","True Grit+1","Pommel Strike","Spot Weakness","Shrug It Off","Corruption+1","Burning Pact","Feel No Pain","Headbutt","Armaments+1","Entrench+1","Shrug It Off","Infernal Blade","Demon Form+1","Bloodletting+1","Heavy Blade+1","Feel No Pain","Evolve+1","Madness","Madness","Flame Barrier","Shrug It Off+1","Warcry+1","Infernal Blade+1","Shrug It Off+1"],"relics":["Black Star","Thread and Needle","Lantern","White Beast Statue","TungstenRod","Toy Ornithopter","Juzu Bracelet","SacredBark","Dream Catcher","Magic Flower","Charon\u0027s Ashes","Ornamental Fan","Bronze Scales","Strange Spoon","Regal Pillow","Nunchaku","Centennial Puzzle","The Courier","Mark of Pain","Pocketwatch","Turnip","Self Forming Clay","Champion Belt","Blue Candle","Bottled Flame","Ancient Tea Set","InkBottle","Red Mask","Orichalcum","Toxic Egg 2"],"acts_visited":["Exordium","TheCity","TheBeyond"],"potions_floor_usage":[3,7,10,16,16,18,20,21,24,24,25,27,29,31,31,33,36,38,38,42,45,45,50,50],"damage_taken":[{"damage":0,"enemies":"2 Louse","floor":1,"turns":3},{"damage":6,"enemies":"Cultist","floor":3,"turns":3},{"damage":7,"enemies":"Jaw Worm","floor":4,"turns":3},{"damage":13,"enemies":"Blue Slaver","floor":5,"turns":4},{"damage":0,"enemies":"Gremlin Nob","floor":7,"turns":2},{"damage":0,"enemies":"3 Louse","floor":8,"turns":3},{"damage":11,"enemies":"Lagavulin","floor":10,"turns":4},{"damage":0,"enemies":"Large Slime","floor":11,"turns":5},{"damage":0,"enemies":"Looter","floor":13,"turns":2},{"damage":41,"enemies":"Hexaghost","floor":16,"turns":9},{"damage":21,"enemies":"2 Thieves","floor":18,"turns":4},{"damage":3,"enemies":"3 Byrds","floor":20,"turns":13},{"damage":1,"enemies":"Centurion and Healer","floor":21,"turns":7},{"damage":20,"enemies":"Chosen and Byrds","floor":22,"turns":8},{"damage":17,"enemies":"Snake Plant","floor":24,"turns":4},{"damage":39,"enemies":"Book of Stabbing","floor":25,"turns":7},{"damage":25,"enemies":"Gremlin Leader","floor":27,"turns":7},{"damage":10,"enemies":"Centurion and Healer","floor":29,"turns":7},{"damage":1,"enemies":"Slavers","floor":31,"turns":6},{"damage":67,"enemies":"Collector","floor":33,"turns":10},{"damage":6,"enemies":"Orb Walker","floor":35,"turns":4},{"damage":2,"enemies":"Mind Bloom Boss Battle","floor":36,"turns":5},{"damage":0,"enemies":"3 Darklings","floor":38,"turns":7},{"damage":7,"enemies":"Reptomancer","floor":40,"turns":5},{"damage":4,"enemies":"Nemesis","floor":42,"turns":6},{"damage":40,"enemies":"Reptomancer","floor":45,"turns":7},{"damage":9,"enemies":"Giant Head","floor":47,"turns":7},{"damage":12,"enemies":"Maw","floor":48,"turns":7},{"damage":13,"enemies":"Awakened One","floor":50,"turns":9}],"seed_played":"7521318652952859867","potions_obtained":[{"floor":1,"key":"LiquidMemories"},{"floor":3,"key":"Fruit Juice"},{"floor":5,"key":"Energy Potion"},{"floor":10,"key":"Regen Potion"},{"floor":11,"key":"AttackPotion"},{"floor":16,"key":"PowerPotion"},{"floor":18,"key":"EssenceOfSteel"},{"floor":20,"key":"Regen Potion"},{"floor":21,"key":"Swift Potion"},{"floor":22,"key":"SkillPotion"},{"floor":24,"key":"Energy Potion"},{"floor":25,"key":"Swift Potion"},{"floor":27,"key":"EssenceOfSteel"},{"floor":29,"key":"Weak Potion"},{"floor":31,"key":"GamblersBrew"},{"floor":33,"key":"Fire Potion"},{"floor":35,"key":"LiquidMemories"},{"floor":36,"key":"EssenceOfSteel"},{"floor":38,"key":"BloodPotion"},{"floor":40,"key":"Swift Potion"},{"floor":42,"key":"Explosive Potion"},{"floor":45,"key":"HeartOfIron"},{"floor":47,"key":"ElixirPotion"},{"floor":48,"key":"SkillPotion"}],"is_trial":false,"path_per_floor":["M","?","M","M","M","R","E","M","T","E","M","?","M","?","R","B",null,"M","?","M","M","M","R","M","E","T","E","$","M","$","E","R","B",null,"M","?","?","M","?","E","R","E","T","R","E","?","E","M","R","B",null],"character_chosen":"IRONCLAD","items_purchased":["BloodPotion","Strange Spoon","Regal Pillow","Nunchaku"],"campfire_rested":1,"item_purchase_floors":[28,28,28,28],"current_hp_per_floor":[72,72,71,64,51,51,51,51,51,40,40,40,40,40,65,49,76,60,60,62,85,65,65,58,24,24,7,7,56,56,71,71,12,67,61,67,67,83,73,66,66,70,70,70,79,79,70,58,58,61],"gold":47,"neow_bonus":"BOSS_RELIC","is_daily":false,"chose_seed":false,"campfire_upgraded":6,"win_rate":0.0,"timestamp":1609549410,"path_taken":["M","?","M","M","M","R","E","?","T","E","M","?","M","?","R","BOSS","M","?","M","M","M","R","M","E","T","E","$","M","$","E","R","BOSS","M","?","?","M","?","E","R","E","T","R","E","?","E","M","R","BOSS"],"items_purchased_type":["Potion","Relic","Relic","Relic"],"build_version":"2020-12-22","purchased_purges":0,"victory":true,"max_hp_per_floor":[80,80,85,85,85,85,85,85,85,85,85,85,85,85,85,85,85,85,85,85,85,85,85,85,85,85,85,85,85,85,85,85,85,85,85,85,85,85,85,85,85,85,85,85,85,85,85,85,85,85],"relic_stats":{"Regal Pillow":0,"counters":[29,168],"Self Forming Clay":[30],"Blue Candle":[6],"Magic Flower":[60],"Charon\u0027s Ashes":[591],"Juzu Bracelet":1,"Orichalcum":[6],"Strange Spoon":[77],"Dream Catcher":0,"Nunchaku":[14],"Centennial Puzzle":[26],"Ornamental Fan":[76],"Bronze Scales":[274],"Turnip":[3],"Black Star":9,"Champion Belt":[11],"obtain_stats":[{"Lantern":7,"Regal Pillow":28,"SacredBark":17,"Magic Flower":25,"Juzu Bracelet":14,"Ancient Tea Set":45,"Burning Blood":0,"Dream Catcher":25,"Nunchaku":28,"Centennial Puzzle":31,"Red Mask":46,"Toxic Egg 2":47,"InkBottle":45,"Self Forming Clay":40,"Blue Candle":42,"Thread and Needle":7,"Charon\u0027s Ashes":26,"The Courier":31,"Orichalcum":47,"White Beast Statue":9,"Strange Spoon":28,"Bottled Flame":43,"Ornamental Fan":27,"Bronze Scales":27,"Mark of Pain":34,"Turnip":40,"Black Star":0,"Champion Belt":42,"TungstenRod":10,"Toy Ornithopter":10,"Pocketwatch":36},{"Lantern":5,"Regal Pillow":17,"SacredBark":10,"Magic Flower":16,"Juzu Bracelet":9,"Ancient Tea Set":26,"Burning Blood":0,"Dream Catcher":16,"Nunchaku":17,"Centennial Puzzle":19,"Red Mask":26,"Toxic Egg 2":27,"InkBottle":26,"Self Forming Clay":24,"Blue Candle":25,"Thread and Needle":5,"Charon\u0027s Ashes":16,"The Courier":19,"Orichalcum":27,"White Beast Statue":6,"Strange Spoon":17,"Bottled Flame":25,"Ornamental Fan":17,"Bronze Scales":17,"Mark of Pain":20,"Turnip":24,"Black Star":0,"Champion Belt":25,"TungstenRod":7,"Toy Ornithopter":7,"Pocketwatch":22},{"Lantern":15,"Regal Pillow":88,"SacredBark":38,"Magic Flower":81,"Juzu Bracelet":29,"Ancient Tea Set":145,"Burning Blood":0,"Dream Catcher":81,"Nunchaku":88,"Centennial Puzzle":101,"Red Mask":145,"Toxic Egg 2":152,"InkBottle":145,"Self Forming Clay":132,"Blue Candle":138,"Thread and Needle":15,"Charon\u0027s Ashes":81,"The Courier":101,"Orichalcum":152,"White Beast Statue":18,"Strange Spoon":88,"Bottled Flame":138,"Ornamental Fan":88,"Bronze Scales":88,"Mark of Pain":111,"Turnip":132,"Black Star":0,"Champion Belt":138,"TungstenRod":22,"Toy Ornithopter":22,"Pocketwatch":120}],"TungstenRod":77,"Toy Ornithopter":136,"InkBottle":[12],"Pocketwatch":[23]},"card_choices":[{"not_picked":["Inflame","Metallicize"],"picked":"Perfected Strike","floor":1},{"not_picked":["Warcry","Inflame"],"picked":"Intimidate","floor":3},{"not_picked":["Heavy Blade","Reckless Charge"],"picked":"Uppercut","floor":4},{"not_picked":["Power Through","True Grit"],"picked":"Perfected Strike","floor":5},{"not_picked":["Havoc","Body Slam"],"picked":"True Grit","floor":7},{"not_picked":["Warcry","Bloodletting"],"picked":"Pommel Strike","floor":8},{"not_picked":["Feel No Pain","Thunderclap"],"picked":"Spot Weakness","floor":10},{"not_picked":["Dark Embrace","Clothesline","Anger"],"picked":"SKIP","floor":11},{"not_picked":["Offering","Hemokinesis"],"picked":"Shrug It Off","floor":13},{"not_picked":["Feed","Fiend Fire"],"picked":"Corruption","floor":16},{"not_picked":["Anger","Body Slam"],"picked":"Burning Pact","floor":18},{"not_picked":["Burning Pact","Infernal Blade"],"picked":"Feel No Pain","floor":20},{"not_picked":["Wild Strike","Clothesline","Warcry"],"picked":"SKIP","floor":21},{"not_picked":["Body Slam","Combust"],"picked":"Headbutt","floor":22},{"not_picked":["Body Slam","Twin Strike"],"picked":"Armaments","floor":24},{"not_picked":["Clothesline","Bludgeon"],"picked":"Entrench+1","floor":25},{"not_picked":["Sword Boomerang","Twin Strike","Warcry"],"picked":"SKIP","floor":27},{"not_picked":["Armaments","Heavy Blade"],"picked":"Shrug It Off","floor":29},{"not_picked":["Cleave","Spot Weakness"],"picked":"Infernal Blade","floor":31},{"not_picked":["Barricade","Fiend Fire"],"picked":"Demon Form","floor":33},{"not_picked":["Uppercut+1","Rampage+1"],"picked":"Bloodletting+1","floor":35},{"not_picked":["Clash+1","Warcry"],"picked":"Heavy Blade+1","floor":36},{"not_picked":["Bloodletting","Intimidate+1"],"picked":"Evolve+1","floor":38},{"not_picked":["Clash","Infernal Blade"],"picked":"Flame Barrier","floor":40},{"not_picked":["Reckless Charge","Heavy Blade"],"picked":"Shrug It Off","floor":42},{"not_picked":["Thunderclap+1","Sever Soul"],"picked":"Warcry+1","floor":45},{"not_picked":["Clothesline","Anger"],"picked":"Infernal Blade+1","floor":47},{"not_picked":["Thunderclap","Body Slam"],"picked":"Shrug It Off+1","floor":48}],"player_experience":474868,"relics_obtained":[{"floor":7,"key":"Thread and Needle"},{"floor":7,"key":"Lantern"},{"floor":9,"key":"White Beast Statue"},{"floor":10,"key":"TungstenRod"},{"floor":10,"key":"Toy Ornithopter"},{"floor":25,"key":"Dream Catcher"},{"floor":25,"key":"Magic Flower"},{"floor":26,"key":"Charon\u0027s Ashes"},{"floor":27,"key":"Ornamental Fan"},{"floor":27,"key":"Bronze Scales"},{"floor":31,"key":"Centennial Puzzle"},{"floor":31,"key":"The Courier"},{"floor":36,"key":"Pocketwatch"},{"floor":40,"key":"Turnip"},{"floor":40,"key":"Self Forming Clay"},{"floor":42,"key":"Champion Belt"},{"floor":42,"key":"Blue Candle"},{"floor":43,"key":"Bottled Flame"},{"floor":45,"key":"Ancient Tea Set"},{"floor":45,"key":"InkBottle"},{"floor":47,"key":"Orichalcum"},{"floor":47,"key":"Toxic Egg 2"}],"event_choices":[{"cards_removed":["Defend_R"],"damage_healed":0,"gold_gain":0,"player_choice":"Purged","damage_taken":0,"max_hp_gain":0,"max_hp_loss":0,"event_name":"Purifier","floor":2,"gold_loss":0},{"damage_healed":0,"gold_gain":0,"player_choice":"Ignored","damage_taken":0,"max_hp_gain":0,"max_hp_loss":0,"event_name":"Liars Game","floor":12,"gold_loss":0},{"damage_healed":0,"gold_gain":30,"player_choice":"Searched \u00273\u0027 times","damage_taken":0,"relics_obtained":["Juzu Bracelet"],"max_hp_gain":0,"max_hp_loss":0,"event_name":"Dead Adventurer","floor":14,"gold_loss":0},{"damage_healed":0,"gold_gain":0,"player_choice":"Ignored","damage_taken":0,"max_hp_gain":0,"max_hp_loss":0,"event_name":"Vampires","floor":19,"gold_loss":0},{"damage_healed":0,"gold_gain":0,"player_choice":"Fight","damage_taken":0,"max_hp_gain":0,"max_hp_loss":0,"event_name":"MindBloom","floor":36,"gold_loss":0},{"damage_healed":0,"gold_gain":0,"player_choice":"Copied","damage_taken":0,"max_hp_gain":0,"max_hp_loss":0,"event_name":"Duplicator","floor":37,"gold_loss":0,"cards_obtained":["Feel No Pain"]},{"damage_healed":0,"gold_gain":0,"player_choice":"Embrace Madness","damage_taken":11,"max_hp_gain":0,"max_hp_loss":0,"event_name":"Winding Halls","floor":39,"gold_loss":0,"cards_obtained":["Madness","Madness"]},{"damage_healed":0,"gold_gain":0,"player_choice":"Paid","damage_taken":0,"relics_obtained":["Red Mask"],"max_hp_gain":0,"max_hp_loss":0,"event_name":"Tomb of Lord Red Mask","floor":46,"gold_loss":325}],"is_beta":false,"boss_relics":[{"not_picked":["Empty Cage","Runic Cube"],"picked":"SacredBark"},{"not_picked":["Calling Bell","Fusion Hammer"],"picked":"Mark of Pain"}],"items_purged_floors":[],"is_endless":false,"potions_floor_spawned":[1,3,5,10,11,13,16,18,20,21,22,24,25,27,29,31,33,35,36,38,40,42,45,47,48],"ascension_level":12}}