{"host":"n23juj4d9qam5hh1","time":1609558085,"event":{"mods":["BaseMod","Better Note","BetterRewards","Infinite Spire","Minty Spire (QoL Compilation)","Relic Stats","StSLib"],"gold_per_floor":[109,184,196,41,58,58,115,129,153,153,172,203,203,221,221,349,349,368,336,349,349,349,349],"floor_reached":22,"playtime":1059,"items_purged":[],"score":207,"play_id":"bb834153-0e0e-48e3-b185-703c37e1c6a0","local_time":"20210101222805","is_ascension_mode":true,"campfire_choices":[{"floor":6.0,"key":"REST"},{"floor":15.0,"key":"REST"}],"circlet_count":0,"master_deck":["Strike_G","Strike_G","Strike_G","Strike_G","Strike_G","Defend_G","Defend_G","Defend_G","Defend_G","Defend_G","Survivor","Neutralize","Caltrops","Dagger Spray","Night Terror","Bane","Blur","Bouncing Flask","Leg Sweep","All Out Attack","Flying Knee","Dash"],"relics":["Ring of the Serpent","Orrery","Oddly Smooth Stone","infinitespire:BottledMercury","infinitespire:Satchel","Golden Idol"],"acts_visited":["Exordium","TheCity"],"potions_floor_usage":[],"damage_taken":[{"damage":16.0,"enemies":"Jaw Worm","floor":1.0,"turns":7.0},{"damage":1.0,"enemies":"Small Slimes","floor":3.0,"turns":5.0},{"damage":7.0,"enemies":"infinitespire:Voidling","floor":5.0,"turns":4.0},{"damage":12.0,"enemies":"Exordium Thugs","floor":8.0,"turns":4.0},{"damage":3.0,"enemies":"Gremlin Gang","floor":11.0,"turns":3.0},{"damage":3.0,"enemies":"3 Sentries","floor":12.0,"turns":5.0},{"damage":4.0,"enemies":"Lots of Slimes","floor":14.0,"turns":2.0},{"damage":24.0,"enemies":"Hexaghost","floor":16.0,"turns":11.0},{"damage":9.0,"enemies":"Shell Parasite","floor":18.0,"turns":7.0},{"damage":32.0,"enemies":"2 Thieves","floor":19.0,"turns":5.0},{"damage":41.0,"enemies":"Sentry and Sphere","floor":20.0,"turns":8.0},{"damage":6,"enemies":"Cultist and Chosen","floor":22,"turns":2}],"seed_played":"-5809537374452747276","potions_obtained":[{"floor":0.0,"key":"DistilledChaos"},{"floor":0.0,"key":"AttackPotion"},{"floor":0.0,"key":"AttackPotion"},{"floor":3.0,"key":"Poison Potion"},{"floor":11.0,"key":"Fire Potion"},{"floor":12.0,"key":"Swift Potion"},{"floor":16.0,"key":"FairyPotion"}],"is_trial":false,"path_per_floor":["M","?","M","$","M","R","?","M","T","T","M","E","?","M","R","B",null,"M","M","M","?","M"],"character_chosen":"THE_SILENT","items_purchased":["Orrery"],"campfire_rested":2,"item_purchase_floors":[4],"current_hp_per_floor":[54,43,42,42,42,63,63,51,51,51,48,45,45,41,62,38,70,61,29,10,10,4,4],"gold":349,"neow_bonus":"THREE_SMALL_POTIONS","is_daily":false,"chose_seed":false,"campfire_upgraded":0,"win_rate":0.0,"timestamp":1609558085,"path_taken":["M","?","M","$","M","R","?","M","T","?","M","E","?","?","R","BOSS","M","M","?","?","?"],"items_purchased_type":["Relic"],"build_version":"2020-12-22","purchased_purges":0,"victory":false,"max_hp_per_floor":[70,70,70,70,70,70,70,70,70,70,70,70,70,70,70,70,70,70,70,70,70,70,70],"relic_stats":{"counters":[12,63],"Golden Idol":40,"obtain_stats":[{"infinitespire:BottledMercury":10,"Golden Idol":13,"Orrery":4,"Oddly Smooth Stone":9,"infinitespire:Satchel":12,"Ring of the Serpent":17,"Ring of the Snake":0},{"infinitespire:BottledMercury":4,"Golden Idol":6,"Orrery":2,"Oddly Smooth Stone":4,"infinitespire:Satchel":6,"Ring of the Serpent":8,"Ring of the Snake":0},{"infinitespire:BottledMercury":20,"Golden Idol":28,"Orrery":12,"Oddly Smooth Stone":20,"infinitespire:Satchel":28,"Ring of the Serpent":41,"Ring of the Snake":0}]},"card_choices":[{"not_picked":["Choke","Cloak And Dagger"],"picked":"Caltrops","floor":1.0},{"not_picked":["Infinite Blades","Sucker Punch"],"picked":"Dagger Spray","floor":3.0},{"not_picked":["Acrobatics","Tactician"],"picked":"Night Terror","floor":4.0},{"not_picked":["Slice","Concentrate"],"picked":"Bane","floor":4.0},{"not_picked":["Skewer","Escape Plan"],"picked":"Blur","floor":4.0},{"not_picked":["Acrobatics","Catalyst"],"picked":"Bouncing Flask","floor":4.0},{"not_picked":["Bane","Deadly Poison"],"picked":"Leg Sweep","floor":4.0},{"not_picked":["Unload","Flechettes"],"picked":"All Out Attack","floor":5.0},{"not_picked":["PiercingWail","Sucker Punch","Dagger Spray"],"picked":"SKIP","floor":8.0},{"not_picked":["Dodge and Roll","Quick Slash"],"picked":"Flying Knee","floor":11.0},{"not_picked":["Cloak And Dagger","Backflip","Flying Knee"],"picked":"SKIP","floor":12.0},{"not_picked":["Expertise","Quick Slash","Crippling Poison"],"picked":"SKIP","floor":14.0},{"not_picked":["Acrobatics+1","Quick Slash"],"picked":"Dash","floor":18.0},{"not_picked":["Bouncing Flask","Dagger Spray","Poisoned Stab"],"picked":"SKIP","floor":19.0},{"not_picked":["Predator","Backflip","PiercingWail+1"],"picked":"SKIP","floor":20.0}],"player_experience":230306,"relics_obtained":[{"floor":9.0,"key":"Oddly Smooth Stone"},{"floor":10.0,"key":"infinitespire:BottledMercury"},{"floor":12.0,"key":"infinitespire:Satchel"}],"event_choices":[{"damage_healed":0.0,"max_hp_gain":0.0,"max_hp_loss":0.0,"gold_gain":75.0,"event_name":"World of Goop","player_choice":"Gather Gold","floor":2.0,"gold_loss":0.0,"damage_taken":11.0},{"damage_healed":0.0,"max_hp_gain":0.0,"max_hp_loss":0.0,"gold_gain":57.0,"event_name":"Golden Wing","player_choice":"Gained Gold","floor":7.0,"gold_loss":0.0,"damage_taken":0.0},{"damage_healed":0.0,"max_hp_gain":0.0,"max_hp_loss":0.0,"gold_gain":0.0,"event_name":"Golden Idol","player_choice":"Take Wound","floor":13.0,"gold_loss":0.0,"damage_taken":0.0,"relics_obtained":["Golden Idol"],"cards_obtained":["Injury"]},{"cards_removed":["Injury"],"damage_healed":0.0,"max_hp_gain":0.0,"max_hp_loss":0.0,"gold_gain":0.0,"event_name":"Fountain of Cleansing","player_choice":"Removed Curses","floor":21.0,"gold_loss":0.0,"damage_taken":0.0}],"is_beta":false,"boss_relics":[{"not_picked":["Runic Pyramid","Fusion Hammer"],"picked":"Ring of the Serpent"}],"items_purged_floors":[],"is_endless":false,"potions_floor_spawned":[3,11,12,16],"killed_by":"Cultist and Chosen","ascension_level":2}}