{"host":"f5n4tidiz2n5sooh","time":1609570638,"event":{"mods":["BaseMod","Bestiary","Colored Map","Minty Spire (QoL Compilation)","Relic Stats","StSLib"],"gold_per_floor":[115,134,144,144,144,144,175,175,175,188,14,14,14],"floor_reached":12,"playtime":230,"items_purged":["Strike_R"],"score":156,"play_id":"39606e49-dbea-4456-b555-381a8cf6493a","local_time":"20210102005718","is_ascension_mode":true,"campfire_choices":[{"data":"Perfected Strike","floor":6,"key":"SMITH"},{"floor":8,"key":"REST"}],"circlet_count":0,"master_deck":["AscendersBane","Strike_R","Strike_R","Strike_R","Strike_R","Defend_R","Defend_R","Defend_R","Defend_R","Bash+1","Perfected Strike+1","Burning Pact","Reaper","Inflame","Pummel"],"relics":["Philosopher\u0027s Stone","Bird Faced Urn","Smiling Mask","Eternal Feather"],"acts_visited":["Exordium"],"potions_floor_usage":[],"damage_taken":[{"damage":10,"enemies":"2 Louse","floor":1,"turns":2},{"damage":0,"enemies":"Small Slimes","floor":2,"turns":3},{"damage":3,"enemies":"Jaw Worm","floor":3,"turns":2},{"damage":34,"enemies":"Gremlin Nob","floor":7,"turns":4},{"damage":8,"enemies":"Blue Slaver","floor":10,"turns":4},{"damage":39,"enemies":"3 Sentries","floor":12,"turns":4}],"seed_played":"8066219004084576667","potions_obtained":[{"floor":2,"key":"CultistPotion"},{"floor":7,"key":"Energy Potion"}],"is_trial":false,"path_per_floor":["M","M","M","?","?","R","E","R","T","M","$","E"],"character_chosen":"IRONCLAD","items_purchased":["Inflame","Pummel"],"campfire_rested":1,"item_purchase_floors":[11,11],"current_hp_per_floor":[58,58,55,44,44,44,10,32,32,24,24,0,0],"gold":14,"neow_bonus":"BOSS_RELIC","is_daily":false,"chose_seed":false,"campfire_upgraded":1,"win_rate":0.0,"timestamp":1609570638,"path_taken":["M","M","M","?","?","R","E","R","T","M","$","E"],"items_purchased_type":["Card","Card"],"build_version":"2020-12-22","purchased_purges":1,"victory":false,"max_hp_per_floor":[75,75,75,75,75,75,75,75,75,75,75,75,75],"relic_stats":{"counters":[6,19],"Bird Faced Urn":[2],"Eternal Feather":0,"Smiling Mask":25,"obtain_stats":[{"Bird Faced Urn":4,"Philosopher\u0027s Stone":0,"Eternal Feather":9,"Smiling Mask":7,"Burning Blood":0},{"Bird Faced Urn":3,"Philosopher\u0027s Stone":0,"Eternal Feather":4,"Smiling Mask":4,"Burning Blood":0},{"Bird Faced Urn":7,"Philosopher\u0027s Stone":0,"Eternal Feather":11,"Smiling Mask":11,"Burning Blood":0}]},"card_choices":[{"not_picked":["Warcry","True Grit"],"picked":"Perfected Strike","floor":1},{"not_picked":["Thunderclap","Warcry"],"picked":"Burning Pact","floor":2},{"not_picked":["Headbutt","Uppercut","Heavy Blade"],"picked":"SKIP","floor":3},{"not_picked":["Infernal Blade","Dropkick","Body Slam"],"picked":"SKIP","floor":7},{"not_picked":["Heavy Blade","Headbutt"],"picked":"Reaper","floor":10}],"player_experience":1965014,"relics_obtained":[{"floor":7,"key":"Smiling Mask"},{"floor":9,"key":"Eternal Feather"}],"event_choices":[{"damage_healed":0,"gold_gain":0,"player_choice":"Success","damage_taken":11,"relics_obtained":["Bird Faced Urn"],"max_hp_gain":0,"max_hp_loss":0,"event_name":"Scrap Ooze","floor":4,"gold_loss":0},{"damage_healed":0,"gold_gain":0,"player_choice":"Grow","damage_taken":0,"max_hp_gain":0,"max_hp_loss":0,"event_name":"Living Wall","floor":5,"gold_loss":0,"cards_upgraded":["Bash"]}],"is_beta":false,"boss_relics":[],"items_purged_floors":[11],"is_endless":false,"potions_floor_spawned":[2,7],"killed_by":"3 Sentries","ascension_level":20}}