{"host":"zivz6e0vf73jivdq","time":1609580313,"event":{"mods":["ATMod(°¢èªMod)","Act Like it!","BaseMod","Friendly Minions","Gensokyo","HololiveMod","Koishi","Marisa£¨ìFÓê¡¡Ä§ÀíÉ³£©","Minty Spire (QoL Compilation)","MostiFishMod","Pale of the Ancients","Prisma Mod","Reimu£¨²©ÀöÁéÃÎ£©","Remilia£¨ÀÙÃ×ÀòÑÇ£©","Replay The Spire","RumiaBox-Â¶Ã×æ«µÄÉñÃØºÐ×Ó","StSLib","The Jungle","The Servant 0.9.4","Yakumo Yukari mod","Youmu£¨»êÆÇÑýÃÎ£©","¡¾ÒÅÎï¿¨ÅÆ¡¿REMEMod"],"gold_per_floor":[112,112,129,145,163,163,189,189,189,80,99,129,229,262,262,357,357,376,18,35,53,71,71,104,104,104,132,142,175,207,244,256,367,379,408,420,449,477,504,541,564,601,613,625,647,659,701,729,741,753,765,777,65,93,93],"floor_reached":56,"playtime":3283,"items_purged":["Defend_R","Strike_R","Strike_R"],"score":2406,"play_id":"7ffa62b8-c670-42ae-81e3-6a2d1509fa93","local_time":"20210102173833","is_ascension_mode":true,"campfire_choices":[{"data":"Armaments","floor":6.0,"key":"SMITH"},{"data":"Die Die Die","floor":8.0,"key":"SMITH"},{"data":"AT_ShrugMaster","floor":15.0,"key":"SMITH"},{"data":"REME_Scribble","floor":23.0,"key":"SMITH"},{"data":"Searing Blow+1","floor":25.0,"key":"SMITH"},{"data":"Searing Blow+2","floor":32.0,"key":"SMITH"},{"data":"Searing Blow+3","floor":46,"key":"SMITH"},{"floor":49,"key":"RECALL"},{"data":"Searing Blow+4","floor":52,"key":"SMITH"}],"circlet_count":0,"master_deck":["AscendersBane","Strike_R","Strike_R","Defend_R","Defend_R","Defend_R","Bash","Die Die Die+1","REME_Scribble+1","Armaments+1","AT_ShrugMaster+1","Disarm","Burning Pact","MostiFishMod:DarkDeal","Bludgeon","Searing Blow+5","ReplayReversal","Shrug It Off+1","Entrench+1","REME_TheLastStrike","Limit Break","MostiFishMod:#F4004","AT_DiedThrough+1","Sword Boomerang","Shockwave"],"relics":["DaveBox","REME_ComplimentaryCards","AT_ATBox","FeatherPendant","MetatronsCube","SynthV:TestCard","Bag of Preparation","REME_HandOfSuture","Ornamental Fan","Pet Ghost","AT_TrinityForce","GodSword4","AT_SpeedBoots","Replay:Bottled Snecko","MawBank","Bronze Scales","ShadowXiaoBlade","PreservedInsect","Self Forming Clay","MagicDraw4","AT_ChloranthyRing","Medical Kit","Charon\u0027s Ashes","ReplayTheSpireMod:Spearhead","ZombieArmy"],"acts_visited":["Exordium","TheCity","TheBeyond","TheEnding"],"potions_floor_usage":[55],"damage_taken":[{"damage":0.0,"enemies":"Small Slimes","floor":1.0,"turns":1.0},{"damage":5.0,"enemies":"Cultist","floor":3.0,"turns":2.0},{"damage":4.0,"enemies":"2 Louse","floor":4.0,"turns":2.0},{"damage":4.0,"enemies":"2 Fungi Beasts","floor":5.0,"turns":2.0},{"damage":20.0,"enemies":"Replay:BlueRogue","floor":7.0,"turns":2.0},{"damage":0.0,"enemies":"Gremlin Gang","floor":11.0,"turns":1.0},{"damage":6.0,"enemies":"Lagavulin","floor":12.0,"turns":3.0},{"damage":8.0,"enemies":"Replay:BlueRogue","floor":14.0,"turns":3.0},{"damage":9.0,"enemies":"Hexaghost","floor":16.0,"turns":3.0},{"damage":6.0,"enemies":"3 Byrds","floor":18.0,"turns":2.0},{"damage":0.0,"enemies":"2 Thieves","floor":20.0,"turns":1.0},{"damage":7.0,"enemies":"Snecko","floor":21.0,"turns":1.0},{"damage":16.0,"enemies":"Snake Plant","floor":22.0,"turns":1.0},{"damage":7.0,"enemies":"Replay:Snechameleon","floor":24.0,"turns":3.0},{"damage":7.0,"enemies":"REME_1_Revenger","floor":27.0,"turns":2.0},{"damage":6.0,"enemies":"Centurion and Healer","floor":28.0,"turns":1.0},{"damage":6.0,"enemies":"Slavers","floor":29.0,"turns":2.0},{"damage":6.0,"enemies":"Cultist and Chosen","floor":30.0,"turns":2.0},{"damage":7.0,"enemies":"Gremlin Leader","floor":31.0,"turns":3.0},{"damage":7.0,"enemies":"Collector","floor":33.0,"turns":3.0},{"damage":0.0,"enemies":"3 Darklings","floor":35.0,"turns":1.0},{"damage":6,"enemies":"Orb Walker","floor":37,"turns":1},{"damage":8,"enemies":"Transient","floor":38,"turns":4},{"damage":7,"enemies":"Spire Growth","floor":39,"turns":2},{"damage":8,"enemies":"Reptomancer","floor":40,"turns":2},{"damage":16,"enemies":"4 Shapes","floor":41,"turns":2},{"damage":6,"enemies":"Giant Head","floor":42,"turns":1},{"damage":6,"enemies":"3 Darklings","floor":45,"turns":2},{"damage":6,"enemies":"Nemesis","floor":47,"turns":1},{"damage":6,"enemies":"Transient","floor":48,"turns":1},{"damage":6,"enemies":"Replay:Hell Engine","floor":50,"turns":1},{"damage":6,"enemies":"Shield and Spear","floor":54,"turns":3},{"damage":11,"enemies":"The Heart","floor":55,"turns":1}],"seed_played":"-257366172635440048","potions_obtained":[{"floor":7.0,"key":"Swift Potion"},{"floor":12.0,"key":"Fire Potion"},{"floor":14.0,"key":"CultistPotion"},{"floor":27.0,"key":"Adrenaline Potion"},{"floor":42,"key":"Swift Potion"}],"is_trial":false,"path_per_floor":["M","?","M","M","M","R","E","R","T","$","M","E","?","E","R","B",null,"M","$","M","M","M","R","E","R","T","E","M","E","M","E","R","B",null,"M","$","M","M","M","E","M","E","T","?","M","R","E","M","R","B",null,"R","$","E","B",null],"character_chosen":"IRONCLAD","items_purchased":["AT_ShrugMaster","GodSword4","Medical Kit","Charon\u0027s Ashes","ReplayTheSpireMod:Spearhead"],"campfire_rested":0,"item_purchase_floors":[10,19,53,53,53],"current_hp_per_floor":[72,72,71,71,71,71,57,57,57,57,57,55,55,53,53,50,98,98,98,98,97,87,87,86,86,86,85,85,85,85,84,84,83,151,151,151,151,149,148,146,136,136,136,136,138,138,140,142,142,144,212,212,212,214,209],"gold":93,"neow_bonus":"BOSS_RELIC","is_daily":false,"chose_seed":false,"campfire_upgraded":8,"win_rate":0.0,"timestamp":1609580313,"path_taken":["M","?","M","?","M","R","E","R","T","$","M","E","?","E","R","BOSS","M","$","?","M","M","R","E","R","T","E","M","E","M","E","R","BOSS","M","?","M","M","M","E","M","E","T","?","M","R","E","M","R","BOSS","R","$","E","BOSS"],"items_purchased_type":["Card","Relic","Relic","Relic","Relic"],"build_version":"2020-12-22","purchased_purges":3,"victory":true,"max_hp_per_floor":[80,80,84,88,92,92,98,98,98,98,98,102,102,108,108,114,114,120,120,120,126,132,132,138,138,138,144,150,156,162,168,168,174,174,174,174,180,186,192,198,204,210,210,210,216,216,222,228,228,234,234,234,234,240,246],"card_choices":[{"not_picked":["Thunderclap","Pummel"],"picked":"REME_Scribble","floor":1.0},{"not_picked":["ReplayTheSpireMod:Muscle Training","Disarm","Run Through","Fire Breathing"],"picked":"Armaments","floor":3.0},{"not_picked":["Body Slam","Armaments","Thunderclap","AT_IchimonjiDouble","Entrench"],"picked":"SKIP","floor":4.0},{"not_picked":["Thunderclap","Iron Wave","Armaments","Evolve","Life Link"],"picked":"SKIP","floor":5.0},{"not_picked":["Thunderclap","Iron Wave","Armaments","Evolve","Life Link"],"picked":"SKIP","floor":5.0},{"not_picked":["Cleave","Replay:Undeath\u0027s Touch","Thunderclap","Eclipse","Perfected Strike"],"picked":"SKIP","floor":7.0},{"not_picked":["Intimidate","AT_IchimonjiDouble","Heavy Blade","AT_CaressingTears"],"picked":"Disarm","floor":11.0},{"not_picked":["Run Through","Clash","Power Through","Havoc"],"picked":"Burning Pact","floor":12.0},{"not_picked":["ReplayTheSpireMod:Muscle Training","Thunderclap","AT_IchimonjiDouble","Ghostly Armor"],"picked":"MostiFishMod:DarkDeal","floor":14.0},{"not_picked":["MostiFishMod:404NotFound","Offering","Brutality","MostiFishMod:NewArrival"],"picked":"Bludgeon","floor":16.0},{"not_picked":["Flex","Iron Wave","Headbutt+1","AT_IchimonjiDouble"],"picked":"Searing Blow+1","floor":18.0},{"not_picked":["Flex+1","Shrug It Off","Armaments","Perfected Strike"],"picked":"ReplayReversal","floor":20.0},{"not_picked":["Searing Blow","Twin Strike","Replay:Undeath\u0027s Touch","Immolate"],"picked":"Shrug It Off+1","floor":21.0},{"not_picked":["Twin Strike","Shrug It Off","ReplayTheSpireMod:Corrosion Curse","True Grit"],"picked":"Entrench+1","floor":22.0},{"not_picked":["ReplayTheSpireMod:Limb From Limb+1","ReplayTheSpireMod:Corrosion Curse","Twin Strike","Clothesline","Blood for Blood"],"picked":"SKIP","floor":24.0},{"not_picked":["Evolve","Whirlwind+1","Warcry","Ghostly Armor","Hemokinesis"],"picked":"SKIP","floor":27.0},{"not_picked":["Flex","Armaments+1","Shrug It Off","Wild Strike","Headbutt"],"picked":"SKIP","floor":28.0},{"not_picked":["Replay:Undeath\u0027s Touch+1","AT_BodySlamDance","Burning Pact","Flex"],"picked":"REME_TheLastStrike","floor":29.0},{"not_picked":["AT_ShrugMaster","Havoc","Body Slam","Thunderclap","Perfected Strike+1"],"picked":"SKIP","floor":30.0},{"not_picked":["REME_SingleHolding","Battle Trance","AT_IchimonjiDouble","ReplayTheSpireMod:Corrosion Curse","Wild Strike"],"picked":"SKIP","floor":31.0},{"not_picked":["REME_SingleHolding","Battle Trance","AT_IchimonjiDouble","ReplayTheSpireMod:Corrosion Curse","Wild Strike"],"picked":"SKIP","floor":31.0},{"not_picked":["MostiFishMod:RacingGame","MostiFishMod:Chiaki","Hemogenesis","Fiend Fire"],"picked":"Limit Break","floor":33.0},{"not_picked":["Thunderclap+1","ReplayTheSpireMod:Strike From Hell","Entrench","Warcry"],"picked":"MostiFishMod:#F4004","floor":35},{"not_picked":["Flex+1","Armaments","Whirlwind","Sword Boomerang","Flame Barrier+1"],"picked":"SKIP","floor":37},{"not_picked":["Warcry","Run Through+1","Replay:Undeath\u0027s Touch","Power Through","Heavy Blade+1"],"picked":"SKIP","floor":38},{"not_picked":["Replay:Undeath\u0027s Touch","Havoc","Thunderclap","Offering","Dropkick"],"picked":"SKIP","floor":39},{"not_picked":["Rampage","REME_SingleHolding","Metallicize","AT_GerminateFire+1","Sword Boomerang+1"],"picked":"SKIP","floor":40},{"not_picked":["AT_CaressingTears","Wild Strike","ReplayTheSpireMod:Limb From Limb","Clothesline"],"picked":"AT_DiedThrough+1","floor":41},{"not_picked":["Blood for Blood","Flame Barrier","Anger","Iron Wave","AT_BodySlamDance"],"picked":"SKIP","floor":42},{"not_picked":["Dropkick","Havoc","Disarm","Fire Breathing+1"],"picked":"Sword Boomerang","floor":45},{"not_picked":["Anger","Defy Death+1","AT_CaressingTears","Thunderclap","AT_DrawKnifeCut"],"picked":"SKIP","floor":47},{"not_picked":["Clothesline","Shrug It Off+1","Headbutt+1","Uppercut"],"picked":"Shockwave","floor":48},{"not_picked":["Fiend Fire","Hemokinesis+1","MostiFishMod:Chiaki","Body Slam","Headbutt+1"],"picked":"SKIP","floor":54}],"player_experience":779816,"relics_obtained":[{"floor":1.0,"key":"SynthV:TestCard"},{"floor":7.0,"key":"Bag of Preparation"},{"floor":9.0,"key":"REME_HandOfSuture"},{"floor":12.0,"key":"Ornamental Fan"},{"floor":14.0,"key":"Pet Ghost"},{"floor":24.0,"key":"AT_SpeedBoots"},{"floor":27.0,"key":"Replay:Bottled Snecko"},{"floor":29.0,"key":"MawBank"},{"floor":31.0,"key":"Bronze Scales"},{"floor":40,"key":"PreservedInsect"},{"floor":42,"key":"Self Forming Clay"},{"floor":43,"key":"MagicDraw4"},{"floor":47,"key":"AT_ChloranthyRing"},{"floor":54,"key":"ZombieArmy"}],"event_choices":[{"cards_removed":["Strike_R"],"damage_healed":0.0,"max_hp_gain":0.0,"max_hp_loss":0.0,"gold_gain":0.0,"event_name":"Purifier","player_choice":"Purged","floor":2.0,"gold_loss":0.0,"damage_taken":0.0},{"damage_healed":0.0,"max_hp_gain":0.0,"max_hp_loss":0.0,"gold_gain":100.0,"event_name":"Golden Shrine","player_choice":"Pray","floor":13.0,"gold_loss":0.0,"damage_taken":0.0},{"damage_healed":0,"gold_gain":0,"player_choice":"Ignored","damage_taken":0,"max_hp_gain":0,"max_hp_loss":0,"event_name":"Tomb of Lord Red Mask","floor":44,"gold_loss":0}],"is_beta":false,"boss_relics":[{"not_picked":["ExusiaiGun","AT_MortalBlade"],"picked":"AT_TrinityForce"},{"not_picked":["SacredBark","REME_DemonsWealth"],"picked":"ShadowXiaoBlade"}],"items_purged_floors":[10,19,53],"is_endless":false,"potions_floor_spawned":[7,12,14,16,21,24,27,29,31,35,40,42,48],"ascension_level":12}}