{"host":"3qkmyeoym75lj4wn","time":1609612570,"event":{"mods":["2.2 Compatiblity","BaseMod","Block Reminder","Colored Powertips","Highlight Path","Minty Spire (QoL Compilation)","Permanent Neow","Potion Indicator Mod","Rare Cards Sparkle","Relic Stats","StSLib"],"gold_per_floor":[114,114,129,144,159,159,159,189,189,204,234,137,152,167,167,267,267,267,267,172,187,37,67,82,97,97,97,97,112,127,142,142,242,242,257,132,147,22,37,67,67,67,142,8,8,8],"floor_reached":47,"playtime":2009,"items_purged":["Dark Embrace","Burning Pact","Heavy Blade","Searing Blow"],"score":839,"play_id":"ab812f7a-63c1-40aa-acd1-dc49ddfbc67a","local_time":"20210102183610","daily_mods":["Insanity","Time Dilation","Binary"],"is_ascension_mode":false,"campfire_choices":[{"data":"Perfected Strike","floor":6,"key":"SMITH"},{"data":"Perfected Strike","floor":15,"key":"SMITH"},{"floor":28,"key":"REST"},{"data":"Perfected Strike","floor":32,"key":"SMITH"},{"data":"Perfected Strike","floor":41,"key":"SMITH"}],"circlet_count":0,"master_deck":["Uppercut","Shrug It Off","Anger","Perfected Strike+1","Headbutt","Flame Barrier","Armaments","Sentinel","Havoc","Rage","Dropkick","Cleave","Havoc","Twin Strike","Battle Trance","Bloodletting","Twin Strike","Cleave","Inflame","True Grit","Searing Blow","Spot Weakness","Bloodletting","Twin Strike","Twin Strike","Heavy Blade","True Grit","Warcry","True Grit","Cleave","Shrug It Off","Body Slam","Thunderclap","Wild Strike","Havoc","Flex","Dual Wield","Wild Strike","Sentinel","Clothesline","Perfected Strike+1","Anger","Flex","Rampage","Warcry","Clash","Perfected Strike+1","Perfected Strike+1","Wild Strike","Offering","Twin Strike","Twin Strike","Parasite","Perfected Strike+1","CurseOfTheBell","Shame","Apotheosis"],"relics":["Burning Blood","Bag of Preparation","Happy Flower","Kunai","Smiling Mask","Cursed Key","Membership Card","Strawberry","Pear","Calling Bell","Bronze Scales","Shuriken","Turnip","Letter Opener","OrangePellets","Pocketwatch","Ornamental Fan"],"acts_visited":["Exordium","TheCity","TheBeyond"],"potions_floor_usage":[16,18],"damage_taken":[{"damage":0,"enemies":"Cultist","floor":1,"turns":3},{"damage":3,"enemies":"Jaw Worm","floor":3,"turns":2},{"damage":3,"enemies":"2 Louse","floor":4,"turns":2},{"damage":0,"enemies":"Blue Slaver","floor":5,"turns":3},{"damage":0,"enemies":"Gremlin Nob","floor":8,"turns":2},{"damage":0,"enemies":"2 Fungi Beasts","floor":10,"turns":2},{"damage":28,"enemies":"Lagavulin","floor":11,"turns":4},{"damage":4,"enemies":"Lots of Slimes","floor":13,"turns":3},{"damage":0,"enemies":"Looter","floor":14,"turns":1},{"damage":39,"enemies":"Hexaghost","floor":16,"turns":3},{"damage":0,"enemies":"2 Thieves","floor":18,"turns":1},{"damage":6,"enemies":"Shell Parasite","floor":21,"turns":2},{"damage":25,"enemies":"Slavers","floor":23,"turns":3},{"damage":9,"enemies":"Centurion and Healer","floor":24,"turns":3},{"damage":6,"enemies":"Sentry and Sphere","floor":25,"turns":2},{"damage":6,"enemies":"Snake Plant","floor":29,"turns":2},{"damage":0,"enemies":"Shelled Parasite and Fungi","floor":30,"turns":2},{"damage":3,"enemies":"Cultist and Chosen","floor":31,"turns":2},{"damage":82,"enemies":"Collector","floor":33,"turns":8},{"damage":10,"enemies":"Orb Walker","floor":35,"turns":3},{"damage":10,"enemies":"3 Darklings","floor":37,"turns":3},{"damage":6,"enemies":"Spire Growth","floor":39,"turns":2},{"damage":9,"enemies":"Nemesis","floor":40,"turns":1},{"damage":76,"enemies":"Donu and Deca","floor":46,"turns":7}],"seed_played":"-4486375853315586652","potions_obtained":[{"floor":1,"key":"SmokeBomb"},{"floor":4,"key":"DuplicationPotion"},{"floor":13,"key":"LiquidBronze"},{"floor":16,"key":"SneckoOil"},{"floor":19,"key":"LiquidBronze"},{"floor":19,"key":"Ancient Potion"},{"floor":25,"key":"BloodPotion"},{"floor":31,"key":"EssenceOfSteel"},{"floor":39,"key":"EntropicBrew"}],"is_trial":false,"path_per_floor":["M","$","M","M","M","R","?","E","T","M","E","$","M","M","R","B",null,"M","?","$","M","$","E","M","M","T","?","R","M","M","M","R","B",null,"M","$","M","$","M","E","R","?","T","$","?","B",null],"character_chosen":"IRONCLAD","items_purchased":["Wild Strike","Twin Strike","Membership Card","Letter Opener","OrangePellets","Apotheosis"],"campfire_rested":1,"item_purchase_floors":[12,20,22,36,38,44],"current_hp_per_floor":[80,80,80,80,80,80,77,80,80,80,58,58,60,66,66,33,80,80,80,80,80,80,68,65,65,75,75,97,97,97,97,97,21,97,93,93,89,89,89,86,86,86,86,86,86,16],"gold":8,"neow_bonus":"","is_daily":true,"chose_seed":false,"campfire_upgraded":4,"win_rate":0.0,"timestamp":1609612570,"path_taken":["M","$","M","?","M","R","?","E","T","M","E","$","M","M","R","BOSS","M","?","$","M","?","E","M","M","T","?","R","M","M","M","R","BOSS","M","$","M","$","M","E","R","?","T","$","?","BOSS"],"items_purchased_type":["Card","Card","Relic","Relic","Relic","Card"],"build_version":"2020-12-22","purchased_purges":4,"victory":true,"max_hp_per_floor":[80,80,80,80,80,80,80,80,80,80,80,80,80,80,80,80,80,80,80,80,80,80,87,87,87,97,97,97,97,97,97,97,97,97,97,97,97,97,97,97,97,92,92,92,92,92],"relic_stats":{"Happy Flower":[18],"counters":[24,66],"Bag of Preparation":[40],"Letter Opener":[30],"Smiling Mask":113,"Cursed Key":2,"Burning Blood":102,"OrangePellets":[0],"Shuriken":[12],"Ornamental Fan":[20],"Bronze Scales":[30],"Turnip":[1],"Kunai":[30],"obtain_stats":[{"Pear":26,"Happy Flower":8,"Bag of Preparation":7,"Letter Opener":36,"Smiling Mask":11,"Cursed Key":17,"Burning Blood":0,"Calling Bell":34,"OrangePellets":38,"Shuriken":34,"Ornamental Fan":43,"Strawberry":23,"Bronze Scales":34,"Turnip":34,"Kunai":9,"Membership Card":22,"Pocketwatch":40},{"Pear":15,"Happy Flower":5,"Bag of Preparation":4,"Letter Opener":20,"Smiling Mask":7,"Cursed Key":10,"Burning Blood":0,"Calling Bell":19,"OrangePellets":21,"Shuriken":19,"Ornamental Fan":23,"Strawberry":13,"Bronze Scales":19,"Turnip":19,"Kunai":5,"Membership Card":12,"Pocketwatch":23},{"Pear":36,"Happy Flower":12,"Bag of Preparation":10,"Letter Opener":53,"Smiling Mask":18,"Cursed Key":25,"Burning Blood":0,"Calling Bell":50,"OrangePellets":56,"Shuriken":50,"Ornamental Fan":59,"Strawberry":31,"Bronze Scales":50,"Turnip":50,"Kunai":12,"Membership Card":28,"Pocketwatch":59}],"Pocketwatch":[0]},"card_choices":[{"not_picked":["Warcry"],"picked":"Perfected Strike","floor":1},{"not_picked":["Pummel","Clothesline"],"picked":"SKIP","floor":3},{"not_picked":["Wild Strike"],"picked":"Perfected Strike","floor":4},{"not_picked":["Dual Wield","Armaments"],"picked":"SKIP","floor":5},{"not_picked":["Flex","Cleave"],"picked":"SKIP","floor":8},{"not_picked":["Clash","Dropkick"],"picked":"SKIP","floor":10},{"not_picked":["Dropkick","Heavy Blade"],"picked":"SKIP","floor":11},{"not_picked":["Cleave","Flame Barrier"],"picked":"SKIP","floor":13},{"not_picked":["Juggernaut","Clothesline"],"picked":"SKIP","floor":14},{"not_picked":["Fiend Fire"],"picked":"Offering","floor":16},{"not_picked":["Thunderclap","Sentinel+1"],"picked":"SKIP","floor":21},{"not_picked":["Body Slam"],"picked":"Twin Strike","floor":23},{"not_picked":["Headbutt+1","Bloodletting"],"picked":"SKIP","floor":24},{"not_picked":["Dark Embrace","Shrug It Off"],"picked":"SKIP","floor":25},{"not_picked":["Exhume","Havoc"],"picked":"SKIP","floor":29},{"not_picked":["Combust","Carnage+1"],"picked":"SKIP","floor":30},{"not_picked":["Headbutt+1"],"picked":"Perfected Strike+1","floor":31},{"not_picked":["Disarm","Searing Blow+1"],"picked":"SKIP","floor":35},{"not_picked":["Blood for Blood+1","Thunderclap"],"picked":"SKIP","floor":37},{"not_picked":["Carnage","Ghostly Armor"],"picked":"SKIP","floor":39},{"not_picked":["Heavy Blade+1","Searing Blow"],"picked":"SKIP","floor":40}],"player_experience":1641653,"relics_obtained":[{"floor":8,"key":"Happy Flower"},{"floor":9,"key":"Kunai"},{"floor":11,"key":"Smiling Mask"},{"floor":23,"key":"Strawberry"},{"floor":26,"key":"Pear"},{"floor":34,"key":"Bronze Scales"},{"floor":34,"key":"Shuriken"},{"floor":34,"key":"Turnip"},{"floor":40,"key":"Pocketwatch"},{"floor":43,"key":"Ornamental Fan"}],"event_choices":[{"damage_healed":0,"gold_gain":0,"player_choice":"Success","damage_taken":3,"relics_obtained":["Bag of Preparation"],"max_hp_gain":0,"max_hp_loss":0,"event_name":"Scrap Ooze","floor":7,"gold_loss":0},{"damage_healed":0,"gold_gain":0,"player_choice":"Got Potions","damage_taken":0,"max_hp_gain":0,"max_hp_loss":0,"event_name":"Lab","floor":19,"gold_loss":0},{"damage_healed":0,"gold_gain":0,"player_choice":"Ignored","damage_taken":0,"max_hp_gain":0,"max_hp_loss":0,"event_name":"Ghosts","floor":27,"gold_loss":0},{"damage_healed":0,"gold_gain":0,"player_choice":"Max HP","damage_taken":0,"max_hp_gain":0,"max_hp_loss":5,"event_name":"Winding Halls","floor":42,"gold_loss":0},{"damage_healed":0,"gold_gain":0,"player_choice":"Took Portal","damage_taken":0,"max_hp_gain":0,"max_hp_loss":0,"event_name":"SecretPortal","floor":45,"gold_loss":0}],"is_beta":false,"boss_relics":[{"not_picked":["Sozu","Busted Crown"],"picked":"Cursed Key"},{"not_picked":["SlaversCollar","Black Star"],"picked":"Calling Bell"}],"items_purged_floors":[12,20,38,44],"is_endless":false,"potions_floor_spawned":[1,4,13,16,25,29,31,33,35,39,40],"ascension_level":0}}