{"host":"tiwza2kisyyrpq7h","time":1609623717,"event":{"mods":["BaseMod","Colored Powertips","Minty Spire (QoL Compilation)","Quick Restart","Rare Cards Sparkle","StSLib","SuperFastMode","The Servant 0.9.4","óô»ðÖ¸ÄÏ"],"gold_per_floor":[111,186,198,198,41,72,72,72,72,98,98,110,124,156,168,258,270,299,325,337,9,26,51,62,92,92,102,134,176,232,249,249,351,351,361,1360,630,630,630,686,68,68,113,152,152,182,182,218,49,49,49],"floor_reached":52,"playtime":2105,"items_purged":["Normality","Normality","Regret"],"score":2421,"play_id":"09867a38-a029-43f1-9bec-cd56c9ef7366","local_time":"20210103054157","is_ascension_mode":true,"campfire_choices":[{"data":"Eruption","floor":7.0,"key":"SMITH"},{"data":"SignatureMove","floor":11.0,"key":"SMITH"},{"data":"ConjureBlade","floor":15.0,"key":"SMITH"},{"data":"MasterReality","floor":32.0,"key":"SMITH"},{"data":"Enlightenment","floor":45.0,"key":"SMITH"},{"data":"Vault","floor":47.0,"key":"SMITH"}],"circlet_count":0,"master_deck":["AscendersBane","Eruption+1","Vigilance+1","SignatureMove+1","Tantrum+1","Halt","ConjureBlade+1","MasterReality+1","Scrawl","FlurryOfBlows","Wireheading","EmptyFist","Adaptation","ThirdEye","Pray+1","Wish","EmptyBody+1","Wallop+1","BattleHymn","Prostrate+1","Brilliance","Protect","ClearTheMind","EmptyMind","Sanctity","EmptyFist","Vengeance","Vault+1","Fasting2","Wireheading","Sadistic Nature","Violence","Swivel+1","Enlightenment+1","MentalFortress","ReachHeaven+1","Perseverance","Adaptation+1","Fasting2"],"relics":["PureWater","Bag of Marbles","PreservedInsect","ClockworkSouvenir","Toy Ornithopter","Letter Opener","Art of War","Anchor","MawBank","Black Star","Enchiridion","Mummified Hand","Damaru","Potion Belt","Bronze Scales","Whetstone","Eternal Feather","Blood Vial","Prayer Wheel","Akabeko","Orichalcum","Pandora\u0027s Box","Centennial Puzzle","OrangePellets","Pen Nib","Bag of Preparation","Bottled Tornado","War Paint","Strange Spoon","Lantern","MealTicket","Molten Egg 2"],"acts_visited":["Exordium","TheCity","TheBeyond"],"potions_floor_usage":[51,51],"damage_taken":[{"damage":1.0,"enemies":"2 Louse","floor":1.0,"turns":2.0},{"damage":0.0,"enemies":"Jaw Worm","floor":3.0,"turns":2.0},{"damage":0.0,"enemies":"Gremlin Nob","floor":6.0,"turns":2.0},{"damage":0.0,"enemies":"Cultist","floor":12.0,"turns":2.0},{"damage":0.0,"enemies":"2 Fungi Beasts","floor":13.0,"turns":3.0},{"damage":4.0,"enemies":"Lagavulin","floor":14.0,"turns":4.0},{"damage":35.0,"enemies":"The Guardian","floor":16.0,"turns":5.0},{"damage":7.0,"enemies":"Spheric Guardian","floor":18.0,"turns":4.0},{"damage":7.0,"enemies":"2 Thieves","floor":19.0,"turns":2.0},{"damage":0.0,"enemies":"Shelled Parasite and Fungi","floor":22.0,"turns":2.0},{"damage":0.0,"enemies":"Book of Stabbing","floor":23.0,"turns":2.0},{"damage":0.0,"enemies":"Snecko","floor":24.0,"turns":2.0},{"damage":0.0,"enemies":"Gremlin Leader","floor":25.0,"turns":3.0},{"damage":0.0,"enemies":"Chosen and Byrds","floor":27.0,"turns":3.0},{"damage":3.0,"enemies":"Slavers","floor":28.0,"turns":3.0},{"damage":6.0,"enemies":"Centurion and Healer","floor":29.0,"turns":3.0},{"damage":4.0,"enemies":"Book of Stabbing","floor":30.0,"turns":4.0},{"damage":5.0,"enemies":"3 Cultists","floor":31.0,"turns":3.0},{"damage":20.0,"enemies":"Collector","floor":33.0,"turns":5.0},{"damage":9.0,"enemies":"Orb Walker","floor":35.0,"turns":3.0},{"damage":3.0,"enemies":"Reptomancer","floor":40.0,"turns":3.0},{"damage":6.0,"enemies":"3 Darklings","floor":44.0,"turns":6.0},{"damage":10.0,"enemies":"Nemesis","floor":46.0,"turns":3.0},{"damage":23.0,"enemies":"4 Shapes","floor":48.0,"turns":5.0},{"damage":15.0,"enemies":"Donu and Deca","floor":50.0,"turns":5.0},{"damage":49,"enemies":"Awakened One","floor":51,"turns":8}],"seed_played":"-4038197748981753459","potions_obtained":[{"floor":1.0,"key":"SkillPotion"},{"floor":3.0,"key":"Fire Potion"},{"floor":19.0,"key":"SpeedPotion"},{"floor":22.0,"key":"AttackPotion"},{"floor":27.0,"key":"Block Potion"},{"floor":28.0,"key":"SkillPotion"},{"floor":29.0,"key":"Strength Potion"},{"floor":30.0,"key":"BottledMiracle"},{"floor":33.0,"key":"SpeedPotion"},{"floor":40.0,"key":"LiquidMemories"},{"floor":48.0,"key":"SkillPotion"}],"is_trial":false,"path_per_floor":["M","?","M","T","$","E","R","?","T","T","R","M","M","E","R","B",null,"M","M","?","$","M","E","M","E","T","M","E","M","E","M","R","B",null,"M","?","$","?","?","E","$","?","T","M","R","E","R","M","R","B","B",null],"character_chosen":"WATCHER","items_purchased":["ClockworkSouvenir","Mummified Hand","BottledMiracle","Wireheading","Centennial Puzzle","OrangePellets","Pen Nib","Regen Potion","Enlightenment","War Paint","Strange Spoon","MentalFortress","Fasting2"],"campfire_rested":0,"item_purchase_floors":[5,21,21,37,37,37,37,37,41,41,41,41,49],"current_hp_per_floor":[60,49,49,49,49,49,49,49,49,49,49,54,54,50,50,20,56,49,42,21,21,26,31,31,31,31,31,28,29,32,29,47,34,60,53,53,53,53,43,61,61,61,61,57,68,58,68,45,66,53,16],"gold":49,"neow_bonus":"RANDOM_COMMON_RELIC","is_daily":false,"chose_seed":false,"campfire_upgraded":6,"win_rate":0.0,"timestamp":1609623717,"path_taken":["M","?","M","?","?","E","R","?","T","?","R","?","M","E","R","BOSS","M","M","?","$","M","E","M","E","T","M","E","M","E","M","R","BOSS","M","?","$","?","?","E","$","?","T","?","R","E","R","M","R","BOSS","BOSS"],"items_purchased_type":["Relic","Relic","Potion","Card","Relic","Relic","Relic","Potion","Card","Relic","Relic","Card","Card"],"build_version":"2020-12-22","purchased_purges":3,"victory":true,"max_hp_per_floor":[68,68,68,68,68,68,68,68,68,68,68,68,68,68,68,68,68,68,68,68,68,68,68,68,68,68,68,68,68,68,68,68,68,68,68,68,68,68,68,68,68,68,68,68,68,68,68,68,68,68,68],"card_choices":[{"not_picked":["Study","Weave"],"picked":"SignatureMove","floor":1.0},{"not_picked":["DeceiveReality","FlyingSleeves"],"picked":"Tantrum","floor":3.0},{"not_picked":["ClearTheMind","Evaluate"],"picked":"Halt","floor":6.0},{"not_picked":["FlurryOfBlows","WreathOfFlame"],"picked":"ConjureBlade","floor":12.0},{"not_picked":["Evaluate","BowlingBash"],"picked":"FearNoEvil","floor":13.0},{"not_picked":["WheelKick","Consecrate"],"picked":"MasterReality","floor":14.0},{"not_picked":["SpiritShield","ConjureBlade"],"picked":"Scrawl","floor":16.0},{"not_picked":["ClearTheMind","Sanctity"],"picked":"FlurryOfBlows","floor":18.0},{"not_picked":["PathToVictory","SashWhip"],"picked":"Wireheading","floor":19.0},{"not_picked":["Crescendo","JustLucky+1"],"picked":"EmptyFist","floor":22.0},{"not_picked":["ForeignInfluence","Consecrate","JustLucky"],"picked":"SKIP","floor":23.0},{"not_picked":["ForeignInfluence","Consecrate","JustLucky"],"picked":"SKIP","floor":23.0},{"not_picked":["Worship","MentalFortress"],"picked":"Adaptation","floor":24.0},{"not_picked":["EmptyFist","Consecrate"],"picked":"ThirdEye","floor":25.0},{"not_picked":["SashWhip","Crescendo+1"],"picked":"Pray","floor":27.0},{"not_picked":["Prostrate","FlyingSleeves+1"],"picked":"Wish","floor":28.0},{"not_picked":["Sanctity+1","JustLucky"],"picked":"EmptyBody+1","floor":29.0},{"not_picked":["Conclude","ForeignInfluence"],"picked":"Wallop+1","floor":29.0},{"not_picked":["ThirdEye","Swivel+1"],"picked":"BattleHymn","floor":30.0},{"not_picked":["JustLucky","FlurryOfBlows"],"picked":"Prostrate+1","floor":31.0},{"not_picked":["Crescendo","SashWhip","ForeignInfluence"],"picked":"SKIP","floor":31.0},{"not_picked":["ConjureBlade","SpiritShield"],"picked":"Brilliance","floor":33.0},{"not_picked":["Vengeance","FollowUp","JustLucky"],"picked":"SKIP","floor":35.0},{"not_picked":["ForeignInfluence","EmptyFist+1","Consecrate"],"picked":"SKIP","floor":35.0},{"not_picked":["Deep Breath","Madness"],"picked":"Sadistic Nature","floor":39.0},{"not_picked":["Good Instincts","Discovery"],"picked":"Violence","floor":39.0},{"not_picked":["Protect","PathToVictory"],"picked":"Swivel+1","floor":40.0},{"not_picked":["SashWhip+1","Crescendo","ForeignInfluence+1"],"picked":"SKIP","floor":44.0},{"not_picked":["ClearTheMind","Consecrate","PathToVictory"],"picked":"SKIP","floor":44.0},{"not_picked":["WindmillStrike+1","EmptyBody"],"picked":"ReachHeaven+1","floor":46.0},{"not_picked":["FlyingSleeves+1","Weave+1"],"picked":"Perseverance","floor":48.0},{"not_picked":["EmptyBody","FlurryOfBlows+1"],"picked":"Adaptation+1","floor":48.0}],"player_experience":935460,"relics_obtained":[{"floor":4.0,"key":"PreservedInsect"},{"floor":6.0,"key":"Toy Ornithopter"},{"floor":9.0,"key":"Art of War"},{"floor":10.0,"key":"Anchor"},{"floor":14.0,"key":"MawBank"},{"floor":20.0,"key":"Enchiridion"},{"floor":23.0,"key":"Damaru"},{"floor":23.0,"key":"Potion Belt"},{"floor":25.0,"key":"Bronze Scales"},{"floor":25.0,"key":"Whetstone"},{"floor":26.0,"key":"Eternal Feather"},{"floor":28.0,"key":"Blood Vial"},{"floor":28.0,"key":"Prayer Wheel"},{"floor":30.0,"key":"Akabeko"},{"floor":30.0,"key":"Orichalcum"},{"floor":40.0,"key":"Bag of Preparation"},{"floor":40.0,"key":"Bottled Tornado"},{"floor":43.0,"key":"Lantern"},{"floor":46.0,"key":"MealTicket"},{"floor":46.0,"key":"Molten Egg 2"}],"event_choices":[{"damage_healed":0.0,"max_hp_gain":0.0,"max_hp_loss":0.0,"gold_gain":75.0,"event_name":"World of Goop","player_choice":"Gather Gold","floor":2.0,"gold_loss":0.0,"damage_taken":11.0},{"damage_healed":0.0,"max_hp_gain":0.0,"max_hp_loss":0.0,"gold_gain":0.0,"event_name":"Big Fish","player_choice":"Box","floor":8.0,"gold_loss":0.0,"damage_taken":0.0,"relics_obtained":["Letter Opener"],"cards_obtained":["Regret"]},{"damage_healed":0.0,"max_hp_gain":0.0,"max_hp_loss":0.0,"gold_gain":0.0,"event_name":"Cursed Tome","player_choice":"Obtained Book","floor":20.0,"gold_loss":0.0,"damage_taken":21.0},{"damage_healed":0.0,"max_hp_gain":0.0,"max_hp_loss":0.0,"gold_gain":999.0,"event_name":"MindBloom","player_choice":"Gold","floor":36.0,"gold_loss":0.0,"damage_taken":0.0,"cards_obtained":["Normality","Normality"]},{"damage_healed":0.0,"max_hp_gain":0.0,"max_hp_loss":0.0,"gold_gain":0.0,"event_name":"Tomb of Lord Red Mask","player_choice":"Ignored","floor":38.0,"gold_loss":0.0,"damage_taken":0.0},{"damage_healed":0.0,"max_hp_gain":0.0,"max_hp_loss":0.0,"gold_gain":0.0,"event_name":"SensoryStone","player_choice":"Memory 3","floor":39.0,"gold_loss":0.0,"damage_taken":10.0},{"cards_removed":["FearNoEvil"],"damage_healed":0.0,"max_hp_gain":0.0,"max_hp_loss":0.0,"gold_gain":0.0,"event_name":"Falling","player_choice":"Removed Attack","floor":42.0,"gold_loss":0.0,"damage_taken":0.0}],"is_beta":false,"boss_relics":[{"not_picked":["Astrolabe","Philosopher\u0027s Stone"],"picked":"Black Star"},{"not_picked":["Empty Cage","SlaversCollar"],"picked":"Pandora\u0027s Box"}],"items_purged_floors":[37,41,49],"is_endless":false,"potions_floor_spawned":[1,3,6,19,22,27,28,29,30,33,40,48],"ascension_level":20}}