{"host":"p7xnybcl7rtshmbr","time":1609599701,"event":{"mods":["AchievementEnabler","AlwaysNeverKeys","Aspiration","BaseMod","Hermit","Hubris","Minty Spire (QoL Compilation)","Replay The Spire","StSLib","The Hierophant","The Marked"],"gold_per_floor":[119,132,132,149,149,149,149,164,190,190,230,230,73,98,98,217,217,205,205,219,14,14,14,14,14,96,71,94,114,114,139,139,139,139],"floor_reached":33,"playtime":1216,"items_purged":[],"score":245,"play_id":"4996eafc-e46a-4e4c-b5e1-468f21fb3df6","local_time":"20210102180141","is_ascension_mode":false,"campfire_choices":[{"data":"theMarked:SoldierOfQuellstein","floor":6,"key":"SMITH"},{"data":"theMarked:ChainLightning","floor":10,"key":"SMITH"},{"data":"theMarked:SoldierForm","floor":15,"key":"SMITH"},{"data":"theMarked:EmpowerWeapon","floor":23,"key":"SMITH"},{"data":"theMarked:WastefulDefense","floor":25,"key":"SMITH"},{"floor":30,"key":"REST"},{"floor":32,"key":"REST"}],"circlet_count":0,"master_deck":["theMarked:Strike","theMarked:Strike","theMarked:Strike+1","theMarked:Defend","theMarked:Defend","theMarked:Defend","theMarked:Defend+1","theMarked:SoldierOfQuellstein+1","theMarked:ChainLightning+1","theMarked:HeightenedSenses","theMarked:Improvise","theMarked:SoldierForm+1","theMarked:Levitate","theMarked:WastefulDefense+1","theMarked:SwordAndMagic+1","theMarked:BindingBlade+1","theMarked:EmpowerWeapon+1","Spreading Infection","theMarked:Parry","theMarked:WardOff"],"relics":["theMarked:ArtifactOfAir","NeowsBlessing","hubris:Towel","Gremlin Food","Golden Idol","hubris:ToyBattleship","hubris:SlimyHat","Lee\u0027s Waffle","Empty Cage","Whetstone","Ring of Searing","hubris:PeanutButter"],"acts_visited":["Exordium","TheCity"],"potions_floor_usage":[16,31,31],"damage_taken":[{"damage":0,"enemies":"Cultist","floor":1,"turns":1},{"damage":0,"enemies":"Jaw Worm","floor":2,"turns":1},{"damage":0,"enemies":"Small Slimes","floor":4,"turns":1},{"damage":0,"enemies":"2 Fungi Beasts","floor":8,"turns":2},{"damage":27,"enemies":"Gremlin Nob","floor":11,"turns":4},{"damage":19,"enemies":"3 Louse","floor":14,"turns":2},{"damage":24,"enemies":"Hexaghost","floor":16,"turns":9},{"damage":5,"enemies":"2 Thieves","floor":18,"turns":4},{"damage":18,"enemies":"Spheric Guardian","floor":20,"turns":5},{"damage":12,"enemies":"Snecko","floor":28,"turns":4},{"damage":10,"enemies":"Snake Plant","floor":29,"turns":4},{"damage":17,"enemies":"Centurion and Healer","floor":31,"turns":5},{"damage":95,"enemies":"Champ","floor":33,"turns":8}],"seed_played":"7880323547620942722","potions_obtained":[{"floor":1,"key":"Weak Potion"},{"floor":2,"key":"SkillPotion"},{"floor":8,"key":"GamblersBrew"},{"floor":16,"key":"FearPotion"},{"floor":28,"key":"Weak Potion"},{"floor":31,"key":"Elixir"}],"is_trial":false,"path_per_floor":["M","M","?","M","?","R","?","M","T","R","E","?","$","M","R","B",null,"M","?","M","$","?","R","?","R","T","$","M","M","R","M","R","B"],"character_chosen":"THE_DEFAULT","items_purchased":["Lee\u0027s Waffle","theMarked:EmpowerWeapon","Whetstone","theMarked:Parry"],"campfire_rested":2,"item_purchase_floors":[13,21,21,27],"current_hp_per_floor":[70,70,70,70,52,52,52,52,52,52,25,25,77,58,58,34,77,72,77,59,59,59,59,59,59,59,59,47,37,60,43,66,0,0],"gold":139,"neow_bonus":"THREE_ENEMY_KILL","is_daily":false,"chose_seed":false,"campfire_upgraded":5,"win_rate":0.0,"timestamp":1609599701,"path_taken":["M","?","?","M","?","R","?","M","T","R","E","?","$","?","R","BOSS","M","?","M","$","?","R","?","R","T","?","M","M","R","M","R","BOSS"],"items_purchased_type":["Relic","Card","Relic","Card"],"build_version":"2020-12-22","purchased_purges":0,"victory":false,"max_hp_per_floor":[70,70,70,70,70,70,70,70,70,70,70,70,77,77,77,77,77,77,77,77,77,77,77,77,77,77,77,77,77,77,77,77,77,77],"card_choices":[{"not_picked":["theMarked:Indomitable","theMarked:Reabsorb"],"picked":"theMarked:ChainLightning","floor":1},{"not_picked":["theMarked:Aftermath","theMarked:SwordAndMagic"],"picked":"theMarked:HeightenedSenses","floor":2},{"not_picked":["theMarked:Static","theMarked:ParalyzingBlade"],"picked":"theMarked:Improvise","floor":4},{"not_picked":["theMarked:ElectricStrings","theMarked:ResourceFulStrike"],"picked":"theMarked:SoldierForm","floor":8},{"not_picked":["theMarked:Snap","theMarked:Parry","theMarked:Improvise"],"picked":"SKIP","floor":11},{"not_picked":["theMarked:Improvise","theMarked:EnhanceMovement"],"picked":"theMarked:WastefulDefense","floor":14},{"not_picked":["theMarked:RepellingDischarge","theMarked:GodGivenPower"],"picked":"theMarked:SwordAndMagic","floor":18},{"not_picked":["theMarked:ResourceFulStrike+1","theMarked:ContemptForTheProud"],"picked":"theMarked:BindingBlade","floor":20},{"not_picked":["theMarked:Overcharge","theMarked:Improvise"],"picked":"theMarked:WardOff","floor":28},{"not_picked":["theMarked:TwofoldDefense","theMarked:ResourceFulStrike","theMarked:HeightenedSenses"],"picked":"SKIP","floor":29},{"not_picked":["theMarked:Convert+1","theMarked:HeightenedSenses","theMarked:Vacuum"],"picked":"SKIP","floor":31}],"player_experience":305559,"relics_obtained":[{"floor":9,"key":"hubris:ToyBattleship"},{"floor":11,"key":"hubris:SlimyHat"},{"floor":22,"key":"Ring of Searing"},{"floor":26,"key":"hubris:PeanutButter"}],"event_choices":[{"damage_healed":0,"gold_gain":0,"player_choice":"Success","damage_taken":18,"relics_obtained":["Gremlin Food"],"max_hp_gain":0,"max_hp_loss":0,"event_name":"Scrap Ooze","floor":5,"gold_loss":0},{"damage_healed":0,"gold_gain":0,"player_choice":"Take Wound","damage_taken":0,"relics_obtained":["Golden Idol"],"max_hp_gain":0,"max_hp_loss":0,"event_name":"Golden Idol","floor":7,"gold_loss":0,"cards_obtained":["Injury"]},{"damage_healed":0,"gold_gain":0,"cards_transformed":["theMarked:Strike"],"player_choice":"Transformed","damage_taken":0,"max_hp_gain":0,"max_hp_loss":0,"event_name":"Transmorgrifier","floor":12,"gold_loss":0,"cards_obtained":["theMarked:Levitate"]},{"damage_healed":0,"gold_gain":0,"player_choice":"Ignored","damage_taken":0,"max_hp_gain":0,"max_hp_loss":0,"event_name":"Vampires","floor":24,"gold_loss":0}],"is_beta":false,"boss_relics":[{"not_picked":["hubris:Stopwatch","hubris:TerracottaHorce"],"picked":"Empty Cage"}],"items_purged_floors":[],"is_endless":false,"potions_floor_spawned":[1,2,8,16,28,31],"killed_by":"Champ","ascension_level":0}}