{"host":"dl7h25vjpuplx29g","time":1609557939,"event":{"mods":["BaseMod","Colored Map","Minty Spire (QoL Compilation)"],"gold_per_floor":[117,67,85,85,3,3,36,36,59,79,93,93,137,150,150,246,246,264,18,32,32,51,51,94,94,94,137,153,168,13,13,13,107,107,131,31,52,76,100,100,161,161,161,161,175,175,175,213,213,213,213,213,50,88,88],"floor_reached":56,"playtime":6564,"items_purged":["Strike_G","Strike_G","Defend_G"],"score":2081,"play_id":"e607ca51-61e3-4ac0-85d1-868d084f9f45","local_time":"20210102122539","is_ascension_mode":true,"campfire_choices":[{"data":"Accuracy","floor":6.0,"key":"SMITH"},{"data":"Storm of Steel","floor":12.0,"key":"SMITH"},{"data":"Backflip","floor":15.0,"key":"SMITH"},{"data":"Blade Dance","floor":23.0,"key":"SMITH"},{"data":"Neutralize","floor":25.0,"key":"SMITH"},{"data":"Strike_G","floor":32.0,"key":"PURGE"},{"data":"Strike_G","floor":40.0,"key":"PURGE"},{"data":"Strike_G","floor":42.0,"key":"PURGE"},{"floor":44.0,"key":"RECALL"},{"data":"Sucker Punch","floor":49.0,"key":"PURGE"},{"data":"After Image","floor":52.0,"key":"SMITH"}],"circlet_count":0,"master_deck":["AscendersBane","Defend_G","Defend_G","Defend_G","Survivor","Neutralize+1","Blade Dance+1","Accuracy+1","Prepared","Storm of Steel+1","Deflect","Backflip+1","Blur","After Image+1","Endless Agony+1","Tactician+1","Calculated Gamble","Endless Agony","Footwork","Adrenaline","PiercingWail","Infinite Blades","Blur+1","Storm of Steel","Cloak And Dagger","Caltrops","Crippling Poison"],"relics":["Ring of the Snake","NeowsBlessing","Golden Idol","Dead Branch","Oddly Smooth Stone","Strawberry","HoveringKite","Kunai","FossilizedHelix","Pen Nib","Peace Pipe","SacredBark","Du-Vu Doll","Bird Faced Urn","Orichalcum"],"acts_visited":["Exordium","TheCity","TheBeyond","TheEnding"],"potions_floor_usage":[55,55],"damage_taken":[{"damage":0.0,"enemies":"Small Slimes","floor":1.0,"turns":1.0},{"damage":0.0,"enemies":"Jaw Worm","floor":3.0,"turns":1.0},{"damage":0.0,"enemies":"3 Sentries","floor":7.0,"turns":1.0},{"damage":0.0,"enemies":"Cultist","floor":10.0,"turns":2.0},{"damage":0.0,"enemies":"Gremlin Gang","floor":11.0,"turns":3.0},{"damage":13.0,"enemies":"Lagavulin","floor":13.0,"turns":6.0},{"damage":0.0,"enemies":"Blue Slaver","floor":14.0,"turns":1.0},{"damage":0.0,"enemies":"Slime Boss","floor":16.0,"turns":1.0},{"damage":0.0,"enemies":"Chosen","floor":18.0,"turns":2.0},{"damage":0.0,"enemies":"3 Byrds","floor":20.0,"turns":3.0},{"damage":3.0,"enemies":"Snake Plant","floor":22.0,"turns":4.0},{"damage":9.0,"enemies":"Book of Stabbing","floor":24.0,"turns":5.0},{"damage":0.0,"enemies":"Slavers","floor":27.0,"turns":1.0},{"damage":0.0,"enemies":"Shelled Parasite and Fungi","floor":28.0,"turns":3.0},{"damage":0.0,"enemies":"Chosen and Byrds","floor":29.0,"turns":2.0},{"damage":8.0,"enemies":"Automaton","floor":33.0,"turns":3.0},{"damage":0.0,"enemies":"3 Darklings","floor":35.0,"turns":1.0},{"damage":0.0,"enemies":"3 Shapes","floor":37.0,"turns":7.0},{"damage":0.0,"enemies":"Writhing Mass","floor":38.0,"turns":5.0},{"damage":0.0,"enemies":"4 Shapes","floor":39.0,"turns":3.0},{"damage":0.0,"enemies":"2 Orb Walkers","floor":41.0,"turns":4.0},{"damage":0.0,"enemies":"Sphere and 2 Shapes","floor":45.0,"turns":1.0},{"damage":0.0,"enemies":"Writhing Mass","floor":47.0,"turns":1.0},{"damage":0.0,"enemies":"Reptomancer","floor":48.0,"turns":2.0},{"damage":34.0,"enemies":"Time Eater","floor":50.0,"turns":9.0},{"damage":0.0,"enemies":"Shield and Spear","floor":54.0,"turns":5.0},{"damage":36,"enemies":"The Heart","floor":55,"turns":11}],"seed_played":"1501086124958965215","potions_obtained":[{"floor":7.0,"key":"FearPotion"},{"floor":10.0,"key":"CunningPotion"},{"floor":16.0,"key":"AttackPotion"},{"floor":24.0,"key":"PowerPotion"},{"floor":31.0,"key":"CultistPotion"},{"floor":33.0,"key":"SmokeBomb"},{"floor":38.0,"key":"DuplicationPotion"},{"floor":45.0,"key":"SmokeBomb"},{"floor":48.0,"key":"EssenceOfSteel"}],"is_trial":false,"path_per_floor":["M","?","M","?","$","R","E","?","T","M","M","R","E","M","R","B",null,"M","$","M","$","M","R","E","R","T","E","M","M","$","?","R","B",null,"M","$","M","M","M","R","?","R","T","R","M","?","M","E","R","B",null,"R","$","E","B",null],"character_chosen":"THE_SILENT","items_purchased":["Accuracy","Prepared","Kunai","Footwork","Caltrops"],"campfire_rested":0,"item_purchase_floors":[5,5,19,30,53],"current_hp_per_floor":[59,59,59,59,59,59,59,59,59,59,59,59,53,53,53,53,64,64,64,64,64,61,61,52,52,52,52,52,52,52,52,52,44,62,62,62,62,62,62,62,62,62,62,62,62,62,62,62,62,40,61,61,61,68,38],"gold":88,"neow_bonus":"THREE_ENEMY_KILL","is_daily":false,"chose_seed":false,"campfire_upgraded":6,"win_rate":0.0,"timestamp":1609557939,"path_taken":["M","?","M","?","$","R","E","?","T","M","M","R","E","?","R","BOSS","M","$","M","?","M","R","E","R","T","E","M","?","$","?","R","BOSS","M","$","M","M","M","R","?","R","T","R","M","?","M","E","R","BOSS","R","$","E","BOSS"],"items_purchased_type":["Card","Card","Relic","Card","Card"],"build_version":"2020-12-22","purchased_purges":3,"victory":true,"max_hp_per_floor":[66,66,66,61,61,61,61,61,61,61,61,61,68,68,68,68,68,68,68,68,68,68,68,68,68,68,68,68,68,68,68,68,68,68,68,68,68,68,68,68,68,68,68,68,68,68,68,68,68,68,68,68,68,68,68],"card_choices":[{"not_picked":["Concentrate","Outmaneuver"],"picked":"Bane","floor":1.0},{"not_picked":["Underhanded Strike","PiercingWail"],"picked":"Blade Dance","floor":3.0},{"not_picked":["Calculated Gamble","Dodge and Roll"],"picked":"Storm of Steel","floor":7.0},{"not_picked":["Caltrops","Backflip"],"picked":"Deflect","floor":10.0},{"not_picked":["Masterful Stab","Slice"],"picked":"Sucker Punch","floor":11.0},{"not_picked":["Dagger Throw","Setup"],"picked":"Backflip","floor":13.0},{"not_picked":["Deadly Poison","Dodge and Roll"],"picked":"Blur","floor":14.0},{"not_picked":["Doppelganger","Grand Finale"],"picked":"After Image","floor":16.0},{"not_picked":["Finisher","Dagger Throw"],"picked":"Endless Agony+1","floor":18.0},{"not_picked":["Acrobatics","Endless Agony"],"picked":"Tactician+1","floor":20.0},{"not_picked":["Finisher","Deadly Poison"],"picked":"Calculated Gamble","floor":22.0},{"not_picked":["Underhanded Strike+1","Finisher"],"picked":"Endless Agony","floor":24.0},{"not_picked":["All Out Attack","Poisoned Stab","Setup"],"picked":"SKIP","floor":27.0},{"not_picked":["Flying Knee","Cloak And Dagger","Bane"],"picked":"SKIP","floor":28.0},{"not_picked":["Deflect","Flying Knee+1","Dagger Throw"],"picked":"SKIP","floor":29.0},{"not_picked":["Bullet Time","A Thousand Cuts"],"picked":"Adrenaline","floor":33.0},{"not_picked":["Quick Slash+1","Dagger Spray","Distraction"],"picked":"SKIP","floor":35.0},{"not_picked":["Bane","Dagger Spray"],"picked":"PiercingWail","floor":37.0},{"not_picked":["Noxious Fumes","Acrobatics"],"picked":"Infinite Blades","floor":38.0},{"not_picked":["Sucker Punch","PiercingWail"],"picked":"Blur+1","floor":39.0},{"not_picked":["Dodge and Roll","Underhanded Strike+1"],"picked":"Storm of Steel","floor":41.0},{"not_picked":["Dagger Spray","Prepared"],"picked":"Cloak And Dagger","floor":45.0},{"not_picked":["Dagger Spray","Flying Knee","Choke"],"picked":"SKIP","floor":48.0},{"not_picked":["Infinite Blades","Eviscerate"],"picked":"Crippling Poison","floor":54.0}],"player_experience":1440177,"relics_obtained":[{"floor":7.0,"key":"Dead Branch"},{"floor":9.0,"key":"Oddly Smooth Stone"},{"floor":13.0,"key":"Strawberry"},{"floor":24.0,"key":"FossilizedHelix"},{"floor":26.0,"key":"Pen Nib"},{"floor":27.0,"key":"Peace Pipe"},{"floor":41.0,"key":"Du-Vu Doll"},{"floor":48.0,"key":"Bird Faced Urn"},{"floor":54.0,"key":"Orichalcum"}],"event_choices":[{"cards_removed":["Defend_G"],"damage_healed":0.0,"max_hp_gain":0.0,"max_hp_loss":0.0,"gold_gain":0.0,"event_name":"The Cleric","player_choice":"Card Removal","floor":2.0,"gold_loss":50.0,"damage_taken":0.0},{"damage_healed":0.0,"max_hp_gain":0.0,"max_hp_loss":5.0,"gold_gain":0.0,"event_name":"Golden Idol","player_choice":"Lose Max HP","floor":4.0,"gold_loss":0.0,"damage_taken":0.0,"relics_obtained":["Golden Idol"]},{"damage_healed":0.0,"max_hp_gain":0.0,"max_hp_loss":0.0,"gold_gain":0.0,"event_name":"Liars Game","player_choice":"Ignored","floor":8.0,"gold_loss":0.0,"damage_taken":0.0},{"damage_healed":0.0,"max_hp_gain":0.0,"max_hp_loss":0.0,"gold_gain":0.0,"event_name":"Lab","player_choice":"Got Potions","floor":31.0,"gold_loss":0.0,"damage_taken":0.0},{"damage_healed":0.0,"max_hp_gain":0.0,"max_hp_loss":0.0,"gold_gain":0.0,"event_name":"Mysterious Sphere","player_choice":"Fight","floor":41.0,"gold_loss":0.0,"damage_taken":0.0},{"cards_removed":["Bane"],"damage_healed":0.0,"max_hp_gain":0.0,"max_hp_loss":0.0,"gold_gain":0.0,"event_name":"Falling","player_choice":"Removed Attack","floor":46.0,"gold_loss":0.0,"damage_taken":0.0}],"is_beta":false,"boss_relics":[{"not_picked":["Empty Cage","Ectoplasm"],"picked":"HoveringKite"},{"not_picked":["Runic Dome","Runic Pyramid"],"picked":"SacredBark"}],"items_purged_floors":[30,36,53],"is_endless":false,"potions_floor_spawned":[7,10,13,16,22,24,27,33,37,38,45,48],"ascension_level":14}}