{"host":"n900smz9wr3yo27a","time":1609596778,"event":{"mods":["Arknights The Spire","BaseMod","CapriCore","GungeonMod","Hermit","Koishi","Lobotomy","Marisa£¨Ùöéë¡¡Øª×âÞÞ£©","Minty Spire (QoL Compilation)","Prisma Mod","Replay The Spire","StSLib","Td1madao Mod","The Animator","The Bug Knight","The Cursed","The Dragon Tamer","The Gatherer","The Hierophant","The Immortal","The Jungle","The Necromancer","The Poker Player","The Runesmith","WarShipGirlsR/??á´Ò³R mod"],"gold_per_floor":[116,116,130,130,143,143,173,173,173,238,264,264,88,122,122,217,217,235,29,48,82,7,72,72,72,72,87,87,112,131,0,0,95,95,105,85,117,17,30,30,30,30],"floor_reached":41,"playtime":1702,"items_purged":["hermit:Covet","hermit:FullyLoaded"],"score":641,"play_id":"5e8c3446-ad66-46fe-9bfd-c558bcb98651","local_time":"20210102231258","is_ascension_mode":false,"campfire_choices":[{"floor":6,"key":"REST"},{"floor":12,"key":"REST"},{"floor":15,"key":"REST"},{"floor":24,"key":"REST"},{"floor":28,"key":"REST"},{"floor":32,"key":"REST"},{"floor":40,"key":"REST"}],"circlet_count":0,"master_deck":["hermit:Strike_Hermit","hermit:Strike_Hermit","hermit:Strike_Hermit+1","hermit:Strike_Hermit","hermit:Defend_Hermit","hermit:Defend_Hermit","hermit:Defend_Hermit","hermit:Defend_Hermit+1","hermit:Snapshot","hermit:Determination+1","hermit:Deadeye","hermit:Desperado","hermit:Dive","hermit:DeadOrAlive","hermit:Glare","hermit:TakeAim","hermit:Determination+1","hermit:Determination+1","hermit:RoundhouseKick","hermit:Quickdraw","hermit:Quickdraw","hermit:CalledShot+1","hermit:Adapt","hermit:Determination+1"],"relics":["hermit:Momento","Ancient Tea Set","Matryoshka","DemoMod:MeltedRock","Replay:Bottled Eggs","Bird Faced Urn","Black Star","Replay:Baseball","Quantum Egg","Pear","Happy Flower","Akabeko","Torii","ChewingGum"],"acts_visited":["Exordium","TheCity","TheBeyond"],"potions_floor_usage":[7,20,23,23,29,33,41,41],"damage_taken":[{"damage":1,"enemies":"2 Louse","floor":1,"turns":2},{"damage":0,"enemies":"Small Slimes","floor":3,"turns":3},{"damage":11,"enemies":"Jaw Worm","floor":5,"turns":2},{"damage":18,"enemies":"Lagavulin","floor":7,"turns":5},{"damage":12,"enemies":"3 Sentries","floor":10,"turns":4},{"damage":14,"enemies":"Exordium Wildlife","floor":11,"turns":4},{"damage":17,"enemies":"Exordium Thugs","floor":14,"turns":4},{"damage":53,"enemies":"Fading Forest","floor":16,"turns":11},{"damage":28,"enemies":"Shell Parasite","floor":18,"turns":6},{"damage":5,"enemies":"3 Byrds","floor":20,"turns":5},{"damage":18,"enemies":"Centurion and Healer","floor":21,"turns":5},{"damage":20,"enemies":"Slavers","floor":23,"turns":6},{"damage":30,"enemies":"Snake Plant","floor":27,"turns":4},{"damage":29,"enemies":"Book of Stabbing","floor":29,"turns":9},{"damage":13,"enemies":"Cultist and Chosen","floor":30,"turns":5},{"damage":41,"enemies":"Pondfish","floor":33,"turns":10},{"damage":23,"enemies":"Orb Walker","floor":35,"turns":3},{"damage":32,"enemies":"3 Shapes","floor":37,"turns":6},{"damage":37,"enemies":"3 Darklings","floor":39,"turns":5},{"damage":63,"enemies":"Reptomancer","floor":41,"turns":4}],"seed_played":"8637311488972129640","potions_obtained":[{"floor":5,"key":"Venom Potion"},{"floor":10,"key":"LiquidMemories"},{"floor":16,"key":"FearPotion"},{"floor":20,"key":"DemoMod:LeadSkinPotion"},{"floor":30,"key":"Weak Potion"},{"floor":33,"key":"Dexterity Potion"},{"floor":36,"key":"FearPotion"},{"floor":39,"key":"LifebloodPotion"}],"is_trial":false,"path_per_floor":["M","?","M","?","M","R","E","?","T","E","M","R","$","M","R","B",null,"M","$","M","M","?","E","R","?","T","M","R","E","M","?","R","B",null,"M","?","M","$","M","R","E"],"character_chosen":"HERMIT","items_purchased":["hermit:Determination","DemoMod:LeadSkinPotion","Replay:Baseball","Fire Potion"],"campfire_rested":7,"item_purchase_floors":[13,13,19,19],"current_hp_per_floor":[74,56,56,41,30,52,34,34,34,22,10,32,32,21,43,8,75,49,49,50,38,38,36,61,45,45,23,50,29,24,24,51,18,90,69,69,47,47,20,47,0,0],"gold":30,"neow_bonus":"THREE_CARDS","is_daily":false,"chose_seed":false,"campfire_upgraded":0,"win_rate":0.0,"timestamp":1609596778,"path_taken":["M","?","M","?","M","R","E","?","T","E","?","R","?","M","R","BOSS","M","$","?","M","?","E","R","?","T","M","R","E","M","?","R","BOSS","M","?","M","?","?","R","E"],"items_purchased_type":["Card","Undefined","Relic","Potion"],"build_version":"2020-12-22","purchased_purges":2,"victory":false,"max_hp_per_floor":[75,75,75,75,75,75,75,75,75,75,75,75,75,75,75,75,75,75,75,75,75,75,85,85,90,90,90,90,90,90,90,90,90,90,90,90,90,90,90,90,90,90],"card_choices":[{"not_picked":["hermit:Desperado","hermit:Misfire"],"picked":"hermit:Determination","floor":0},{"not_picked":["hermit:Roulette","hermit:CalledShot"],"picked":"hermit:Deadeye","floor":1},{"not_picked":["hermit:LowProfile","hermit:Roulette"],"picked":"hermit:Desperado","floor":3},{"not_picked":["hermit:Misfire","hermit:Grudge"],"picked":"hermit:Dive","floor":5},{"not_picked":["hermit:Magnum","hermit:Glare"],"picked":"hermit:EyeOfTheStorm","floor":7},{"not_picked":[],"picked":"hermit:DeadOrAlive","floor":8},{"not_picked":["hermit:LowProfile","hermit:Dive"],"picked":"hermit:Glare","floor":10},{"not_picked":["hermit:Magnum","hermit:Manifest"],"picked":"hermit:TakeAim","floor":11},{"not_picked":["hermit:Roulette","hermit:Dissolve","hermit:Vantage"],"picked":"SKIP","floor":14},{"not_picked":["hermit:HeroicBravado","hermit:FatalDesire"],"picked":"hermit:RoundhouseKick","floor":16},{"not_picked":["hermit:TrackingShot","hermit:WideOpen+1"],"picked":"hermit:Quickdraw","floor":18},{"not_picked":["hermit:Combo","hermit:GoldenBullet"],"picked":"hermit:Quickdraw","floor":20},{"not_picked":["hermit:Snipe","hermit:WideOpen+1"],"picked":"hermit:CalledShot+1","floor":21},{"not_picked":["hermit:NoHoldsBarred","hermit:Glare"],"picked":"hermit:FullyLoaded","floor":23},{"not_picked":["hermit:CalledShot","hermit:SprayPray","hermit:Midnight"],"picked":"SKIP","floor":27},{"not_picked":["hermit:Dive","hermit:SprayPray","hermit:CalledShot+1"],"picked":"SKIP","floor":29},{"not_picked":["hermit:Feint+1","hermit:Brawl+1","hermit:Snipe"],"picked":"SKIP","floor":30},{"not_picked":["hermit:Reprieve","hermit:FromBeyond"],"picked":"hermit:Adapt","floor":33},{"not_picked":["hermit:Vantage+1","hermit:Ricochet","hermit:Scavenge"],"picked":"SKIP","floor":35},{"not_picked":["hermit:Dive","hermit:HoleUp+1"],"picked":"hermit:Determination+1","floor":37},{"not_picked":["hermit:Brawl","hermit:DeadMansHand+1","hermit:OverwhelmingPower"],"picked":"SKIP","floor":39}],"player_experience":750877,"relics_obtained":[{"floor":7,"key":"Matryoshka"},{"floor":9,"key":"DemoMod:MeltedRock"},{"floor":9,"key":"Replay:Bottled Eggs"},{"floor":10,"key":"Bird Faced Urn"},{"floor":23,"key":"Quantum Egg"},{"floor":23,"key":"Pear"},{"floor":26,"key":"Happy Flower"},{"floor":29,"key":"Akabeko"},{"floor":29,"key":"Torii"}],"event_choices":[{"damage_healed":0,"gold_gain":0,"player_choice":"Success","damage_taken":18,"relics_obtained":["Ancient Tea Set"],"max_hp_gain":0,"max_hp_loss":0,"event_name":"Scrap Ooze","floor":2,"gold_loss":0},{"damage_healed":0,"gold_gain":0,"player_choice":"Entered Light","damage_taken":15,"max_hp_gain":0,"max_hp_loss":0,"event_name":"Shining Light","floor":4,"gold_loss":0,"cards_upgraded":["hermit:Defend_Hermit","hermit:Strike_Hermit"]},{"cards_removed":["hermit:EyeOfTheStorm"],"damage_healed":0,"gold_gain":0,"player_choice":"Gave Gold","damage_taken":0,"max_hp_gain":0,"max_hp_loss":0,"event_name":"Beggar","floor":22,"gold_loss":75},{"damage_healed":0,"gold_gain":0,"player_choice":"Shed Blood","damage_taken":21,"max_hp_gain":5,"max_hp_loss":0,"event_name":"Forgotten Altar","floor":25,"gold_loss":0},{"damage_healed":0,"gold_gain":0,"player_choice":"Paid Fearfully","damage_taken":0,"max_hp_gain":0,"max_hp_loss":0,"event_name":"Masked Bandits","floor":31,"gold_loss":131},{"damage_healed":0,"gold_gain":0,"player_choice":"Bought 1 Potion","damage_taken":0,"max_hp_gain":0,"max_hp_loss":0,"event_name":"The Woman in Blue","floor":36,"gold_loss":0}],"is_beta":false,"boss_relics":[{"not_picked":["Empty Cage","Abe\u0027s Treasure"],"picked":"Black Star"},{"not_picked":["Runesmith:UraniumAnvil","Painkiller Herb"],"picked":"ChewingGum"}],"items_purged_floors":[13,38],"is_endless":false,"potions_floor_spawned":[5,10,16,20,30,33,39],"killed_by":"Reptomancer","ascension_level":0}}