{"host":"mm0v83pkg2fvsdgl","time":1609552885,"event":{"mods":["2.2 Compatiblity","Alarm Clock","AlwaysNeverKeys","BaseMod","Beaked The Cultist","Bestiary","Better Altar","Better Match","Better Note","Better Sensory Stone","Better Silent Start","Better Third Choice","Clawfect","Displayed Cursed Tome","Energized Spire","Friendly Minions","Highlight Path","Ironclad Rager","Keyboard Shortcuts","Lotus Mark","Marisa????????","Marked Mod","Mimic Mod","Minty Spire (QoL Compilation)","Permanent Neow","Railgun Mod","Remove Card Discount Mod","Shade Mod","Somnambulant","Spicy Shops","StSLib","Swap Starting Deck Mod","The Construct","The Disciple","The Dragon Tamer","The Hierophant","TheHeartMod","TheVacant","Transform Curses","Unceasing Turn Reminder","Wandering Minibosses"],"gold_per_floor":[114,129,144,219,219,238,238,257,296,296,315,31,69,107,107,270,270,308,308,22,78,134,134,134],"floor_reached":23,"playtime":1571,"items_purged":["StarlightTyphoon","LuminesStrike","MysteriousBeam","IllusionStar","IllusionStar","EnergyRecoil","GalacticHalo","IllusionStar","DC","OneTimeOff","6A","OrrerysSun","OneTimeOff","6A","6A","IllusionStar","ChargeUpSpray","GalacticHalo","BlazeAway","NonDirectionalLaser","LuminesStrike","FairyDestructionRay","DarkMatter","SprinkleStarSeal","GrandCross","GalacticHalo","NonDirectionalLaser","NonDirectionalLaser","LuminesStrike","ChargingUp","EventHorizon","ShootingEcho","ShootingEcho","GasGiant","ShootingEcho","WitchLeyline","WitchLeyline","WitchLeyline","UnstableBomb","MagicChant","Orbital","UnstableBomb","MachineGunSpark"],"score":187,"play_id":"60644ea2-2360-4df1-ba42-85fb6db2351e","local_time":"20210101210125","daily_mods":["Insanity","Red Cards","Binary"],"is_ascension_mode":false,"campfire_choices":[{"data":"MilkyWay","floor":15,"key":"SMITH"}],"circlet_count":0,"master_deck":["UnstableBomb","ManaConvection","UnstableBomb","PowerUp","EnergyFlow","PowerUp","MilkyWay+1","MilkyWay","SporeBomb","EnergyFlow","PowerUp","SporeBomb","MilkyWay","WitchOfGreed","DC","WitchOfGreed","CollectingQuirk","Singularity"],"relics":["MiniHakkero","Golden Idol","Bag of Preparation","Happy Flower","Meat on the Bone","beaked:ShinyBauble","Philosopher\u0027s Stone","Nilry\u0027s Codex","Membership Card","Oddly Smooth Stone"],"acts_visited":["Exordium","TheCity"],"potions_floor_usage":[18,23],"damage_taken":[{"damage":6,"enemies":"Cultist","floor":1,"turns":3},{"damage":11,"enemies":"Jaw Worm","floor":2,"turns":2},{"damage":0,"enemies":"2 Louse","floor":3,"turns":2},{"damage":7,"enemies":"Blue Slaver","floor":6,"turns":2},{"damage":1,"enemies":"2 Fungi Beasts","floor":8,"turns":3},{"damage":5,"enemies":"Lots of Slimes","floor":9,"turns":5},{"damage":0,"enemies":"Lots of Slimes","floor":11,"turns":1},{"damage":10,"enemies":"Looter","floor":13,"turns":2},{"damage":14,"enemies":"Blue Slaver","floor":14,"turns":2},{"damage":16,"enemies":"Hexaghost","floor":16,"turns":4},{"damage":4,"enemies":"2 Thieves","floor":18,"turns":2},{"damage":11,"enemies":"Spheric Guardian","floor":21,"turns":3},{"damage":16,"enemies":"Snake Plant","floor":22,"turns":2},{"damage":42,"enemies":"Gremlin Leader","floor":23,"turns":2}],"seed_played":"-4486375853315586652","potions_obtained":[{"floor":1,"key":"EntropicBrew"},{"floor":2,"key":"BlessingOfTheForge"},{"floor":3,"key":"FearPotion"},{"floor":11,"key":"construct:ShiftPotion"},{"floor":13,"key":"LiquidBronze"},{"floor":16,"key":"ShroomBrew"},{"floor":16,"key":"SneckoOil"},{"floor":21,"key":"GamblersBrew"},{"floor":22,"key":"Fire Potion"}],"is_trial":false,"path_per_floor":["M","M","M","?","?","M","?","M","MIM","T","M","$","M","M","R","B",null,"M","?","$","M","M","E"],"character_chosen":"MARISA","items_purchased":["beaked:ShinyBauble","DC","WitchOfGreed","Membership Card","Singularity","Oddly Smooth Stone"],"campfire_rested":0,"item_purchase_floors":[12,12,12,20,20,20],"current_hp_per_floor":[69,58,58,47,29,22,22,21,16,16,28,28,30,28,28,24,75,71,55,55,44,40,0,0],"gold":134,"neow_bonus":"","is_daily":true,"chose_seed":false,"campfire_upgraded":1,"win_rate":0.0,"timestamp":1609552885,"path_taken":["M","?","M","?","?","M","?","M","MIM","?","?","$","M","M","R","BOSS","M","?","$","M","M","E"],"items_purchased_type":["Relic","Card","Card","Relic","Card","Relic"],"build_version":"2020-12-22","purchased_purges":43,"victory":false,"max_hp_per_floor":[75,75,75,75,75,75,75,75,75,75,75,75,75,75,75,75,75,75,75,75,75,75,75,75],"card_choices":[{"not_picked":["DoubleSpark"],"picked":"WitchLeyline","floor":1},{"not_picked":["LuminesStrike"],"picked":"MagicChant","floor":2},{"not_picked":["AsteroidBelt"],"picked":"WitchLeyline","floor":3},{"not_picked":["CollectingQuirk"],"picked":"MilkyWay","floor":6},{"not_picked":["AsteroidBelt","MysteriousBeam"],"picked":"SKIP","floor":8},{"not_picked":["DC"],"picked":"ChargingUp","floor":9},{"not_picked":["Acceleration"],"picked":"WitchOfGreed","floor":11},{"not_picked":["NonDirectionalLaser","MysteriousBeam"],"picked":"SKIP","floor":13},{"not_picked":["AsteroidBelt"],"picked":"WitchLeyline","floor":14},{"not_picked":["MaximisePower"],"picked":"CollectingQuirk","floor":16},{"not_picked":["DoubleSpark+1","MysteriousBeam"],"picked":"SKIP","floor":18},{"not_picked":["ShootingEcho","DarkMatter+1"],"picked":"SKIP","floor":21},{"not_picked":["MeteoricShower","ChargingUp"],"picked":"SKIP","floor":22}],"player_experience":652230,"relics_obtained":[{"floor":9,"key":"Happy Flower"},{"floor":10,"key":"Meat on the Bone"}],"event_choices":[{"damage_healed":0,"gold_gain":75,"player_choice":"Gold","damage_taken":11,"max_hp_gain":0,"max_hp_loss":0,"event_name":"betterThird:BetterGoop","floor":4,"gold_loss":0},{"damage_healed":0,"gold_gain":0,"player_choice":"Take Damage","damage_taken":18,"relics_obtained":["Golden Idol"],"max_hp_gain":0,"max_hp_loss":0,"event_name":"Golden Idol","floor":5,"gold_loss":0},{"damage_healed":0,"gold_gain":0,"player_choice":"Gave Potion","damage_taken":0,"relics_obtained":["Bag of Preparation"],"max_hp_gain":0,"max_hp_loss":0,"event_name":"WeMeetAgain","floor":7,"gold_loss":0},{"damage_healed":0,"gold_gain":0,"player_choice":"Obtained Book","damage_taken":16,"max_hp_gain":0,"max_hp_loss":0,"event_name":"Cursed Tome","floor":19,"gold_loss":0}],"is_beta":false,"boss_relics":[{"not_picked":["Fusion Hammer","Runic Pyramid"],"picked":"Philosopher\u0027s Stone"}],"items_purged_floors":[12,12,12,12,12,12,12,12,12,12,12,12,12,12,12,12,12,12,12,12,12,12,12,12,12,12,12,12,12,12,12,20,20,20,20,20,20,20,20,20,20,20,20],"is_endless":false,"potions_floor_spawned":[1,2,3,11,16,22],"killed_by":"Gremlin Leader","ascension_level":0}}