{"host":"oehe2dxjvdgux73m","time":1609604205,"event":{"mods":["AchievementEnabler","BaseMod","Colored Map","Colored Powertips","DeckTracker","Keyboard Shortcuts","Minty Spire (QoL Compilation)","Permanent Neow","StSLib"],"gold_per_floor":[115,126,145,245,259,259,292,302,326,343,343,343],"floor_reached":11,"playtime":571,"items_purged":[],"score":85,"play_id":"13a54669-d8b2-40f8-a225-8316d1c5e06e","local_time":"20210103011645","is_ascension_mode":true,"campfire_choices":[{"data":"Poisoned Stab","floor":6.0,"key":"SMITH"}],"circlet_count":0,"master_deck":["Strike_G","Strike_G","Strike_G","Strike_G","Defend_G","Defend_G","Defend_G","Defend_G","Defend_G","Survivor","Neutralize","Corpse Explosion","Blade Dance","Poisoned Stab+1","PiercingWail","Poisoned Stab","Calculated Gamble","Acrobatics","Leg Sweep"],"relics":["Ring of the Snake","InkBottle","Tiny Chest"],"acts_visited":["Exordium"],"potions_floor_usage":[7],"damage_taken":[{"damage":7.0,"enemies":"Small Slimes","floor":1.0,"turns":3.0},{"damage":0.0,"enemies":"Cultist","floor":2.0,"turns":3.0},{"damage":10.0,"enemies":"Jaw Worm","floor":3.0,"turns":5.0},{"damage":6.0,"enemies":"Lots of Slimes","floor":5.0,"turns":5.0},{"damage":13,"enemies":"Lagavulin","floor":7,"turns":5},{"damage":6,"enemies":"Red Slaver","floor":8,"turns":3},{"damage":7,"enemies":"3 Louse","floor":10,"turns":3},{"damage":21,"enemies":"Gremlin Nob","floor":11,"turns":3}],"seed_played":"2025975920113104509","potions_obtained":[{"floor":3.0,"key":"LiquidMemories"},{"floor":10,"key":"Ancient Potion"}],"is_trial":false,"path_per_floor":["M","M","M","?","M","R","E","M","T","M","E"],"character_chosen":"THE_SILENT","items_purchased":[],"campfire_rested":0,"item_purchase_floors":[],"current_hp_per_floor":[63,63,53,53,47,47,34,28,28,21,0,0],"gold":343,"neow_bonus":"TRANSFORM_CARD","is_daily":false,"chose_seed":false,"campfire_upgraded":1,"win_rate":0.0,"timestamp":1609604205,"path_taken":["M","M","M","?","M","R","E","?","T","M","E"],"items_purchased_type":[],"build_version":"2020-12-22","purchased_purges":0,"victory":false,"max_hp_per_floor":[70,70,70,70,70,70,70,70,70,70,70,70],"card_choices":[{"not_picked":["Expertise","Skewer"],"picked":"Blade Dance","floor":1.0},{"not_picked":["Prepared","Sucker Punch"],"picked":"Poisoned Stab","floor":2.0},{"not_picked":["Cloak And Dagger","Caltrops"],"picked":"PiercingWail","floor":3.0},{"not_picked":["Infinite Blades","Heel Hook"],"picked":"Poisoned Stab","floor":5.0},{"not_picked":["Skewer","Reflex"],"picked":"Calculated Gamble","floor":7},{"not_picked":["Riddle With Holes","PiercingWail"],"picked":"Acrobatics","floor":8},{"not_picked":["Calculated Gamble","Dagger Throw"],"picked":"Leg Sweep","floor":10}],"player_experience":51877,"relics_obtained":[{"floor":7,"key":"InkBottle"},{"floor":9,"key":"Tiny Chest"}],"event_choices":[{"damage_healed":0.0,"max_hp_gain":0.0,"max_hp_loss":0.0,"gold_gain":100.0,"event_name":"Golden Shrine","player_choice":"Pray","floor":4.0,"gold_loss":0.0,"damage_taken":0.0}],"is_beta":false,"boss_relics":[],"items_purged_floors":[],"is_endless":false,"potions_floor_spawned":[3,10],"killed_by":"Gremlin Nob","ascension_level":2}}