{"host":"6azrrw3tf7wb0f4b","time":1609570639,"event":{"mods":["BaseMod","DeckTracker","Minty Spire (QoL Compilation)","SuperFastMode"],"gold_per_floor":[114,125,125,8,8,37,52,86,113,127,13,13,24,35,35,130,130,146,146,159,177,30,30,58,77,77,77,103,115,115,131,131,234,234,251,48,0,11,11,11,29,29,29],"floor_reached":42,"playtime":1121,"items_purged":["Strike_G","Strike_G"],"score":736,"play_id":"b9b48fe8-e776-4e28-b765-8f9d2a496132","local_time":"20210102155719","is_ascension_mode":true,"campfire_choices":[{"floor":15,"key":"REST"},{"floor":23,"key":"REST"},{"floor":27,"key":"REST"},{"floor":32,"key":"REST"},{"floor":40,"key":"REST"}],"circlet_count":0,"master_deck":["AscendersBane","Strike_G","Strike_G","Defend_G","Defend_G","Defend_G","Defend_G","Survivor","Neutralize","Cloak And Dagger","Flechettes","Blade Dance","Poisoned Stab","Well Laid Plans","Quick Slash","Bouncing Flask","Backstab","Accuracy","Phantasmal Killer","Prepared+1","Crippling Poison","Deflect+1","Footwork","Accuracy+1","Tactician","Concentrate+1","Sucker Punch+1","Wraith Form v2","Grand Finale","Outmaneuver+1"],"relics":["Ring of the Snake","Ancient Tea Set","Pen Nib","WristBlade","Nloth\u0027s Gift","Membership Card","Regal Pillow","Akabeko","Anchor","Sozu","Vajra","Red Mask"],"acts_visited":["Exordium","TheCity","TheBeyond"],"potions_floor_usage":[13,13,20,31,33],"damage_taken":[{"damage":0.0,"enemies":"Small Slimes","floor":1.0,"turns":4.0},{"damage":4.0,"enemies":"Jaw Worm","floor":2.0,"turns":6.0},{"damage":12.0,"enemies":"Gremlin Nob","floor":6.0,"turns":3.0},{"damage":0.0,"enemies":"Cultist","floor":7.0,"turns":3.0},{"damage":23.0,"enemies":"3 Sentries","floor":8.0,"turns":7.0},{"damage":6.0,"enemies":"Large Slime","floor":10.0,"turns":5.0},{"damage":3,"enemies":"Lots of Slimes","floor":13,"turns":3},{"damage":0,"enemies":"2 Fungi Beasts","floor":14,"turns":2},{"damage":23,"enemies":"Hexaghost","floor":16,"turns":8},{"damage":2,"enemies":"Shell Parasite","floor":18,"turns":3},{"damage":4,"enemies":"Spheric Guardian","floor":20,"turns":4},{"damage":4,"enemies":"Centurion and Healer","floor":21,"turns":5},{"damage":30,"enemies":"Book of Stabbing","floor":24,"turns":5},{"damage":11,"enemies":"Snake Plant","floor":25,"turns":2},{"damage":29,"enemies":"Gremlin Leader","floor":28,"turns":5},{"damage":0,"enemies":"Snecko","floor":29,"turns":2},{"damage":15,"enemies":"Sentry and Sphere","floor":31,"turns":4},{"damage":39,"enemies":"Champ","floor":33,"turns":11},{"damage":15,"enemies":"3 Shapes","floor":35,"turns":6},{"damage":17,"enemies":"3 Darklings","floor":38,"turns":5},{"damage":24,"enemies":"Maw","floor":41,"turns":6},{"damage":45,"enemies":"Transient","floor":42,"turns":2}],"seed_played":"-3722771247510295748","potions_obtained":[{"floor":1.0,"key":"ColorlessPotion"},{"floor":6.0,"key":"Block Potion"},{"floor":8.0,"key":"AttackPotion"},{"floor":10.0,"key":"BlessingOfTheForge"},{"floor":12.0,"key":"Dexterity Potion"},{"floor":12.0,"key":"SteroidPotion"},{"floor":14,"key":"SpeedPotion"},{"floor":20,"key":"GamblersBrew"},{"floor":24,"key":"Dexterity Potion"},{"floor":33,"key":"Dexterity Potion"}],"is_trial":false,"path_per_floor":["M","M","?","$","?","E","M","E","T","M","$","?","M","M","R","B",null,"M","?","M","M","$","R","E","M","T","R","E","M","?","M","R","B",null,"M","$","?","M","$","R","M","M"],"character_chosen":"THE_SILENT","items_purchased":["Well Laid Plans","AttackPotion","Accuracy","Membership Card","Vajra","Grand Finale"],"campfire_rested":5,"item_purchase_floors":[4,4,11,22,36,36],"current_hp_per_floor":[63,59,59,59,52,40,40,17,17,11,11,11,8,8,29,6,54,52,52,48,44,44,65,35,24,24,60,31,31,24,9,45,6,54,39,39,39,22,22,58,34,0,0],"gold":29,"neow_bonus":"TRANSFORM_CARD","is_daily":false,"chose_seed":false,"campfire_upgraded":0,"win_rate":0.0,"timestamp":1609570639,"path_taken":["M","M","?","$","?","E","?","E","T","M","$","?","?","M","R","BOSS","M","?","M","M","$","R","E","M","T","R","E","?","?","?","R","BOSS","M","$","?","M","$","R","M","M"],"items_purchased_type":["Card","Potion","Card","Relic","Relic","Card"],"build_version":"2020-12-22","purchased_purges":2,"victory":false,"max_hp_per_floor":[70,70,70,70,70,70,70,70,70,70,70,70,70,70,70,70,70,70,70,70,70,70,70,70,70,70,70,70,70,70,70,70,70,70,70,70,70,70,70,70,70,70,70],"card_choices":[{"not_picked":["Calculated Gamble","Terror"],"picked":"Flechettes","floor":1.0},{"not_picked":["Finisher","Quick Slash"],"picked":"Blade Dance","floor":2.0},{"not_picked":["Dagger Spray","Flying Knee"],"picked":"Quick Slash","floor":6.0},{"not_picked":["Sucker Punch","Flying Knee"],"picked":"Bouncing Flask","floor":7.0},{"not_picked":["Dagger Spray","Poisoned Stab","Slice"],"picked":"SKIP","floor":8.0},{"not_picked":["Tools of the Trade","Reflex"],"picked":"Backstab","floor":10.0},{"not_picked":["Crippling Poison","Setup","Bane"],"picked":"SKIP","floor":13},{"not_picked":["Dagger Throw","Cloak And Dagger","Prepared"],"picked":"SKIP","floor":14},{"not_picked":["Wraith Form v2","Doppelganger"],"picked":"Phantasmal Killer","floor":16},{"not_picked":["Blade Dance","All Out Attack"],"picked":"Prepared+1","floor":18},{"not_picked":["Bane+1","Deadly Poison"],"picked":"Crippling Poison","floor":20},{"not_picked":["Acrobatics","Dagger Spray+1"],"picked":"Deflect+1","floor":21},{"not_picked":["Prepared","Glass Knife"],"picked":"Footwork","floor":24},{"not_picked":["Distraction","Expertise"],"picked":"Accuracy+1","floor":25},{"not_picked":["Doppelganger","Well Laid Plans"],"picked":"Tactician","floor":28},{"not_picked":["Catalyst","Leg Sweep"],"picked":"Concentrate+1","floor":29},{"not_picked":["Concentrate+1","Backstab"],"picked":"Sucker Punch+1","floor":31},{"not_picked":["Die Die Die","Tools of the Trade"],"picked":"Wraith Form v2","floor":33},{"not_picked":["Flying Knee+1","Outmaneuver","Heel Hook+1"],"picked":"SKIP","floor":35},{"not_picked":["Well Laid Plans+1","Outmaneuver","Blade Dance"],"picked":"SKIP","floor":38},{"not_picked":["Distraction","Quick Slash+1"],"picked":"Outmaneuver+1","floor":41}],"player_experience":659578,"relics_obtained":[{"floor":6.0,"key":"Ancient Tea Set"},{"floor":8.0,"key":"Happy Flower"},{"floor":9.0,"key":"Pen Nib"},{"floor":24,"key":"Regal Pillow"},{"floor":26,"key":"Akabeko"},{"floor":28,"key":"Anchor"}],"event_choices":[{"damage_healed":0.0,"max_hp_gain":0.0,"max_hp_loss":0.0,"gold_gain":0.0,"cards_transformed":["Strike_G"],"event_name":"Living Wall","player_choice":"Change","floor":3.0,"gold_loss":0.0,"damage_taken":0.0,"cards_obtained":["Poisoned Stab"]},{"damage_healed":0.0,"max_hp_gain":0.0,"max_hp_loss":0.0,"gold_gain":0.0,"event_name":"Wheel of Change","player_choice":"Damaged","floor":5.0,"gold_loss":0.0,"damage_taken":7.0},{"damage_healed":0.0,"max_hp_gain":0.0,"max_hp_loss":0.0,"gold_gain":0.0,"event_name":"Lab","player_choice":"Got Potions","floor":12.0,"gold_loss":0.0,"damage_taken":0.0},{"damage_healed":0,"gold_gain":0,"player_choice":"Traded Relic","damage_taken":0,"relics_obtained":["Nloth\u0027s Gift"],"max_hp_gain":0,"max_hp_loss":0,"event_name":"N\u0027loth","floor":19,"relics_lost":["Happy Flower"],"gold_loss":0},{"damage_healed":0,"gold_gain":0,"player_choice":"Damaged","damage_taken":7,"max_hp_gain":0,"max_hp_loss":0,"event_name":"Wheel of Change","floor":30,"gold_loss":0},{"damage_healed":0,"gold_gain":0,"player_choice":"Paid","damage_taken":0,"relics_obtained":["Red Mask"],"max_hp_gain":0,"max_hp_loss":0,"event_name":"Tomb of Lord Red Mask","floor":37,"gold_loss":48}],"is_beta":false,"boss_relics":[{"not_picked":["Cursed Key","Black Star"],"picked":"WristBlade"},{"not_picked":["Calling Bell","Tiny House"],"picked":"Sozu"}],"items_purged_floors":[11,36],"is_endless":false,"potions_floor_spawned":[1,6,8,10,14,20,24,33,35],"killed_by":"Transient","ascension_level":11}}