{"host":"hm3ikmf8oxbtqms2","time":1609578812,"event":{"mods":["BaseMod","Best Route Mod","Bestiary","Better Vampires","Block Reminder","Colored Map","Colored Powertips","Curses Come First","DeckTracker","Displayed Cursed Tome","Highlight Path","Minty Spire (QoL Compilation)","Quick Restart","StSLib"],"gold_per_floor":[116,126,139,159,159,159,159,159,237,237,257,287,301,330,330,434,434,451,451,0,15,15,15,44,44,70,70,70,70],"floor_reached":28,"playtime":2901,"items_purged":[],"score":345,"play_id":"8f97d763-b464-41a4-b241-3c4751a96eb5","local_time":"20210102041332","is_ascension_mode":true,"campfire_choices":[{"data":"Neutralize","floor":6.0,"key":"SMITH"},{"data":"Poisoned Stab","floor":8.0,"key":"SMITH"},{"data":"Survivor","floor":10.0,"key":"SMITH"},{"floor":15.0,"key":"REST"},{"data":"Blade Dance","floor":23.0,"key":"SMITH"},{"data":"Phantasmal Killer","floor":25,"key":"SMITH"}],"circlet_count":0,"master_deck":["Defend_G+1","Defend_G+1","Defend_G+1","Defend_G+1","Defend_G+1","Survivor+1","Neutralize+1","Poisoned Stab+1","Footwork+1","Deadly Poison+1","Well Laid Plans","Acrobatics","Catalyst","Accuracy","Catalyst","Phantasmal Killer+1","CurseOfTheBell","Prepared","Bite","Bite","Bite","Bite","Bite","Dash","Blade Dance+1","Ghostly","Ghostly","Ghostly","Ghostly","Ghostly","Blade Dance+1"],"relics":["Ring of the Snake","NeowsBlessing","Ornamental Fan","Art of War","FossilizedHelix","Calling Bell","Potion Belt","InkBottle","StoneCalendar","Kunai","ClockworkSouvenir","Gremlin Horn","Dream Catcher"],"acts_visited":["Exordium","TheCity"],"potions_floor_usage":[28],"damage_taken":[{"damage":0.0,"enemies":"Jaw Worm","floor":1.0,"turns":1.0},{"damage":0.0,"enemies":"2 Louse","floor":2.0,"turns":1.0},{"damage":0.0,"enemies":"Cultist","floor":3.0,"turns":1.0},{"damage":0.0,"enemies":"Large Slime","floor":4.0,"turns":6.0},{"damage":0.0,"enemies":"2 Fungi Beasts","floor":11.0,"turns":4.0},{"damage":5.0,"enemies":"Gremlin Nob","floor":12.0,"turns":5.0},{"damage":0.0,"enemies":"Looter","floor":13.0,"turns":3.0},{"damage":14.0,"enemies":"3 Sentries","floor":14.0,"turns":7.0},{"damage":27.0,"enemies":"Slime Boss","floor":16.0,"turns":16.0},{"damage":0.0,"enemies":"Spheric Guardian","floor":18.0,"turns":6.0},{"damage":18.0,"enemies":"Shell Parasite","floor":21.0,"turns":5.0},{"damage":25.0,"enemies":"Slavers","floor":24.0,"turns":7.0},{"damage":8,"enemies":"Snake Plant","floor":28,"turns":2}],"seed_played":"-3667689758878854924","potions_obtained":[{"floor":1.0,"key":"CunningPotion"},{"floor":12.0,"key":"Fire Potion"},{"floor":14.0,"key":"SteroidPotion"},{"floor":16.0,"key":"Dexterity Potion"},{"floor":21.0,"key":"SteroidPotion"}],"is_trial":false,"path_per_floor":["M","M","M","M","?","R","?","R","T","R","M","E","M","E","R","B",null,"M","?","$","M","?","R","E","R","T","?","M"],"character_chosen":"THE_SILENT","items_purchased":["Kunai","ClockworkSouvenir","Dash"],"campfire_rested":1,"item_purchase_floors":[20,20,20],"current_hp_per_floor":[70,70,70,70,56,56,56,56,56,56,56,51,51,37,58,31,70,70,49,49,39,24,24,6,6,6,6,0,0],"gold":70,"neow_bonus":"THREE_ENEMY_KILL","is_daily":false,"chose_seed":false,"campfire_upgraded":5,"win_rate":0.0,"timestamp":1609578812,"path_taken":["M","M","M","M","?","R","?","R","T","R","M","E","?","E","R","BOSS","M","?","$","M","?","R","E","R","T","?","M"],"items_purchased_type":["Relic","Relic","Card"],"build_version":"2020-12-22","purchased_purges":0,"victory":false,"max_hp_per_floor":[70,70,70,70,70,70,70,70,70,70,70,70,70,70,70,70,70,70,49,49,49,24,24,24,24,24,24,24,24],"card_choices":[{"not_picked":["Skewer","Underhanded Strike"],"picked":"Poisoned Stab","floor":1.0},{"not_picked":["Underhanded Strike","Bane"],"picked":"Footwork","floor":2.0},{"not_picked":["Expertise","Deflect"],"picked":"Deadly Poison","floor":3.0},{"not_picked":["Outmaneuver","Cloak And Dagger"],"picked":"Well Laid Plans","floor":4.0},{"not_picked":["Poisoned Stab","Reflex"],"picked":"Acrobatics","floor":11.0},{"not_picked":["Poisoned Stab","Endless Agony"],"picked":"Catalyst","floor":12.0},{"not_picked":["Escape Plan","Slice"],"picked":"Accuracy","floor":13.0},{"not_picked":["Backflip","Envenom"],"picked":"Catalyst","floor":14.0},{"not_picked":["Burst","Wraith Form v2"],"picked":"Phantasmal Killer","floor":16.0},{"not_picked":["Dodge and Roll","Flechettes"],"picked":"Prepared","floor":18.0},{"not_picked":["Slice","Riddle With Holes+1"],"picked":"Blade Dance","floor":21.0},{"not_picked":["Dagger Throw","Leg Sweep"],"picked":"Blade Dance+1","floor":24.0}],"player_experience":256598,"relics_obtained":[{"floor":9.0,"key":"Ornamental Fan"},{"floor":12.0,"key":"Art of War"},{"floor":14.0,"key":"FossilizedHelix"},{"floor":17.0,"key":"Potion Belt"},{"floor":17.0,"key":"InkBottle"},{"floor":17.0,"key":"StoneCalendar"},{"floor":24.0,"key":"Gremlin Horn"},{"floor":26,"key":"Dream Catcher"}],"event_choices":[{"damage_healed":0.0,"max_hp_gain":0.0,"max_hp_loss":0.0,"gold_gain":0.0,"event_name":"Shining Light","player_choice":"Entered Light","floor":5.0,"gold_loss":0.0,"damage_taken":14.0,"cards_upgraded":["Defend_G","Footwork"]},{"damage_healed":0.0,"max_hp_gain":0.0,"max_hp_loss":0.0,"gold_gain":0.0,"event_name":"Upgrade Shrine","player_choice":"Upgraded","floor":7.0,"gold_loss":0.0,"damage_taken":0.0,"cards_upgraded":["Deadly Poison"]},{"damage_healed":0.0,"max_hp_gain":0.0,"max_hp_loss":21.0,"gold_gain":0.0,"event_name":"Vampires","player_choice":"Became a vampire","floor":19.0,"gold_loss":0.0,"damage_taken":0.0,"cards_obtained":["Bite","Bite","Bite","Bite","Bite"]},{"damage_healed":0.0,"max_hp_gain":0.0,"max_hp_loss":25.0,"gold_gain":0.0,"event_name":"Ghosts","player_choice":"Became a Ghost","floor":22.0,"gold_loss":0.0,"damage_taken":0.0,"cards_obtained":["Ghostly","Ghostly","Ghostly","Ghostly","Ghostly"]},{"damage_healed":0,"gold_gain":0,"player_choice":"Simplicity","damage_taken":0,"max_hp_gain":0,"max_hp_loss":0,"event_name":"Back to Basics","floor":27,"gold_loss":0,"cards_upgraded":["Defend_G","Defend_G","Defend_G","Defend_G"]}],"is_beta":false,"boss_relics":[{"not_picked":["Velvet Choker","Philosopher\u0027s Stone"],"picked":"Calling Bell"}],"items_purged_floors":[],"is_endless":false,"potions_floor_spawned":[1,12,14,16,21],"killed_by":"Snake Plant","ascension_level":4}}