{"host":"dhlnk6yox2l1s6up","time":1609615454,"event":{"mods":["BaseMod","Colored Map","Highlight Path","Minty Spire (QoL Compilation)","Relic Stats","StSLib"],"gold_per_floor":[115,130,44,44,62,62,85,128,155,180,221,221,245,259,259,383,383,403,428,441,40,40,40,40,79,125,125,125,125],"floor_reached":28,"playtime":1825,"items_purged":["Defend_P"],"score":442,"play_id":"efea2f3a-d503-4b0c-a597-d7c02559e52f","local_time":"20210102132414","is_ascension_mode":true,"campfire_choices":[{"data":"MasterReality","floor":6.0,"key":"SMITH"},{"floor":15,"key":"REST"},{"floor":23,"key":"REST"},{"data":"Devotion","floor":27,"key":"SMITH"}],"circlet_count":0,"master_deck":["Strike_P+1","Strike_P","Strike_P","Strike_P","Defend_P","Defend_P","Defend_P","Eruption+1","Vigilance","MasterReality+1","ThirdEye","FlyingSleeves","BattleHymn","EmptyMind","Meditate","Evaluate","Tantrum","Pray","Devotion+1","FearNoEvil","Perseverance","Adaptation","Protect","LikeWater","Ghostly","Ghostly","Ghostly","Ghostly","Ghostly","LikeWater+1","Normality"],"relics":["PureWater","Golden Idol","Nunchaku","Anchor","Happy Flower","Whetstone","Cursed Key","MealTicket","Oddly Smooth Stone","Juzu Bracelet"],"acts_visited":["Exordium","TheCity"],"potions_floor_usage":[20,25,28],"damage_taken":[{"damage":7.0,"enemies":"Small Slimes","floor":1.0,"turns":4.0},{"damage":8.0,"enemies":"Jaw Worm","floor":2.0,"turns":6.0},{"damage":0.0,"enemies":"Cultist","floor":5.0,"turns":4.0},{"damage":0.0,"enemies":"Blue Slaver","floor":7.0,"turns":4.0},{"damage":8.0,"enemies":"Lagavulin","floor":8.0,"turns":6.0},{"damage":5.0,"enemies":"Exordium Wildlife","floor":10.0,"turns":4.0},{"damage":22.0,"enemies":"3 Sentries","floor":11.0,"turns":6.0},{"damage":0,"enemies":"2 Fungi Beasts","floor":14,"turns":2},{"damage":0,"enemies":"Slime Boss","floor":16,"turns":6},{"damage":9,"enemies":"Spheric Guardian","floor":18,"turns":3},{"damage":18,"enemies":"Chosen","floor":19,"turns":5},{"damage":22,"enemies":"3 Cultists","floor":20,"turns":6},{"damage":2,"enemies":"Gremlin Leader","floor":25,"turns":6},{"damage":34,"enemies":"Book of Stabbing","floor":28,"turns":6}],"seed_played":"5434193070679164191","potions_obtained":[{"floor":5.0,"key":"FearPotion"},{"floor":7.0,"key":"EssenceOfSteel"},{"floor":10.0,"key":"SpeedPotion"},{"floor":20,"key":"AttackPotion"}],"is_trial":false,"path_per_floor":["M","M","$","?","M","R","M","E","T","M","E","?","T","M","R","B",null,"M","M","M","$","?","R","$","E","T","R","E"],"character_chosen":"WATCHER","items_purchased":["BattleHymn","Strength Potion","MealTicket","Protect","SpeedPotion","LikeWater"],"campfire_rested":2,"item_purchase_floors":[3,3,21,21,21,21],"current_hp_per_floor":[58,50,50,50,50,50,50,42,42,37,15,15,15,15,35,35,59,50,32,10,10,10,19,33,31,31,31,0,0],"gold":125,"neow_bonus":"ONE_RANDOM_RARE_CARD","is_daily":false,"chose_seed":false,"campfire_upgraded":2,"win_rate":0.0,"timestamp":1609615454,"path_taken":["M","M","$","?","M","R","M","E","T","M","E","?","?","M","R","BOSS","M","M","M","?","?","R","?","E","T","R","E"],"items_purchased_type":["Card","Potion","Relic","Card","Potion","Card"],"build_version":"2020-12-22","purchased_purges":1,"victory":false,"max_hp_per_floor":[72,72,72,67,67,67,67,67,67,67,67,67,67,67,67,67,67,67,67,67,67,33,33,33,33,33,33,33,33],"relic_stats":{"Nunchaku":[9],"Happy Flower":[11],"counters":[14,68],"Golden Idol":79,"MealTicket":14,"Juzu Bracelet":0,"Whetstone":["Eruption","Strike_P"],"Cursed Key":1,"obtain_stats":[{"Nunchaku":8,"Anchor":9,"Happy Flower":11,"Golden Idol":4,"Oddly Smooth Stone":25,"MealTicket":21,"Juzu Bracelet":26,"Whetstone":13,"PureWater":0,"Cursed Key":17},{"Nunchaku":5,"Anchor":5,"Happy Flower":7,"Golden Idol":2,"Oddly Smooth Stone":13,"MealTicket":12,"Juzu Bracelet":13,"Whetstone":7,"PureWater":0,"Cursed Key":9},{"Nunchaku":24,"Anchor":24,"Happy Flower":34,"Golden Idol":10,"Oddly Smooth Stone":62,"MealTicket":56,"Juzu Bracelet":62,"Whetstone":34,"PureWater":0,"Cursed Key":42}]},"card_choices":[{"not_picked":["EmptyBody","FollowUp"],"picked":"ThirdEye","floor":1.0},{"not_picked":["ThirdEye","LikeWater"],"picked":"FlyingSleeves","floor":2.0},{"not_picked":["BattleHymn","FlurryOfBlows"],"picked":"EmptyMind","floor":5.0},{"not_picked":["SignatureMove","ThirdEye","PathToVictory"],"picked":"SKIP","floor":7.0},{"not_picked":["Scrawl","ClearTheMind"],"picked":"Meditate","floor":8.0},{"not_picked":["Indignation","ThirdEye"],"picked":"Evaluate","floor":10.0},{"not_picked":["Indignation","Crescendo"],"picked":"Tantrum","floor":11.0},{"not_picked":["Evaluate","JustLucky"],"picked":"Pray","floor":14},{"not_picked":["Establishment","ConjureBlade"],"picked":"Devotion","floor":16},{"not_picked":["BowlingBash","Vengeance"],"picked":"FearNoEvil","floor":18},{"not_picked":["FollowUp+1","EmptyFist"],"picked":"Perseverance","floor":19},{"not_picked":["LikeWater","ForeignInfluence"],"picked":"Adaptation","floor":20},{"not_picked":["ForeignInfluence","Blasphemy"],"picked":"LikeWater+1","floor":25}],"player_experience":5700708,"relics_obtained":[{"floor":8.0,"key":"Nunchaku"},{"floor":9.0,"key":"Anchor"},{"floor":11.0,"key":"Happy Flower"},{"floor":13,"key":"Whetstone"},{"floor":25,"key":"Oddly Smooth Stone"},{"floor":26,"key":"Juzu Bracelet"}],"event_choices":[{"damage_healed":0.0,"max_hp_gain":0.0,"max_hp_loss":5.0,"gold_gain":0.0,"event_name":"Golden Idol","player_choice":"Lose Max HP","floor":4.0,"gold_loss":0.0,"damage_taken":0.0,"relics_obtained":["Golden Idol"]},{"damage_healed":0,"gold_gain":0,"player_choice":"Searched \u00270\u0027 times","damage_taken":0,"max_hp_gain":0,"max_hp_loss":0,"event_name":"Dead Adventurer","floor":12,"gold_loss":0},{"damage_healed":0,"gold_gain":0,"player_choice":"Became a Ghost","damage_taken":0,"max_hp_gain":0,"max_hp_loss":34,"event_name":"Ghosts","floor":22,"gold_loss":0,"cards_obtained":["Ghostly","Ghostly","Ghostly","Ghostly","Ghostly"]}],"is_beta":false,"boss_relics":[{"not_picked":["Busted Crown","Fusion Hammer"],"picked":"Cursed Key"}],"items_purged_floors":[21],"is_endless":false,"potions_floor_spawned":[5,7,10,14,19,20],"killed_by":"Book of Stabbing","ascension_level":8}}