{"host":"m2aw30g9f05gqalt","time":1609592230,"event":{"mods":["Ascension Reborn","BaseMod","Beaked The Cultist","BetterRewards","Card Forge","Conspire","Custom Start","Defuse TimeMaze Blight","Downfall","Duelist Mod","Gremlin Mod","Hermit","Hubris","Infinite Spire","Jorbs\u0027s Wanderer Trilogy","Lobotomy","Mimic Mod","Minty Spire (QoL Compilation)","Replay The Spire","Shop Mod","StSLib","The Animator","The Bladedancer","The Cursed","The Disciple","The Exalted","The Factory","The Florist","The Hierophant","The Jungle","The Necromancer","The Poker Player","The Runesmith","The Servant 0.9.4"],"gold_per_floor":[99,112,124,135,145,176,176,101,132,146,146,179,211,55,75,180,180,105,115,115,100,120,136,172,184,84,125,141,173,186,231,264,400,400,325,344,318,363,377,377,411,425,467,518,174,184,232,244,260,260,260,286,38,38,80],"floor_reached":56,"playtime":8423,"items_purged":[],"score":1434,"play_id":"7c443b40-64ce-4476-8d39-910155bc0701","local_time":"20210102065710","is_ascension_mode":true,"campfire_choices":[{"floor":1.0,"key":"RECALL"},{"floor":8.0,"key":"REST"},{"floor":11.0,"key":"REST"},{"data":"Slimebound:OozeBath","floor":35.0,"key":"SMITH"},{"floor":40.0,"key":"REST"},{"floor":54.0,"key":"REST"}],"circlet_count":0,"master_deck":["Slimebound:Strike_Slimebound+1","Slimebound:Strike_Slimebound+1","Slimebound:Tackle+1","Slimebound:Defend_Slimebound+1","Slimebound:Defend_Slimebound+1","Slimebound:Defend_Slimebound+1","Slimebound:Defend_Slimebound+1","Slimebound:Split+1","Slimebound:CorrosiveSpit+1","Slimebound:SamplingLick+1","Slimebound:Recollect+1","Slimebound:FirmFortitude+1","Slimebound:RejuvenatingLick+1","Slimebound:CheckThePlaybook+1","Slimebound:DisruptingSlam+1","Slimebound:Schlurp+1","Slimebound:BestDefense+1","Slimebound:RollThrough+1","Slimebound:SlimeSlap+1","Slimebound:Repurpose+1","Slimebound:MassFeed+1","Slimebound:LeechLife+1","Slimebound:Schlurp+1","Slimebound:SlimeSpikes+1","Slimebound:LivingWall+1","Slimebound:AcidTongue+1","Slimebound:MegaLick+1","Slimebound:RollThrough+1","conspire:SpireCoStock+1","conspire:SpireCoStock+1","Slimebound:Schlurp+1","Slimebound:TongueLash+1","Slimebound:OozeBath+1","Slimebound:SpikyOuterGoop+1","Slimebound:Dissolve+1","expansioncontent:QuickStudy+1","Slimebound:Schlurp+1","Slimebound:Schlurp+1","Slimebound:Gluttony+1","Slimebound:SamplingLick+1","Trip+1","Slimebound:RainOfGoop+1"],"relics":["Slimebound:AbsorbEndCombat","Hammer of Thor","Seething Fire","Anvil of the Gods","Sundial","infinitespire:Broken Mirror","downfall:HeartBlessingRed","Slimebound:AggressiveSlimeRelic","hubris:DeckOfHolding","Question Card","hubris:TerracottaHorce","downfall:HeartBlessingGreen","Replay:Accelerometer","Bottled Flame","Replay:Fungal Core","downfall:HeartBlessingBlue","MerchantsRug","Dead Branch","Runesmith:AutoHammer","Quantum Egg","ReplayTheSpireMod:TigerMarble","Blood Vial","infinitespire:WardingShard"],"acts_visited":["Exordium","TheCity","TheBeyond","TheEnding"],"potions_floor_usage":[55,55],"damage_taken":[{"damage":10.0,"enemies":"Jaw Worm","floor":2.0,"turns":2.0},{"damage":11.0,"enemies":"Cultist","floor":3.0,"turns":2.0},{"damage":16.0,"enemies":"2 Louse","floor":4.0,"turns":2.0},{"damage":9.0,"enemies":"conspire:2 RoseBushes","floor":5.0,"turns":3.0},{"damage":22.0,"enemies":"3 Sentries","floor":6.0,"turns":8.0},{"damage":4.0,"enemies":"Lagavulin","floor":9.0,"turns":3.0},{"damage":4.0,"enemies":"Large Slime","floor":10.0,"turns":3.0},{"damage":23.0,"enemies":"conspire:MimicChest","floor":12.0,"turns":4.0},{"damage":11.0,"enemies":"Replay:BlueRogue","floor":13.0,"turns":3.0},{"damage":19.0,"enemies":"downfall:FleeingMerchant","floor":14.0,"turns":4.0},{"damage":4.0,"enemies":"3 Louse","floor":15.0,"turns":2.0},{"damage":24.0,"enemies":"downfall:Defect","floor":16.0,"turns":4.0},{"damage":28.0,"enemies":"Spheric Guardian","floor":19.0,"turns":4.0},{"damage":25.0,"enemies":"downfall:FleeingMerchant","floor":21.0,"turns":4.0},{"damage":16.0,"enemies":"Snecko","floor":22.0,"turns":4.0},{"damage":29.0,"enemies":"Snake Plant","floor":23.0,"turns":3.0},{"damage":8.0,"enemies":"Cultist and Chosen","floor":24.0,"turns":3.0},{"damage":14.0,"enemies":"Cultist and Chosen","floor":25.0,"turns":3.0},{"damage":13.0,"enemies":"Sentry and Sphere","floor":27.0,"turns":4.0},{"damage":25.0,"enemies":"Snake Plant","floor":28.0,"turns":2.0},{"damage":42.0,"enemies":"Slavers","floor":29.0,"turns":4.0},{"damage":12.0,"enemies":"3 Cultists","floor":30.0,"turns":3.0},{"damage":4.0,"enemies":"Snecko","floor":31.0,"turns":5.0},{"damage":22.0,"enemies":"Snecko","floor":32.0,"turns":6.0},{"damage":54.0,"enemies":"downfall:Ironclad","floor":33.0,"turns":7.0},{"damage":10.0,"enemies":"3 Darklings","floor":36.0,"turns":3.0},{"damage":4.0,"enemies":"downfall:FleeingMerchant","floor":37.0,"turns":1.0},{"damage":17.0,"enemies":"Orb Walker","floor":38.0,"turns":3.0},{"damage":40.0,"enemies":"Writhing Mass","floor":39.0,"turns":5.0},{"damage":4.0,"enemies":"4 Shapes","floor":41.0,"turns":5.0},{"damage":25.0,"enemies":"4 Shapes","floor":42.0,"turns":4.0},{"damage":20.0,"enemies":"Giant Head","floor":43.0,"turns":7.0},{"damage":8.0,"enemies":"Maw","floor":44.0,"turns":5.0},{"damage":8.0,"enemies":"Spire Growth","floor":46.0,"turns":2.0},{"damage":67.0,"enemies":"Reptomancer","floor":47.0,"turns":3.0},{"damage":11.0,"enemies":"4 Shapes","floor":48.0,"turns":3.0},{"damage":18.0,"enemies":"Maw","floor":49.0,"turns":4.0},{"damage":12.0,"enemies":"downfall:Watcher","floor":50.0,"turns":3.0},{"damage":34.0,"enemies":"downfall:CharBossMerchant","floor":52.0,"turns":5.0},{"damage":12,"enemies":"downfall:NeowBoss","floor":55,"turns":15}],"seed_played":"839869281642198695","potions_obtained":[{"floor":4.0,"key":"Slimebound:SlimedPotion"},{"floor":5.0,"key":"AttackPotion"},{"floor":16.0,"key":"SteroidPotion"},{"floor":25.0,"key":"Flashbang"},{"floor":27.0,"key":"Energy Potion"},{"floor":29.0,"key":"Slimebound:SlimyTonguePotion"}],"is_trial":false,"path_per_floor":["R","M","M","M","M","E","T","R","E","M","R","?","E","$","M","B",null,"R","M","?","$","M","M","MIM","M","?","M","M","E","M","MIM","M","B",null,"R","M","$","M","M","R","MIM","M","E","M","$","M","E","M","M","B",null,"E","$","R","B",null],"character_chosen":"SLIMEBOUND","items_purchased":["Slimebound:SlimeSlap","expansioncontent:QuickStudy","MerchantsRug","Slimebound:Schlurp","Quantum Egg","Trip","infinitespire:WardingShard"],"campfire_rested":4,"item_purchase_floors":[14,37,37,37,45,45,53],"current_hp_per_floor":[60,58,59,60,60,50,50,60,60,60,60,55,60,56,60,51,60,60,50,50,60,56,43,60,64,64,68,55,47,75,80,72,83,84,94,94,94,97,84,98,98,98,102,102,102,102,67,78,88,102,102,102,102,102,102],"gold":80,"neow_bonus":"THREE_CARDS","is_daily":false,"chose_seed":false,"campfire_upgraded":1,"win_rate":0.0,"timestamp":1609592230,"path_taken":["R","M","M","M","M","E","T","R","E","M","R","?","E","$","M","BOSS","R","M","?","$","M","?","MIM","M","?","M","M","E","M","?","M","BOSS","R","M","$","M","M","R","MIM","M","E","M","$","M","E","M","M","BOSS","E","$","R","BOSS"],"items_purchased_type":["Card","Card","Relic","Card","Relic","Card","Relic"],"build_version":"2020-12-22","purchased_purges":0,"victory":true,"max_hp_per_floor":[60,60,60,60,60,60,60,60,60,60,60,60,60,60,60,60,60,60,60,60,60,60,60,60,64,64,68,72,76,76,80,80,84,84,94,94,94,98,98,98,98,98,102,102,102,102,102,102,102,102,102,102,102,102,102],"card_choices":[{"not_picked":["Slimebound:RollThrough","Slimebound:SlimeSpikes"],"picked":"Slimebound:SamplingLick","floor":0.0},{"not_picked":["Slimebound:FinishingTackle","Slimebound:FlameTackle"],"picked":"Slimebound:Recollect","floor":2.0},{"not_picked":["Slimebound:ViciousTackle","Slimebound:TongueLash"],"picked":"Slimebound:FirmFortitude","floor":3.0},{"not_picked":["Slimebound:ComboTackle","Slimebound:Schlurp"],"picked":"Slimebound:RejuvenatingLick","floor":4.0},{"not_picked":["Slimebound:FirmFortitude","Slimebound:LeechingTouch","Slimebound:SplitBruiser"],"picked":"SKIP","floor":5.0},{"not_picked":["Slimebound:SplitAcid","Slimebound:LeechEnergy"],"picked":"Slimebound:CheckThePlaybook","floor":6.0},{"not_picked":["Slimebound:SamplingLick","Slimebound:ComboTackle"],"picked":"Slimebound:DisruptingSlam","floor":9.0},{"not_picked":["Slimebound:LevelUp","Slimebound:LeechingTouch"],"picked":"Slimebound:Schlurp","floor":10.0},{"not_picked":["Slimebound:ComboTackle","Slimebound:FinishingTackle"],"picked":"Slimebound:BestDefense","floor":13.0},{"not_picked":["Slimebound:SplitLeeching","Slimebound:ItLooksTasty","Slimebound:ComboTackle"],"picked":"Slimebound:RollThrough","floor":14.0},{"not_picked":["Slimebound:Chomp","Slimebound:DouseInSlime","Slimebound:GoopTackle"],"picked":"Slimebound:Repurpose","floor":15.0},{"not_picked":["Slimebound:WasteNot","Slimebound:OneTwoCombo","Slimebound:LeechLife"],"picked":"Slimebound:MassFeed","floor":16.0},{"not_picked":["Slimebound:SamplingLick","Slimebound:RejuvenatingLick","Slimebound:Grow+1"],"picked":"Slimebound:Schlurp+1","floor":19.0},{"not_picked":["Slimebound:SelfFormingGoo","Slimebound:RollThrough+1","Slimebound:SplitBruiser"],"picked":"Slimebound:SlimeSpikes","floor":21.0},{"not_picked":["Slimebound:LeadByExample","Slimebound:SamplingLick+1","Slimebound:SlimeSpikes"],"picked":"Slimebound:LivingWall+1","floor":22.0},{"not_picked":["Slimebound:SplitMire","Slimebound:GrowthPunch","Slimebound:PressTheAttack"],"picked":"Slimebound:AcidTongue+1","floor":23.0},{"not_picked":["Slimebound:RejuvenatingLick+1","Slimebound:SamplingLick+1","Slimebound:RallyTheTroops"],"picked":"Slimebound:MegaLick+1","floor":24.0},{"not_picked":["Slimebound:Recollect","Slimebound:SplitLeeching","Slimebound:SlimeBarrage"],"picked":"Slimebound:RollThrough","floor":25.0},{"not_picked":["Slimebound:GoopSpray","Slimebound:SlimeTap","Slimebound:SplitAcid"],"picked":"Slimebound:Schlurp","floor":27.0},{"not_picked":["Slimebound:DisruptingSlam","Slimebound:SplitLeeching","Slimebound:Prepare","Slimebound:ViciousTackle"],"picked":"SKIP","floor":28.0},{"not_picked":["Slimebound:LevelUp","Slimebound:ComboTackle+1","Slimebound:ViciousTackle"],"picked":"Slimebound:TongueLash+1","floor":29.0},{"not_picked":["Slimebound:BestDefense","Slimebound:ItLooksTasty","Slimebound:ComboTackle","Slimebound:SplitMire"],"picked":"SKIP","floor":30.0},{"not_picked":["Slimebound:ViciousTackle","Slimebound:ForwardTackle+1","Slimebound:Schlurp","Slimebound:ComboTackle"],"picked":"SKIP","floor":32.0},{"not_picked":["Slimebound:DouseInSlime","Slimebound:MinionMaster","Slimebound:DuplicatedForm"],"picked":"Slimebound:OozeBath","floor":33.0},{"not_picked":["Slimebound:AcidTongue","Slimebound:SplitAcid+1","Slimebound:LeechingTouch+1"],"picked":"Slimebound:SpikyOuterGoop+1","floor":36.0},{"not_picked":["Slimebound:AcidTongue","Slimebound:SplitLeeching","Slimebound:BestDefense+1"],"picked":"Slimebound:Dissolve","floor":37.0},{"not_picked":["Slimebound:SplitBruiser","Slimebound:Dissolve+1","Slimebound:Equalize+1"],"picked":"Slimebound:Schlurp+1","floor":38.0},{"not_picked":["Slimebound:MegaLick+1","Slimebound:ProtectTheBoss","Slimebound:RollThrough","Slimebound:SplitBruiser+1"],"picked":"SKIP","floor":39.0},{"not_picked":["Slimebound:SplitBruiser","Slimebound:SlimeTap+1","Slimebound:SlimeBarrage"],"picked":"Slimebound:Gluttony+1","floor":41.0},{"not_picked":["Slimebound:DouseInSlime","Slimebound:SamplingLick","Slimebound:Chomp+1","Slimebound:DisruptingSlam"],"picked":"SKIP","floor":42.0},{"not_picked":["Slimebound:Dissolve","Slimebound:Repurpose+1","Slimebound:SplitBruiser"],"picked":"Slimebound:SamplingLick+1","floor":43.0},{"not_picked":["Slimebound:GoopSpray+1","Slimebound:FinishingTackle+1","Slimebound:MegaLick","Slimebound:FirmFortitude+1"],"picked":"SKIP","floor":44.0},{"not_picked":["Slimebound:ComboTackle+1","Slimebound:GrowthPunch","Slimebound:PressTheAttack+1","Slimebound:TongueLash"],"picked":"SKIP","floor":46.0},{"not_picked":["Slimebound:SplitBruiser","Slimebound:Repurpose","Slimebound:Recycling"],"picked":"Slimebound:RainOfGoop","floor":47.0},{"not_picked":["Slimebound:ViciousTackle","Slimebound:FinishingTackle","Slimebound:SlimeSpikes+1","Slimebound:SplitAcid+1"],"picked":"SKIP","floor":48.0},{"not_picked":["Slimebound:SplitMire+1","Slimebound:PressTheAttack","Slimebound:ComboTackle+1","Slimebound:SlimeSpikes+1"],"picked":"SKIP","floor":49.0},{"not_picked":["Slimebound:SplitBruiser+1","Slimebound:GrowthPunch","Slimebound:SplitAcid","Slimebound:BestDefense+1"],"picked":"SKIP","floor":52.0}],"player_experience":907080,"relics_obtained":[{"floor":6.0,"key":"Sundial"},{"floor":7.0,"key":"infinitespire:Broken Mirror"},{"floor":9.0,"key":"Slimebound:AggressiveSlimeRelic"},{"floor":12.0,"key":"hubris:DeckOfHolding"},{"floor":13.0,"key":"Question Card"},{"floor":29.0,"key":"Replay:Accelerometer"},{"floor":31.0,"key":"Bottled Flame"},{"floor":41.0,"key":"Dead Branch"},{"floor":43.0,"key":"Runesmith:AutoHammer"},{"floor":47.0,"key":"ReplayTheSpireMod:TigerMarble"},{"floor":52.0,"key":"Blood Vial"}],"event_choices":[{"damage_healed":0.0,"max_hp_gain":0.0,"max_hp_loss":0.0,"gold_gain":0.0,"event_name":"Purifier","player_choice":"Ignored","floor":20.0,"gold_loss":0.0,"damage_taken":0.0},{"damage_healed":0.0,"max_hp_gain":0.0,"max_hp_loss":0.0,"gold_gain":0.0,"event_name":"conspire:Investor","player_choice":"Invest 2","floor":26.0,"gold_loss":0.0,"damage_taken":0.0}],"is_beta":false,"boss_relics":[{"not_picked":["ReplayTheSpireMod:DimensionalGlitch","Philosopher\u0027s Stone"],"picked":"hubris:TerracottaHorce"},{"not_picked":["Replay:Grab Bag","Busted Crown"],"picked":"Replay:Fungal Core"}],"items_purged_floors":[],"is_endless":false,"potions_floor_spawned":[3,4,5,10,13,16,19,25,27,28,29,32,33,38,42,43,44,48,52],"ascension_level":0}}