{"host":"ky7z67tg8zpdk0g7","time":1609561363,"event":{"mods":["BaseMod","Better Third Choice","CapriCore","Displayed Cursed Tome","Energized Spire","Halation","Hubris","Minty Spire (QoL Compilation)","Replay The Spire","Shop Mod","StSLib"],"gold_per_floor":[113,133,58,74,86,86,120,20,20,20,50,50,50,71,71,201,201,219,94,118,118,142,181,181,31,81,102,142,322,345,359,359,484,484,503,126,126,146,146,146,146,180,180,180,204,218,218,218,218,243,243,243,43,86,86],"floor_reached":56,"playtime":2563,"items_purged":["Voices","Eruption","SandsOfTime","Strike_P","Strike_P","Strike_P"],"score":1788,"play_id":"de02bb46-aa93-4933-843e-e0132e4d1cc2","local_time":"20210102112243","is_ascension_mode":true,"campfire_choices":[{"data":"hubris:EnhanceAbility","floor":6,"key":"SMITH"},{"floor":13,"key":"REST"},{"floor":15,"key":"RECALL"},{"floor":24,"key":"REST"},{"floor":32,"key":"REST"},{"data":"DevaForm","floor":40,"key":"SMITH"},{"data":"Vigilance","floor":44,"key":"SMITH"},{"data":"Replay:Anticipation","floor":49,"key":"SMITH"},{"data":"Evaluate","floor":52,"key":"SMITH"}],"circlet_count":0,"master_deck":["Strike_P","Defend_P","Defend_P","Defend_P","Defend_P","Vigilance+1","hubris:EnhanceAbility+1","PathToVictory","PathToVictory","PathToVictory+1","Evaluate+1","Apotheosis+1","Replay:AtTheReady","PathToVictory","Vault+1","Replay:Anticipation+1","Perseverance+1","DevaForm+1","PathToVictory+1","Protect+1"],"relics":["PureWater","Question Card","hubris:OldNail","Golden Idol","hubris:Backtick","Singing Bowl","halation:OrihimeAndHikoboshiSamaAndTears","hubris:CrystalStatue","halation:Prosthetics","Bronze Scales","halation:StarCompass","halation:Trompette","Eternal Feather","War Paint"],"acts_visited":["Exordium","TheCity","TheBeyond","TheEnding"],"potions_floor_usage":[2,7,7,7,11,28,30,30,46,50,54,55],"damage_taken":[{"damage":6,"enemies":"Cultist","floor":1,"turns":4},{"damage":15,"enemies":"Jaw Worm","floor":2,"turns":4},{"damage":0,"enemies":"Small Slimes","floor":4,"turns":2},{"damage":7,"enemies":"2 Fungi Beasts","floor":5,"turns":3},{"damage":0,"enemies":"3 Sentries","floor":7,"turns":6},{"damage":0,"enemies":"Gremlin Nob","floor":11,"turns":4},{"damage":0,"enemies":"Gremlin Gang","floor":14,"turns":5},{"damage":0,"enemies":"Slime Boss","floor":16,"turns":4},{"damage":0,"enemies":"Chosen","floor":18,"turns":4},{"damage":5,"enemies":"2 Thieves","floor":20,"turns":4},{"damage":6,"enemies":"Snake Plant","floor":22,"turns":3},{"damage":0,"enemies":"Replay:Snechameleon","floor":23,"turns":4},{"damage":2,"enemies":"Snecko","floor":27,"turns":5},{"damage":3,"enemies":"Gremlin Leader","floor":28,"turns":5},{"damage":0,"enemies":"Cultist and Chosen","floor":30,"turns":4},{"damage":0,"enemies":"Sentry and Sphere","floor":31,"turns":7},{"damage":0,"enemies":"Champ","floor":33,"turns":8},{"damage":0,"enemies":"Orb Walker","floor":35,"turns":4},{"damage":0,"enemies":"3 Shapes","floor":38,"turns":5},{"damage":0,"enemies":"Giant Head","floor":42,"turns":6},{"damage":0,"enemies":"Writhing Mass","floor":45,"turns":5},{"damage":0,"enemies":"Sphere and 2 Shapes","floor":46,"turns":6},{"damage":0,"enemies":"Awakened One","floor":50,"turns":9},{"damage":0,"enemies":"Shield and Spear","floor":54,"turns":7},{"damage":5,"enemies":"The Heart","floor":55,"turns":10}],"seed_played":"4454811282400408298","potions_obtained":[{"floor":1,"key":"EntropicBrew"},{"floor":7,"key":"Fruit Juice"},{"floor":11,"key":"Toxic Potion"},{"floor":22,"key":"Swift Potion"},{"floor":27,"key":"Weak Potion"},{"floor":28,"key":"Flashbang"},{"floor":33,"key":"DuplicationPotion"},{"floor":42,"key":"BlessingOfTheForge"},{"floor":45,"key":"Swift Potion"},{"floor":46,"key":"Ancient Potion"}],"is_trial":false,"path_per_floor":["M","M","$","M","M","R","E","$","T","?","E","?","R","M","R","B",null,"M","$","M","?","M","E","R","$","T","M","E","?","M","M","R","B",null,"M","$","?","M","$","R","?","E","T","R","M","M","HB","?","R","B",null,"R","$","E","B",null],"character_chosen":"WATCHER","items_purchased":["Bronze Scales","PathToVictory"],"campfire_rested":3,"item_purchase_floors":[36,36],"current_hp_per_floor":[66,51,51,51,44,44,44,44,44,44,49,49,70,70,70,70,71,73,73,68,68,64,66,77,77,77,77,76,57,57,59,83,83,48,50,50,50,50,50,50,50,52,52,52,54,56,28,27,27,27,27,27,27,29,24],"gold":86,"neow_bonus":"RANDOM_COLORLESS_2","is_daily":false,"chose_seed":true,"campfire_upgraded":5,"win_rate":0.0,"timestamp":1609561363,"path_taken":["M","M","$","M","?","R","E","$","T","?","E","?","R","M","R","BOSS","M","$","M","?","?","E","R","$","T","M","E","?","M","M","R","BOSS","M","$","?","M","$","R","?","E","T","R","M","M","HB","?","R","BOSS","R","$","E","BOSS"],"items_purchased_type":["Relic","Card"],"build_version":"2020-12-22","purchased_purges":6,"victory":true,"max_hp_per_floor":[72,72,72,72,72,72,72,72,72,72,77,71,71,71,71,71,71,73,73,73,73,75,77,77,77,77,79,81,81,81,83,83,83,48,50,50,50,50,50,50,50,52,52,52,54,56,28,27,27,27,27,27,27,29,29],"card_choices":[{"not_picked":["Secret Technique","The Bomb"],"picked":"hubris:EnhanceAbility","floor":0},{"not_picked":["Protect","EmptyBody"],"picked":"SandsOfTime","floor":1},{"not_picked":["CrushJoints","Replay:ManipulateFuture"],"picked":"PathToVictory","floor":2},{"not_picked":["SashWhip","Scrawl"],"picked":"PathToVictory","floor":4},{"not_picked":["SashWhip","Halt"],"picked":"PathToVictory","floor":5},{"not_picked":["Replay:ManipulateFuture","FlyingSleeves"],"picked":"Evaluate","floor":7},{"not_picked":["FlurryOfBlows","Replay:LoomingThreat","WaveOfTheHand"],"picked":"Replay:AtTheReady","floor":11},{"not_picked":["ReachHeaven","Pray","Perseverance"],"picked":"PathToVictory","floor":14},{"not_picked":["Establishment","Brilliance","Alpha"],"picked":"Vault","floor":16},{"not_picked":["Weave+1","FlyingSleeves","CrushJoints+1","Crescendo"],"picked":"Singing Bowl","floor":18},{"not_picked":["SashWhip","Consecrate","InnerPeace+1"],"picked":"Replay:Anticipation","floor":20},{"not_picked":["Conclude+1","Replay:Hum","CrushJoints","Replay:BluntJabs"],"picked":"Singing Bowl","floor":22},{"not_picked":["SashWhip","EmptyBody","Consecrate","JustLucky"],"picked":"Singing Bowl","floor":23},{"not_picked":["BowlingBash","MentalFortress","TalkToTheHand","Consecrate+1"],"picked":"Singing Bowl","floor":27},{"not_picked":["Replay:DivineShield","FearNoEvil","Adaptation","Replay:BluntJabs"],"picked":"Singing Bowl","floor":28},{"not_picked":["Halt","Fasting2","SpiritShield"],"picked":"Perseverance+1","floor":30},{"not_picked":["Halt+1","DeceiveReality","ClearTheMind","Conclude"],"picked":"Singing Bowl","floor":31},{"not_picked":["Devotion","DeusExMachina","Judgement"],"picked":"DevaForm","floor":33},{"not_picked":["EmptyBody","FollowUp","Halt+1","Prostrate+1"],"picked":"Singing Bowl","floor":35},{"not_picked":["Consecrate+1","Replay:ManipulateFuture+1","FearNoEvil"],"picked":"Protect+1","floor":38},{"not_picked":["CutThroughFate","Replay:BluntJabs+1","ClearTheMind","Nirvana+1"],"picked":"Singing Bowl","floor":42},{"not_picked":["Collect+1","Swivel","CrushJoints+1","PathToVictory+1"],"picked":"Singing Bowl","floor":45},{"not_picked":["Indignation","ThirdEye+1","Protect+1","WaveOfTheHand"],"picked":"Singing Bowl","floor":46},{"not_picked":["Protect","Nirvana+1","EmptyBody+1","SignatureMove"],"picked":"Singing Bowl","floor":54}],"player_experience":64008,"relics_obtained":[{"floor":7,"key":"Dream Catcher"},{"floor":9,"key":"Question Card"},{"floor":11,"key":"hubris:OldNail"},{"floor":23,"key":"halation:OrihimeAndHikoboshiSamaAndTears"},{"floor":28,"key":"hubris:CrystalStatue"},{"floor":42,"key":"halation:Trompette"},{"floor":43,"key":"Eternal Feather"},{"floor":54,"key":"War Paint"}],"event_choices":[{"damage_healed":44,"gold_gain":0,"player_choice":"Protect","damage_taken":0,"max_hp_gain":0,"max_hp_loss":72,"event_name":"betterThird:BetterShining","floor":10,"gold_loss":1},{"damage_healed":0,"gold_gain":0,"player_choice":"Lose Max HP","damage_taken":0,"relics_obtained":["Golden Idol"],"max_hp_gain":0,"max_hp_loss":6,"event_name":"Golden Idol","floor":12,"gold_loss":0},{"damage_healed":0,"gold_gain":0,"player_choice":"Forge","damage_taken":0,"max_hp_gain":0,"max_hp_loss":0,"event_name":"Accursed Blacksmith","floor":21,"gold_loss":0,"cards_upgraded":["Vault"]},{"damage_healed":0,"gold_gain":180,"player_choice":"GOLD GOLD ","damage_taken":19,"max_hp_gain":0,"max_hp_loss":0,"event_name":"Knowing Skull","floor":29,"potions_obtained":[],"gold_loss":0,"cards_obtained":[]},{"damage_healed":0,"gold_gain":0,"player_choice":"Max HP","damage_taken":0,"max_hp_gain":0,"max_hp_loss":1,"event_name":"Winding Halls","floor":48,"gold_loss":0}],"is_beta":false,"boss_relics":[{"not_picked":["energizedSpire:DeadBattery","Snecko Eye"],"picked":"hubris:Backtick"},{"not_picked":["Kintsugi","hubris:GrandSneckoEye"],"picked":"halation:Prosthetics"}],"items_purged_floors":[3,8,19,25,36,53],"is_endless":false,"potions_floor_spawned":[1,5,7,11,22,27,28,33,42,45,46],"ascension_level":3}}