{"host":"3jjxuhjpio8e4zkv","time":1609549251,"event":{"mods":["BaseMod","Colored Map","Highlight Path","Minty Spire (QoL Compilation)","Permanent Neow","Relic Stats","StSLib"],"gold_per_floor":[112,77,77,95,170,170,184,184,184,219,219,230,247,276,276,355,355,366,366,381,381,8,8,22,22,22,39,368,381,381,381,381,381,381],"floor_reached":33,"playtime":1112,"items_purged":["Night Terror"],"score":550,"play_id":"82065c5c-d971-478c-bd56-37a994b5fffd","local_time":"20210101200051","is_ascension_mode":true,"campfire_choices":[{"data":"Poisoned Stab","floor":6.0,"key":"SMITH"},{"data":"Cloak And Dagger","floor":8.0,"key":"SMITH"},{"floor":15.0,"key":"REST"},{"data":"Glass Knife","floor":23.0,"key":"SMITH"},{"data":"Leg Sweep","floor":25.0,"key":"SMITH"},{"floor":32.0,"key":"REST"}],"circlet_count":0,"master_deck":["AscendersBane","Defend_G","Defend_G","Defend_G","Survivor","Neutralize+1","Poisoned Stab+1","Masterful Stab","Cloak And Dagger+1","Caltrops","Terror","Dagger Spray","Flying Knee","Glass Knife+1","Terror+1","Die Die Die+1","Grand Finale+1","Deflect+1","Leg Sweep+1","Sucker Punch+1","Grand Finale","Backflip","Acrobatics","Calculated Gamble+1","Backflip"],"relics":["Ring of the Snake","The Specimen","Vajra","Prayer Wheel","Astrolabe","Membership Card","Thread and Needle","Paper Crane","Old Coin","Mercury Hourglass"],"acts_visited":["Exordium","TheCity"],"potions_floor_usage":[33],"damage_taken":[{"damage":0.0,"enemies":"2 Louse","floor":1.0,"turns":3.0},{"damage":0.0,"enemies":"Small Slimes","floor":4.0,"turns":3.0},{"damage":0.0,"enemies":"Cultist","floor":7.0,"turns":3.0},{"damage":24.0,"enemies":"Gremlin Nob","floor":10.0,"turns":4.0},{"damage":0.0,"enemies":"Looter","floor":12.0,"turns":3.0},{"damage":4.0,"enemies":"3 Louse","floor":13.0,"turns":4.0},{"damage":19.0,"enemies":"Lagavulin","floor":14.0,"turns":4.0},{"damage":18.0,"enemies":"Hexaghost","floor":16.0,"turns":9.0},{"damage":4.0,"enemies":"Chosen","floor":18.0,"turns":3.0},{"damage":9.0,"enemies":"3 Byrds","floor":20.0,"turns":6.0},{"damage":5.0,"enemies":"Centurion and Healer","floor":24.0,"turns":6.0},{"damage":2.0,"enemies":"Chosen and Byrds","floor":27.0,"turns":4.0},{"damage":7.0,"enemies":"Book of Stabbing","floor":28.0,"turns":6.0},{"damage":0.0,"enemies":"3 Cultists","floor":29.0,"turns":3.0},{"damage":55,"enemies":"Collector","floor":33,"turns":8}],"seed_played":"7805200658037159597","potions_obtained":[{"floor":1.0,"key":"Dexterity Potion"},{"floor":10.0,"key":"CunningPotion"},{"floor":12.0,"key":"ColorlessPotion"},{"floor":14.0,"key":"FairyPotion"},{"floor":20.0,"key":"Ancient Potion"}],"is_trial":false,"path_per_floor":["M","?","?","M","?","R","M","R","T","E","?","M","M","E","R","B",null,"M","?","M","?","$","R","M","R","T","M","E","M","T","?","R","B"],"character_chosen":"THE_SILENT","items_purchased":["Membership Card","Thread and Needle"],"campfire_rested":2,"item_purchase_floors":[22,22],"current_hp_per_floor":[59,66,66,66,55,55,55,55,55,31,24,24,20,1,20,2,50,46,46,37,37,37,37,32,32,32,30,23,23,23,5,26,0,0],"gold":381,"neow_bonus":"UPGRADE_CARD","is_daily":false,"chose_seed":false,"campfire_upgraded":4,"win_rate":0.0,"timestamp":1609549251,"path_taken":["M","?","?","?","?","R","M","R","T","E","?","M","M","E","R","BOSS","M","?","M","?","$","R","M","R","T","M","E","M","?","?","R","BOSS"],"items_purchased_type":["Relic","Relic"],"build_version":"2020-12-22","purchased_purges":1,"victory":false,"max_hp_per_floor":[66,66,66,66,66,66,66,66,66,66,66,66,66,66,66,66,66,66,66,66,66,66,66,66,66,66,66,66,66,66,71,71,71,71],"relic_stats":{"counters":[15,69],"Astrolabe":["Terror","Die Die Die","Grand Finale"],"Prayer Wheel":5,"obtain_stats":[{"The Specimen":9,"Astrolabe":17,"Vajra":10,"Prayer Wheel":14,"Thread and Needle":22,"Membership Card":22,"Paper Crane":26,"Ring of the Snake":0,"Old Coin":28,"Mercury Hourglass":30},{"The Specimen":3,"Astrolabe":8,"Vajra":4,"Prayer Wheel":7,"Thread and Needle":10,"Membership Card":10,"Paper Crane":11,"Ring of the Snake":0,"Old Coin":13,"Mercury Hourglass":14},{"The Specimen":9,"Astrolabe":33,"Vajra":13,"Prayer Wheel":24,"Thread and Needle":42,"Membership Card":42,"Paper Crane":48,"Ring of the Snake":0,"Old Coin":58,"Mercury Hourglass":61}],"Ring of the Snake":[30],"Mercury Hourglass":[55]},"card_choices":[{"not_picked":["Setup","Well Laid Plans"],"picked":"Poisoned Stab","floor":1.0},{"not_picked":["Footwork","Sucker Punch"],"picked":"Masterful Stab","floor":4.0},{"not_picked":["Dagger Spray","Outmaneuver"],"picked":"Cloak And Dagger","floor":7.0},{"not_picked":["Sucker Punch","Grand Finale"],"picked":"Caltrops","floor":10.0},{"not_picked":["Eviscerate","Dagger Spray"],"picked":"Terror","floor":12.0},{"not_picked":["Setup","Backflip"],"picked":"Dagger Spray","floor":13.0},{"not_picked":["Caltrops","Choke"],"picked":"Flying Knee","floor":14.0},{"not_picked":["Phantasmal Killer","Grand Finale"],"picked":"Glass Knife","floor":16.0},{"not_picked":["Prepared","Heel Hook"],"picked":"Deflect+1","floor":18.0},{"not_picked":["Sucker Punch","Masterful Stab"],"picked":"Leg Sweep","floor":18.0},{"not_picked":["Prepared","Outmaneuver"],"picked":"Sucker Punch+1","floor":20.0},{"not_picked":["Underhanded Strike","Sucker Punch","Concentrate"],"picked":"SKIP","floor":20.0},{"not_picked":["Skewer","Outmaneuver"],"picked":"Backflip","floor":24.0},{"not_picked":["Sucker Punch","Outmaneuver","Dagger Spray+1"],"picked":"SKIP","floor":24.0},{"not_picked":["Eviscerate+1","Sucker Punch"],"picked":"Acrobatics","floor":27.0},{"not_picked":["Sucker Punch","Deflect","A Thousand Cuts"],"picked":"SKIP","floor":27.0},{"not_picked":["Dodge and Roll","Dagger Spray"],"picked":"Calculated Gamble+1","floor":28.0},{"not_picked":["Burst","Prepared"],"picked":"Backflip","floor":29.0},{"not_picked":["Deadly Poison","Blade Dance","Dash"],"picked":"SKIP","floor":29.0}],"player_experience":1164901,"relics_obtained":[{"floor":9.0,"key":"The Specimen"},{"floor":10.0,"key":"Vajra"},{"floor":14.0,"key":"Prayer Wheel"},{"floor":26.0,"key":"Paper Crane"},{"floor":28.0,"key":"Old Coin"},{"floor":30.0,"key":"Mercury Hourglass"}],"event_choices":[{"damage_healed":16.0,"max_hp_gain":0.0,"max_hp_loss":0.0,"gold_gain":0.0,"event_name":"The Cleric","player_choice":"Healed","floor":2.0,"gold_loss":35.0,"damage_taken":0.0},{"cards_removed":["Strike_G"],"damage_healed":0.0,"max_hp_gain":0.0,"max_hp_loss":0.0,"gold_gain":0.0,"event_name":"Purifier","player_choice":"Purged","floor":3.0,"gold_loss":0.0,"damage_taken":0.0},{"damage_healed":0.0,"max_hp_gain":0.0,"max_hp_loss":0.0,"gold_gain":75.0,"event_name":"World of Goop","player_choice":"Gather Gold","floor":5.0,"gold_loss":0.0,"damage_taken":11.0},{"cards_removed":["Strike_G"],"damage_healed":0.0,"max_hp_gain":0.0,"max_hp_loss":0.0,"gold_gain":0.0,"event_name":"Golden Wing","player_choice":"Card Removal","floor":11.0,"gold_loss":0.0,"damage_taken":7.0},{"damage_healed":0.0,"max_hp_gain":0.0,"max_hp_loss":0.0,"gold_gain":0.0,"event_name":"Vampires","player_choice":"Ignored","floor":19.0,"gold_loss":0.0,"damage_taken":0.0},{"damage_healed":0.0,"max_hp_gain":0.0,"max_hp_loss":0.0,"gold_gain":0.0,"cards_transformed":["Defend_G","Defend_G"],"event_name":"Drug Dealer","player_choice":"Became Test Subject","floor":21.0,"gold_loss":0.0,"damage_taken":0.0,"cards_obtained":["Grand Finale","Night Terror"]},{"damage_healed":0.0,"max_hp_gain":5.0,"max_hp_loss":0.0,"gold_gain":0.0,"event_name":"Forgotten Altar","player_choice":"Shed Blood","floor":31.0,"gold_loss":0.0,"damage_taken":23.0}],"is_beta":false,"boss_relics":[{"not_picked":["Runic Pyramid","Snecko Eye"],"picked":"Astrolabe"}],"items_purged_floors":[22],"is_endless":false,"potions_floor_spawned":[1,10,12,14,20,29],"killed_by":"Collector","ascension_level":20}}