{"host":"m6aaltr68g9tvoay","time":1609630276,"event":{"mods":["AchievementEnabler","BaseMod","Colored Map","Minty Spire (QoL Compilation)","StSLib"],"gold_per_floor":[119,136,136,147,147,147,181,181,181,181,200,221,221,237,237,336,336,354,354,374,424,424,424,443,443,518,518,518,531,531,545,545,545,545],"floor_reached":33,"playtime":1054,"items_purged":[],"score":507,"play_id":"f72e55ed-8ba6-4c05-8d44-4b9b8eb6a5e2","local_time":"20210102153116","is_ascension_mode":true,"campfire_choices":[{"data":"Infernal Blade","floor":6.0,"key":"SMITH"},{"data":"Dramatic Entrance","floor":8.0,"key":"SMITH"},{"data":"True Grit","floor":13.0,"key":"SMITH"},{"floor":15.0,"key":"REST"},{"data":"Whirlwind","floor":23.0,"key":"SMITH"},{"floor":25.0,"key":"REST"},{"floor":30,"key":"REST"},{"floor":32,"key":"REST"}],"circlet_count":0,"master_deck":["AscendersBane","Strike_R+1","Strike_R+1","Strike_R+1","Strike_R+1","Strike_R+1","Defend_R+1","Defend_R+1","Defend_R+1","Defend_R+1","Bash","Dramatic Entrance+1","Infernal Blade+1","Twin Strike","Flame Barrier","Injury","True Grit+1","Impervious","Feed","Whirlwind+1","Thunderclap+1","Writhe","Offering"],"relics":["Burning Blood","Champion Belt","Golden Idol","Busted Crown","Ginger","Pantograph"],"acts_visited":["Exordium","TheCity"],"potions_floor_usage":[33],"damage_taken":[{"damage":0.0,"enemies":"Small Slimes","floor":1.0,"turns":2.0},{"damage":0.0,"enemies":"Cultist","floor":2.0,"turns":2.0},{"damage":3.0,"enemies":"2 Louse","floor":4.0,"turns":2.0},{"damage":30.0,"enemies":"Lagavulin","floor":7.0,"turns":5.0},{"damage":2.0,"enemies":"2 Fungi Beasts","floor":11.0,"turns":3.0},{"damage":13.0,"enemies":"Large Slime","floor":12.0,"turns":6.0},{"damage":0.0,"enemies":"Exordium Wildlife","floor":14.0,"turns":2.0},{"damage":71.0,"enemies":"The Guardian","floor":16.0,"turns":21.0},{"damage":13.0,"enemies":"3 Byrds","floor":18.0,"turns":5.0},{"damage":0.0,"enemies":"Spheric Guardian","floor":20.0,"turns":3.0},{"damage":44.0,"enemies":"Cultist and Chosen","floor":24.0,"turns":7.0},{"damage":6.0,"enemies":"Book of Stabbing","floor":27.0,"turns":3.0},{"damage":25.0,"enemies":"Snecko","floor":29.0,"turns":6.0},{"damage":27,"enemies":"Sentry and Sphere","floor":31,"turns":6},{"damage":122,"enemies":"Automaton","floor":33,"turns":12}],"seed_played":"-3952372976115104935","potions_obtained":[{"floor":1.0,"key":"SmokeBomb"},{"floor":2.0,"key":"DistilledChaos"},{"floor":11.0,"key":"AttackPotion"},{"floor":20.0,"key":"PowerPotion"},{"floor":31,"key":"SpeedPotion"}],"is_trial":false,"path_per_floor":["M","M","?","M","?","R","E","R","T","?","M","M","R","M","R","B",null,"M","?","M","?","?","R","M","R","T","E","?","M","R","M","R","B"],"character_chosen":"IRONCLAD","items_purchased":[],"campfire_rested":4,"item_purchase_floors":[],"current_hp_per_floor":[74,75,75,75,75,75,51,51,51,51,55,48,48,54,75,10,59,55,55,61,61,61,61,23,46,46,46,62,46,70,49,73,0,0],"gold":545,"neow_bonus":"RANDOM_COLORLESS","is_daily":false,"chose_seed":false,"campfire_upgraded":4,"win_rate":0.0,"timestamp":1609630276,"path_taken":["M","M","?","?","?","R","E","R","T","?","M","M","R","M","R","BOSS","M","?","M","?","?","R","M","R","T","E","?","M","R","M","R","BOSS"],"items_purchased_type":[],"build_version":"2020-12-22","purchased_purges":0,"victory":false,"max_hp_per_floor":[75,75,75,75,75,75,75,75,75,75,75,75,75,75,75,75,75,78,78,78,78,78,78,78,78,78,78,78,81,81,81,81,81,81],"card_choices":[{"not_picked":["Finesse","Good Instincts"],"picked":"Dramatic Entrance","floor":0.0},{"not_picked":["Entrench","Body Slam"],"picked":"Infernal Blade","floor":1.0},{"not_picked":["Clash","Warcry","True Grit"],"picked":"SKIP","floor":2.0},{"not_picked":["Reckless Charge","Clash"],"picked":"Twin Strike","floor":4.0},{"not_picked":["Carnage","Clash"],"picked":"Flame Barrier","floor":7.0},{"not_picked":["Combust","Body Slam","Sword Boomerang"],"picked":"SKIP","floor":11.0},{"not_picked":["Second Wind","Sentinel"],"picked":"True Grit","floor":12.0},{"not_picked":["Sword Boomerang","Carnage"],"picked":"Impervious","floor":14.0},{"not_picked":["Impervious","Demon Form"],"picked":"Feed","floor":16.0},{"not_picked":[],"picked":"Whirlwind","floor":18.0},{"not_picked":[],"picked":"Thunderclap+1","floor":20.0},{"not_picked":["Headbutt"],"picked":"SKIP","floor":24.0},{"not_picked":["Perfected Strike"],"picked":"SKIP","floor":29.0},{"not_picked":[],"picked":"Offering","floor":31}],"player_experience":1327771,"relics_obtained":[{"floor":7.0,"key":"Champion Belt"},{"floor":26.0,"key":"Pantograph"}],"event_choices":[{"damage_healed":0.0,"max_hp_gain":0.0,"max_hp_loss":0.0,"gold_gain":0.0,"event_name":"Lab","player_choice":"Got Potions","floor":3.0,"gold_loss":0.0,"damage_taken":0.0},{"damage_healed":0.0,"max_hp_gain":0.0,"max_hp_loss":0.0,"gold_gain":0.0,"event_name":"Liars Game","player_choice":"Ignored","floor":5.0,"gold_loss":0.0,"damage_taken":0.0},{"damage_healed":0.0,"max_hp_gain":0.0,"max_hp_loss":0.0,"gold_gain":0.0,"event_name":"Golden Idol","player_choice":"Take Wound","floor":10.0,"gold_loss":0.0,"damage_taken":0.0,"relics_obtained":["Golden Idol"],"cards_obtained":["Injury"]},{"damage_healed":0.0,"max_hp_gain":0.0,"max_hp_loss":0.0,"gold_gain":0.0,"event_name":"Back to Basics","player_choice":"Simplicity","floor":19.0,"gold_loss":0.0,"damage_taken":0.0,"cards_upgraded":["Strike_R","Strike_R","Strike_R","Strike_R","Strike_R","Defend_R","Defend_R","Defend_R","Defend_R"]},{"damage_healed":0.0,"max_hp_gain":0.0,"max_hp_loss":0.0,"gold_gain":50.0,"event_name":"Nest","player_choice":"Stole From Cult","floor":21.0,"gold_loss":0.0,"damage_taken":0.0},{"damage_healed":0.0,"max_hp_gain":0.0,"max_hp_loss":0.0,"gold_gain":0.0,"event_name":"The Mausoleum","player_choice":"Opened","floor":22.0,"gold_loss":0.0,"damage_taken":0.0,"relics_obtained":["Ginger"],"cards_obtained":["Writhe"]},{"damage_healed":16.0,"max_hp_gain":0.0,"max_hp_loss":0.0,"gold_gain":0.0,"event_name":"The Library","player_choice":"Heal","floor":28.0,"gold_loss":0.0,"damage_taken":0.0}],"is_beta":false,"boss_relics":[{"not_picked":["SlaversCollar","Philosopher\u0027s Stone"],"picked":"Busted Crown"}],"items_purged_floors":[],"is_endless":false,"potions_floor_spawned":[1,2,11,20,24,27,31],"killed_by":"Automaton","ascension_level":18}}