{"host":"djfsqftupta9xgss","time":1609573053,"event":{"mods":["ATMod(阿瑾Mod)","Act Like it!","BaseMod","Gensokyo","Minty Spire (QoL Compilation)","MostiFishMod","Pale of the Ancients","Replay The Spire","Spicy Shops","StSLib","TestMod"],"gold_per_floor":[368,368,235,510,531,570,588,631,631,596,596,630,645,667,667,768,768,792,214,129,129,275,334,334,334,389,484,484,509,569,569,569,833,833,856,856,1189,1315,488,488,488,488,488,488,542,127,280,301,301,308,384,384,384,59,115,139],"floor_reached":57,"playtime":2749,"items_purged":["Injury","Strike_R","Strike_R","Strike_R"],"score":3033,"play_id":"3bc52b86-02cd-4e76-9d19-62773ca20189","local_time":"20210102153733","is_ascension_mode":true,"campfire_choices":[{"floor":11,"key":"REST"},{"data":"Defend_R","floor":15,"key":"PURGE"},{"floor":24,"key":"RECALL"},{"data":"AT_DiedThrough","floor":28,"key":"SMITH"},{"data":"MostiFishMod:CullingBlade","floor":32,"key":"SMITH"},{"data":"Whirlwind","floor":40,"key":"SMITH"},{"data":"Pommel Strike","floor":42,"key":"SMITH"},{"data":"AT_ShrugMaster","floor":44,"key":"SMITH"},{"data":"Burning Pact","floor":49,"key":"SMITH"},{"data":"Evolve","floor":53,"key":"SMITH"}],"circlet_count":0,"master_deck":["AscendersBane","Strike_R","Strike_R","Defend_R","Defend_R","Defend_R","Bash","AT_CaressingTears","Pride","testmod-Lust","testmod-Wrath","testmod-Sloth","testmod-Envy","testmod-Greed","testmod-Gluttony","testmod-Gluttony","Parasite","testmod-Gluttony","Pommel Strike","testmod-Gluttony","Whirlwind+1","Regret","testmod-Gluttony","Second Wind","AT_ShrugMaster","MostiFishMod:CullingBlade+1","Evolve+1","Dark Embrace","Second Wind","Barricade","Seeing Red+1","AT_ShrugMaster+1","AT_ManFootWork","Shockwave","AT_DiedThrough+1","Shrug It Off+1","Pommel Strike+1","AT_IchimonjiDouble","Entrench","testmod-Gluttony","Impervious+1","Limit Break","Burning Pact+1","MostiFishMod:WingOfPhoenix"],"relics":["Burning Blood","AT_ATBox","testmod-TestBox","DaCapo","testmod-SevenDeadlySins","Du-Vu Doll","Darkstone Periapt","Blue Candle","SynthV:TestCard","AT_ArcaneBoots","testmod-InfectionSource","HornCleat","testmod-TheFather","Honey Jar","Transparent","DollysMirror","Replay:Bandana","ReplayFunnel","testmod-TurbochargingSystem","DaveBox","OrangePellets","White Beast Statue","Enchiridion","Regal Pillow","BargainBundle","HandDrill","testmod-Acrobat","Strawberry","Pen Nib","War Paint","TimeKeys","RhineFirstAidKit","Pondfish Scales","PreservedInsect","Replay:Mystery Machine","Toy Ornithopter","Chemical X","Eternal Feather","AT_ArchangelStaff","Oddly Smooth Stone","Membership Card","Frozen Eye","Bottled Lightning","testmod-BlackFramedGlasses","testmod-BalancedPeriapt","ClockworkSouvenir","Replay:Rubber Ducky"],"acts_visited":["Exordium","TheCity","TheBeyond","TheEnding"],"potions_floor_usage":[51,56],"damage_taken":[{"damage":5.0,"enemies":"Small Slimes","floor":1.0,"turns":3.0},{"damage":41.0,"enemies":"Cultist","floor":5.0,"turns":5.0},{"damage":12,"enemies":"Replay:BlueRogue","floor":6,"turns":3},{"damage":24,"enemies":"2 Louse","floor":7,"turns":3},{"damage":32,"enemies":"3 Sentries","floor":8,"turns":4},{"damage":6,"enemies":"Replay:BlueRogue","floor":12,"turns":3},{"damage":12,"enemies":"Looter","floor":13,"turns":3},{"damage":9,"enemies":"Blue Slaver","floor":14,"turns":3},{"damage":94,"enemies":"Slime Boss","floor":16,"turns":10},{"damage":15,"enemies":"2 Thieves","floor":18,"turns":1},{"damage":52,"enemies":"3 Byrds","floor":22,"turns":3},{"damage":39,"enemies":"Book of Stabbing","floor":23,"turns":3},{"damage":15,"enemies":"Shelled Parasite and Fungi","floor":27,"turns":1},{"damage":15,"enemies":"Snecko","floor":29,"turns":1},{"damage":15,"enemies":"Replay:Snechameleon","floor":30,"turns":2},{"damage":21,"enemies":"Collector","floor":33,"turns":2},{"damage":17,"enemies":"Orb Walker","floor":35,"turns":1},{"damage":17,"enemies":"2 Orb Walkers","floor":38,"turns":1},{"damage":17,"enemies":"3 Darklings","floor":47,"turns":1},{"damage":20,"enemies":"Writhing Mass","floor":48,"turns":2},{"damage":54,"enemies":"Time Eater","floor":50,"turns":4},{"damage":20,"enemies":"Awakened One","floor":51,"turns":4},{"damage":20,"enemies":"Shield and Spear","floor":55,"turns":2},{"damage":17,"enemies":"The Heart","floor":56,"turns":6}],"seed_played":"3669557179829644400","potions_obtained":[{"floor":1.0,"key":"BloodPotion"},{"floor":8,"key":"Milkshake"},{"floor":18,"key":"SteroidPotion"},{"floor":23,"key":"SpeedPotion"},{"floor":27,"key":"Explosive Potion"},{"floor":29,"key":"Energy Potion"},{"floor":30,"key":"Block Potion"},{"floor":33,"key":"Weak Potion"},{"floor":35,"key":"Regen Potion"},{"floor":45,"key":"FairyPotion"}],"is_trial":false,"path_per_floor":["M","?","$","?","M","E","M","E","T","?","R","E","M","M","R","B",null,"M","$","?","?","M","E","R","?","T","M","R","M","E","$","R","B",null,"M","?","?","?","$","R","T","R","T","R","?","$","M","M","R","B","B",null,"R","$","E","B",null],"character_chosen":"IRONCLAD","items_purchased":["Whirlwind","DollysMirror","Replay:Bandana","AT_ManFootWork","Shockwave","ReplayFunnel","BargainBundle","HandDrill","testmod-Acrobat","Strawberry","Pen Nib","Impervious","War Paint","Elixir","PreservedInsect","Replay:Mystery Machine","Toy Ornithopter","Chemical X","Elixir","Membership Card","Frozen Eye","Bottled Lightning","testmod-BlackFramedGlasses","testmod-BalancedPeriapt","ClockworkSouvenir","Adrenaline Potion"],"campfire_rested":1,"item_purchase_floors":[3,19,19,19,19,19,31,31,31,31,31,31,31,31,39,39,39,39,39,46,46,46,54,54,54,54],"current_hp_per_floor":[129,141,141,153,118,112,94,68,68,107,154,154,148,145,145,57,134,159,159,159,159,159,159,159,138,138,159,159,159,159,172,172,172,172,172,172,172,172,172,172,172,172,172,172,116,116,172,172,172,172,172,172,172,172,172,172],"gold":139,"neow_bonus":"TWO_FIFTY_GOLD","is_daily":false,"chose_seed":false,"campfire_upgraded":7,"win_rate":0.0,"timestamp":1609573053,"path_taken":["M","?","$","?","?","E","M","E","T","?","R","E","M","M","R","BOSS","M","$","?","?","M","E","R","?","T","?","R","M","E","?","R","BOSS","M","?","?","?","$","R","?","R","T","R","?","$","M","M","R","BOSS","BOSS","R","$","E","BOSS"],"items_purchased_type":["Card","Relic","Relic","Card","Card","Relic","Relic","Relic","Relic","Relic","Relic","Card","Relic","Potion","Relic","Relic","Relic","Relic","Potion","Relic","Relic","Relic","Relic","Relic","Relic","Potion"],"build_version":"2020-12-22","purchased_purges":4,"victory":true,"max_hp_per_floor":[135,147,147,159,159,159,159,159,159,159,159,159,159,159,159,159,159,159,159,159,159,159,159,159,159,159,159,159,159,159,172,172,172,172,172,172,172,172,172,172,172,172,172,172,172,172,172,172,172,172,172,172,172,172,172,172],"card_choices":[{"not_picked":["Wild Strike","Sever Soul"],"picked":"Pommel Strike","floor":1.0},{"not_picked":["MostiFishMod:BrandingRite","AT_DiedThrough","Heavy Blade","Cleave"],"picked":"Second Wind","floor":5.0},{"not_picked":["Shrug It Off","Body Slam","AT_IchimonjiDouble","Pommel Strike"],"picked":"AT_ShrugMaster","floor":6},{"not_picked":["Blood for Blood","Intimidate","Inflame","Infernal Blade"],"picked":"MostiFishMod:CullingBlade","floor":7},{"not_picked":["Havoc","Flex","Cleave","True Grit"],"picked":"Evolve","floor":8},{"not_picked":["Searing Blow","Shrug It Off","Flex","Berserk"],"picked":"Dark Embrace","floor":12},{"not_picked":["Pommel Strike","AT_BodySlamDance","Clothesline","Headbutt"],"picked":"Second Wind","floor":13},{"not_picked":["Whirlwind","AT_IchimonjiDouble","Heavy Blade","Clothesline","AT_CaressingTears"],"picked":"SKIP","floor":14},{"not_picked":["MostiFishMod:HellRitual","MostiFishMod:UltimateDefense","Feed","Bludgeon"],"picked":"Barricade","floor":16},{"not_picked":["Rampage","Havoc","Dropkick","Armaments","Rage"],"picked":"Seeing Red","floor":18},{"not_picked":["Armaments","AT_ManFootWork","AT_CaressingTears+1","Havoc","Searing Blow"],"picked":"AT_DiedThrough","floor":22},{"not_picked":["MostiFishMod:#F4004","Rage","Twin Strike","Searing Blow","AT_DrawKnifeCut"],"picked":"Shrug It Off+1","floor":23},{"not_picked":["Metallicize","Spot Weakness","Carnage","Warcry","AT_BodySlamDance"],"picked":"Pommel Strike","floor":27},{"not_picked":["True Grit","Pummel","Flex","Sword Boomerang","Cleave+1"],"picked":"AT_IchimonjiDouble","floor":29},{"not_picked":["AT_GerminateFire+1","Anger","Clash","Brutality","Shrug It Off+1"],"picked":"Entrench","floor":30},{"not_picked":["Bludgeon","MostiFishMod:ChineseTea","MostiFishMod:TemporaryOutbreak","MostiFishMod:Mania","MostiFishMod:UltimateDefense"],"picked":"Limit Break","floor":33},{"not_picked":["Clash","Iron Wave","AT_BodySlamDance","AT_ManFootWork","Flex+1"],"picked":"Burning Pact","floor":35},{"not_picked":["Perfected Strike","Headbutt","Havoc","Anger+1","Pommel Strike"],"picked":"MostiFishMod:WingOfPhoenix","floor":38},{"not_picked":["AT_IchimonjiDouble+1","Cleave","Thunderclap","AT_CaressingTears","Sever Soul","Pommel Strike"],"picked":"SKIP","floor":47},{"not_picked":["Anger+1","AT_ManFootWork","Flex","MostiFishMod:BrandingRite","AT_GerminateFire","Infernal Blade"],"picked":"SKIP","floor":48},{"not_picked":["AT_DrawKnifeCut","Perfected Strike","AT_ManFootWork","Clash","Burning Pact","Havoc"],"picked":"SKIP","floor":55}],"player_experience":358259,"relics_obtained":[{"floor":1.0,"key":"SynthV:TestCard"},{"floor":6,"key":"AT_SpeedBoots"},{"floor":8,"key":"testmod-InfectionSource"},{"floor":9,"key":"HornCleat"},{"floor":12,"key":"testmod-TheFather"},{"floor":23,"key":"White Beast Statue"},{"floor":25,"key":"Enchiridion"},{"floor":30,"key":"Regal Pillow"},{"floor":38,"key":"Pondfish Scales"},{"floor":41,"key":"Eternal Feather"},{"floor":43,"key":"AT_ArchangelStaff"},{"floor":45,"key":"Oddly Smooth Stone"},{"floor":55,"key":"Replay:Rubber Ducky"}],"event_choices":[{"damage_healed":0.0,"max_hp_gain":0.0,"max_hp_loss":0.0,"gold_gain":0.0,"event_name":"Golden Idol","player_choice":"Take Wound","floor":2.0,"gold_loss":0.0,"damage_taken":0.0,"relics_obtained":["Golden Idol"],"cards_obtained":["Injury"]},{"damage_healed":0.0,"max_hp_gain":0.0,"max_hp_loss":0.0,"gold_gain":275.0,"event_name":"Golden Shrine","player_choice":"Desecrate","floor":4.0,"gold_loss":0.0,"damage_taken":0.0,"cards_obtained":["Regret"]},{"damage_healed":39,"gold_gain":0,"player_choice":"Healed","damage_taken":0,"max_hp_gain":0,"max_hp_loss":0,"event_name":"The Cleric","floor":10,"gold_loss":35},{"damage_healed":0,"gold_gain":0,"player_choice":"Obtained Relic","damage_taken":0,"relics_obtained":["testmod-TurbochargingSystem"],"max_hp_gain":0,"max_hp_loss":0,"event_name":"Addict","floor":20,"gold_loss":85},{"damage_healed":0,"gold_gain":0,"player_choice":"Swap Relic","damage_taken":0,"relics_obtained":["DaveBox"],"max_hp_gain":0,"max_hp_loss":0,"event_name":"给自己的盒子","floor":21,"relics_lost":["DaveBox"],"gold_loss":0},{"damage_healed":0,"gold_gain":0,"player_choice":"Obtained Book","damage_taken":21,"max_hp_gain":0,"max_hp_loss":0,"event_name":"Cursed Tome","floor":25,"gold_loss":0},{"damage_healed":0,"gold_gain":333,"player_choice":"Gave Idol","damage_taken":0,"max_hp_gain":0,"max_hp_loss":0,"event_name":"The Moai Head","floor":37,"relics_lost":["Golden Idol"],"gold_loss":0},{"damage_healed":0,"gold_gain":0,"player_choice":"Fight","damage_taken":0,"max_hp_gain":0,"max_hp_loss":0,"event_name":"Mysterious Sphere","floor":38,"gold_loss":0}],"is_beta":false,"boss_relics":[{"not_picked":["FixedStarFall","Runic Pyramid"],"picked":"Transparent"},{"not_picked":["Replay:Bronze Core","Black Star"],"picked":"RhineFirstAidKit"}],"items_purged_floors":[3,31,39,46],"is_endless":false,"potions_floor_spawned":[1,8,13,14,16,18,23,27,29,30,33,35,38,47,48,55],"ascension_level":20}}