{"host":"juowtv2vvb0b99ex","time":1609612454,"event":{"mods":["BaseMod","Colored Map","Downfall","Minty Spire (QoL Compilation)","Quick Restart","StSLib"],"gold_per_floor":[199,214,232,232,74,90,117,130,146,164,223,223,223,257,274,353,353,353,363,388,388,153,153,207,242,242,258,258,271,271,298,311,385,385,385,385,385,385],"floor_reached":36,"playtime":2566,"items_purged":["Regret"],"score":663,"play_id":"5c667164-758d-418e-b534-2d00f274916d","local_time":"20210102113414","is_ascension_mode":true,"campfire_choices":[{"data":"Slimebound:Split","floor":1.0,"key":"SMITH"},{"data":"Slimebound:DuplicatedForm","floor":13.0,"key":"SMITH"},{"data":"Slimebound:SlimeBarrage","floor":18.0,"key":"SMITH"},{"data":"Slimebound:Overexert","floor":28.0,"key":"SMITH"},{"data":"Slimebound:MinionMaster","floor":35.0,"key":"SMITH"}],"circlet_count":0,"master_deck":["AscendersBane","Slimebound:Strike_Slimebound+1","Slimebound:Strike_Slimebound","Slimebound:Strike_Slimebound+1","Slimebound:Tackle+1","Slimebound:Defend_Slimebound","Slimebound:Defend_Slimebound","Slimebound:Defend_Slimebound+1","Slimebound:Defend_Slimebound","Slimebound:Split+1","Slimebound:CorrosiveSpit","Slimebound:SplitLeeching","Slimebound:FirmFortitude+1","Slimebound:SplitSpecialist","Slimebound:SlimeSpikes+1","Slimebound:DuplicatedForm+1","Slimebound:SlimeBarrage+1","Slimebound:SplitLeeching","Slimebound:TagTeam","Slimebound:SplitLeeching","Slimebound:FirmFortitude","Slimebound:Overexert+1","Slimebound:Repurpose","Slimebound:SplitMire+1","Slimebound:MinionMaster+1"],"relics":["Slimebound:AbsorbEndCombat","Juzu Bracelet","Bronze Scales","Pen Nib","Prayer Wheel","SlaversCollar","Red Mask","Bag of Preparation","Bag of Marbles","Whetstone","Nilry\u0027s Codex","Potion Belt","Black Star"],"acts_visited":["Exordium","TheCity","TheBeyond"],"potions_floor_usage":[],"damage_taken":[{"damage":17.0,"enemies":"Cultist","floor":2.0,"turns":3.0},{"damage":12.0,"enemies":"Jaw Worm","floor":3.0,"turns":4.0},{"damage":8.0,"enemies":"downfall:FleeingMerchant","floor":5.0,"turns":4.0},{"damage":24.0,"enemies":"Small Slimes","floor":6.0,"turns":4.0},{"damage":7.0,"enemies":"Blue Slaver","floor":8.0,"turns":3.0},{"damage":8.0,"enemies":"Large Slime","floor":9.0,"turns":6.0},{"damage":33.0,"enemies":"Exordium Wildlife","floor":10.0,"turns":4.0},{"damage":27.0,"enemies":"Gremlin Nob","floor":11.0,"turns":4.0},{"damage":15.0,"enemies":"Lagavulin","floor":14.0,"turns":5.0},{"damage":30.0,"enemies":"Exordium Thugs","floor":15.0,"turns":4.0},{"damage":38.0,"enemies":"downfall:Watcher","floor":16.0,"turns":7.0},{"damage":22.0,"enemies":"Shell Parasite","floor":19.0,"turns":5.0},{"damage":38.0,"enemies":"Masked Bandits","floor":20.0,"turns":3.0},{"damage":16.0,"enemies":"downfall:FleeingMerchant","floor":22.0,"turns":4.0},{"damage":53.0,"enemies":"Slavers","floor":25.0,"turns":4.0},{"damage":10.0,"enemies":"Chosen","floor":27.0,"turns":5.0},{"damage":31.0,"enemies":"Shelled Parasite and Fungi","floor":29.0,"turns":5.0},{"damage":29.0,"enemies":"Book of Stabbing","floor":31.0,"turns":4.0},{"damage":16.0,"enemies":"Centurion and Healer","floor":32.0,"turns":4.0},{"damage":67.0,"enemies":"downfall:Silent","floor":33.0,"turns":7.0},{"damage":64,"enemies":"3 Darklings","floor":36,"turns":2}],"seed_played":"-3795476396062686473","potions_obtained":[{"floor":3.0,"key":"EssenceOfSteel"},{"floor":8.0,"key":"Regen Potion"},{"floor":10.0,"key":"Slimebound:SlimyTonguePotion"},{"floor":14.0,"key":"champ:CounterPotion"},{"floor":15.0,"key":"ColorlessPotion"},{"floor":19.0,"key":"SkillPotion"},{"floor":23.0,"key":"CultistPotion"},{"floor":25.0,"key":"Weak Potion"},{"floor":27.0,"key":"SteroidPotion"},{"floor":29.0,"key":"Guardian:BlockOnCardUsePotion"},{"floor":32.0,"key":"Regen Potion"}],"is_trial":false,"path_per_floor":["R","M","M","?","$","M","T","M","M","M","?","?","R","E","M","B",null,"R","M","?","?","$","?","T","E","?","M","R","M","?","E","M","B",null,"R","M"],"character_chosen":"SLIMEBOUND","items_purchased":["Juzu Bracelet","Bag of Preparation"],"campfire_rested":0,"item_purchase_floors":[5,22],"current_hp_per_floor":[54,49,51,51,60,51,51,58,60,52,41,41,41,51,54,46,57,57,54,34,54,57,57,57,30,30,55,55,51,35,39,45,36,54,54,0,0,0],"gold":385,"neow_bonus":"HUNDRED_GOLD","is_daily":false,"chose_seed":false,"campfire_upgraded":5,"win_rate":0.0,"timestamp":1609612454,"path_taken":["R","M","M","?","?","M","T","M","M","M","?","?","R","E","M","BOSS","R","M","?","?","$","?","T","E","?","M","R","M","?","E","M","BOSS","R","M"],"items_purchased_type":["Relic","Relic"],"build_version":"2020-12-22","purchased_purges":1,"victory":false,"max_hp_per_floor":[60,60,60,60,60,60,60,60,60,60,60,60,60,60,60,60,60,60,60,60,60,60,60,60,60,60,60,60,60,60,60,60,60,60,60,60,60,60],"card_choices":[{"not_picked":["Slimebound:GoopSpray","Slimebound:Chomp"],"picked":"Slimebound:SplitLeeching","floor":2.0},{"not_picked":["Slimebound:FormOfPuddle","Slimebound:SplitLeeching"],"picked":"Slimebound:FirmFortitude","floor":3.0},{"not_picked":["Slimebound:GrowthPunch","Slimebound:FinishingTackle"],"picked":"Slimebound:SplitSpecialist","floor":5.0},{"not_picked":["Slimebound:FinishingTackle","Slimebound:RollThrough"],"picked":"Slimebound:SlimeSpikes","floor":6.0},{"not_picked":["Slimebound:LeechEnergy","Slimebound:ProtectTheBoss"],"picked":"Slimebound:DuplicatedForm","floor":8.0},{"not_picked":["Slimebound:GoopSpray","Slimebound:PressTheAttack","Slimebound:Grow"],"picked":"SKIP","floor":9.0},{"not_picked":["Slimebound:Gluttony","Slimebound:LeechingTouch","Slimebound:ComboTackle"],"picked":"SKIP","floor":10.0},{"not_picked":["Slimebound:SplitLeeching","Slimebound:GoopSpray"],"picked":"Slimebound:SlimeBarrage","floor":11.0},{"not_picked":["Slimebound:Schlurp","Slimebound:ViciousTackle","Slimebound:SplitLeeching"],"picked":"SKIP","floor":14.0},{"not_picked":["Slimebound:ProtectTheBoss","Slimebound:LeechEnergy"],"picked":"Slimebound:SplitLeeching","floor":15.0},{"not_picked":["Slimebound:SlimeSpikes","Slimebound:Gluttony","Slimebound:RollThrough"],"picked":"SKIP","floor":15.0},{"not_picked":["Slimebound:LeechLife","Slimebound:SlimeSlap"],"picked":"Slimebound:TagTeam","floor":16.0},{"not_picked":["Slimebound:HauntingLick","Slimebound:LeechEnergy"],"picked":"Slimebound:SplitLeeching","floor":19.0},{"not_picked":["Slimebound:RollThrough","Slimebound:FinishingTackle","Slimebound:BestDefense"],"picked":"SKIP","floor":19.0},{"not_picked":["Slimebound:ViciousTackle+1","Slimebound:WasteNot","Slimebound:Equalize"],"picked":"SKIP","floor":22.0},{"not_picked":["Slimebound:GrowthPunch","Slimebound:SlimeSpikes"],"picked":"Slimebound:FirmFortitude","floor":25.0},{"not_picked":["Slimebound:SplitLeeching","Slimebound:LivingWall"],"picked":"Slimebound:Overexert","floor":27.0},{"not_picked":["Slimebound:SplitAcid","Slimebound:HungryTackle","Slimebound:DisruptingSlam"],"picked":"SKIP","floor":27.0},{"not_picked":["Slimebound:TongueLash","Slimebound:Gluttony","Slimebound:RainOfGoop"],"picked":"SKIP","floor":29.0},{"not_picked":["Slimebound:RejuvenatingLick","Slimebound:SlimeBarrage","Slimebound:SamplingLick"],"picked":"SKIP","floor":29.0},{"not_picked":["Slimebound:SlimeSpikes","Slimebound:ViciousTackle"],"picked":"Slimebound:Repurpose","floor":31.0},{"not_picked":["Slimebound:RollThrough","Slimebound:LivingWall+1"],"picked":"Slimebound:SplitMire+1","floor":32.0},{"not_picked":["Slimebound:LivingWall","Slimebound:GrowthPunch","Slimebound:Nibble+1"],"picked":"SKIP","floor":32.0},{"not_picked":["Slimebound:OozeBath","Slimebound:DuplicatedForm"],"picked":"Slimebound:MinionMaster","floor":33.0}],"player_experience":1256528,"relics_obtained":[{"floor":7.0,"key":"Bronze Scales"},{"floor":14.0,"key":"Prayer Wheel"},{"floor":20.0,"key":"Red Mask"},{"floor":24.0,"key":"Bag of Marbles"},{"floor":25.0,"key":"Whetstone"},{"floor":30.0,"key":"Nilry\u0027s Codex"},{"floor":31.0,"key":"Potion Belt"}],"event_choices":[{"damage_healed":0.0,"max_hp_gain":0.0,"max_hp_loss":0.0,"gold_gain":0.0,"event_name":"Upgrade Shrine","player_choice":"Upgraded","floor":4.0,"gold_loss":0.0,"damage_taken":0.0,"cards_upgraded":["Slimebound:FirmFortitude"]},{"damage_healed":0.0,"max_hp_gain":0.0,"max_hp_loss":0.0,"gold_gain":0.0,"event_name":"Masked Bandits","player_choice":"Fought Bandits","floor":20.0,"gold_loss":0.0,"damage_taken":0.0},{"damage_healed":20.0,"max_hp_gain":0.0,"max_hp_loss":0.0,"gold_gain":0.0,"event_name":"The Library","player_choice":"Heal","floor":21.0,"gold_loss":0.0,"damage_taken":0.0},{"damage_healed":0.0,"max_hp_gain":0.0,"max_hp_loss":0.0,"gold_gain":0.0,"event_name":"Vampires","player_choice":"Ignored","floor":26.0,"gold_loss":0.0,"damage_taken":0.0}],"is_beta":false,"boss_relics":[{"not_picked":["Runic Pyramid","Busted Crown"],"picked":"SlaversCollar"},{"not_picked":["Tiny House","Astrolabe"],"picked":"Black Star"}],"items_purged_floors":[22],"is_endless":false,"potions_floor_spawned":[3,8,10,14,15,19,25,27,29,32],"killed_by":"3 Darklings","ascension_level":13}}