{"host":"0azimyi6n3ugndj4","time":1609611731,"event":{"mods":["2.2 Compatiblity","BaseMod","Bestiary","Conspire","Curses Come First","Defuse TimeMaze Blight","Hermit","Hyrulean Relics","Infinite Spire","Minty Spire (QoL Compilation)","Relic Stats","Replay The Spire","StSLib","SuperFastMode","The Cursed","Uncapped","¡¼?Úª?ø«¡½REMEMod"],"gold_per_floor":[138,413,467,467,467,542,542,542,542],"floor_reached":8,"playtime":110,"items_purged":[],"score":208,"play_id":"c154ab5d-e9c7-4d49-94f2-a82a5ad4bb8f","local_time":"20210103032211","daily_mods":["SealedDeck","Hoarder","Insanity","Chimera","Specialized","Vintage","ControlledChaos","Allstar","Diverse","Colorless Cards","Heirloom","Time Dilation","Flight","Elite Swarm","Lethality","Midas","Binary"],"is_ascension_mode":true,"campfire_choices":[],"circlet_count":0,"master_deck":["Demon Form","Wraith Form v2","Echo Form","DevaForm","AscendersBane","Bash","Survivor","Zap","Strike_R","Strike_G","Strike_B","Defend_R","Defend_G","Defend_P","TheCursedMod:FleshFromBone","Acrobatics","Replay:Undeath\u0027s Touch","CutThroughFate","Conserve Battery","hermit:WideOpen","Dodge and Roll","Flex","Defy Death","Evaluate","TheCursedMod:AbyssShockwave","Iron Wave","Run Through","Eviscerate","hermit:LoneWolf","CrushJoints","Halt","Nirvana","Well Laid Plans","Draining Mist","TheCursedMod:FleshFromBone","ReplayTheSpireMod:Dual Polarity","Heatsinks","TheCursedMod:CursedBoomerang","Anger","Endless Agony","Ball Lightning","Well Laid Plans","Sword Boomerang","Protect","Replay:DivineShield","Rebound","TheCursedMod:SmokeScreen","TheCursedMod:CursedStaff","Blizzard","Blade Dance","Flex","Heatsinks","Halt","Ball Lightning","EmptyBody","REME_FirmDetermination","hermit:DeadMansHand","BasicCrystalCard","TheCursedMod:CursedMace","Slice","Hologram","BasicCrystalCard","EmptyMind","hermit:Dive","Chaos","Chaos","Chaos","Chaos","Chaos","Chaos","Chaos","Chaos","Chaos","Chaos","Chaos","Chaos","Chaos","Chaos","Chaos","Replay:BluntJabs","Replay:BluntJabs","Replay:BluntJabs","hermit:Desperado","hermit:Desperado","hermit:Desperado","TalkToTheHand","TalkToTheHand","TalkToTheHand","REME_Compress","REME_Compress","REME_Compress","InnerPeace","InnerPeace","InnerPeace","Clothesline","Clothesline","Clothesline","Infinite Blades","Infinite Blades","Infinite Blades","Barrage","Barrage","Barrage","Wild Strike","Wild Strike","Wild Strike","Choke","Choke","Choke","Atom Bomb","Atom Bomb","Atom Bomb","Regret","Regret","Iron Wave+1","Iron Wave+1","Iron Wave+1"],"relics":["Cracked Core","Frozen Eye","Busted Crown","REME_ComplimentaryCards","Replay:PocketPolymizer","Art of War","infinitespire:Golems Mask","zeldaRelics:CouragePiece"],"acts_visited":["Exordium"],"potions_floor_usage":[8],"damage_taken":[{"damage":9,"enemies":"2 Louse","floor":1,"turns":2},{"damage":0,"enemies":"Cultist","floor":3,"turns":1},{"damage":44,"enemies":"Lagavulin","floor":6,"turns":4},{"damage":19,"enemies":"3 Sentries","floor":8,"turns":2}],"seed_played":"-5034729882691258342","potions_obtained":[{"floor":3,"key":"Dexterity Potion"}],"is_trial":true,"path_per_floor":["M","?","M","?","?","E","?","E"],"character_chosen":"DEFECT","items_purchased":[],"campfire_rested":0,"item_purchase_floors":[],"current_hp_per_floor":[55,55,55,55,55,11,11,0,0],"gold":542,"neow_bonus":"","is_daily":false,"chose_seed":false,"campfire_upgraded":0,"win_rate":0.0,"timestamp":1609611731,"path_taken":["M","?","?","?","?","E","?","E"],"items_purchased_type":[],"build_version":"2020-12-22","purchased_purges":0,"victory":false,"max_hp_per_floor":[71,71,71,71,71,71,71,71,71],"relic_stats":{"Busted Crown":2,"counters":[4,9],"Art of War":[0],"obtain_stats":[{"Frozen Eye":0,"Busted Crown":0,"Replay:PocketPolymizer":0,"infinitespire:Golems Mask":3,"Art of War":1,"zeldaRelics:CouragePiece":6,"Cracked Core":0,"REME_ComplimentaryCards":0},{"Frozen Eye":0,"Busted Crown":0,"Replay:PocketPolymizer":0,"infinitespire:Golems Mask":2,"Art of War":1,"zeldaRelics:CouragePiece":3,"Cracked Core":0,"REME_ComplimentaryCards":0},{"Frozen Eye":0,"Busted Crown":0,"Replay:PocketPolymizer":0,"infinitespire:Golems Mask":3,"Art of War":2,"zeldaRelics:CouragePiece":7,"Cracked Core":0,"REME_ComplimentaryCards":0}]},"card_choices":[],"player_experience":1502039,"relics_obtained":[{"floor":1,"key":"Art of War"},{"floor":3,"key":"infinitespire:Golems Mask"},{"floor":6,"key":"zeldaRelics:CouragePiece"}],"event_choices":[{"damage_healed":0,"gold_gain":275,"player_choice":"Desecrate","damage_taken":0,"max_hp_gain":0,"max_hp_loss":0,"event_name":"Golden Shrine","floor":2,"gold_loss":0,"cards_obtained":["Regret"]},{"cards_removed":["Regret"],"damage_healed":0,"gold_gain":0,"player_choice":"Forget","damage_taken":0,"max_hp_gain":0,"max_hp_loss":0,"event_name":"Living Wall","floor":5,"gold_loss":0},{"damage_healed":0,"gold_gain":0,"player_choice":"Ignored","damage_taken":0,"max_hp_gain":0,"max_hp_loss":0,"event_name":"Shining Light","floor":7,"gold_loss":0}],"is_beta":false,"boss_relics":[],"items_purged_floors":[],"is_endless":false,"potions_floor_spawned":[3],"killed_by":"3 Sentries","ascension_level":20}}