{"host":"FirstDane","time":1609551867,"event":{"mods":["BaseMod","Bestiary","Highlight Path","Minty Spire (QoL Compilation)","Relic Stats","Slay the Relics Exporter"],"gold_per_floor":[113,113,129,99,109,109,136,152,152,170,170,185,204,229,229,300,300,316,316,202,212,225,252,252,263,343,343,374,474,492,525,537,627,639,668,733,765,792,820,832,873,885,897,940,952,995,1019,767,767,767,767,767,767,35,69,69],"floor_reached":57,"playtime":7289,"items_purged":["Strike_G","Flying Knee","Skewer"],"score":3403,"play_id":"ebec7a0e-10b9-4060-ab2b-7af209a9d0ba","local_time":"20210101194427","is_ascension_mode":true,"campfire_choices":[{"data":"Catalyst","floor":6,"key":"SMITH"},{"floor":11,"key":"REST"},{"data":"Bouncing Flask","floor":15,"key":"SMITH"},{"data":"Wraith Form v2","floor":24,"key":"SMITH"},{"data":"Noxious Fumes","floor":27,"key":"SMITH"},{"data":"Well Laid Plans","floor":32,"key":"SMITH"},{"data":"Burst","floor":40,"key":"SMITH"},{"floor":42,"key":"RECALL"},{"data":"Catalyst","floor":45,"key":"SMITH"},{"data":"Footwork","floor":49,"key":"SMITH"},{"floor":53,"key":"REST"}],"circlet_count":0,"master_deck":["AscendersBane","Defend_G","Defend_G","Defend_G","Defend_G","Survivor","Neutralize","Bouncing Flask+1","Wraith Form v2+1","Catalyst+1","Footwork+1","Burst+1","Calculated Gamble","Sucker Punch","Noxious Fumes+1","Leg Sweep","Backstab","Well Laid Plans+1","Catalyst+1","Noxious Fumes","PiercingWail","Crippling Poison+1","Deadly Poison+1","Bullet Time","Backflip","Acrobatics+1","After Image","PiercingWail","Corpse Explosion"],"relics":["Ring of the Snake","Bag of Preparation","PreservedInsect","Mummified Hand","Philosopher\u0027s Stone","Anchor","Meat on the Bone","InkBottle","Girya","Bottled Flame","MawBank","Empty Cage","WingedGreaves","Tough Bandages","Snake Skull","Sundial","Toy Ornithopter","Orrery","Strawberry","Art of War"],"acts_visited":["Exordium","TheCity","TheBeyond","TheEnding"],"potions_floor_usage":[7,7,14,21,23,36,44,51,55,56],"damage_taken":[{"damage":9,"enemies":"Small Slimes","floor":1,"turns":6},{"damage":0,"enemies":"Cultist","floor":3,"turns":3},{"damage":8,"enemies":"2 Louse","floor":5,"turns":5},{"damage":37,"enemies":"3 Sentries","floor":7,"turns":11},{"damage":4,"enemies":"Blue Slaver","floor":8,"turns":5},{"damage":0,"enemies":"2 Fungi Beasts","floor":10,"turns":3},{"damage":6,"enemies":"Exordium Wildlife","floor":12,"turns":3},{"damage":1,"enemies":"Blue Slaver","floor":13,"turns":2},{"damage":7,"enemies":"Gremlin Nob","floor":14,"turns":3},{"damage":0,"enemies":"Hexaghost","floor":16,"turns":7},{"damage":0,"enemies":"Chosen","floor":18,"turns":2},{"damage":6,"enemies":"3 Byrds","floor":21,"turns":5},{"damage":0,"enemies":"Snecko","floor":22,"turns":3},{"damage":7,"enemies":"Book of Stabbing","floor":23,"turns":5},{"damage":2,"enemies":"Shelled Parasite and Fungi","floor":25,"turns":6},{"damage":0,"enemies":"Gremlin Leader","floor":28,"turns":4},{"damage":0,"enemies":"Colosseum Slavers","floor":29,"turns":4},{"damage":0,"enemies":"Colosseum Nobs","floor":29,"turns":4},{"damage":0,"enemies":"Cultist and Chosen","floor":30,"turns":3},{"damage":0,"enemies":"Book of Stabbing","floor":31,"turns":3},{"damage":5,"enemies":"Automaton","floor":33,"turns":5},{"damage":0,"enemies":"Orb Walker","floor":35,"turns":2},{"damage":0,"enemies":"2 Orb Walkers","floor":36,"turns":4},{"damage":0,"enemies":"3 Shapes","floor":37,"turns":4},{"damage":29,"enemies":"Sphere and 2 Shapes","floor":38,"turns":5},{"damage":0,"enemies":"4 Shapes","floor":39,"turns":5},{"damage":24,"enemies":"Nemesis","floor":41,"turns":3},{"damage":3,"enemies":"Reptomancer","floor":44,"turns":4},{"damage":0,"enemies":"Giant Head","floor":46,"turns":4},{"damage":0,"enemies":"Writhing Mass","floor":47,"turns":3},{"damage":0,"enemies":"Time Eater","floor":50,"turns":4},{"damage":36,"enemies":"Awakened One","floor":51,"turns":13},{"damage":0,"enemies":"Shield and Spear","floor":55,"turns":5},{"damage":0,"enemies":"The Heart","floor":56,"turns":7}],"seed_played":"-3352288307982080247","potions_obtained":[{"floor":4,"key":"Poison Potion"},{"floor":4,"key":"GhostInAJar"},{"floor":8,"key":"DistilledChaos"},{"floor":14,"key":"Explosive Potion"},{"floor":16,"key":"Weak Potion"},{"floor":21,"key":"ColorlessPotion"},{"floor":23,"key":"SkillPotion"},{"floor":36,"key":"GhostInAJar"},{"floor":44,"key":"SkillPotion"}],"is_trial":false,"path_per_floor":["M","?","M","?","M","R","E","M","T","M","R","M","M","E","R","B",null,"M","?","$","M","M","E","R","M","T","R","E","?","M","E","R","B",null,"M","?","M","M","M","R","E","R","T","E","R","E","M","$","R","B","B",null,"R","$","E","B",null],"character_chosen":"THE_SILENT","items_purchased":["Leg Sweep","Toy Ornithopter","Orrery","Corpse Explosion","Strawberry","Explosive Potion","FearPotion"],"campfire_rested":2,"item_purchase_floors":[20,48,54,54,54,54,54],"current_hp_per_floor":[50,55,55,55,47,47,10,6,6,6,25,19,18,11,11,11,52,52,52,52,46,46,39,39,37,37,37,37,37,37,37,37,44,60,60,60,60,43,43,43,31,31,31,40,40,40,40,40,40,40,21,54,65,72,72,72],"gold":69,"neow_bonus":"TRANSFORM_TWO_CARDS","is_daily":false,"chose_seed":false,"campfire_upgraded":8,"win_rate":0.0,"timestamp":1609551867,"path_taken":["M","?","M","?","M","R","E","M","T","M","R","M","M","E","R","BOSS","M","?","$","M","M","E","R","M","T","R","E","?","M","E","R","BOSS","M","?","M","M","M","R","E","R","T","E","R","E","M","$","R","BOSS","BOSS","R","$","E","BOSS"],"items_purchased_type":["Card","Relic","Relic","Card","Relic","Potion","Potion"],"build_version":"2020-12-18","purchased_purges":3,"victory":true,"max_hp_per_floor":[60,65,65,65,65,65,65,65,65,65,65,65,65,65,65,65,65,65,65,65,65,65,65,65,65,65,65,65,65,65,65,65,65,65,65,65,65,65,65,65,65,65,65,65,65,65,65,65,65,65,65,65,65,72,72,72],"relic_stats":{"counters":[34,155],"PreservedInsect":512,"Snake Skull":[96],"Bag of Preparation":[65],"MawBank":204,"Tough Bandages":[114],"Mummified Hand":[102],"Sundial":[6],"Art of War":[4],"obtain_stats":[{"Girya":29,"PreservedInsect":9,"Snake Skull":44,"Bag of Preparation":7,"MawBank":31,"Empty Cage":34,"Anchor":23,"Bottled Flame":29,"Tough Bandages":41,"Mummified Hand":14,"Sundial":46,"Strawberry":54,"Orrery":54,"Philosopher\u0027s Stone":17,"WingedGreaves":36,"Art of War":55,"InkBottle":28,"Toy Ornithopter":48,"Ring of the Snake":0,"Meat on the Bone":26},{"Girya":18,"PreservedInsect":5,"Snake Skull":28,"Bag of Preparation":4,"MawBank":20,"Empty Cage":21,"Anchor":14,"Bottled Flame":18,"Tough Bandages":27,"Mummified Hand":9,"Sundial":29,"Strawberry":32,"Orrery":32,"Philosopher\u0027s Stone":10,"WingedGreaves":23,"Art of War":33,"InkBottle":16,"Toy Ornithopter":30,"Ring of the Snake":0,"Meat on the Bone":15},{"Girya":81,"PreservedInsect":30,"Snake Skull":119,"Bag of Preparation":25,"MawBank":87,"Empty Cage":92,"Anchor":63,"Bottled Flame":81,"Tough Bandages":115,"Mummified Hand":41,"Sundial":123,"Strawberry":143,"Orrery":143,"Philosopher\u0027s Stone":48,"WingedGreaves":98,"Art of War":148,"InkBottle":73,"Toy Ornithopter":126,"Ring of the Snake":0,"Meat on the Bone":69}],"InkBottle":[38],"Toy Ornithopter":5,"Ring of the Snake":[70],"Meat on the Bone":60},"card_choices":[{"not_picked":["Quick Slash","Dodge and Roll"],"picked":"Catalyst","floor":1},{"not_picked":["Backflip","Catalyst"],"picked":"Skewer","floor":3},{"not_picked":["Outmaneuver","Deflect","Cloak And Dagger"],"picked":"SKIP","floor":5},{"not_picked":["Night Terror","Unload"],"picked":"Endless Agony","floor":7},{"not_picked":["Blade Dance","Acrobatics"],"picked":"Flying Knee","floor":8},{"not_picked":["Dodge and Roll","Deflect","Distraction"],"picked":"SKIP","floor":10},{"not_picked":["Blur","Underhanded Strike","Caltrops"],"picked":"SKIP","floor":12},{"not_picked":["Predator","Cloak And Dagger","Expertise"],"picked":"SKIP","floor":13},{"not_picked":["Flying Knee","Masterful Stab"],"picked":"Footwork","floor":14},{"not_picked":["Phantasmal Killer","Night Terror"],"picked":"Burst","floor":16},{"not_picked":["Accuracy","Dodge and Roll"],"picked":"Calculated Gamble","floor":18},{"not_picked":["Quick Slash","Flechettes","Setup"],"picked":"SKIP","floor":21},{"not_picked":["Cloak And Dagger","Slice"],"picked":"Backstab","floor":22},{"not_picked":["Outmaneuver","Quick Slash"],"picked":"Well Laid Plans","floor":23},{"not_picked":["Slice+1","Reflex"],"picked":"Catalyst","floor":25},{"not_picked":["Unload","Quick Slash","Backstab"],"picked":"SKIP","floor":28},{"not_picked":["Outmaneuver","Finisher"],"picked":"Noxious Fumes","floor":29},{"not_picked":["Infinite Blades","Flechettes","Heel Hook"],"picked":"SKIP","floor":30},{"not_picked":["Infinite Blades","Flechettes","Heel Hook"],"picked":"SKIP","floor":30},{"not_picked":["Bane","Calculated Gamble+1"],"picked":"PiercingWail","floor":31},{"not_picked":["Acrobatics+1","Dodge and Roll"],"picked":"Crippling Poison+1","floor":35},{"not_picked":["Blade Dance","Terror+1","Underhanded Strike+1"],"picked":"SKIP","floor":37},{"not_picked":["Sucker Punch","Deadly Poison","Bane"],"picked":"SKIP","floor":38},{"not_picked":["Deflect","Bane+1","Bouncing Flask"],"picked":"SKIP","floor":39},{"not_picked":["Deflect","Bane+1","Bouncing Flask"],"picked":"SKIP","floor":39},{"not_picked":["Bane","Flying Knee"],"picked":"Deadly Poison+1","floor":41},{"not_picked":["Slice","Quick Slash"],"picked":"Bullet Time","floor":44},{"not_picked":["Outmaneuver","Slice"],"picked":"Backflip","floor":46},{"not_picked":["Outmaneuver+1","Skewer"],"picked":"Acrobatics+1","floor":47},{"not_picked":["Acrobatics","Cloak And Dagger"],"picked":"After Image","floor":54},{"not_picked":["Prepared","Outmaneuver+1"],"picked":"PiercingWail","floor":54},{"not_picked":["Deadly Poison","Outmaneuver","Dodge and Roll"],"picked":"SKIP","floor":55}],"player_experience":3826515,"relics_obtained":[{"floor":7,"key":"Bag of Preparation"},{"floor":9,"key":"PreservedInsect"},{"floor":14,"key":"Mummified Hand"},{"floor":23,"key":"Anchor"},{"floor":26,"key":"Meat on the Bone"},{"floor":28,"key":"InkBottle"},{"floor":29,"key":"Girya"},{"floor":29,"key":"Bottled Flame"},{"floor":31,"key":"MawBank"},{"floor":36,"key":"WingedGreaves"},{"floor":41,"key":"Tough Bandages"},{"floor":44,"key":"Snake Skull"},{"floor":46,"key":"Sundial"},{"floor":55,"key":"Art of War"}],"event_choices":[{"damage_healed":0,"gold_gain":0,"player_choice":"Donut","damage_taken":0,"max_hp_gain":5,"max_hp_loss":0,"event_name":"Big Fish","floor":2,"gold_loss":0},{"damage_healed":0,"gold_gain":0,"player_choice":"Bought 2 Potions","damage_taken":0,"max_hp_gain":0,"max_hp_loss":0,"event_name":"The Woman in Blue","floor":4,"gold_loss":0},{"damage_healed":0,"gold_gain":0,"cards_transformed":["Strike_G","Strike_G"],"player_choice":"Became Test Subject","damage_taken":0,"max_hp_gain":0,"max_hp_loss":0,"event_name":"Drug Dealer","floor":19,"gold_loss":0,"cards_obtained":["Sucker Punch","Noxious Fumes"]},{"damage_healed":0,"gold_gain":0,"player_choice":"Fight","damage_taken":0,"max_hp_gain":0,"max_hp_loss":0,"event_name":"Colosseum","floor":29,"gold_loss":0},{"damage_healed":0,"gold_gain":0,"player_choice":"Fought Nobs","damage_taken":0,"max_hp_gain":0,"max_hp_loss":0,"event_name":"Colosseum","floor":29,"gold_loss":0},{"damage_healed":0,"gold_gain":0,"player_choice":"Fight","damage_taken":0,"max_hp_gain":0,"max_hp_loss":0,"event_name":"Mysterious Sphere","floor":36,"gold_loss":0}],"is_beta":true,"boss_relics":[{"not_picked":["Calling Bell","SacredBark"],"picked":"Philosopher\u0027s Stone"},{"not_picked":["SlaversCollar","Busted Crown"],"picked":"Empty Cage"}],"items_purged_floors":[20,48,54],"is_endless":false,"potions_floor_spawned":[5,8,14,16,21,23,25,29,33,36,37,44,46],"ascension_level":20}}