{"host":"37dk0reb6x0du8wx","time":1609584134,"event":{"mods":["BaseMod","Colored Map","DeckTracker","Minty Spire (QoL Compilation)","Quick Restart","StSLib","The Dragon Tamer"],"gold_per_floor":[114,39,58,58,58,58,90,90,114,43,43,43,70,87,87,191,191,202,202,127,127,140,140,140],"floor_reached":23,"playtime":411,"items_purged":["Strike_B"],"score":231,"play_id":"3bf177e3-0422-46bd-a192-7d72733320c5","local_time":"20210102194214","is_ascension_mode":true,"campfire_choices":[{"data":"Zap","floor":6,"key":"SMITH"},{"data":"Consume","floor":8,"key":"SMITH"},{"data":"Capacitor","floor":15,"key":"SMITH"}],"circlet_count":0,"master_deck":["Defend_B","Defend_B","Defend_B","Zap+1","Dualcast","Consume+1","Capacitor+1","BootSequence","Core Surge"],"relics":["Cracked Core","NeowsBlessing","InkBottle","Potion Belt","Lantern","Velvet Choker","Boot"],"acts_visited":["Exordium","TheCity"],"potions_floor_usage":[23],"damage_taken":[{"damage":0,"enemies":"Cultist","floor":1,"turns":1},{"damage":0,"enemies":"2 Louse","floor":3,"turns":1},{"damage":0,"enemies":"3 Sentries","floor":7,"turns":1},{"damage":7,"enemies":"Jaw Worm","floor":14,"turns":2},{"damage":36,"enemies":"The Guardian","floor":16,"turns":10},{"damage":32,"enemies":"2 Thieves","floor":18,"turns":4},{"damage":15,"enemies":"Chosen","floor":22,"turns":5},{"damage":38,"enemies":"Slavers","floor":23,"turns":3}],"seed_played":"-7741971149264330422","potions_obtained":[{"floor":3,"key":"Ancient Potion"},{"floor":7,"key":"PotionOfCapacity"},{"floor":18,"key":"Ancient Potion"}],"is_trial":false,"path_per_floor":["M","$","M","?","?","R","E","R","T","$","?","$","T","M","R","B",null,"M","?","?","?","M","E"],"character_chosen":"DEFECT","items_purchased":["Capacitor"],"campfire_rested":0,"item_purchase_floors":[10],"current_hp_per_floor":[75,75,75,80,73,73,73,73,73,73,73,73,73,66,66,30,80,48,48,48,48,33,0,0],"gold":140,"neow_bonus":"THREE_ENEMY_KILL","is_daily":false,"chose_seed":false,"campfire_upgraded":3,"win_rate":0.0,"timestamp":1609584134,"path_taken":["M","$","M","?","?","R","E","R","T","$","?","$","?","M","R","BOSS","M","?","?","?","M","E"],"items_purchased_type":["Card"],"build_version":"2020-12-22","purchased_purges":1,"victory":false,"max_hp_per_floor":[75,75,75,80,80,80,80,80,80,80,80,80,80,80,80,80,80,80,80,80,80,80,80,80],"card_choices":[{"not_picked":["Beam Cell","Hello World","Undo"],"picked":"SKIP","floor":1},{"not_picked":["Doom and Gloom","Sweeping Beam"],"picked":"Consume","floor":3},{"not_picked":["Heatsinks","Steam Power","Turbo"],"picked":"SKIP","floor":7},{"not_picked":["FTL","Barrage"],"picked":"BootSequence","floor":14},{"not_picked":["Creative AI","Machine Learning"],"picked":"Core Surge","floor":16},{"not_picked":["Compile Driver","Barrage","Sweeping Beam"],"picked":"SKIP","floor":18},{"not_picked":["Stack+1","Glacier","Steam"],"picked":"SKIP","floor":22}],"player_experience":117148,"relics_obtained":[{"floor":7,"key":"InkBottle"},{"floor":9,"key":"Potion Belt"},{"floor":13,"key":"Lantern"}],"event_choices":[{"damage_healed":0,"gold_gain":0,"player_choice":"Donut","damage_taken":0,"max_hp_gain":5,"max_hp_loss":0,"event_name":"Big Fish","floor":4,"gold_loss":0},{"cards_removed":["Strike_B"],"damage_healed":0,"gold_gain":0,"player_choice":"Card Removal","damage_taken":7,"max_hp_gain":0,"max_hp_loss":0,"event_name":"Golden Wing","floor":5,"gold_loss":0},{"cards_removed":["Strike_B"],"damage_healed":0,"gold_gain":0,"player_choice":"Forget","damage_taken":0,"max_hp_gain":0,"max_hp_loss":0,"event_name":"Living Wall","floor":11,"gold_loss":0},{"damage_healed":0,"gold_gain":0,"player_choice":"Opened","damage_taken":0,"relics_obtained":["Boot"],"max_hp_gain":0,"max_hp_loss":0,"event_name":"The Mausoleum","floor":19,"gold_loss":0},{"cards_removed":["Strike_B"],"damage_healed":0,"gold_gain":0,"player_choice":"Gave Gold","damage_taken":0,"max_hp_gain":0,"max_hp_loss":0,"event_name":"Beggar","floor":20,"gold_loss":75},{"cards_removed":["Defend_B"],"damage_healed":0,"gold_gain":0,"player_choice":"Elegance","damage_taken":0,"max_hp_gain":0,"max_hp_loss":0,"event_name":"Back to Basics","floor":21,"gold_loss":0}],"is_beta":false,"boss_relics":[{"not_picked":["SlaversCollar","FrozenCore"],"picked":"Velvet Choker"}],"items_purged_floors":[2],"is_endless":false,"potions_floor_spawned":[3,7,18],"killed_by":"Slavers","ascension_level":2}}