{"host":"5fasz840ryq7obdf","time":1609625502,"event":{"mods":["AchievementEnabler","BaseMod","Bestiary","Better Altar","Better Skull","Better Third Choice","BetterRewards","Block Reminder","Colored Powertips","Curses Come First","Highlight Path","Minty Spire (QoL Compilation)","Quick Restart","Relic Sorter","Relic Stats","Replay The Spire","Shop Mod","Spicy Shops","StSLib","SuperFastMode","ojb\u0027s Better Paths Mod","ojb\u0027s Info Mod"],"gold_per_floor":[115,132,151,56,68,97,97,125,151,167,201,155,185,219,219,297,297,309,309,12,12,30,64,64,99,123,19,19,49,49,65,65,143,143,154,170,170,195,195,223,234,259,309,3,56,71,96,116,116,116,116,116,116,26,52,52],"floor_reached":57,"playtime":6009,"items_purged":["Strike_B","Strike_B","Pain","Strike_B"],"score":3127,"play_id":"2c7f60cc-5d90-4a97-8b1a-ad3bcb4ebd37","local_time":"20210102221142","is_ascension_mode":true,"campfire_choices":[{"data":"Fission","floor":7.0,"key":"SMITH"},{"data":"Zap","floor":15.0,"key":"SMITH"},{"data":"Hologram","floor":24.0,"key":"SMITH"},{"floor":30.0,"key":"REST"},{"data":"Buffer","floor":32.0,"key":"SMITH"},{"floor":49.0,"key":"RECALL"},{"floor":53,"key":"DIG"}],"circlet_count":0,"master_deck":["AscendersBane","Defend_B","Zap+1","Dualcast","BasicCrystalCard+1","Loop","Cold Snap","Redo","Conserve Battery","Steam","Fission+1","ReplayRNGCard","Cold Snap","Steam","Compile Driver","Conserve Battery","Echo Form","BootSequence+1","Consume+1","Conserve Battery","Rebound","Hologram+1","Glacier","Go for the Eyes","Doom and Gloom","Stack","Leap","Buffer+1","Compile Driver","ReplayTheSpireMod:Calculation Training","Self Repair","FIFO Queue","ReplaySolidLightProjector","Reboot","Crystallizer","Redo+1","Ball Lightning","Defragment+1","The Bomb+1","Madness+1","Mind Blast","Skim+1","Defragment","Undo+1","Multi-Cast+1","Echo Form+1","Chaos+1","Ball Lightning+1","Hologram+1","Stack+1","Skim+1","Blizzard","BasicCrystalCard+1","Amplify+1","Voices","Chill+1"],"relics":["Cracked Core","Membership Card","Replay:Ringing Soul","Emotion Chip","Happy Flower","Art of War","MealTicket","DataDisk","Juzu Bracelet","Boot","Oddly Smooth Stone","Replay:Grab Bag","Sozu","Cursed Key","Astrolabe","Inserter","Orrery","Symbiotic Virus","Prayer Wheel","Ancient Tea Set","Lantern","Omamori","Bloody Idol","Replay:Bottled Eggs","Replay:Ancient Bell","Anchor","Toxic Egg 2","Unceasing Top","Bag of Preparation","Geode","Frozen Egg 2","DollysMirror","Toolbox","Shovel","Orichalcum","ReplayTheSpireMod:Shallot","ReplayTheSpireMod:CursedCoin","Ice Cream","Pen Nib"],"acts_visited":["Exordium","TheCity","TheBeyond","TheEnding"],"potions_floor_usage":[],"damage_taken":[{"damage":0.0,"enemies":"Cultist","floor":1.0,"turns":4.0},{"damage":3.0,"enemies":"2 Louse","floor":2.0,"turns":2.0},{"damage":0.0,"enemies":"Small Slimes","floor":3.0,"turns":3.0},{"damage":4.0,"enemies":"2 Fungi Beasts","floor":5.0,"turns":5.0},{"damage":17.0,"enemies":"Gremlin Nob","floor":6.0,"turns":4.0},{"damage":4.0,"enemies":"Lagavulin","floor":8.0,"turns":7.0},{"damage":0.0,"enemies":"Blue Slaver","floor":10.0,"turns":3.0},{"damage":15.0,"enemies":"3 Sentries","floor":11.0,"turns":5.0},{"damage":8.0,"enemies":"Lagavulin","floor":14.0,"turns":8.0},{"damage":1.0,"enemies":"The Guardian","floor":16.0,"turns":10.0},{"damage":0.0,"enemies":"Spheric Guardian","floor":18.0,"turns":3.0},{"damage":1.0,"enemies":"2 Thieves","floor":22.0,"turns":2.0},{"damage":27.0,"enemies":"Gremlin Leader","floor":23.0,"turns":7.0},{"damage":3.0,"enemies":"Book of Stabbing","floor":25.0,"turns":5.0},{"damage":34.0,"enemies":"Gremlin Leader","floor":29.0,"turns":6.0},{"damage":0.0,"enemies":"Snecko","floor":31.0,"turns":4.0},{"damage":17.0,"enemies":"Collector","floor":33.0,"turns":15.0},{"damage":3.0,"enemies":"Orb Walker","floor":35.0,"turns":4.0},{"damage":0.0,"enemies":"3 Darklings","floor":36.0,"turns":10.0},{"damage":5.0,"enemies":"Giant Head","floor":40.0,"turns":8.0},{"damage":5.0,"enemies":"Jaw Worm Horde","floor":41.0,"turns":3.0},{"damage":3.0,"enemies":"R_Hoarder","floor":42.0,"turns":6.0},{"damage":13.0,"enemies":"2 Orb Walkers","floor":45.0,"turns":3.0},{"damage":0.0,"enemies":"Transient","floor":46.0,"turns":6.0},{"damage":0.0,"enemies":"Giant Head","floor":47.0,"turns":7.0},{"damage":1.0,"enemies":"3 Darklings","floor":48.0,"turns":5.0},{"damage":11,"enemies":"Awakened One","floor":50,"turns":9},{"damage":0,"enemies":"Donu and Deca","floor":51,"turns":9},{"damage":3,"enemies":"Shield and Spear","floor":55,"turns":6},{"damage":57,"enemies":"The Heart","floor":56,"turns":10}],"seed_played":"-7193673827707645469","potions_obtained":[{"floor":2.0,"key":"Energy Potion"},{"floor":5.0,"key":"ColorlessPotion"},{"floor":6.0,"key":"Strength Potion"},{"floor":14.0,"key":"Swift Potion"}],"is_trial":false,"path_per_floor":["M","M","M","$","M","E","R","E","T","M","E","?","?","E","R","B",null,"M","?","$","?","M","E","R","E","T","$","?","E","R","M","R","B",null,"M","M","?","T","?","E","M","E","T","$","?","M","E","M","R","B","B",null,"R","$","E","B",null],"character_chosen":"DEFECT","items_purchased":["Membership Card","BasicCrystalCard+1","Replay:Ringing Soul","Loop","Cold Snap","Happy Flower","Art of War","Fission","Orrery","Symbiotic Virus","Doom and Gloom","Stack","ReplayTheSpireMod:Calculation Training","DollysMirror","Chaos+1","Toolbox","Ball Lightning+1","Amplify+1","ReplayTheSpireMod:CursedCoin","Ice Cream"],"campfire_rested":1,"item_purchase_floors":[0,0,0,0,0,0,0,4,20,20,20,20,27,44,44,44,44,54,54,54],"current_hp_per_floor":[38,38,41,44,43,29,29,28,28,31,19,19,19,11,11,13,84,87,87,105,113,115,91,91,91,94,112,42,16,55,63,63,68,120,132,143,143,143,136,146,149,154,155,158,150,161,164,167,167,163,163,166,166,170,173,130],"gold":52,"neow_bonus":"","is_daily":false,"chose_seed":false,"campfire_upgraded":4,"win_rate":0.0,"timestamp":1609625502,"path_taken":["M","?","M","$","M","E","R","E","T","M","E","?","?","E","R","BOSS","M","?","$","?","M","E","R","E","T","$","?","E","R","M","R","BOSS","M","M","?","?","?","E","M","E","T","$","?","M","E","M","R","BOSS","BOSS","R","$","E","BOSS"],"items_purchased_type":["Relic","Card","Relic","Card","Card","Relic","Relic","Card","Relic","Relic","Card","Card","Card","Relic","Card","Relic","Card","Card","Relic","Relic"],"build_version":"2020-12-22","purchased_purges":4,"victory":true,"max_hp_per_floor":[77,80,83,86,89,92,92,95,95,98,101,101,101,101,101,104,107,110,110,113,113,116,119,119,122,125,128,128,131,131,134,134,137,137,140,143,143,143,146,149,152,155,155,158,158,161,164,167,167,167,167,167,167,170,173,173],"relic_stats":{"Inserter":[55],"Happy Flower":[59],"counters":[39,208],"Astrolabe":["BootSequence","Consume","Rip and Tear"],"Pen Nib":[1],"Juzu Bracelet":1,"Bag of Preparation":[22],"Orichalcum":[36],"Boot":[66],"Cursed Key":3,"Sozu":9,"Emotion Chip":[130,41,49,33,7],"Shovel":1,"Bloody Idol":43,"MealTicket":31,"Prayer Wheel":6,"Art of War":[45],"obtain_stats":[{"Ice Cream":54,"Lantern":25,"Juzu Bracelet":9,"Bag of Preparation":38,"Boot":11,"Cursed Key":17,"Ancient Tea Set":23,"Sozu":17,"Replay:Ringing Soul":0,"Emotion Chip":0,"Shovel":45,"DollysMirror":44,"Gambling Chip":0,"Toolbox":44,"MealTicket":6,"Prayer Wheel":23,"Kunai":0,"Replay:Wax Seal":0,"Replay:Bottled Eggs":29,"Toxic Egg 2":34,"Cracked Core":0,"BargainBundle":0,"Inserter":17,"Happy Flower":0,"ReplayTheSpireMod:CursedCoin":54,"Replay:Grab Bag":17,"Astrolabe":17,"Oddly Smooth Stone":14,"Pen Nib":55,"Omamori":26,"Replay:Ancient Bell":34,"Geode":40,"Frozen Egg 2":42,"Orichalcum":47,"OrangePellets":0,"DataDisk":8,"Anchor":34,"ReplayTheSpireMod:Shallot":53,"Bird Faced Urn":0,"Bloody Idol":28,"Orrery":20,"Art of War":0,"Membership Card":0,"Symbiotic Virus":20,"Unceasing Top":34},{"Ice Cream":37,"Lantern":23,"Juzu Bracelet":15,"Bag of Preparation":28,"Boot":17,"Cursed Key":19,"Ancient Tea Set":22,"Sozu":19,"Replay:Ringing Soul":9,"Emotion Chip":9,"Shovel":32,"DollysMirror":31,"Gambling Chip":5,"Toolbox":31,"MealTicket":14,"Prayer Wheel":22,"Kunai":0,"Replay:Wax Seal":5,"Replay:Bottled Eggs":24,"Toxic Egg 2":26,"Cracked Core":0,"BargainBundle":0,"Inserter":19,"Happy Flower":5,"ReplayTheSpireMod:CursedCoin":37,"Replay:Grab Bag":19,"Astrolabe":19,"Oddly Smooth Stone":18,"Pen Nib":38,"Omamori":23,"Replay:Ancient Bell":26,"Geode":29,"Frozen Egg 2":31,"Orichalcum":34,"OrangePellets":5,"DataDisk":15,"Anchor":26,"ReplayTheSpireMod:Shallot":37,"Bird Faced Urn":5,"Bloody Idol":23,"Orrery":20,"Art of War":9,"Membership Card":9,"Symbiotic Virus":20,"Unceasing Top":26},{"Ice Cream":193,"Lantern":98,"Juzu Bracelet":55,"Bag of Preparation":137,"Boot":63,"Cursed Key":81,"Ancient Tea Set":93,"Sozu":81,"Replay:Ringing Soul":30,"Emotion Chip":30,"Shovel":157,"DollysMirror":154,"Gambling Chip":14,"Toolbox":154,"MealTicket":48,"Prayer Wheel":91,"Kunai":0,"Replay:Wax Seal":14,"Replay:Bottled Eggs":104,"Toxic Egg 2":123,"Cracked Core":0,"BargainBundle":0,"Inserter":81,"Happy Flower":14,"ReplayTheSpireMod:CursedCoin":193,"Replay:Grab Bag":81,"Astrolabe":81,"Oddly Smooth Stone":71,"Pen Nib":199,"Omamori":98,"Replay:Ancient Bell":123,"Geode":145,"Frozen Egg 2":154,"Orichalcum":170,"OrangePellets":14,"DataDisk":55,"Anchor":123,"ReplayTheSpireMod:Shallot":193,"Bird Faced Urn":14,"Bloody Idol":98,"Orrery":84,"Art of War":30,"Membership Card":30,"Symbiotic Virus":84,"Unceasing Top":123}],"Unceasing Top":[30]},"card_choices":[{"not_picked":["ReplaySort","ReplayTheSpireMod:Repulse"],"picked":"Redo","floor":1.0},{"not_picked":["Barrage","Panic Button"],"picked":"Conserve Battery","floor":2.0},{"not_picked":["Compile Driver","Hello World"],"picked":"Steam","floor":3.0},{"not_picked":["Lockon","Go for the Eyes"],"picked":"ReplayRNGCard","floor":5.0},{"not_picked":["Recycle","Blizzard"],"picked":"Cold Snap","floor":6.0},{"not_picked":["Coolheaded","Cold Snap"],"picked":"Steam","floor":8.0},{"not_picked":["Panic Button","Steam"],"picked":"Compile Driver","floor":10.0},{"not_picked":["BasicCrystalCard","Blizzard"],"picked":"Conserve Battery","floor":11.0},{"not_picked":["Conserve Battery","Redo","Rip and Tear"],"picked":"SKIP","floor":14.0},{"not_picked":["Thunder Strike","Meteor Strike"],"picked":"Echo Form","floor":16.0},{"not_picked":["BasicCrystalCard","Blizzard"],"picked":"Conserve Battery","floor":18.0},{"not_picked":["Double Energy","Turbo"],"picked":"ReplayTheSpireMod:Fabricate Wheel","floor":20.0},{"not_picked":["Reprogram","Turbo"],"picked":"Rebound","floor":20.0},{"not_picked":["ReplaySolidLightProjector","Hello World"],"picked":"Hologram","floor":20.0},{"not_picked":["Rebound","Ball Lightning"],"picked":"Glacier","floor":20.0},{"not_picked":["Sunder","Turbo"],"picked":"Go for the Eyes","floor":20.0},{"not_picked":["BasicCrystalCard","Steam"],"picked":"Leap","floor":22.0},{"not_picked":["Melter","Panic Button"],"picked":"Buffer","floor":23.0},{"not_picked":["ReplayTheSpireMod:GoodbyeWorld","Gash"],"picked":"Compile Driver","floor":25.0},{"not_picked":["Melter","Barrage"],"picked":"Self Repair","floor":29.0},{"not_picked":["Static Discharge","Beam Cell+1"],"picked":"FIFO Queue","floor":31.0},{"not_picked":["Leap","Streamline"],"picked":"ReplaySolidLightProjector","floor":31.0},{"not_picked":["Biased Cognition","Thunder Strike"],"picked":"Reboot","floor":33.0},{"not_picked":["Gash","Consume+1"],"picked":"Crystallizer","floor":35.0},{"not_picked":["Cold Snap","Rebound+1"],"picked":"Redo+1","floor":35.0},{"not_picked":["Streamline+1","Go for the Eyes"],"picked":"Ball Lightning","floor":36.0},{"not_picked":["Hello World","Barrage"],"picked":"Defragment+1","floor":36.0},{"not_picked":["Swift Strike","Bandage Up+1"],"picked":"The Bomb+1","floor":39.0},{"not_picked":["PanicButton+1","Bandage Up+1"],"picked":"Madness+1","floor":39.0},{"not_picked":["Midas Touch+1","ReplayTheSpireMod:Necrogeddon"],"picked":"Mind Blast","floor":39.0},{"not_picked":["Tempest+1","Barrage+1"],"picked":"Skim+1","floor":40.0},{"not_picked":["Darkness+1","Ball Lightning"],"picked":"Defragment","floor":41.0},{"not_picked":["Aggregate+1","Chaos+1"],"picked":"Undo+1","floor":41.0},{"not_picked":["Tempest+1","Sweeping Beam+1"],"picked":"Multi-Cast+1","floor":42.0},{"not_picked":["Hello World+1","Streamline"],"picked":"Hologram+1","floor":46.0},{"not_picked":["Steam+1","Conserve Battery+1"],"picked":"Stack+1","floor":46.0},{"not_picked":["Hello World+1","Go for the Eyes"],"picked":"Skim+1","floor":47.0},{"not_picked":["Doom and Gloom","Compile Driver"],"picked":"Blizzard","floor":48.0},{"not_picked":["Barrage","Scrape"],"picked":"BasicCrystalCard+1","floor":48.0},{"not_picked":["Hyperbeam","Cold Snap"],"picked":"Chill+1","floor":55}],"player_experience":1381861,"relics_obtained":[{"floor":6.0,"key":"MealTicket"},{"floor":8.0,"key":"DataDisk"},{"floor":9.0,"key":"Juzu Bracelet"},{"floor":11.0,"key":"Boot"},{"floor":14.0,"key":"Oddly Smooth Stone"},{"floor":23.0,"key":"Ancient Tea Set"},{"floor":25.0,"key":"Lantern"},{"floor":26.0,"key":"Omamori"},{"floor":29.0,"key":"Replay:Bottled Eggs"},{"floor":38.0,"key":"Bag of Preparation"},{"floor":40.0,"key":"Geode"},{"floor":42.0,"key":"Frozen Egg 2"},{"floor":45.0,"key":"Shovel"},{"floor":47.0,"key":"Orichalcum"},{"floor":53,"key":"ReplayTheSpireMod:Shallot"},{"floor":55,"key":"Pen Nib"}],"event_choices":[{"damage_healed":0.0,"max_hp_gain":0.0,"max_hp_loss":0.0,"gold_gain":0.0,"event_name":"betterThird:BetterGoop","player_choice":"Left","floor":12.0,"gold_loss":46.0,"damage_taken":0.0},{"damage_healed":0.0,"max_hp_gain":0.0,"max_hp_loss":0.0,"gold_gain":30.0,"event_name":"Dead Adventurer","player_choice":"Searched \u00272\u0027 times","floor":13.0,"gold_loss":0.0,"damage_taken":0.0},{"damage_healed":0.0,"max_hp_gain":0.0,"max_hp_loss":0.0,"gold_gain":0.0,"event_name":"Vampires","player_choice":"Ignored","floor":19.0,"gold_loss":0.0,"damage_taken":0.0},{"cards_removed":["Rip and Tear"],"damage_healed":8.0,"max_hp_gain":0.0,"max_hp_loss":0.0,"gold_gain":0.0,"event_name":"Bonfire Elementals","player_choice":"Offered Uncommon","floor":21.0,"gold_loss":0.0,"damage_taken":0.0},{"damage_healed":0.0,"max_hp_gain":112.0,"max_hp_loss":42.0,"gold_gain":0.0,"event_name":"betterAltar:BetterAltar","player_choice":" Idol ","floor":28.0,"potions_obtained":[],"relics_lost":[],"gold_loss":0.0,"damage_taken":70.0,"relics_obtained":["Bloody Idol"]},{"cards_removed":["Defend_B"],"damage_healed":0.0,"max_hp_gain":0.0,"max_hp_loss":0.0,"gold_gain":0.0,"event_name":"Falling","player_choice":"Removed Skill","floor":37.0,"gold_loss":0.0,"damage_taken":0.0},{"damage_healed":0.0,"max_hp_gain":0.0,"max_hp_loss":0.0,"gold_gain":0.0,"event_name":"SensoryStone","player_choice":"Memory 3","floor":39.0,"gold_loss":0.0,"damage_taken":10.0},{"damage_healed":0.0,"max_hp_gain":0.0,"max_hp_loss":0.0,"gold_gain":0.0,"event_name":"Mysterious Sphere","player_choice":"Fight","floor":45.0,"gold_loss":0.0,"damage_taken":0.0}],"is_beta":false,"boss_relics":[{"not_picked":["Nuclear Battery","Philosopher\u0027s Stone"],"picked":"Replay:Grab Bag"},{"not_picked":["ReplayTheSpireMod:DimensionalGlitch","Runic Dome"],"picked":"Sozu"},{"not_picked":["Painkiller Herb","Ectoplasm"],"picked":"Cursed Key"},{"not_picked":["Ring of Chaos","SacredBark"],"picked":"Astrolabe"},{"not_picked":["Black Star","Empty Cage"],"picked":"Inserter"},{"not_picked":["Honey Jar","FrozenCore"],"picked":"Replay:Ancient Bell"},{"not_picked":["Bronze Scales","ReplayFunnel"],"picked":"Anchor"},{"not_picked":["Molten Egg 2","Ornamental Fan"],"picked":"Toxic Egg 2"},{"not_picked":["Pondfish Scales","CaptainsWheel"],"picked":"Unceasing Top"}],"items_purged_floors":[0,4,27,44],"is_endless":false,"potions_floor_spawned":[2,5,6,8,14,22,25,31,35,36,41,47,48,55],"ascension_level":20}}