{"host":"5fasz840ryq7obdf","time":1609619015,"event":{"mods":["AchievementEnabler","BaseMod","Bestiary","Better Altar","Better Skull","Better Third Choice","BetterRewards","Block Reminder","Colored Powertips","Curses Come First","Highlight Path","Minty Spire (QoL Compilation)","Quick Restart","Relic Sorter","Relic Stats","Replay The Spire","Shop Mod","Spicy Shops","StSLib","SuperFastMode","ojb\u0027s Better Paths Mod","ojb\u0027s Info Mod"],"gold_per_floor":[26,26,45,55,4,4,4],"floor_reached":6,"playtime":349,"items_purged":["Strike_B"],"score":72,"play_id":"6c4dc786-8c55-489f-bec3-fdd842713fad","local_time":"20210102202335","is_ascension_mode":true,"campfire_choices":[],"circlet_count":0,"master_deck":["AscendersBane","Strike_B","Strike_B","Strike_B","Defend_B","Defend_B","Defend_B","Defend_B","Zap","Dualcast","Capacitor","Consume","Capacitor","Hologram","Doom and Gloom","Leap","Seek","Loop","Zap","BasicCrystalCard","Leap"],"relics":["Cracked Core","Bird Faced Urn","OrangePellets"],"acts_visited":["Exordium"],"potions_floor_usage":[6,6],"damage_taken":[{"damage":19.0,"enemies":"Jaw Worm","floor":1.0,"turns":4.0},{"damage":13,"enemies":"Cultist","floor":3,"turns":5},{"damage":7,"enemies":"Small Slimes","floor":4,"turns":4},{"damage":6,"enemies":"Lagavulin","floor":6,"turns":3}],"seed_played":"6494615585322577713","potions_obtained":[{"floor":1.0,"key":"BlessingOfTheForge"},{"floor":4,"key":"SpeedPotion"}],"is_trial":false,"path_per_floor":["M","?","M","M","$","E"],"character_chosen":"DEFECT","items_purchased":["Capacitor","Bird Faced Urn","OrangePellets","Consume","Capacitor","Hologram","Doom and Gloom","Leap"],"campfire_rested":0,"item_purchase_floors":[0,0,0,0,0,0,0,5],"current_hp_per_floor":[13,13,6,1,1,0,0],"gold":4,"neow_bonus":"","is_daily":false,"chose_seed":false,"campfire_upgraded":0,"win_rate":0.0,"timestamp":1609619015,"path_taken":["M","?","?","M","$","E"],"items_purchased_type":["Card","Relic","Relic","Card","Card","Card","Card","Card"],"build_version":"2020-12-22","purchased_purges":1,"victory":false,"max_hp_per_floor":[71,71,71,71,71,71,71],"relic_stats":{"OrangePellets":[0],"counters":[9,30],"Bird Faced Urn":[10],"obtain_stats":[{"OrangePellets":0,"BargainBundle":0,"Happy Flower":0,"Gambling Chip":0,"Bird Faced Urn":0,"Kunai":0,"Replay:Wax Seal":0,"Cracked Core":0},{"OrangePellets":5,"BargainBundle":0,"Happy Flower":5,"Gambling Chip":5,"Bird Faced Urn":5,"Kunai":0,"Replay:Wax Seal":5,"Cracked Core":0},{"OrangePellets":14,"BargainBundle":0,"Happy Flower":14,"Gambling Chip":14,"Bird Faced Urn":14,"Kunai":0,"Replay:Wax Seal":14,"Cracked Core":0}]},"card_choices":[{"not_picked":["Aggregate","Streamline"],"picked":"Leap","floor":1.0},{"not_picked":["Time Bomb","Tempest","ReplayTheSpireMod:System Scan"],"picked":"SKIP","floor":3},{"not_picked":["Time Bomb","Streamline"],"picked":"BasicCrystalCard","floor":4}],"player_experience":1381509,"relics_obtained":[],"event_choices":[{"damage_healed":0,"gold_gain":0,"player_choice":"3 cards matched","damage_taken":0,"max_hp_gain":0,"max_hp_loss":0,"event_name":"Match and Keep!","floor":2,"gold_loss":0,"cards_obtained":["Seek","Loop","Zap"]}],"is_beta":false,"boss_relics":[],"items_purged_floors":[0],"is_endless":false,"potions_floor_spawned":[1,4],"killed_by":"Lagavulin","ascension_level":20}}