{"host":"ixqzyafodex1tsi5","time":1609568438,"event":{"mods":["ATMod(°¢èªMod)","AchievementEnabler","Act Like it!","BaseMod","Gensokyo","GifTheSpireLib","Lobotomy","LobotomyExtend","Minty Spire (QoL Compilation)","Relic Stats","Replay The Spire","RumiaBox-Â¶Ã×æ«µÄÉñÃØºÐ×Ó","Spicy Shops","StSLib","The Cursed","[IsaacMod]ÒÔÈö¼âËþ","¡¾¹¦ÄÜMod¡¿»ìãçÖ®»·ÐÞ¸´²¹¶¡","¡¾ÒÅÎï¿¨ÅÆ¡¿REMEMod"],"gold_per_floor":[529,545,81,95,95,95,45,55,55,82,92,105,105,135,135,285,310,353,395,459,459,484,514,104,104,104],"floor_reached":25,"playtime":1183,"items_purged":["Delirium","Decay","Decay"],"score":385,"play_id":"7e924758-c9e2-4b79-920b-a735a43c8d34","local_time":"20210102142038","is_ascension_mode":true,"campfire_choices":[],"circlet_count":0,"master_deck":["LongBird","ApocalypseBird","PunishingBird","BigBird","SpecialBullet","SpecialBullet","SpecialBullet","SpecialBullet","SpecialBullet","SpecialBullet","SpecialBullet","SpecialBullet","AT_ChampionStep+1","BloodyBrimstone","Adrenaline","ExtractionCode","SecurityCode","InformationCode","RedShoes","Pleasure","Moonlight+1","Mimicry+1","AT_EmpoweredMortalDraw+1","BigBadWolf","GoldRush+1","Lamp+4","AT_PowerWithin+1"],"relics":["CogitoBucket","RabbitCall","REME_ComplimentaryCards","HushsDoor","AT_ATBox","SteamSale","LetterFromLob","ReplayTheSpireMod:CursedCoin","Bronze Scales","Chaos","Quantum Egg","LastBattle","Torii","MoreBug","Ancient Tea Set","BackwardClock","Odd Mushroom","WantedRequest","AT_MortalBlade","Lamp_r","CrimsonScar_r","SkinProphecy","Twilight","Justitia_r","MagicDraw1","GodSword3","Lantern","Ginger","Mercury Hourglass"],"acts_visited":["Exordium","TheCity"],"potions_floor_usage":[],"damage_taken":[{"damage":18.0,"enemies":"Small Slimes","floor":1.0,"turns":2.0},{"damage":0.0,"enemies":"2 Louse","floor":2.0,"turns":1.0},{"damage":0.0,"enemies":"Cultist","floor":4.0,"turns":2.0},{"damage":6.0,"enemies":"Exordium Thugs","floor":8.0,"turns":3.0},{"damage":9.0,"enemies":"3 Sentries","floor":10.0,"turns":2.0},{"damage":41.0,"enemies":"Large Slime","floor":11.0,"turns":5.0},{"damage":1.0,"enemies":"3 Louse","floor":12.0,"turns":2.0},{"damage":0.0,"enemies":"The Mushroom Lair","floor":14.0,"turns":1.0},{"damage":24,"enemies":"The Guardian","floor":16,"turns":3},{"damage":10,"enemies":"Spheric Guardian","floor":18,"turns":2},{"damage":24,"enemies":"Chosen","floor":19,"turns":3},{"damage":0,"enemies":"Snake Plant","floor":20,"turns":2},{"damage":16,"enemies":"Centurion and Healer","floor":21,"turns":3},{"damage":29,"enemies":"Gremlin Leader","floor":23,"turns":3}],"seed_played":"-612905937594131643","potions_obtained":[{"floor":2.0,"key":"SpeedPotion"},{"floor":4.0,"key":"Energy Potion"},{"floor":12.0,"key":"Fruit Juice"},{"floor":20,"key":"Block Potion"}],"is_trial":false,"path_per_floor":["M","M","$","M","?","R","$","M","T","E","M","M","R","?","R","B",null,"M","M","M","M","?","E","$","E"],"character_chosen":"Angela","items_purchased":["ReplayTheSpireMod:CursedCoin","Bronze Scales","Chaos","Quantum Egg","LastBattle","Torii","Fruit Juice","GodSword3","Lantern","Ginger","Mercury Hourglass","AT_PowerWithin+1"],"campfire_rested":0,"item_purchase_floors":[3,3,3,3,3,3,3,24,24,24,24,24],"current_hp_per_floor":[60,68,75,77,77,77,77,77,77,73,40,52,52,60,60,46,79,81,73,83,73,73,48,48,0,0],"gold":104,"neow_bonus":"TWO_FIFTY_GOLD","is_daily":false,"chose_seed":false,"campfire_upgraded":0,"win_rate":0.0,"timestamp":1609568438,"path_taken":["M","M","$","M","?","R","?","M","T","E","M","?","R","?","R","BOSS","M","M","M","M","?","E","$","E"],"items_purchased_type":["Relic","Relic","Card","Relic","Relic","Relic","Potion","Relic","Card","Relic","Relic","Card"],"build_version":"2020-12-22","purchased_purges":3,"victory":false,"max_hp_per_floor":[70,70,77,77,77,77,77,77,77,74,74,79,79,79,79,79,79,83,87,93,95,95,97,97,97,97],"relic_stats":{"Torii":12,"counters":[16,36],"Bronze Scales":[48],"Ginger":[0],"obtain_stats":[{"Chaos":3,"RabbitCall":0,"Lantern":24,"AT_ATBox":0,"Torii":3,"Twilight":21,"Ginger":24,"SkinProphecy":19,"Ancient Tea Set":10,"MagicDraw1":23,"Lamp_r":18,"CogitoBucket":0,"CrimsonScar_r":18,"WantedRequest":16,"KeepersGift":0,"MoreBug":9,"BackwardClock":11,"ReplayTheSpireMod:CursedCoin":3,"Quantum Egg":3,"AT_MortalBlade":17,"LastBattle":3,"Odd Mushroom":14,"SteamSale":0,"Mercury Hourglass":24,"Bronze Scales":3,"LetterFromLob":1,"HushsDoor":0,"GodSword3":24,"Justitia_r":23,"REME_ComplimentaryCards":0},{"Chaos":2,"RabbitCall":0,"Lantern":16,"AT_ATBox":0,"Torii":2,"Twilight":15,"Ginger":16,"SkinProphecy":13,"Ancient Tea Set":5,"MagicDraw1":16,"Lamp_r":11,"CogitoBucket":0,"CrimsonScar_r":11,"WantedRequest":10,"KeepersGift":0,"MoreBug":4,"BackwardClock":7,"ReplayTheSpireMod:CursedCoin":2,"Quantum Egg":2,"AT_MortalBlade":10,"LastBattle":2,"Odd Mushroom":9,"SteamSale":0,"Mercury Hourglass":16,"Bronze Scales":2,"LetterFromLob":1,"HushsDoor":0,"GodSword3":16,"Justitia_r":16,"REME_ComplimentaryCards":0},{"Chaos":3,"RabbitCall":0,"Lantern":36,"AT_ATBox":0,"Torii":3,"Twilight":33,"Ginger":36,"SkinProphecy":28,"Ancient Tea Set":10,"MagicDraw1":36,"Lamp_r":24,"CogitoBucket":0,"CrimsonScar_r":24,"WantedRequest":22,"KeepersGift":0,"MoreBug":8,"BackwardClock":16,"ReplayTheSpireMod:CursedCoin":3,"Quantum Egg":3,"AT_MortalBlade":22,"LastBattle":3,"Odd Mushroom":19,"SteamSale":0,"Mercury Hourglass":36,"Bronze Scales":3,"LetterFromLob":2,"HushsDoor":0,"GodSword3":36,"Justitia_r":35,"REME_ComplimentaryCards":0}],"Mercury Hourglass":[0]},"card_choices":[{"not_picked":[],"picked":"BloodyBrimstone","floor":0.0},{"not_picked":["Loneliness"],"picked":"Bomb","floor":1.0},{"not_picked":["SomewhereSpear","Penitence"],"picked":"SKIP","floor":1.0},{"not_picked":["OSAHOGD","VoidDream"],"picked":"RedShoes","floor":2.0},{"not_picked":["CUTE"],"picked":"Pleasure","floor":2.0},{"not_picked":["WristCuter","Wingbeat"],"picked":"SKIP","floor":4.0},{"not_picked":["UniverseFragment","FairyFestival","OldLady"],"picked":"Singing Bowl","floor":8.0},{"not_picked":["Wellcheers","Scorched"],"picked":"Mercenary","floor":8.0},{"not_picked":["Pleasure","FourthMatchFlame"],"picked":"Bomb","floor":8.0},{"not_picked":["FairyFestival","Yin","Freischutz"],"picked":"Singing Bowl","floor":10.0},{"not_picked":["SomewhereSpear","GreenStem","BlueScar"],"picked":"SKIP","floor":10.0},{"not_picked":["OldLady","FairyFestival","NakedNest"],"picked":"Singing Bowl","floor":11.0},{"not_picked":["Pleasure+1","Loneliness+1","Tough+1"],"picked":"SKIP","floor":11.0},{"not_picked":["WallGazer","ShyLook","Bloodbath"],"picked":"Singing Bowl","floor":12.0},{"not_picked":["Beak+1","Christmas+1"],"picked":"Moonlight+1","floor":12.0},{"not_picked":["LittleHelper","ShyLook","SpiderBud"],"picked":"Singing Bowl","floor":14.0},{"not_picked":["MeatLantern","OSAHOGD","UniverseFragment"],"picked":"Singing Bowl","floor":16},{"not_picked":["CrumblingArmor","WallGazer"],"picked":"BigBird","floor":16},{"not_picked":["Justitia+1","SoundOfStar+1"],"picked":"Mimicry+1","floor":16},{"not_picked":["SnowQueen","BlackSwan"],"picked":"PunishingBird","floor":18},{"not_picked":["Soda+1","FourthMatchFlame+1","BlackSwan_ego+1"],"picked":"SKIP","floor":18},{"not_picked":["Gaze+1","Lantern+1","Harvest+1"],"picked":"SKIP","floor":18},{"not_picked":["UniverseFragment","CrumblingArmor"],"picked":"BigBadWolf","floor":19},{"not_picked":["TodaysExpression+1","Reverberation+1","SwordSharpenedByTears+1"],"picked":"SKIP","floor":19},{"not_picked":["Regret_ego+1","Tough+1"],"picked":"GoldRush+1","floor":20},{"not_picked":["BlackArmy","LittlePrince","SpiderBud"],"picked":"Singing Bowl","floor":20},{"not_picked":["VoidDream","Wellcheers"],"picked":"LongBird","floor":20},{"not_picked":["VoidDream","Scorched","Rudolta"],"picked":"Singing Bowl","floor":21},{"not_picked":["Scorched","MeatLantern","WallGazer"],"picked":"Singing Bowl","floor":23},{"not_picked":["Soda+1","MagicBullet+1","Lamp+1"],"picked":"SKIP","floor":23}],"player_experience":188913,"relics_obtained":[{"floor":1.0,"key":"LetterFromLob"},{"floor":9.0,"key":"MoreBug"},{"floor":10.0,"key":"Ancient Tea Set"},{"floor":14.0,"key":"Odd Mushroom"},{"floor":21,"key":"Twilight"},{"floor":23,"key":"MagicDraw1"}],"event_choices":[{"damage_healed":0.0,"max_hp_gain":0.0,"max_hp_loss":0.0,"gold_gain":0.0,"event_name":"Mushrooms","player_choice":"Fought Mushrooms","floor":14.0,"gold_loss":0.0,"damage_taken":0.0},{"damage_healed":0,"gold_gain":0,"player_choice":"Read","damage_taken":0,"max_hp_gain":0,"max_hp_loss":0,"event_name":"The Library","floor":22,"gold_loss":0,"cards_obtained":["Lamp"]}],"is_beta":false,"boss_relics":[{"not_picked":["Mirror","StrikeDummy"],"picked":"AT_MortalBlade"},{"not_picked":[]}],"items_purged_floors":[3,7,24],"is_endless":false,"potions_floor_spawned":[2,4,12,20,21],"ascension_level":3}}