{"host":"iml8x8es9od4zowg","time":1609589108,"event":{"mods":["2.2 Compatiblity","BaseMod","Marisa£¨Ùöéë¡¡Øª×âÞÞ£©","Minty Spire (QoL Compilation)","StSLib","Td1madao Mod","The Jungle","¡¼?Úª?ø«¡½REMEMod"],"gold_per_floor":[115,40,54,54,54,54,54,68,68,97,97,2,12,42,42,143,143,158,158,73,107,117,117,18,36,36,53,53,3,19,30,30,127,127,143,157,209,221,234,234,135,135,184,194,194,92,103,114,114,114,114,114,65,96,96],"floor_reached":56,"playtime":4304,"items_purged":["Defend_C","Chip","Strike_C","Strike_C","Money Cant Rescue","Oblique Hack+1"],"score":1184,"play_id":"bac36922-2a67-4c7e-8c39-ebb59e186a1a","local_time":"20210102210508","is_ascension_mode":false,"campfire_choices":[{"data":"Bursts","floor":7,"key":"SMITH"},{"floor":15,"key":"REST"},{"data":"Memory Alloy","floor":23,"key":"SMITH"},{"floor":28,"key":"REST"},{"floor":32,"key":"RECALL"},{"floor":40,"key":"REST"},{"data":"Memory Alloy","floor":45,"key":"SMITH"},{"floor":49,"key":"REST"},{"data":"Cooling Song","floor":52,"key":"SMITH"}],"circlet_count":0,"master_deck":["Knight Kick","Echo Form+1","Fixing","Bursts+1","Cooling Song+1","Here Defend Chip+1","Black Warm Hole","Memory Alloy+1","Here Defend Chip+1","Here Defend Chip+1","Im Angry+1","Floating Swing Kick+1","Perfect Defend+1","Memory Alloy+1","Backup","Im Angry+1","Shockwave Tdmadao+1","Here Defend Chip+1","Cooling Song+1","Here Defend Chip+1","Preloading"],"relics":["Apod","REME_ComplimentaryCards","NeowsBlessing","Smiling Mask","Frozen Egg 2","Mercury Hourglass","Mummified Hand","SlaversCollar","REME_LimitBreaker","Red Mask","Blue Mushroom","Pandora\u0027s Box","CatCart","Bag of Marbles"],"acts_visited":["Exordium","TheCity","TheBeyond","TheEnding"],"potions_floor_usage":[10,14,44,54,55,55,55],"damage_taken":[{"damage":0,"enemies":"Cultist","floor":1,"turns":1},{"damage":0,"enemies":"Jaw Worm","floor":3,"turns":1},{"damage":0,"enemies":"Small Slimes","floor":8,"turns":1},{"damage":32,"enemies":"Gremlin Nob","floor":10,"turns":5},{"damage":8,"enemies":"Gremlin Gang","floor":13,"turns":5},{"damage":23,"enemies":"3 Sentries","floor":14,"turns":8},{"damage":4,"enemies":"Hexaghost","floor":16,"turns":11},{"damage":0,"enemies":"3 Byrds","floor":18,"turns":3},{"damage":26,"enemies":"Masked Bandits","floor":21,"turns":6},{"damage":0,"enemies":"Spheric Guardian","floor":22,"turns":8},{"damage":0,"enemies":"Shelled Parasite and Fungi","floor":25,"turns":7},{"damage":0,"enemies":"3 Cultists","floor":27,"turns":4},{"damage":0,"enemies":"Centurion and Healer","floor":30,"turns":8},{"damage":0,"enemies":"Shelled Parasite and Fungi","floor":31,"turns":8},{"damage":13,"enemies":"Collector","floor":33,"turns":7},{"damage":0,"enemies":"Orb Walker","floor":35,"turns":2},{"damage":7,"enemies":"3 Shapes","floor":36,"turns":4},{"damage":0,"enemies":"Orin","floor":37,"turns":5},{"damage":8,"enemies":"Spire Growth","floor":38,"turns":4},{"damage":14,"enemies":"Jaw Worm Horde","floor":39,"turns":3},{"damage":2,"enemies":"3 Darklings","floor":44,"turns":4},{"damage":21,"enemies":"Transient","floor":47,"turns":5},{"damage":0,"enemies":"Spire Growth","floor":48,"turns":4},{"damage":0,"enemies":"Time Eater","floor":50,"turns":4},{"damage":5,"enemies":"Shield and Spear","floor":54,"turns":3},{"damage":13,"enemies":"The Heart","floor":55,"turns":5}],"seed_played":"3997902877358797159","potions_obtained":[{"floor":3,"key":"SneckoOil"},{"floor":10,"key":"Swift Potion"},{"floor":13,"key":"FairyPotion"},{"floor":21,"key":"PowerPotion"},{"floor":22,"key":"DuplicationPotion"},{"floor":25,"key":"SteroidPotion"},{"floor":44,"key":"Fruit Juice"},{"floor":47,"key":"Explosive Potion"},{"floor":54,"key":"AttackPotion"}],"is_trial":false,"path_per_floor":["M","$","M","?","?","?","R","M","T","E","?","$","M","E","R","B",null,"M","?","?","?","M","R","$","M","T","M","R","$","M","M","R","B",null,"M","M","?","M","M","R","$","?","T","M","R","$","M","M","R","B",null,"R","$","E","B",null],"character_chosen":"TD1MADAO_CLASS","items_purchased":["Here Defend Chip+1","Here Defend Chip+1","Here Defend Chip+1","Preloading","Block Potion"],"campfire_rested":4,"item_purchase_floors":[12,24,41,46,53],"current_hp_per_floor":[70,70,70,70,70,63,63,63,63,31,24,24,16,14,35,31,70,70,70,70,44,44,44,44,44,44,44,65,65,65,65,65,52,70,70,63,63,55,41,62,62,62,62,65,65,65,44,44,66,66,75,75,75,70,57],"gold":96,"neow_bonus":"THREE_ENEMY_KILL","is_daily":false,"chose_seed":false,"campfire_upgraded":4,"win_rate":0.0,"timestamp":1609589108,"path_taken":["M","$","M","?","?","?","R","?","T","E","?","?","M","E","R","BOSS","M","?","?","?","M","R","$","?","T","M","R","$","M","M","R","BOSS","M","M","?","M","M","R","$","?","T","M","R","$","M","M","R","BOSS","R","$","E","BOSS"],"items_purchased_type":["Card","Card","Card","Card","Potion"],"build_version":"2020-12-22","purchased_purges":6,"victory":true,"max_hp_per_floor":[70,70,70,70,70,70,70,70,70,70,70,70,70,70,70,70,70,70,70,70,70,70,70,70,70,70,70,70,70,70,70,70,70,70,70,70,70,70,70,70,70,70,70,75,75,75,75,75,75,75,75,75,75,75,75],"card_choices":[{"not_picked":["Afterwards","Preloading"],"picked":"Fixing","floor":1},{"not_picked":["Here Defend Chip","Provocative"],"picked":"Bursts","floor":3},{"not_picked":["Paralysis","Energy Supply"],"picked":"Cooling Song","floor":8},{"not_picked":["Black Execution","Lunge","Awareness+1"],"picked":"SKIP","floor":10},{"not_picked":["Resistance","Oblique Hack","Cursed Blade"],"picked":"SKIP","floor":13},{"not_picked":["Energy Supply","Ruin Defend"],"picked":"Black Warm Hole","floor":14},{"not_picked":["Moon Tear","Shockwave Tdmadao+1"],"picked":"Memory Alloy","floor":16},{"not_picked":["Preloading+1","Paralysis"],"picked":"Here Defend Chip+1","floor":18},{"not_picked":["White Contract","Black Hand"],"picked":"Oblique Hack+1","floor":22},{"not_picked":["Resistance+1","Machining"],"picked":"Im Angry+1","floor":25},{"not_picked":["Revenge","Light Attack+1"],"picked":"Floating Swing Kick+1","floor":27},{"not_picked":["New Defend Magic","Floating Swing Kick","Black Execution"],"picked":"SKIP","floor":30},{"not_picked":["Fixing","Floating Even"],"picked":"Perfect Defend+1","floor":31},{"not_picked":["Format All Data","Data Freezing"],"picked":"Memory Alloy","floor":33},{"not_picked":["Black Execution+1","White Contract","Gravity Defend+1"],"picked":"SKIP","floor":35},{"not_picked":["Black Execution+1","E MP"],"picked":"Here Defend Chip+1","floor":36},{"not_picked":["Black Hand","Oblique Hack+1"],"picked":"Cooling Song+1","floor":38},{"not_picked":["Afterwards+1","Oblique Hack","Sudden Beat"],"picked":"SKIP","floor":39},{"not_picked":["Machining+1","Fire Blade+1","Gravity Defend+1"],"picked":"SKIP","floor":44},{"not_picked":["Perfect Defend+1","Transfer Energy+1","Weapon Shift+1"],"picked":"SKIP","floor":47},{"not_picked":["De Ware Chip","Fire Blade+1","Rupture+1"],"picked":"SKIP","floor":48},{"not_picked":["Weapon Shift+1","Floating Even","Twin Teeth+1"],"picked":"SKIP","floor":54}],"player_experience":493565,"relics_obtained":[{"floor":9,"key":"Frozen Egg 2"},{"floor":10,"key":"Mercury Hourglass"},{"floor":14,"key":"Mummified Hand"},{"floor":21,"key":"Red Mask"},{"floor":26,"key":"Blue Mushroom"},{"floor":37,"key":"CatCart"},{"floor":54,"key":"Bag of Marbles"}],"event_choices":[{"damage_healed":0,"gold_gain":0,"player_choice":"Grow","damage_taken":0,"max_hp_gain":0,"max_hp_loss":0,"event_name":"Living Wall","floor":4,"gold_loss":0,"cards_upgraded":["Echo Form"]},{"damage_healed":0,"gold_gain":0,"player_choice":"Box","damage_taken":0,"relics_obtained":["Smiling Mask"],"max_hp_gain":0,"max_hp_loss":0,"event_name":"Big Fish","floor":5,"gold_loss":0,"cards_obtained":["Regret"]},{"damage_healed":0,"gold_gain":0,"player_choice":"Damaged","damage_taken":7,"max_hp_gain":0,"max_hp_loss":0,"event_name":"Wheel of Change","floor":6,"gold_loss":0},{"cards_removed":["Regret"],"damage_healed":0,"gold_gain":0,"player_choice":"Card Removal","damage_taken":7,"max_hp_gain":0,"max_hp_loss":0,"event_name":"Golden Wing","floor":11,"gold_loss":0},{"damage_healed":0,"gold_gain":0,"player_choice":"Ignored","damage_taken":0,"max_hp_gain":0,"max_hp_loss":0,"event_name":"Vampires","floor":19,"gold_loss":0},{"damage_healed":0,"gold_gain":0,"player_choice":"Obtained Relic","damage_taken":0,"relics_obtained":["REME_LimitBreaker"],"max_hp_gain":0,"max_hp_loss":0,"event_name":"Addict","floor":20,"gold_loss":85},{"damage_healed":0,"gold_gain":0,"player_choice":"Fought Bandits","damage_taken":0,"max_hp_gain":0,"max_hp_loss":0,"event_name":"Masked Bandits","floor":21,"gold_loss":0},{"damage_healed":0,"gold_gain":0,"player_choice":"Fight","damage_taken":0,"max_hp_gain":0,"max_hp_loss":0,"event_name":"OrinTheCat","floor":37,"gold_loss":0},{"cards_removed":["Black Dance"],"damage_healed":0,"gold_gain":0,"player_choice":"Removed Attack","damage_taken":0,"max_hp_gain":0,"max_hp_loss":0,"event_name":"Falling","floor":42,"gold_loss":0}],"is_beta":false,"boss_relics":[{"not_picked":["Foreshadowing","Coffee Dripper"],"picked":"SlaversCollar"},{"not_picked":["Astrolabe","Snecko Eye"],"picked":"Pandora\u0027s Box"}],"items_purged_floors":[2,12,24,29,41,46],"is_endless":false,"potions_floor_spawned":[3,10,13,21,22,25,30,44,47,54],"ascension_level":0}}