{"host":"qgru5siit3fz0wh9","time":1609585020,"event":{"mods":["AchievementEnabler","BaseMod","Highlight Path","Minty Spire (QoL Compilation)"],"gold_per_floor":[111,186,186,204,214,214,242,262,288,304,78,78,78,97,97,193,193,210,222,234,234,32,32,59,76,76,76,114,114,149,149,149],"floor_reached":31,"playtime":1433,"items_purged":["Defend_B","Shame"],"score":354,"play_id":"f008dcec-30b8-4496-89a5-12a89813fe92","local_time":"20210102115700","is_ascension_mode":true,"campfire_choices":[{"data":"Conserve Battery","floor":6,"key":"SMITH"},{"floor":12,"key":"REST"},{"floor":15,"key":"REST"},{"data":"Echo Form","floor":23,"key":"SMITH"},{"floor":27,"key":"REST"},{"floor":29,"key":"REST"}],"circlet_count":0,"master_deck":["Strike_B","Strike_B","Strike_B","Strike_B","Defend_B","Defend_B","Defend_B","Zap","Dualcast","Conserve Battery+1","Leap+1","Sweeping Beam+1","Streamline","Ball Lightning","Rebound","White Noise","Echo Form+1","Coolheaded","Streamline","Creative AI","Auto Shields+1"],"relics":["Cracked Core","Orichalcum","Bronze Scales","Tiny Chest","Busted Crown","Oddly Smooth Stone","Membership Card","Matryoshka","Omamori","Shovel","CeramicFish","Juzu Bracelet"],"acts_visited":["Exordium","TheCity"],"potions_floor_usage":[8,16,24,24,24,30,30,31],"damage_taken":[{"damage":0,"enemies":"Small Slimes","floor":1,"turns":2},{"damage":2,"enemies":"Jaw Worm","floor":4,"turns":4},{"damage":1,"enemies":"2 Louse","floor":5,"turns":3},{"damage":23,"enemies":"Lagavulin","floor":7,"turns":7},{"damage":4,"enemies":"Red Slaver","floor":8,"turns":3},{"damage":0,"enemies":"Lots of Slimes","floor":10,"turns":2},{"damage":0,"enemies":"Large Slime","floor":14,"turns":4},{"damage":32,"enemies":"Hexaghost","floor":16,"turns":7},{"damage":2,"enemies":"Chosen","floor":18,"turns":3},{"damage":6,"enemies":"3 Byrds","floor":19,"turns":3},{"damage":12,"enemies":"Shelled Parasite and Fungi","floor":20,"turns":4},{"damage":24,"enemies":"Slavers","floor":24,"turns":4},{"damage":21,"enemies":"Chosen and Byrds","floor":25,"turns":6},{"damage":12,"enemies":"Gremlin Leader","floor":28,"turns":7},{"damage":35,"enemies":"Slavers","floor":30,"turns":4},{"damage":15,"enemies":"3 Cultists","floor":31,"turns":3}],"seed_played":"6147687267658415461","potions_obtained":[{"floor":7,"key":"Ancient Potion"},{"floor":8,"key":"EssenceOfDarkness"},{"floor":14,"key":"GamblersBrew"},{"floor":16,"key":"EssenceOfSteel"},{"floor":18,"key":"SpeedPotion"},{"floor":24,"key":"FearPotion"},{"floor":28,"key":"DistilledChaos"},{"floor":30,"key":"Dexterity Potion"}],"is_trial":false,"path_per_floor":["M","?","?","M","M","R","E","M","T","M","$","R","?","M","R","B",null,"M","M","M","?","$","R","E","M","T","R","E","R","E","M"],"character_chosen":"DEFECT","items_purchased":["Tiny Chest","Membership Card"],"campfire_rested":4,"item_purchase_floors":[11,22],"current_hp_per_floor":[75,64,64,62,61,61,38,34,34,34,34,56,41,41,63,31,75,73,67,55,55,55,55,31,10,10,32,20,42,7,0,0],"gold":149,"neow_bonus":"THREE_CARDS","is_daily":false,"chose_seed":false,"campfire_upgraded":2,"win_rate":0.0,"timestamp":1609585020,"path_taken":["M","?","?","M","M","R","E","M","T","M","$","R","?","M","R","BOSS","M","M","M","?","$","R","E","M","T","R","E","R","E","M"],"items_purchased_type":["Relic","Relic"],"build_version":"2020-12-22","purchased_purges":2,"victory":false,"max_hp_per_floor":[75,75,75,75,75,75,75,75,75,75,75,75,75,75,75,75,75,75,75,75,75,75,75,75,75,75,75,75,75,75,75,75],"card_choices":[{"not_picked":["Blizzard","Hello World"],"picked":"Conserve Battery","floor":0},{"not_picked":["Go for the Eyes","Hologram","Stack"],"picked":"SKIP","floor":1},{"not_picked":["Hello World","Streamline"],"picked":"Leap","floor":4},{"not_picked":["Streamline","Beam Cell"],"picked":"Sweeping Beam","floor":5},{"not_picked":["Seek","Go for the Eyes"],"picked":"Streamline","floor":7},{"not_picked":["Rip and Tear","Sweeping Beam"],"picked":"Ball Lightning","floor":8},{"not_picked":["Blizzard","Biased Cognition"],"picked":"Rebound","floor":10},{"not_picked":["Glacier","Stack"],"picked":"White Noise","floor":14},{"not_picked":["Biased Cognition","All For One"],"picked":"Echo Form","floor":16},{"not_picked":["Leap"],"picked":"SKIP","floor":18},{"not_picked":["Go for the Eyes"],"picked":"SKIP","floor":19},{"not_picked":[],"picked":"Coolheaded","floor":20},{"not_picked":[],"picked":"Streamline","floor":24},{"not_picked":["Glacier"],"picked":"SKIP","floor":25},{"not_picked":[],"picked":"Creative AI","floor":28},{"not_picked":[],"picked":"Auto Shields+1","floor":30}],"player_experience":375782,"relics_obtained":[{"floor":7,"key":"Orichalcum"},{"floor":9,"key":"Bronze Scales"},{"floor":24,"key":"Matryoshka"},{"floor":26,"key":"Omamori"},{"floor":26,"key":"Shovel"},{"floor":28,"key":"CeramicFish"},{"floor":30,"key":"Juzu Bracelet"}],"event_choices":[{"damage_healed":0,"gold_gain":75,"player_choice":"Gather Gold","damage_taken":11,"max_hp_gain":0,"max_hp_loss":0,"event_name":"World of Goop","floor":2,"gold_loss":0},{"damage_healed":0,"gold_gain":0,"player_choice":"Leave","damage_taken":0,"max_hp_gain":0,"max_hp_loss":0,"event_name":"The Cleric","floor":3,"gold_loss":0},{"damage_healed":0,"gold_gain":0,"player_choice":"Entered Light","damage_taken":15,"max_hp_gain":0,"max_hp_loss":0,"event_name":"Shining Light","floor":13,"gold_loss":0,"cards_upgraded":["Leap","Sweeping Beam"]},{"damage_healed":0,"gold_gain":0,"player_choice":"Stole Relic","damage_taken":0,"relics_obtained":["Oddly Smooth Stone"],"max_hp_gain":0,"max_hp_loss":0,"event_name":"Addict","floor":21,"gold_loss":0,"cards_obtained":["Shame"]}],"is_beta":false,"boss_relics":[{"not_picked":["Astrolabe","Tiny House"],"picked":"Busted Crown"}],"items_purged_floors":[11,22],"is_endless":false,"potions_floor_spawned":[7,8,14,16,18,24,28,30],"killed_by":"3 Cultists","ascension_level":4}}