{"host":"ixqzyafodex1tsi5","time":1609565715,"event":{"mods":["ATMod(°¢èªMod)","AchievementEnabler","Act Like it!","BaseMod","Gensokyo","GifTheSpireLib","Lobotomy","LobotomyExtend","Minty Spire (QoL Compilation)","Relic Stats","Replay The Spire","RumiaBox-Â¶Ã×æ«µÄÉñÃØºÐ×Ó","Spicy Shops","StSLib","The Cursed","[IsaacMod]ÒÔÈö¼âËþ","¡¾¹¦ÄÜMod¡¿»ìãçÖ®»·ÐÞ¸´²¹¶¡","¡¾ÒÅÎï¿¨ÅÆ¡¿REMEMod"],"gold_per_floor":[274,274,34,52,52,52,52,52],"floor_reached":7,"playtime":244,"items_purged":[],"score":45,"play_id":"f4c0f476-9e4a-4095-b873-dade6679de50","local_time":"20210102133515","is_ascension_mode":true,"campfire_choices":[],"circlet_count":0,"master_deck":["SpecialBullet","SpecialBullet","SpecialBullet","SpecialBullet","SpecialBullet","SpecialBullet","SpecialBullet","SpecialBullet","AT_FalsePromise+1","EpicFetus","Gensokyo:LifeSpringInfinity+1","ExtractionCode","SecurityCode","InformationCode","Languid"],"relics":["CogitoBucket","RabbitCall","REME_ComplimentaryCards","HushsDoor","AT_ATBox","D6","LetterFromLob","ReplayTheSpireMod:Ring of Exchange","NineVolt"],"acts_visited":["Exordium"],"potions_floor_usage":[],"damage_taken":[{"damage":10.0,"enemies":"Small Slimes","floor":1.0,"turns":2.0},{"damage":12.0,"enemies":"Jaw Worm","floor":4.0,"turns":3.0},{"damage":0,"enemies":"Lagavulin","floor":7,"turns":3}],"seed_played":"8654322567969219110","potions_obtained":[],"is_trial":false,"path_per_floor":["M","?","$","M","?","R","E"],"character_chosen":"Angela","items_purchased":["NineVolt","SuicideKing"],"campfire_rested":0,"item_purchase_floors":[3,3],"current_hp_per_floor":[68,68,68,64,64,64,-999999,-999999],"gold":52,"neow_bonus":"UPGRADE_CARD","is_daily":false,"chose_seed":false,"campfire_upgraded":0,"win_rate":0.0,"timestamp":1609565715,"path_taken":["M","?","$","M","?","R","E"],"items_purchased_type":["Relic","Card"],"build_version":"2020-12-22","purchased_purges":0,"victory":false,"max_hp_per_floor":[70,70,70,70,70,70,70,70],"relic_stats":{"counters":[3,8],"obtain_stats":[{"KeepersGift":0,"RabbitCall":0,"ReplayTheSpireMod:Ring of Exchange":2,"CogitoBucket":0,"D6":0,"AT_ATBox":0,"NineVolt":3,"LetterFromLob":1,"HushsDoor":0,"REME_ComplimentaryCards":0},{"KeepersGift":0,"RabbitCall":0,"ReplayTheSpireMod:Ring of Exchange":1,"CogitoBucket":0,"D6":0,"AT_ATBox":0,"NineVolt":1,"LetterFromLob":1,"HushsDoor":0,"REME_ComplimentaryCards":0},{"KeepersGift":0,"RabbitCall":0,"ReplayTheSpireMod:Ring of Exchange":2,"CogitoBucket":0,"D6":0,"AT_ATBox":0,"NineVolt":2,"LetterFromLob":2,"HushsDoor":0,"REME_ComplimentaryCards":0}]},"card_choices":[{"not_picked":[],"picked":"EpicFetus","floor":0.0},{"not_picked":["CherryBlossom","InTheNameOfLoveAndHate"],"picked":"SKIP","floor":1.0},{"not_picked":["CherryBlossom","Loneliness"],"picked":"SKIP","floor":4.0}],"player_experience":187427,"relics_obtained":[{"floor":1.0,"key":"LetterFromLob"},{"floor":2.0,"key":"ReplayTheSpireMod:Ring of Exchange"}],"event_choices":[],"is_beta":false,"boss_relics":[],"items_purged_floors":[],"is_endless":false,"potions_floor_spawned":[],"killed_by":"Lagavulin","ascension_level":3}}