{"host":"0azimyi6n3ugndj4","time":1609623335,"event":{"mods":["2.2 Compatiblity","BaseMod","Bestiary","Conspire","Curses Come First","Defuse TimeMaze Blight","Hermit","Hyrulean Relics","Infinite Spire","Minty Spire (QoL Compilation)","Relic Filter","Relic Stats","Replay The Spire","StSLib","SuperFastMode","The Cursed","Uncapped","¡¼?Úª?ø«¡½REMEMod"],"gold_per_floor":[156,156,156,256,301,301,301,301,326,17,107,176,7,64,64,295,295,331,331,370,645,645,645,211,310,364,418,418,418,418,442,442,670,670,718,718,678,717,717,798,798,798,798,858,297,381,381,381],"floor_reached":47,"playtime":527,"items_purged":["Regret","Delirium","Eruption"],"score":1205,"play_id":"3a0bba3b-9989-4c4b-98f0-72236ce60cec","local_time":"20210103063535","daily_mods":["SealedDeck","Insanity","Chimera","Specialized","Vintage","ControlledChaos","Allstar","Diverse","Colorless Cards","Heirloom","Time Dilation","Flight","Elite Swarm","Lethality","Midas","Binary"],"is_ascension_mode":true,"campfire_choices":[{"floor":6.0,"key":"REST"},{"floor":8.0,"key":"REST"},{"floor":15.0,"key":"REST"},{"floor":23.0,"key":"REST"},{"floor":32.0,"key":"REST"},{"floor":41.0,"key":"REST"}],"circlet_count":0,"master_deck":["Demon Form","Wraith Form v2","Echo Form","DevaForm","AscendersBane","Bash","Survivor","Zap","conspire:GhostlyStrike","conspire:GhostlyStrike","conspire:GhostlyStrike","conspire:GhostlyDefend+1","conspire:GhostlyDefend+1","conspire:GhostlyDefend","Ball Lightning","Replay:BluntJabs","TheCursedMod:Hemoplague","Crescendo","TheCursedMod:StingEye","TheCursedMod:CircleOfAmplification","Weave","Halt","ReplayTheSpireMod:Strike From Hell","Clothesline","hermit:Dive","Perfected Strike","Footwork","Flying Knee","Dramatic Entrance","BasicCrystalCard","Outmaneuver","ClearTheMind","hermit:HoleUp","Backstab","Footwork","TheCursedMod:TacticalStrike","REME_FirmDetermination","Dagger Spray","TheCursedMod:CursedShiv","Streamline","Poisoned Stab","PiercingWail","Backflip","TheCursedMod:CircleOfBlood","Bouncing Flask","Genetic Algorithm","CutThroughFate","hermit:CursedWeapon","hermit:LowProfile","REME_MusicOfDeath","hermit:Spite","Poisoned Stab","Run Through","Hologram","Wild Strike","hermit:ItchyTrigger","hermit:Midnight","SashWhip","hermit:Feint","Cold Snap","Predator","Poisoned Stab","Blade Dance","Envenom","Envenom","Envenom","Envenom","Envenom","Hologram","ReplayTheSpireMod:Strike From Hell","Outmaneuver","TheCursedMod:CircleOfCorruption","hermit:Quickdraw","Hidden Blade","hermit:Glare","Replay:ManipulateFuture","Heavy Blade","hermit:Desperado","Defy Death","Madness","Madness"],"relics":["Ring of the Snake","Frozen Eye","Busted Crown","REME_ComplimentaryCards","Mango","Garlic","infinitespire:CheckeredPen","zeldaRelics:CourageTriforce","ReplayFunnel","ReplayTheSpireMod:ShopPack","Mummified Hand","ClockworkSouvenir","Replay:Wax Seal","conspire:SpecialSausage","REME_HourglassOfDeath","Frozen Egg 2","Replay:Bronze Core","Bag of Marbles","ReplayTheSpireMod:CursedCoin","Simple Rune","Turnip","zeldaRelics:WisdomTriforce","Tiny Chest","MutagenicStrength","zeldaRelics:PowerTriforce","Black Star","Thread and Needle","Bag of Preparation","zeldaRelics:PowerPiece","infinitespire:Broken Mirror","The Courier","Art of War","TwistedFunnel","Golden Egg","Nunchaku"],"acts_visited":["Exordium","TheCity","TheBeyond"],"potions_floor_usage":[],"damage_taken":[{"damage":0.0,"enemies":"2 Louse","floor":1.0,"turns":1.0},{"damage":0.0,"enemies":"Small Slimes","floor":5.0,"turns":1.0},{"damage":0.0,"enemies":"Gremlin Nob","floor":11.0,"turns":3.0},{"damage":0.0,"enemies":"Cultist","floor":12.0,"turns":1.0},{"damage":0.0,"enemies":"Looter","floor":14.0,"turns":1.0},{"damage":20.0,"enemies":"Slime Boss","floor":16.0,"turns":5.0},{"damage":0.0,"enemies":"2 Thieves","floor":18.0,"turns":1.0},{"damage":0.0,"enemies":"Chosen","floor":20.0,"turns":2.0},{"damage":0.0,"enemies":"Slavers","floor":25.0,"turns":1.0},{"damage":0.0,"enemies":"Snecko","floor":27.0,"turns":1.0},{"damage":45.0,"enemies":"Automaton","floor":33.0,"turns":3.0},{"damage":14.0,"enemies":"3 Shapes","floor":35.0,"turns":1.0},{"damage":0.0,"enemies":"Orb Walker","floor":38.0,"turns":1.0},{"damage":28.0,"enemies":"Nemesis","floor":40.0,"turns":3.0},{"damage":0.0,"enemies":"Maw","floor":44.0,"turns":2.0},{"damage":0.0,"enemies":"conspire:MimicChest","floor":46.0,"turns":1.0}],"seed_played":"-5143590237879399249","potions_obtained":[{"floor":5.0,"key":"SpeedPotion"},{"floor":11.0,"key":"REME_GoldPotion"},{"floor":16.0,"key":"Adrenaline Potion"},{"floor":37.0,"key":"Adrenaline Potion"}],"is_trial":true,"path_per_floor":["M","?","?","?","M","R","?","R","T","$","E","M","$","M","R","B",null,"M","T","M","?","AVR","R","$","E","T","M","T","?","?","T","R","B",null,"M","?","?","M","T","E","R","?","T","M","$","?","T"],"character_chosen":"THE_SILENT","items_purchased":["ReplayFunnel","ReplayTheSpireMod:ShopPack","ClockworkSouvenir","ReplayTheSpireMod:CursedCoin","Simple Rune","Turnip","Art of War","TwistedFunnel","Golden Egg"],"campfire_rested":6,"item_purchase_floors":[10,10,13,24,24,24,45,45,45],"current_hp_per_floor":[73,73,73,73,73,80,80,80,80,80,80,80,80,80,80,60,75,75,75,75,75,75,80,80,80,80,80,80,80,80,80,80,35,69,55,55,55,55,55,27,51,37,37,37,37,37,37,37],"gold":381,"neow_bonus":"","is_daily":false,"chose_seed":false,"campfire_upgraded":0,"win_rate":0.0,"timestamp":1609623335,"path_taken":["M","?","?","?","?","R","?","R","T","?","E","M","$","?","R","BOSS","M","?","?","?","AVR","R","?","E","T","?","?","?","?","?","R","BOSS","M","?","?","?","?","E","R","?","T","M","?","?","?"],"items_purchased_type":["Relic","Relic","Relic","Relic","Relic","Relic","Relic","Relic","Relic"],"build_version":"2020-12-22","purchased_purges":3,"victory":false,"max_hp_per_floor":[80,80,80,80,80,80,80,80,80,80,80,80,80,80,80,80,80,80,80,80,80,80,80,80,80,80,80,80,80,80,80,80,80,80,80,80,80,80,80,80,80,80,80,80,80,80,80,80],"relic_stats":{"Nunchaku":[0],"Busted Crown":34,"counters":[16,27],"Mummified Hand":[20],"Tiny Chest":3,"Turnip":[7],"Black Star":1,"Bag of Preparation":[6],"Art of War":[0],"obtain_stats":[{"ReplayFunnel":10,"TwistedFunnel":45,"Golden Egg":45,"Mango":0,"conspire:SpecialSausage":17,"Bag of Preparation":38,"zeldaRelics:WisdomTriforce":28,"ClockworkSouvenir":13,"Frozen Eye":0,"Nunchaku":46,"Mummified Hand":12,"Replay:Bronze Core":22,"Tiny Chest":27,"zeldaRelics:CouragePiece":9,"Replay:Wax Seal":14,"zeldaRelics:PowerPiece":31,"Ring of the Snake":0,"zeldaRelics:WisdomPiece":25,"ReplayTheSpireMod:CursedCoin":24,"Thread and Needle":35,"The Courier":44,"infinitespire:CheckeredPen":5,"zeldaRelics:PowerTriforce":40,"Frozen Egg 2":20,"zeldaRelics:CourageTriforce":19,"Busted Crown":0,"REME_HourglassOfDeath":18,"infinitespire:Broken Mirror":43,"MutagenicStrength":30,"Simple Rune":24,"Turnip":24,"Garlic":1,"Bag of Marbles":22,"Black Star":34,"Art of War":45,"REME_ComplimentaryCards":0,"ReplayTheSpireMod:ShopPack":10},{"ReplayFunnel":2,"TwistedFunnel":15,"Golden Egg":15,"Mango":0,"conspire:SpecialSausage":6,"Bag of Preparation":13,"zeldaRelics:WisdomTriforce":10,"ClockworkSouvenir":4,"Frozen Eye":0,"Nunchaku":16,"Mummified Hand":4,"Replay:Bronze Core":8,"Tiny Chest":10,"zeldaRelics:CouragePiece":2,"Replay:Wax Seal":5,"zeldaRelics:PowerPiece":10,"Ring of the Snake":0,"zeldaRelics:WisdomPiece":9,"ReplayTheSpireMod:CursedCoin":8,"Thread and Needle":12,"The Courier":15,"infinitespire:CheckeredPen":2,"zeldaRelics:PowerTriforce":14,"Frozen Egg 2":8,"zeldaRelics:CourageTriforce":7,"Busted Crown":0,"REME_HourglassOfDeath":7,"infinitespire:Broken Mirror":14,"MutagenicStrength":10,"Simple Rune":8,"Turnip":8,"Garlic":1,"Bag of Marbles":8,"Black Star":11,"Art of War":15,"REME_ComplimentaryCards":0,"ReplayTheSpireMod:ShopPack":2},{"ReplayFunnel":2,"TwistedFunnel":26,"Golden Egg":26,"Mango":0,"conspire:SpecialSausage":12,"Bag of Preparation":21,"zeldaRelics:WisdomTriforce":16,"ClockworkSouvenir":6,"Frozen Eye":0,"Nunchaku":27,"Mummified Hand":6,"Replay:Bronze Core":14,"Tiny Chest":16,"zeldaRelics:CouragePiece":2,"Replay:Wax Seal":7,"zeldaRelics:PowerPiece":16,"Ring of the Snake":0,"zeldaRelics:WisdomPiece":15,"ReplayTheSpireMod:CursedCoin":14,"Thread and Needle":20,"The Courier":26,"infinitespire:CheckeredPen":2,"zeldaRelics:PowerTriforce":24,"Frozen Egg 2":14,"zeldaRelics:CourageTriforce":13,"Busted Crown":0,"REME_HourglassOfDeath":13,"infinitespire:Broken Mirror":24,"MutagenicStrength":16,"Simple Rune":14,"Turnip":14,"Garlic":1,"Bag of Marbles":14,"Black Star":19,"Art of War":26,"REME_ComplimentaryCards":0,"ReplayTheSpireMod:ShopPack":2}],"Ring of the Snake":[32]},"card_choices":[],"player_experience":1510257,"relics_obtained":[{"floor":1.0,"key":"Garlic"},{"floor":5.0,"key":"infinitespire:CheckeredPen"},{"floor":9.0,"key":"zeldaRelics:CouragePiece"},{"floor":11.0,"key":"zeldaRelics:CouragePiece"},{"floor":12.0,"key":"Mummified Hand"},{"floor":14.0,"key":"Replay:Wax Seal"},{"floor":18.0,"key":"REME_HourglassOfDeath"},{"floor":19.0,"key":"zeldaRelics:CouragePiece"},{"floor":20.0,"key":"Frozen Egg 2"},{"floor":25.0,"key":"zeldaRelics:WisdomPiece"},{"floor":26.0,"key":"zeldaRelics:WisdomPiece"},{"floor":27.0,"key":"Tiny Chest"},{"floor":28.0,"key":"zeldaRelics:WisdomPiece"},{"floor":31.0,"key":"zeldaRelics:PowerPiece"},{"floor":35.0,"key":"Thread and Needle"},{"floor":38.0,"key":"Bag of Preparation"},{"floor":39.0,"key":"zeldaRelics:PowerPiece"},{"floor":40.0,"key":"zeldaRelics:PowerPiece"},{"floor":40.0,"key":"zeldaRelics:PowerPiece"},{"floor":43.0,"key":"infinitespire:Broken Mirror"},{"floor":44.0,"key":"The Courier"},{"floor":46.0,"key":"Nunchaku"}],"event_choices":[{"damage_healed":0.0,"max_hp_gain":0.0,"max_hp_loss":0.0,"gold_gain":0.0,"event_name":"conspire:LoneGhost","player_choice":"Agree","floor":3.0,"gold_loss":0.0,"damage_taken":0.0},{"damage_healed":0.0,"max_hp_gain":0.0,"max_hp_loss":0.0,"gold_gain":100.0,"event_name":"Wheel of Change","player_choice":"Gold","floor":4.0,"gold_loss":0.0,"damage_taken":0.0},{"damage_healed":0.0,"max_hp_gain":0.0,"max_hp_loss":0.0,"gold_gain":275.0,"event_name":"Golden Shrine","player_choice":"Desecrate","floor":21.0,"gold_loss":0.0,"damage_taken":0.0,"cards_obtained":["Regret"]},{"damage_healed":0.0,"max_hp_gain":0.0,"max_hp_loss":0.0,"gold_gain":0.0,"event_name":"Ghosts","player_choice":"Ignored","floor":29.0,"gold_loss":0.0,"damage_taken":0.0},{"damage_healed":0.0,"max_hp_gain":0.0,"max_hp_loss":0.0,"gold_gain":0.0,"event_name":"Drug Dealer","player_choice":"Inject Mutagens","floor":30.0,"gold_loss":0.0,"damage_taken":0.0,"relics_obtained":["MutagenicStrength"]},{"damage_healed":0.0,"max_hp_gain":0.0,"max_hp_loss":0.0,"gold_gain":0.0,"event_name":"SensoryStone","player_choice":"Memory 1","floor":36.0,"gold_loss":0.0,"damage_taken":0.0},{"damage_healed":0.0,"max_hp_gain":0.0,"max_hp_loss":0.0,"gold_gain":0.0,"event_name":"The Woman in Blue","player_choice":"Bought 3 Potions","floor":37.0,"gold_loss":0.0,"damage_taken":0.0},{"damage_healed":0.0,"max_hp_gain":0.0,"max_hp_loss":0.0,"gold_gain":0.0,"event_name":"Winding Halls","player_choice":"Embrace Madness","floor":42.0,"gold_loss":0.0,"damage_taken":14.0,"cards_obtained":["Madness","Madness"]}],"is_beta":false,"boss_relics":[{"not_picked":["Replay:Ancient Bell","REME_DuelDisc"],"picked":"conspire:SpecialSausage"},{"not_picked":["Tiny House","ReplayTheSpireMod:SealedPack"],"picked":"Black Star"}],"items_purged_floors":[22,24,45],"is_endless":false,"potions_floor_spawned":[5,11,16,18,20,35,38],"ascension_level":20}}