{"host":"6pgtslebjnyv5xmi","time":1609593874,"event":{"mods":["AchievementEnabler","BaseMod","Colored Map","Minty Spire (QoL Compilation)","Rare Cards Sparkle","StSLib","SuperFastMode","Td1madao Mod","everything is the same but u backflip on backflip"],"gold_per_floor":[366,21,21,39,51,51,51,69,69,102,102,102,28,39,39,39,39],"floor_reached":16,"playtime":511,"items_purged":[],"score":130,"play_id":"c6bf36e1-6809-4389-bf06-cbcc63965ad5","local_time":"20210102222434","is_ascension_mode":true,"campfire_choices":[{"data":"Buffer","floor":6,"key":"SMITH"},{"data":"Zap","floor":11,"key":"SMITH"},{"floor":15,"key":"REST"}],"circlet_count":0,"master_deck":["Strike_B+1","Strike_B","Strike_B+1","Defend_B","Defend_B","Defend_B","Defend_B","Zap+1","Dualcast+1","Chill","Buffer+1","Chill","Loop","Blizzard"],"relics":["Cracked Core","Runic Capacitor","Vajra","Bottled Lightning"],"acts_visited":["Exordium"],"potions_floor_usage":[16],"damage_taken":[{"damage":7,"enemies":"Jaw Worm","floor":1,"turns":3},{"damage":0,"enemies":"Cultist","floor":4,"turns":3},{"damage":0,"enemies":"Small Slimes","floor":5,"turns":4},{"damage":0,"enemies":"2 Fungi Beasts","floor":8,"turns":4},{"damage":6,"enemies":"Gremlin Nob","floor":10,"turns":5},{"damage":6,"enemies":"Blue Slaver","floor":14,"turns":3},{"damage":42,"enemies":"Hexaghost","floor":16,"turns":9}],"seed_played":"-1584036260103798987","potions_obtained":[{"floor":4,"key":"SteroidPotion"},{"floor":8,"key":"Explosive Potion"}],"is_trial":false,"path_per_floor":["M","$","?","M","M","R","?","M","T","E","R","?","$","M","R","B"],"character_chosen":"DEFECT","items_purchased":["Chill","Buffer","Runic Capacitor","Blizzard"],"campfire_rested":1,"item_purchase_floors":[2,2,2,13],"current_hp_per_floor":[43,43,28,28,28,28,28,28,28,22,22,22,22,16,38,0,0],"gold":39,"neow_bonus":"TWO_FIFTY_GOLD","is_daily":false,"chose_seed":false,"campfire_upgraded":2,"win_rate":0.0,"timestamp":1609593874,"path_taken":["M","$","?","M","M","R","?","?","T","E","R","?","$","M","R","BOSS"],"items_purchased_type":["Card","Card","Relic","Card"],"build_version":"2020-12-22","purchased_purges":0,"victory":false,"max_hp_per_floor":[75,75,75,75,75,75,75,75,75,75,75,75,75,75,75,75,75],"card_choices":[{"not_picked":["Sweeping Beam","Coolheaded","Steam Power"],"picked":"SKIP","floor":1},{"not_picked":["FTL","Redo","Turbo"],"picked":"SKIP","floor":4},{"not_picked":["Steam","Hologram","White Noise"],"picked":"SKIP","floor":5},{"not_picked":["Hologram","Hyperbeam"],"picked":"Chill","floor":8},{"not_picked":["Conserve Battery","Hello World"],"picked":"Loop","floor":10},{"not_picked":["Beam Cell","Steam","Turbo"],"picked":"SKIP","floor":14}],"player_experience":638207,"relics_obtained":[{"floor":9,"key":"Vajra"},{"floor":10,"key":"Bottled Lightning"}],"event_choices":[{"damage_healed":0,"gold_gain":0,"player_choice":"Entered Light","damage_taken":15,"max_hp_gain":0,"max_hp_loss":0,"event_name":"Shining Light","floor":3,"gold_loss":0,"cards_upgraded":["Strike_B","Strike_B"]},{"cards_removed":["Strike_B"],"damage_healed":0,"gold_gain":0,"player_choice":"Purged","damage_taken":0,"max_hp_gain":0,"max_hp_loss":0,"event_name":"Purifier","floor":7,"gold_loss":0},{"damage_healed":0,"gold_gain":0,"player_choice":"Grow","damage_taken":0,"max_hp_gain":0,"max_hp_loss":0,"event_name":"Living Wall","floor":12,"gold_loss":0,"cards_upgraded":["Dualcast"]}],"is_beta":false,"boss_relics":[],"items_purged_floors":[],"is_endless":false,"potions_floor_spawned":[4,8],"killed_by":"Hexaghost","ascension_level":6}}