{"host":"lg1piimdyocafd6j","time":1609609876,"event":{"mods":["AchievementEnabler","BaseMod","Better Third Choice","BetterRewards","Colored Map","Colored Powertips","Downfall","Minty Spire (QoL Compilation)","Quick Restart","Rare Cards Sparkle","Remove Card Discount Mod","Shop Mod","StSLib","SuperFastMode"],"gold_per_floor":[119,119,138,150,168,200,200,126,126,126,126,147,147,147,147,270,270,290,290,313,313,313,313,352,365,390,409,423,283,283,308,308,437,500,521,319,319,319,340,340,340,354,354,155,155,171,171,184,184,184,184,184,29,62,62,62],"floor_reached":55,"playtime":2660,"items_purged":["Strike_B","Strike_B","Strike_B","Strike_B","Dualcast","Zap","Sweeping Beam+1","Doom and Gloom","Doom and Gloom","Defend_B","Seek","Redo","Conserve Battery"],"score":662,"play_id":"74efb525-8e04-428d-9a4c-f7dca145f010","local_time":"20210102185116","is_ascension_mode":false,"campfire_choices":[{"data":"Darkness","floor":7.0,"key":"SMITH"},{"floor":13.0,"key":"REST"},{"data":"Redo","floor":15.0,"key":"SMITH"},{"floor":23.0,"key":"REST"},{"floor":30.0,"key":"REST"},{"floor":32.0,"key":"REST"},{"floor":40.0,"key":"RECALL"},{"data":"Conserve Battery","floor":45.0,"key":"SMITH"},{"floor":47.0,"key":"REST"},{"floor":49.0,"key":"REST"},{"data":"Redo","floor":52,"key":"SMITH"}],"circlet_count":0,"master_deck":["Darkness+1","Redo+1","Conserve Battery+1","Multi-Cast+1","Double Energy+1","Echo Form+1","Conserve Battery+1","Redo","Redo+1","Double Energy","Conserve Battery+1","Conserve Battery+1"],"relics":["Symbiotic Virus","Ornamental Fan","Golden Idol","Astrolabe","Nloth\u0027s Gift","Enchiridion","Kunai","Oddly Smooth Stone","Tiny House","PreservedInsect","Mercury Hourglass","Whetstone","Art of War","Nunchaku"],"acts_visited":["Exordium","TheCity","TheBeyond","TheEnding"],"potions_floor_usage":[54,55],"damage_taken":[{"damage":0.0,"enemies":"2 Louse","floor":1.0,"turns":2.0},{"damage":0.0,"enemies":"Cultist","floor":3.0,"turns":4.0},{"damage":0.0,"enemies":"Small Slimes","floor":4.0,"turns":2.0},{"damage":2.0,"enemies":"3 Louse","floor":5.0,"turns":4.0},{"damage":12.0,"enemies":"Lagavulin","floor":6.0,"turns":5.0},{"damage":0.0,"enemies":"Blue Slaver","floor":12.0,"turns":4.0},{"damage":13.0,"enemies":"Hexaghost","floor":16.0,"turns":7.0},{"damage":5.0,"enemies":"3 Byrds","floor":18.0,"turns":2.0},{"damage":10.0,"enemies":"Chosen","floor":20.0,"turns":4.0},{"damage":30.0,"enemies":"Gremlin Leader","floor":24.0,"turns":3.0},{"damage":1.0,"enemies":"Snecko","floor":25.0,"turns":5.0},{"damage":32.0,"enemies":"Shelled Parasite and Fungi","floor":27.0,"turns":3.0},{"damage":5.0,"enemies":"Cultist and Chosen","floor":28.0,"turns":5.0},{"damage":16.0,"enemies":"Centurion and Healer","floor":31.0,"turns":3.0},{"damage":9.0,"enemies":"Collector","floor":33.0,"turns":8.0},{"damage":0.0,"enemies":"Orb Walker","floor":35.0,"turns":4.0},{"damage":21.0,"enemies":"3 Darklings","floor":39.0,"turns":6.0},{"damage":23.0,"enemies":"4 Shapes","floor":42.0,"turns":4.0},{"damage":0.0,"enemies":"Transient","floor":46.0,"turns":5.0},{"damage":8.0,"enemies":"Spire Growth","floor":48.0,"turns":4.0},{"damage":31,"enemies":"Donu and Deca","floor":50,"turns":5},{"damage":25,"enemies":"Shield and Spear","floor":54,"turns":3},{"damage":69,"enemies":"The Heart","floor":55,"turns":3}],"seed_played":"1208133591365388243","potions_obtained":[{"floor":2.0,"key":"ColorlessPotion"},{"floor":2.0,"key":"PotionOfCapacity"},{"floor":3.0,"key":"AttackPotion"},{"floor":27.0,"key":"Block Potion"},{"floor":31.0,"key":"Weak Potion"},{"floor":33.0,"key":"ColorlessPotion"},{"floor":34.0,"key":"Swift Potion"}],"is_trial":false,"path_per_floor":["M","?","M","M","M","E","R","$","T","?","?","M","R","?","R","B",null,"M","?","M","?","?","R","E","M","T","M","M","$","R","M","R","B",null,"M","$","?","?","M","R","?","M","T","$","R","M","R","M","R","B",null,"R","$","E","B"],"character_chosen":"DEFECT","items_purchased":["Redo","Doom and Gloom","Darkness","Redo","Symbiotic Virus","Doom and Gloom","Conserve Battery","Seek","PreservedInsect","Block Potion","champ:CounterPotion","Whetstone","Art of War"],"campfire_rested":6,"item_purchase_floors":[0,0,0,0,0,8,29,29,36,36,44,44,53],"current_hp_per_floor":[75,75,75,75,73,61,61,61,61,61,43,43,65,70,70,57,80,75,75,65,65,49,73,43,42,42,10,5,5,29,13,37,28,85,85,85,81,81,60,60,60,37,37,37,37,37,61,53,77,46,81,81,81,56,0,0],"gold":62,"neow_bonus":"","is_daily":false,"chose_seed":false,"campfire_upgraded":4,"win_rate":0.0,"timestamp":1609609876,"path_taken":["M","?","?","M","M","E","R","$","T","?","?","M","R","?","R","BOSS","M","?","?","?","?","R","E","M","T","M","M","$","R","M","R","BOSS","M","$","?","?","M","R","?","M","T","$","R","M","R","?","R","BOSS","R","$","E","BOSS"],"items_purchased_type":["Card","Card","Card","Card","Relic","Card","Card","Card","Relic","Potion","Potion","Relic","Relic"],"build_version":"2020-12-22","purchased_purges":13,"victory":false,"max_hp_per_floor":[75,75,75,75,75,75,75,75,75,75,75,75,75,80,80,80,80,80,80,80,80,80,80,80,80,80,80,80,80,80,80,80,80,85,85,85,81,81,81,81,81,81,81,81,81,81,81,81,81,81,81,81,81,81,81,81],"card_choices":[{"not_picked":["Compile Driver","Tempest","Capacitor"],"picked":"SKIP","floor":1.0},{"not_picked":["Streamline","Ball Lightning"],"picked":"Conserve Battery","floor":3.0},{"not_picked":["Ball Lightning","Rebound","Stack"],"picked":"SKIP","floor":4.0},{"not_picked":["Force Field","Heatsinks","Steam"],"picked":"SKIP","floor":5.0},{"not_picked":["Chaos","Core Surge","Reprogram"],"picked":"SKIP","floor":6.0},{"not_picked":["Leap","Undo","Heatsinks"],"picked":"SKIP","floor":12.0},{"not_picked":["Meteor Strike","Amplify"],"picked":"Multi-Cast","floor":16.0},{"not_picked":["Genetic Algorithm","Beam Cell+1"],"picked":"Conserve Battery","floor":18.0},{"not_picked":["Barrage","Conserve Battery"],"picked":"Redo","floor":20.0},{"not_picked":["Coolheaded","Reboot"],"picked":"Redo","floor":24.0},{"not_picked":["Sunder","Steam Power","Defragment+1"],"picked":"SKIP","floor":25.0},{"not_picked":["Rebound+1","Force Field","Barrage"],"picked":"SKIP","floor":27.0},{"not_picked":["Tempest","Blizzard"],"picked":"Double Energy","floor":28.0},{"not_picked":["Ball Lightning","Doom and Gloom+1"],"picked":"Conserve Battery+1","floor":31.0},{"not_picked":["Steam","Gash+1","Steam Power"],"picked":"SKIP","floor":35.0},{"not_picked":["Barrage+1","Recycle","Rip and Tear"],"picked":"SKIP","floor":39.0},{"not_picked":["Hyperbeam","Sunder+1"],"picked":"Conserve Battery+1","floor":42.0},{"not_picked":["Machine Learning","Blizzard+1","White Noise+1"],"picked":"SKIP","floor":46.0},{"not_picked":["Turbo+1","Tempest+1","Go for the Eyes+1"],"picked":"SKIP","floor":48.0},{"not_picked":["Go for the Eyes","Machine Learning","Recycle+1"],"picked":"SKIP","floor":54}],"player_experience":98518,"relics_obtained":[{"floor":6.0,"key":"Ornamental Fan"},{"floor":22.0,"key":"Enchiridion"},{"floor":24.0,"key":"Kunai"},{"floor":26.0,"key":"Oddly Smooth Stone"},{"floor":43.0,"key":"Mercury Hourglass"},{"floor":54,"key":"Nunchaku"}],"event_choices":[{"damage_healed":0.0,"max_hp_gain":0.0,"max_hp_loss":0.0,"gold_gain":0.0,"event_name":"Lab","player_choice":"Got Potions","floor":2.0,"gold_loss":0.0,"damage_taken":0.0},{"damage_healed":0.0,"max_hp_gain":0.0,"max_hp_loss":0.0,"gold_gain":0.0,"event_name":"Living Wall","player_choice":"Grow","floor":10.0,"gold_loss":0.0,"damage_taken":0.0,"cards_upgraded":["Conserve Battery"]},{"damage_healed":0.0,"max_hp_gain":0.0,"max_hp_loss":0.0,"gold_gain":0.0,"event_name":"Golden Idol","player_choice":"Take Damage","floor":11.0,"gold_loss":0.0,"damage_taken":18.0,"relics_obtained":["Golden Idol"]},{"damage_healed":0.0,"max_hp_gain":5.0,"max_hp_loss":0.0,"gold_gain":0.0,"event_name":"Big Fish","player_choice":"Donut","floor":14.0,"gold_loss":0.0,"damage_taken":0.0},{"damage_healed":0.0,"max_hp_gain":0.0,"max_hp_loss":0.0,"gold_gain":0.0,"event_name":"N\u0027loth","player_choice":"Traded Relic","floor":19.0,"relics_lost":["Cracked Core"],"gold_loss":0.0,"damage_taken":0.0,"relics_obtained":["Nloth\u0027s Gift"]},{"damage_healed":0.0,"max_hp_gain":0.0,"max_hp_loss":0.0,"gold_gain":0.0,"event_name":"Beggar","player_choice":"Ignored","floor":21.0,"gold_loss":0.0,"damage_taken":0.0},{"damage_healed":0.0,"max_hp_gain":0.0,"max_hp_loss":0.0,"gold_gain":0.0,"event_name":"Cursed Tome","player_choice":"Obtained Book","floor":22.0,"gold_loss":0.0,"damage_taken":16.0},{"damage_healed":0.0,"max_hp_gain":0.0,"max_hp_loss":4.0,"gold_gain":0.0,"event_name":"Winding Halls","player_choice":"Max HP","floor":37.0,"gold_loss":0.0,"damage_taken":0.0},{"damage_healed":0.0,"max_hp_gain":0.0,"max_hp_loss":0.0,"gold_gain":0.0,"event_name":"SensoryStone","player_choice":"Memory 1","floor":38.0,"gold_loss":0.0,"damage_taken":0.0},{"damage_healed":0.0,"max_hp_gain":0.0,"max_hp_loss":0.0,"gold_gain":0.0,"event_name":"Purifier","player_choice":"Ignored","floor":41.0,"gold_loss":0.0,"damage_taken":0.0}],"is_beta":false,"boss_relics":[{"not_picked":["Cursed Key","Nuclear Battery"],"picked":"Astrolabe"},{"not_picked":["Busted Crown","Inserter"],"picked":"Tiny House"}],"items_purged_floors":[0,0,0,0,0,0,29,29,29,36,36,53,53],"is_endless":false,"potions_floor_spawned":[3,5,6,27,31,33,46],"killed_by":"The Heart","ascension_level":0}}