{"host":"6pgtslebjnyv5xmi","time":1609605832,"event":{"mods":["AchievementEnabler","BaseMod","Colored Map","Minty Spire (QoL Compilation)","Rare Cards Sparkle","StSLib","SuperFastMode","Td1madao Mod","everything is the same but u backflip on backflip"],"gold_per_floor":[115,115,290,565,582,582,606,606,606,631,631,485,516,530,530,530,530],"floor_reached":16,"playtime":508,"items_purged":["Regret"],"score":170,"play_id":"9f8c4263-c0f2-47f6-94e9-3272f18cc341","local_time":"20210103014352","is_ascension_mode":true,"campfire_choices":[{"floor":6.0,"key":"REST"},{"data":"Entrench","floor":8.0,"key":"SMITH"},{"floor":15,"key":"REST"}],"circlet_count":0,"master_deck":["AscendersBane","Strike_R","Strike_R","Strike_R","Strike_R","Strike_R","Defend_R","Defend_R","Defend_R","Defend_R","Bash","Clash","Regret","Doubt","Entrench+1","Offering","Spot Weakness","Dark Embrace","Body Slam"],"relics":["Burning Blood","Lizard Tail","Dream Catcher","MealTicket","Shuriken","Dead Branch","Pear"],"acts_visited":["Exordium"],"potions_floor_usage":[13],"damage_taken":[{"damage":11.0,"enemies":"Small Slimes","floor":1.0,"turns":5.0},{"damage":15.0,"enemies":"2 Louse","floor":5.0,"turns":5.0},{"damage":75.0,"enemies":"Gremlin Nob","floor":10.0,"turns":6.0},{"damage":43,"enemies":"3 Sentries","floor":13,"turns":8},{"damage":18,"enemies":"Cultist","floor":14,"turns":5},{"damage":42,"enemies":"The Guardian","floor":16,"turns":3}],"seed_played":"6769615485341137097","potions_obtained":[{"floor":10.0,"key":"Energy Potion"},{"floor":14,"key":"SmokeBomb"}],"is_trial":false,"path_per_floor":["M","?","?","?","M","R","T","R","T","E","?","$","E","M","R","B"],"character_chosen":"IRONCLAD","items_purchased":["Dark Embrace"],"campfire_rested":2,"item_purchase_floors":[12],"current_hp_per_floor":[67,67,67,67,58,72,72,72,72,42,42,57,30,18,42,0,0],"gold":530,"neow_bonus":"ONE_RARE_RELIC","is_daily":false,"chose_seed":false,"campfire_upgraded":1,"win_rate":0.0,"timestamp":1609605832,"path_taken":["M","?","?","?","?","R","?","R","T","E","?","$","E","M","R","BOSS"],"items_purchased_type":["Card"],"build_version":"2020-12-22","purchased_purges":1,"victory":false,"max_hp_per_floor":[72,72,72,72,72,72,72,72,72,72,72,72,82,82,82,82,82],"card_choices":[{"not_picked":["Headbutt","Pommel Strike"],"picked":"Clash","floor":1.0},{"not_picked":["Body Slam","Pommel Strike"],"picked":"Entrench","floor":5.0},{"not_picked":["Clash","True Grit"],"picked":"Offering","floor":6.0},{"not_picked":["Wild Strike","Shrug It Off"],"picked":"Spot Weakness","floor":10.0},{"not_picked":["Metallicize","Immolate"],"picked":"Body Slam","floor":13},{"not_picked":["True Grit","Iron Wave","Perfected Strike"],"picked":"SKIP","floor":14}],"player_experience":649830,"relics_obtained":[{"floor":7.0,"key":"MealTicket"},{"floor":9.0,"key":"Shuriken"},{"floor":10.0,"key":"Dead Branch"},{"floor":13,"key":"Pear"}],"event_choices":[{"damage_healed":0.0,"max_hp_gain":0.0,"max_hp_loss":0.0,"gold_gain":0.0,"event_name":"Big Fish","player_choice":"Box","floor":2.0,"gold_loss":0.0,"damage_taken":0.0,"relics_obtained":["Dream Catcher"],"cards_obtained":["Regret"]},{"damage_healed":0.0,"max_hp_gain":0.0,"max_hp_loss":0.0,"gold_gain":175.0,"event_name":"Liars Game","player_choice":"AGREE","floor":3.0,"gold_loss":0.0,"damage_taken":0.0,"cards_obtained":["Doubt"]},{"damage_healed":0.0,"max_hp_gain":0.0,"max_hp_loss":0.0,"gold_gain":275.0,"event_name":"Golden Shrine","player_choice":"Desecrate","floor":4.0,"gold_loss":0.0,"damage_taken":0.0,"cards_obtained":["Regret"]},{"damage_healed":0,"gold_gain":0,"player_choice":"Searched \u00270\u0027 times","damage_taken":0,"max_hp_gain":0,"max_hp_loss":0,"event_name":"Dead Adventurer","floor":11,"gold_loss":0}],"is_beta":false,"boss_relics":[],"items_purged_floors":[12],"is_endless":false,"potions_floor_spawned":[10,14],"killed_by":"The Guardian","ascension_level":12}}