{"host":"2820e8i2y38gm4bp","time":1609630838,"event":{"mods":["2.2 Compatiblity","Act Like it!","BaseMod","Better Note","BetterRewards","Downfall","Elementarium","GungeonMod","Hubris","Marisa????????","Minty Spire (QoL Compilation)","Rare Cards Sparkle","Replay The Spire","Shop Mod","StSLib","The Cursed","The Jungle"],"gold_per_floor":[113,123,123,123,134,134,149,160,160,160,176,206,223,276,276,376,376,388,400,6,6,26,58,58,58,58,58,75,91,109,119,134,134,134,134,134],"floor_reached":35,"playtime":2928,"items_purged":["Strike_MRS","ReplayTheSpireMod:Splinters"],"score":404,"play_id":"4283932b-ad11-4006-aeff-337b8e57ceca","local_time":"20210102184038","is_ascension_mode":true,"campfire_choices":[{"floor":6.0,"key":"REST"},{"data":"UltimateShortwave","floor":10.0,"key":"SMITH"},{"floor":15.0,"key":"REST"},{"floor":24.0,"key":"REST"},{"data":"BlazeAway","floor":27.0,"key":"SMITH"},{"floor":33.0,"key":"REST"}],"circlet_count":0,"master_deck":["Strike_MRS","Strike_MRS","Defend_MRS","Defend_MRS","Defend_MRS+1","Defend_MRS","MasterSpark+1","UpSweep","MilkyWay+1","DragonMeteor+1","MilkyWay","UltimateShortwave+1","Singularity","StarBarrage","MagicAbsorber","PowerUp","WitchLeyline+1","ShootingEcho","GasGiant","EscapeVelocity+1","CurseOfTheBell","BlazeAway+1","MachineGunSpark","EarthLightRay+1","ReplayTheSpireMod:Speed Training","IllusionStar","6A","FinalSpark","GalacticHalo+1","MachineGunSpark"],"relics":["MiniHakkero","hubris:Potato","Calipers","Mummified Hand","Snack Pack","PreservedInsect","Calling Bell","Bronze Scales","hubris:CrystalStatue","Peace Pipe","Guide Book","Ancient Tea Set","Replay:Bottled Eggs"],"acts_visited":["Exordium","TheCity","TheCity"],"potions_floor_usage":[],"damage_taken":[{"damage":0.0,"enemies":"2 Louse","floor":1.0,"turns":3.0},{"damage":1.0,"enemies":"Cultist","floor":2.0,"turns":3.0},{"damage":0.0,"enemies":"Small Slimes","floor":5.0,"turns":3.0},{"damage":0.0,"enemies":"Looter","floor":7.0,"turns":3.0},{"damage":1.0,"enemies":"Blue Slaver","floor":8.0,"turns":2.0},{"damage":0.0,"enemies":"3 Louse","floor":11.0,"turns":3.0},{"damage":27.0,"enemies":"Gremlin Nob","floor":12.0,"turns":5.0},{"damage":1.0,"enemies":"Exordium Wildlife","floor":13.0,"turns":3.0},{"damage":17.0,"enemies":"Slime Boss","floor":16.0,"turns":4.0},{"damage":13.0,"enemies":"Spheric Guardian","floor":18.0,"turns":4.0},{"damage":0.0,"enemies":"3 Byrds","floor":19.0,"turns":3.0},{"damage":25.0,"enemies":"Shelled Parasite and Fungi","floor":22.0,"turns":5.0},{"damage":18.0,"enemies":"Gremlin Leader","floor":23.0,"turns":4.0},{"damage":23.0,"enemies":"DemoMod:4_Bullet_Kins","floor":28.0,"turns":9.0},{"damage":14.0,"enemies":"DemoMod:2_Veteran_bullet_kins_and_red_shotgun_kin","floor":29.0,"turns":1.0},{"damage":29.0,"enemies":"DemoMod:Veteran_shot_gun_kin_and_blue_shotgun_kin_with_gunsinger","floor":30.0,"turns":3.0},{"damage":5.0,"enemies":"DemoMod:Veteran_shot_gun_kin_and_red_shotgun_kin_with_gunsinger","floor":31.0,"turns":3.0},{"damage":11.0,"enemies":"DemoMod:2_Mousers","floor":32.0,"turns":3.0},{"damage":47,"enemies":"DemoMod:ResourcefulRat","floor":35,"turns":5}],"seed_played":"-1132414065742335137","potions_obtained":[{"floor":11.0,"key":"SkillPotion"},{"floor":12.0,"key":"LifebloodPotion"},{"floor":13.0,"key":"AttackPotion"},{"floor":16.0,"key":"Milkshake"},{"floor":19.0,"key":"LiquidMemories"},{"floor":23.0,"key":"DemoMod:LeadSkinPotion"},{"floor":29.0,"key":"champ:CounterPotion"},{"floor":32.0,"key":"Weak Potion"}],"is_trial":false,"path_per_floor":["M","M","?","?","M","R","M","M","T","R","M","E","M","?","R","B",null,"M","M","$","?","M","E","R","?","T","R","M","M","M","M","M","R","B","B"],"character_chosen":"MARISA","items_purchased":["DemoMod:GnawedKey","hubris:Potato","Calipers","MilkyWay","Guide Book","Ancient Tea Set"],"campfire_rested":4,"item_purchase_floors":[0,0,0,0,20,20],"current_hp_per_floor":[41,40,27,27,27,46,46,45,45,45,45,18,19,19,38,25,65,52,54,54,54,29,13,32,32,65,65,48,40,19,22,17,36,36,0,0],"gold":134,"neow_bonus":"","is_daily":false,"chose_seed":false,"campfire_upgraded":2,"win_rate":0.0,"timestamp":1609630838,"path_taken":["M","M","?","?","?","R","M","M","T","R","M","E","M","?","R","BOSS","M","M","$","?","M","E","R","?","T","R","M","M","M","M","M","R","BOSS","BOSS"],"items_purchased_type":["Relic","Relic","Relic","Card","Relic","Relic"],"build_version":"2020-12-22","purchased_purges":2,"victory":false,"max_hp_per_floor":[65,65,65,65,65,65,65,65,65,65,65,65,65,65,65,65,65,65,65,65,65,65,65,65,65,65,65,65,65,65,65,65,65,65,65,65],"card_choices":[{"not_picked":["AsteroidBelt","GravityBeat"],"picked":"DragonMeteor","floor":1.0},{"not_picked":["DC","MysteriousBeam"],"picked":"MilkyWay","floor":2.0},{"not_picked":["SporeBomb","AbsoluteMagnitude"],"picked":"Singularity","floor":5.0},{"not_picked":["OrrerysSun","OneTimeOff"],"picked":"StarBarrage","floor":7.0},{"not_picked":["LuminesStrike","SporeBomb"],"picked":"MagicAbsorber","floor":8.0},{"not_picked":["Occultation","GalacticHalo"],"picked":"PowerUp","floor":11.0},{"not_picked":["DC","SporeBomb"],"picked":"WitchLeyline","floor":12.0},{"not_picked":["SuperNova","PropBag"],"picked":"ShootingEcho","floor":13.0},{"not_picked":["6A","PulseMagic"],"picked":"GasGiant","floor":14.0},{"not_picked":["JA","ManaRampage"],"picked":"EscapeVelocity","floor":16.0},{"not_picked":["WitchOfGreed+1","StarBarrage"],"picked":"BlazeAway","floor":18.0},{"not_picked":["OneTimeOff","MagicAbsorber","Acceleration"],"picked":"SKIP","floor":19.0},{"not_picked":["IllusionStar","AsteroidBelt"],"picked":"MachineGunSpark","floor":22.0},{"not_picked":["UnstableBomb","MagicChant+1"],"picked":"EarthLightRay+1","floor":23.0},{"not_picked":["GalacticHalo+1","GravityBeat+1"],"picked":"IllusionStar","floor":28.0},{"not_picked":["EventHorizon+1","OneTimeOff+1"],"picked":"6A","floor":29.0},{"not_picked":["OortCloud+1","StarlightTyphoon+1"],"picked":"FinalSpark","floor":30.0},{"not_picked":["UnstableBomb+1","PropBag"],"picked":"GalacticHalo+1","floor":31.0},{"not_picked":["WitchOfGreed","StarlightTyphoon"],"picked":"MachineGunSpark","floor":32.0}],"player_experience":517049,"relics_obtained":[{"floor":9.0,"key":"Mummified Hand"},{"floor":12.0,"key":"Snack Pack"},{"floor":14.0,"key":"PreservedInsect"},{"floor":17.0,"key":"Bronze Scales"},{"floor":17.0,"key":"hubris:CrystalStatue"},{"floor":17.0,"key":"Peace Pipe"},{"floor":23.0,"key":"Replay:Bottled Eggs"}],"event_choices":[{"damage_healed":0.0,"max_hp_gain":0.0,"max_hp_loss":0.0,"gold_gain":0.0,"event_name":"Shining Light","player_choice":"Entered Light","floor":3.0,"gold_loss":0.0,"damage_taken":13.0,"cards_upgraded":["Defend_MRS","MasterSpark"]},{"damage_healed":0.0,"max_hp_gain":0.0,"max_hp_loss":0.0,"gold_gain":0.0,"cards_transformed":["Strike_MRS"],"event_name":"Transmorgrifier","player_choice":"Transformed","floor":4.0,"gold_loss":0.0,"damage_taken":0.0,"cards_obtained":["UltimateShortwave"]},{"damage_healed":0.0,"max_hp_gain":0.0,"max_hp_loss":0.0,"gold_gain":0.0,"event_name":"Accursed Blacksmith","player_choice":"Forge","floor":21.0,"gold_loss":0.0,"damage_taken":0.0,"cards_upgraded":["MilkyWay"]},{"cards_removed":["Strike_MRS"],"damage_healed":0.0,"max_hp_gain":0.0,"max_hp_loss":0.0,"gold_gain":0.0,"event_name":"betterNote:BetterNote","player_choice":"Take \u0026 Give","floor":25.0,"gold_loss":0.0,"damage_taken":0.0,"cards_obtained":["ReplayTheSpireMod:Speed Training"]}],"is_beta":false,"boss_relics":[{"not_picked":["hubris:VirtuousBlindfold","Ectoplasm"],"picked":"Calling Bell"}],"items_purged_floors":[0,20],"is_endless":false,"potions_floor_spawned":[11,12,13,16,19,23,29,32],"killed_by":"DemoMod:ResourcefulRat","ascension_level":1}}