{"host":"p5axfb00mxhraew6","time":1609587752,"event":{"mods":["Abigail Mod","Act Like it!","BaseMod","CapriCore","Friendly Minions","GifTheSpireLib","Jedi Mod","KomeijiMod","MarisaÅiñ∂âJÅ@ñÇóùçπÅj","Minty Spire (QoL Compilation)","Prisma Mod","ReimuÅiîé??öÎÅj","RemiliaÅiÂQïƒ‰ª?Åj","SOSÅiézîb?îVéqÅj","StSLib","Td1madao Mod","The Alterego","The Immortal","The Problem Sleuth","Yakumo Yukari mod"],"gold_per_floor":[111,131,131,131,152,152,187,187,187,208,248,271,307,4,4,102,102,115,214,230,245,266,307,307,342,342,342,342,342,14,14,14,112,112,137,196,196,529,163,188,188,204,230,230,243,243,243,239,239,239,239,239,35,60,60],"floor_reached":56,"playtime":2939,"items_purged":["alterego_mod:Strike","alterego_mod:Lift","alterego_mod:Strike"],"score":2254,"play_id":"1f3064cf-694c-4998-b39e-f283e6c7c416","local_time":"20210102204232","is_ascension_mode":true,"campfire_choices":[{"data":"alterego_mod:BigMeatyClaws","floor":6,"key":"SMITH"},{"data":"alterego_mod:TrashNCrash","floor":8,"key":"SMITH"},{"data":"alterego_mod:Nekomimi","floor":15,"key":"SMITH"},{"data":"alterego_mod:BreastValley","floor":24,"key":"SMITH"},{"data":"alterego_mod:RidiculouslyBig","floor":29,"key":"SMITH"},{"data":"alterego_mod:DiscoLights","floor":32,"key":"SMITH"},{"data":"alterego_mod:Venus","floor":41,"key":"SMITH"},{"floor":44,"key":"RECALL"},{"data":"alterego_mod:TrashNCrash","floor":49,"key":"SMITH"},{"data":"alterego_mod:IdEs","floor":52,"key":"SMITH"}],"circlet_count":0,"master_deck":["alterego_mod:Strike+1","alterego_mod:Defend","alterego_mod:Defend","alterego_mod:Defend","alterego_mod:Defend","alterego_mod:BigMeatyClaws+1","alterego_mod:BrynhildrsRune","alterego_mod:GoddessCore","alterego_mod:BreastValley+1","alterego_mod:BrynhildrRomantia","alterego_mod:TrashNCrash+1","alterego_mod:BiFurious","alterego_mod:RidiculouslyBig","alterego_mod:1TonWallop+1","alterego_mod:Nekomimi+1","alterego_mod:1TonWallop","alterego_mod:Cushion+1","alterego_mod:DiscoLights+1","alterego_mod:RidiculouslyBig+1","alterego_mod:Birthday","VanishingEverything+1","alterego_mod:SakuraFive","alterego_mod:IdEs+1","alterego_mod:MagicResistance","alterego_mod:Rake","alterego_mod:Venus+1","alterego_mod:TrashNCrash+1","alterego_mod:Cushion","alterego_mod:SakuraFive"],"relics":["alterego_mod:MasochisticConstitution","Incense Burner","PureWhite:ReiMu","Bottled Tornado","Pantograph","Centennial Puzzle","Coffee Dripper","Whetstone","Orichalcum","Dead Branch","Juzu Bracelet","RedLine:ReiMu","CatCart","Smiling Mask","RuthlessExorcism:ReiMu","Toy Ornithopter","Lizard Tail"],"acts_visited":["Exordium","TheCity","TheBeyond","TheEnding"],"potions_floor_usage":[7,16,23,55,55],"damage_taken":[{"damage":6,"enemies":"Cultist","floor":1,"turns":5},{"damage":6,"enemies":"Jaw Worm","floor":2,"turns":7},{"damage":6,"enemies":"Small Slimes","floor":5,"turns":4},{"damage":0,"enemies":"Gremlin Nob","floor":7,"turns":2},{"damage":10,"enemies":"Exordium Wildlife","floor":10,"turns":4},{"damage":1,"enemies":"Lagavulin","floor":11,"turns":3},{"damage":0,"enemies":"Exordium Thugs","floor":12,"turns":3},{"damage":0,"enemies":"Gremlin Nob","floor":13,"turns":3},{"damage":11,"enemies":"The Guardian","floor":16,"turns":8},{"damage":9,"enemies":"3 Byrds","floor":18,"turns":4},{"damage":4,"enemies":"Chosen","floor":20,"turns":6},{"damage":0,"enemies":"Centurion and Healer","floor":21,"turns":6},{"damage":3,"enemies":"Cultist and Chosen","floor":22,"turns":6},{"damage":0,"enemies":"Book of Stabbing","floor":23,"turns":4},{"damage":4,"enemies":"Slavers","floor":25,"turns":4},{"damage":0,"enemies":"Collector","floor":33,"turns":8},{"damage":8,"enemies":"3 Darklings","floor":35,"turns":6},{"damage":0,"enemies":"Orin","floor":36,"turns":5},{"damage":0,"enemies":"Nemesis","floor":40,"turns":5},{"damage":0,"enemies":"Orb Walker","floor":42,"turns":3},{"damage":0,"enemies":"Jaw Worm Horde","floor":45,"turns":3},{"damage":10,"enemies":"Giant Head","floor":48,"turns":7},{"damage":0,"enemies":"Donu and Deca","floor":50,"turns":9},{"damage":5,"enemies":"Shield and Spear","floor":54,"turns":6},{"damage":12,"enemies":"The Heart","floor":55,"turns":9}],"seed_played":"-8805164281153772993","potions_obtained":[{"floor":2,"key":"ZuzhouPotion:ReiMu"},{"floor":5,"key":"FearPotion"},{"floor":12,"key":"Dexterity Potion"},{"floor":13,"key":"LiquidMemories"},{"floor":16,"key":"Ancient Potion"},{"floor":18,"key":"Regen Potion"},{"floor":21,"key":"DuplicationPotion"},{"floor":25,"key":"ColorlessPotion"},{"floor":33,"key":"Dexterity Potion"},{"floor":36,"key":"RedTea"}],"is_trial":false,"path_per_floor":["M","M","?","?","M","R","E","R","T","M","E","M","E","$","R","B",null,"M","?","M","M","M","E","R","E","T","?","?","R","$","?","R","B",null,"M","?","?","?","$","E","R","M","T","R","M","?","?","E","R","B",null,"R","$","E","B",null],"character_chosen":"The_Alterego","items_purchased":["alterego_mod:Nekomimi","Centennial Puzzle","alterego_mod:SakuraFive","Juzu Bracelet","alterego_mod:Rake","alterego_mod:Venus","alterego_mod:TrashNCrash","Toy Ornithopter"],"campfire_rested":0,"item_purchase_floors":[14,14,30,30,39,39,39,53],"current_hp_per_floor":[65,60,60,60,62,62,67,67,67,64,70,70,69,69,69,66,68,70,70,73,75,76,76,76,73,73,73,73,73,73,73,73,77,77,74,78,78,78,78,78,78,78,78,78,81,81,81,72,72,82,82,82,82,83,83],"gold":60,"neow_bonus":"REMOVE_CARD","is_daily":false,"chose_seed":false,"campfire_upgraded":9,"win_rate":0.0,"timestamp":1609587752,"path_taken":["M","?","?","?","?","R","E","R","T","M","E","M","E","$","R","BOSS","M","?","M","M","M","E","R","E","T","?","?","R","$","?","R","BOSS","M","?","?","?","$","E","R","M","T","R","M","?","?","E","R","BOSS","R","$","E","BOSS"],"items_purchased_type":["Card","Relic","Card","Relic","Card","Card","Card","Relic"],"build_version":"2020-12-22","purchased_purges":3,"victory":true,"max_hp_per_floor":[71,72,72,67,68,68,67,67,67,66,70,70,69,69,69,69,69,72,72,73,75,76,76,76,77,77,77,77,77,77,77,77,77,77,78,78,78,78,78,78,78,78,78,78,81,81,81,82,82,82,82,82,82,83,84],"card_choices":[{"not_picked":["alterego_mod:Pet","alterego_mod:DiscoLights"],"picked":"alterego_mod:GoddessCore","floor":1},{"not_picked":["alterego_mod:Bunnysuit","alterego_mod:Cycle"],"picked":"alterego_mod:BreastValley","floor":2},{"not_picked":["alterego_mod:PerceptionDisorder","alterego_mod:Valentines"],"picked":"alterego_mod:BrynhildrRomantia","floor":5},{"not_picked":["alterego_mod:DestructionOfProperty","alterego_mod:BusterCard"],"picked":"alterego_mod:TrashNCrash","floor":7},{"not_picked":["alterego_mod:Mirror","alterego_mod:BustOut"],"picked":"alterego_mod:BiFurious","floor":10},{"not_picked":["alterego_mod:Skirt","alterego_mod:ChallengeComplete"],"picked":"alterego_mod:RidiculouslyBig","floor":11},{"not_picked":["alterego_mod:GoddessCore","alterego_mod:Bounce"],"picked":"alterego_mod:1TonWallop","floor":12},{"not_picked":["alterego_mod:BiFurious","alterego_mod:Mirror"],"picked":"alterego_mod:Belle","floor":13},{"not_picked":["alterego_mod:VirginLaserPalladion","alterego_mod:Weigh"],"picked":"alterego_mod:Lift","floor":16},{"not_picked":["alterego_mod:SuperDuperMasochism","alterego_mod:RocketPunch"],"picked":"alterego_mod:1TonWallop","floor":18},{"not_picked":["alterego_mod:PerceptionDisorder","alterego_mod:BiFurious"],"picked":"alterego_mod:Cushion+1","floor":20},{"not_picked":["alterego_mod:DeftHands","alterego_mod:TrashNCrash","alterego_mod:BusterCard"],"picked":"SKIP","floor":21},{"not_picked":["alterego_mod:Palingenesis","alterego_mod:MagicResistance"],"picked":"alterego_mod:DiscoLights","floor":22},{"not_picked":["alterego_mod:Table+1","alterego_mod:SuperDuperMasochism"],"picked":"alterego_mod:RidiculouslyBig","floor":23},{"not_picked":["alterego_mod:TrashNCrash","alterego_mod:GoddessCore"],"picked":"alterego_mod:Birthday","floor":25},{"not_picked":["alterego_mod:Antipathy","alterego_mod:BrynhildrRomantia"],"picked":"alterego_mod:IdEs","floor":33},{"not_picked":["alterego_mod:Complex","alterego_mod:Cycle"],"picked":"alterego_mod:MagicResistance","floor":35},{"not_picked":["alterego_mod:DiscoLights","alterego_mod:Undulate"],"picked":"alterego_mod:Cushion","floor":40},{"not_picked":["alterego_mod:IndependentAction","alterego_mod:PerceptionDisorder","alterego_mod:Table"],"picked":"SKIP","floor":42},{"not_picked":["alterego_mod:Collar","alterego_mod:Mirror"],"picked":"alterego_mod:SakuraFive","floor":45},{"not_picked":["alterego_mod:RocketPunch","alterego_mod:Clap+1","alterego_mod:Cooking"],"picked":"SKIP","floor":48},{"not_picked":["alterego_mod:Rip","alterego_mod:Bloomers+1","alterego_mod:Maid"],"picked":"SKIP","floor":54}],"player_experience":1186654,"relics_obtained":[{"floor":7,"key":"Incense Burner"},{"floor":9,"key":"PureWhite:ReiMu"},{"floor":11,"key":"Bottled Tornado"},{"floor":13,"key":"Pantograph"},{"floor":23,"key":"Whetstone"},{"floor":25,"key":"Orichalcum"},{"floor":26,"key":"Dead Branch"},{"floor":36,"key":"CatCart"},{"floor":40,"key":"Smiling Mask"},{"floor":48,"key":"RuthlessExorcism:ReiMu"},{"floor":54,"key":"Lizard Tail"}],"event_choices":[{"damage_healed":0,"gold_gain":0,"player_choice":"Lose Max HP","damage_taken":0,"relics_obtained":["Golden Idol"],"max_hp_gain":0,"max_hp_loss":5,"event_name":"Golden Idol","floor":4,"gold_loss":0},{"damage_healed":0,"gold_gain":99,"player_choice":"Stole From Cult","damage_taken":0,"max_hp_gain":0,"max_hp_loss":0,"event_name":"Nest","floor":19,"gold_loss":0},{"damage_healed":0,"gold_gain":0,"player_choice":"Ignored","damage_taken":0,"max_hp_gain":0,"max_hp_loss":0,"event_name":"Ghosts","floor":27,"gold_loss":0},{"cards_removed":["alterego_mod:Strike"],"damage_healed":0,"gold_gain":0,"player_choice":"Purged","damage_taken":0,"max_hp_gain":0,"max_hp_loss":0,"event_name":"Purifier","floor":31,"gold_loss":0},{"damage_healed":0,"gold_gain":0,"player_choice":"Fight","damage_taken":0,"max_hp_gain":0,"max_hp_loss":0,"event_name":"OrinTheCat","floor":36,"gold_loss":0},{"damage_healed":0,"gold_gain":0,"player_choice":"Ignored","damage_taken":0,"max_hp_gain":0,"max_hp_loss":0,"event_name":"SecretPortal","floor":37,"gold_loss":0},{"damage_healed":0,"gold_gain":333,"player_choice":"Gave Idol","damage_taken":0,"max_hp_gain":0,"max_hp_loss":0,"event_name":"The Moai Head","floor":38,"relics_lost":["Golden Idol"],"gold_loss":0},{"damage_healed":0,"gold_gain":0,"player_choice":"Got Potions","damage_taken":0,"max_hp_gain":0,"max_hp_loss":0,"event_name":"Lab","floor":46,"gold_loss":0},{"damage_healed":0,"gold_gain":0,"player_choice":"Ignored","damage_taken":0,"max_hp_gain":0,"max_hp_loss":0,"event_name":"Tomb of Lord Red Mask","floor":47,"gold_loss":0}],"is_beta":false,"boss_relics":[{"not_picked":["Sozu","jedi:battlestandard"],"picked":"Coffee Dripper"},{"not_picked":["Pandora\u0027s Box","Tiny House"],"picked":"RedLine:ReiMu"}],"items_purged_floors":[14,30,53],"is_endless":false,"potions_floor_spawned":[2,5,12,13,16,18,21,25,33,36,42,45],"ascension_level":13}}