{"host":"2461dio7vetlq1z3","time":1609629425,"event":{"mods":["2.2 Compatiblity","AchievementEnabler","Aspiration","BaseMod","Better Third Choice","Friendly Minions","Hubris","Minty Spire (QoL Compilation)","Relic Stats","Replay The Spire","Spicy Shops","StSLib","Waifu the Spire"],"gold_per_floor":[16,16,16,32,49,83,83,133,133,159,7,27,27,27,27,27,27],"floor_reached":16,"playtime":500,"items_purged":["Strike_B"],"score":266,"play_id":"2d846075-8337-44f3-bee6-13b95e47d762","local_time":"20210103001705","is_ascension_mode":true,"campfire_choices":[{"data":"Biased Cognition","floor":7,"key":"SMITH"},{"floor":13,"key":"REST"},{"data":"BasicCrystalCard","floor":15,"key":"SMITH"}],"circlet_count":0,"master_deck":["AscendersBane","Strike_B","Strike_B","Defend_B","Defend_B","Defend_B","Zap","Dualcast","Barrage","Sunder+1","Conserve Battery","BasicCrystalCard+1","Biased Cognition+1","Genetic Algorithm","hubris:PowerSurge","Panic Button"],"relics":["Cracked Core","aspiration:MysteriousAuxiliaryCore","Ornamental Fan","aspiration:HummingbirdHeart","Replay:Rubber Ducky"],"acts_visited":["Exordium"],"potions_floor_usage":[6,16],"damage_taken":[{"damage":2,"enemies":"Jaw Worm","floor":1,"turns":3},{"damage":7,"enemies":"2 Louse","floor":4,"turns":2},{"damage":0,"enemies":"Cultist","floor":5,"turns":3},{"damage":0,"enemies":"Gremlin Nob","floor":6,"turns":3},{"damage":33,"enemies":"Lagavulin","floor":10,"turns":5},{"damage":0,"enemies":"Exordium Wildlife","floor":12,"turns":3},{"damage":26,"enemies":"Fading Forest","floor":16,"turns":8}],"seed_played":"-2241194701877123030","potions_obtained":[{"floor":3,"key":"Flashbang"},{"floor":3,"key":"PotionOfCapacity"}],"is_trial":false,"path_per_floor":["M","?","?","M","M","E","R","?","T","E","$","M","R","?","R","B"],"character_chosen":"DEFECT","items_purchased":["hubris:PowerSurge"],"campfire_rested":1,"item_purchase_floors":[11],"current_hp_per_floor":[62,62,62,55,55,55,55,55,55,22,22,22,43,36,36,22,22],"gold":27,"neow_bonus":"ONE_RARE_RELIC","is_daily":false,"chose_seed":false,"campfire_upgraded":2,"win_rate":0.0,"timestamp":1609629425,"path_taken":["M","?","?","M","?","E","R","?","T","E","?","M","R","?","R","BOSS"],"items_purchased_type":["Card"],"build_version":"2020-12-22","purchased_purges":1,"victory":false,"max_hp_per_floor":[71,71,71,71,71,71,71,71,71,71,71,71,71,71,71,71,71],"relic_stats":{"counters":[7,27],"Ornamental Fan":[0],"obtain_stats":[{"Ornamental Fan":6,"aspiration:HummingbirdHeart":9,"aspiration:MysteriousAuxiliaryCore":0,"Cracked Core":0,"Replay:Rubber Ducky":10},{"Ornamental Fan":4,"aspiration:HummingbirdHeart":4,"aspiration:MysteriousAuxiliaryCore":0,"Cracked Core":0,"Replay:Rubber Ducky":5},{"Ornamental Fan":11,"aspiration:HummingbirdHeart":11,"aspiration:MysteriousAuxiliaryCore":0,"Cracked Core":0,"Replay:Rubber Ducky":16}]},"card_choices":[{"not_picked":["Rebound","Stack"],"picked":"Barrage","floor":1},{"not_picked":["Coolheaded","Streamline"],"picked":"Conserve Battery","floor":4},{"not_picked":["ReplayGash","Stack"],"picked":"BasicCrystalCard","floor":5},{"not_picked":["BasicCrystalCard","Sweeping Beam"],"picked":"Biased Cognition","floor":6},{"not_picked":["Stack","BasicCrystalCard"],"picked":"Genetic Algorithm","floor":10},{"not_picked":["Gash","ReplayTheSpireMod:Reroute Power"],"picked":"Panic Button","floor":12}],"player_experience":1028243,"relics_obtained":[{"floor":6,"key":"Ornamental Fan"},{"floor":9,"key":"aspiration:HummingbirdHeart"},{"floor":10,"key":"Replay:Rubber Ducky"}],"event_choices":[{"damage_healed":0,"gold_gain":0,"player_choice":"Got Potions","damage_taken":0,"max_hp_gain":0,"max_hp_loss":0,"event_name":"Lab","floor":3,"gold_loss":0},{"damage_healed":0,"gold_gain":50,"player_choice":"Pray","damage_taken":0,"max_hp_gain":0,"max_hp_loss":0,"event_name":"Golden Shrine","floor":8,"gold_loss":0},{"cards_removed":["Strike_B"],"damage_healed":0,"gold_gain":0,"player_choice":"Card Removal","damage_taken":7,"max_hp_gain":0,"max_hp_loss":0,"event_name":"Golden Wing","floor":14,"gold_loss":0}],"is_beta":false,"boss_relics":[],"items_purged_floors":[11],"is_endless":false,"potions_floor_spawned":[4,5],"killed_by":"Fading Forest","ascension_level":20}}