{"host":"usrgk25etjl0nf5i","time":1609618456,"event":{"mods":["2.2 Compatiblity","BaseMod","Downfall","Hubris","Minty Spire (QoL Compilation)","StSLib","SuperFastMode"],"gold_per_floor":[20,20,95,109,124,150,325,355,355,355,27,56,56,74,74,176,176,186,186,12,12,30,62,62,72,99,18,37,37,50,61,61,160,160,175,175,175],"floor_reached":36,"playtime":1430,"items_purged":["Doubt"],"score":596,"play_id":"c6564e18-b2f8-42ae-b7fa-768c6a8c321c","local_time":"20210102121416","is_ascension_mode":true,"campfire_choices":[{"floor":10,"key":"REST"},{"floor":15,"key":"REST"},{"data":"Apotheosis","floor":24,"key":"SMITH"},{"floor":32,"key":"REST"}],"circlet_count":0,"master_deck":["Strike_P","Strike_P","Strike_P","Strike_P","Defend_P","Defend_P","Eruption","Vigilance","DevaForm","Evaluate","ForeignInfluence","BowlingBash","Consecrate","FlyingSleeves","EmptyMind","FollowUp","WheelKick","ConjureBlade","FlurryOfBlows","Apotheosis+1","FlurryOfBlows","FlyingSleeves","ClearTheMind","Study","FlurryOfBlows","DeceiveReality+1","BattleHymn","Meditate+1"],"relics":["HolyWater","Boot","Potion Belt","hubris:Metronome","Mummified Hand","MealTicket","expansioncontent:StudyCardRelic","MutagenicStrength","PreservedInsect","hexamod:BolsterEngine","Blood Vial"],"acts_visited":["Exordium","TheCity","TheBeyond"],"potions_floor_usage":[8,36,36],"damage_taken":[{"damage":7,"enemies":"Jaw Worm","floor":1,"turns":3},{"damage":0,"enemies":"Small Slimes","floor":4,"turns":2},{"damage":0,"enemies":"2 Louse","floor":5,"turns":1},{"damage":22,"enemies":"3 Sentries","floor":6,"turns":6},{"damage":19,"enemies":"Lagavulin","floor":8,"turns":9},{"damage":31,"enemies":"3 Sentries","floor":12,"turns":6},{"damage":0,"enemies":"2 Fungi Beasts","floor":14,"turns":1},{"damage":31,"enemies":"The Guardian","floor":16,"turns":8},{"damage":0,"enemies":"Chosen","floor":18,"turns":4},{"damage":9,"enemies":"2 Thieves","floor":22,"turns":3},{"damage":0,"enemies":"Gremlin Leader","floor":23,"turns":3},{"damage":0,"enemies":"Sentry and Sphere","floor":25,"turns":2},{"damage":8,"enemies":"Shelled Parasite and Fungi","floor":28,"turns":3},{"damage":32,"enemies":"Snake Plant","floor":30,"turns":3},{"damage":6,"enemies":"Cultist and Chosen","floor":31,"turns":5},{"damage":0,"enemies":"Automaton","floor":33,"turns":5},{"damage":21,"enemies":"3 Shapes","floor":35,"turns":6},{"damage":52,"enemies":"Mind Bloom Boss Battle","floor":36,"turns":5}],"seed_played":"-589710940447188730","potions_obtained":[{"floor":6,"key":"Block Potion"},{"floor":8,"key":"Energy Potion"},{"floor":12,"key":"FairyPotion"},{"floor":23,"key":"champ:CounterPotion"},{"floor":28,"key":"Dexterity Potion"},{"floor":35,"key":"Guardian:BlockOnCardUsePotion"}],"is_trial":false,"path_per_floor":["M","?","?","M","M","E","?","E","T","R","$","E","?","M","R","B",null,"M","?","$","?","M","E","R","M","T","$","M","?","M","M","R","B",null,"M","?"],"character_chosen":"WATCHER","items_purchased":["Mummified Hand","Apotheosis","Study"],"campfire_rested":3,"item_purchase_floors":[11,20,27],"current_hp_per_floor":[65,65,54,54,54,32,32,13,13,34,34,3,3,3,24,14,58,58,58,72,72,63,63,63,63,63,72,64,64,34,30,51,53,67,48,0,0],"gold":175,"neow_bonus":"THREE_RARE_CARDS","is_daily":false,"chose_seed":false,"campfire_upgraded":1,"win_rate":0.0,"timestamp":1609618456,"path_taken":["M","?","?","M","M","E","?","E","T","R","$","E","?","M","R","BOSS","M","?","$","?","?","E","R","M","T","?","M","?","M","?","R","BOSS","M","?"],"items_purchased_type":["Relic","Card","Card"],"build_version":"2020-12-22","purchased_purges":1,"victory":false,"max_hp_per_floor":[72,72,72,72,72,72,72,72,72,72,72,72,72,72,72,72,72,72,72,72,72,72,72,72,72,72,72,72,72,72,72,72,72,72,72,72,72],"card_choices":[{"not_picked":["ConjureBlade","Brilliance"],"picked":"DevaForm","floor":0},{"not_picked":["ClearTheMind","Nirvana"],"picked":"Evaluate","floor":1},{"not_picked":["Wireheading","Tantrum"],"picked":"BowlingBash","floor":4},{"not_picked":["BowlingBash","CrushJoints"],"picked":"Consecrate","floor":5},{"not_picked":["Consecrate","BowlingBash"],"picked":"FlyingSleeves","floor":6},{"not_picked":["PathToVictory","WaveOfTheHand"],"picked":"EmptyMind","floor":8},{"not_picked":["CrushJoints","Halt"],"picked":"FollowUp","floor":12},{"not_picked":["Swivel","Conclude"],"picked":"WheelKick","floor":14},{"not_picked":["LessonLearned","DevaForm"],"picked":"ConjureBlade","floor":16},{"not_picked":["Halt","Crescendo"],"picked":"FlurryOfBlows","floor":18},{"not_picked":["BowlingBash","EmptyBody"],"picked":"FlurryOfBlows","floor":22},{"not_picked":["Brilliance","Tantrum"],"picked":"FlyingSleeves","floor":23},{"not_picked":["SashWhip+1","JustLucky"],"picked":"ClearTheMind","floor":25},{"not_picked":["FollowUp","Consecrate"],"picked":"FlurryOfBlows","floor":28},{"not_picked":["CutThroughFate","FlyingSleeves"],"picked":"DeceiveReality+1","floor":30},{"not_picked":["DeceiveReality","Blasphemy"],"picked":"BattleHymn","floor":31},{"not_picked":["JustLucky+1","SandsOfTime"],"picked":"Meditate+1","floor":35}],"player_experience":611942,"relics_obtained":[{"floor":6,"key":"Boot"},{"floor":8,"key":"Potion Belt"},{"floor":9,"key":"hubris:Metronome"},{"floor":12,"key":"MealTicket"},{"floor":23,"key":"PreservedInsect"},{"floor":26,"key":"hexamod:BolsterEngine"},{"floor":29,"key":"Blood Vial"}],"event_choices":[{"damage_healed":0,"gold_gain":0,"cards_transformed":["Defend_P"],"player_choice":"Change","damage_taken":0,"max_hp_gain":0,"max_hp_loss":0,"event_name":"Living Wall","floor":2,"gold_loss":0,"cards_obtained":["ForeignInfluence"]},{"damage_healed":0,"gold_gain":75,"player_choice":"Gather Gold","damage_taken":11,"max_hp_gain":0,"max_hp_loss":0,"event_name":"World of Goop","floor":3,"gold_loss":0},{"damage_healed":0,"gold_gain":175,"player_choice":"AGREE","damage_taken":0,"max_hp_gain":0,"max_hp_loss":0,"event_name":"Liars Game","floor":7,"gold_loss":0,"cards_obtained":["Doubt"]},{"cards_removed":["Defend_P"],"damage_healed":0,"gold_gain":0,"player_choice":"Offered Basic","damage_taken":0,"max_hp_gain":0,"max_hp_loss":0,"event_name":"Bonfire Elementals","floor":13,"gold_loss":0},{"damage_healed":0,"gold_gain":0,"player_choice":"Inject Mutagens","damage_taken":0,"relics_obtained":["MutagenicStrength"],"max_hp_gain":0,"max_hp_loss":0,"event_name":"Drug Dealer","floor":19,"gold_loss":0},{"damage_healed":0,"gold_gain":0,"player_choice":"Ignored","damage_taken":0,"max_hp_gain":0,"max_hp_loss":0,"event_name":"Vampires","floor":21,"gold_loss":0},{"damage_healed":0,"gold_gain":0,"player_choice":"Relic","damage_taken":0,"max_hp_gain":0,"max_hp_loss":0,"event_name":"Wheel of Change","floor":29,"gold_loss":0},{"damage_healed":0,"gold_gain":0,"player_choice":"Fight","damage_taken":0,"max_hp_gain":0,"max_hp_loss":0,"event_name":"MindBloom","floor":36,"gold_loss":0}],"is_beta":false,"boss_relics":[{"not_picked":["Calling Bell","Ectoplasm"],"picked":"expansioncontent:StudyCardRelic"},{"not_picked":["hubris:CrackedHourglass","Pandora\u0027s Box"],"picked":"HolyWater"}],"items_purged_floors":[11],"is_endless":false,"potions_floor_spawned":[6,8,12,23,28,35],"killed_by":"Mind Bloom Boss Battle","ascension_level":5}}