{"host":"Scherbius","time":1609604769,"event":{"mods":["BaseMod","Bestiary","Highlight Path","Minty Spire (QoL Compilation)","Relic Stats"],"gold_per_floor":[112,212,227,246,266,293,293,218,218,253,253,263,38,38,38,143,143,157,177,177,196,206,236,236,236,236,264,346,365,397,417,417,519,519,538,549,2,14,30,30,55,55,124,124,477,503,515,529,529,529,529,529,26,53,53],"floor_reached":56,"playtime":9882,"items_purged":["Strike_B","Zap","Defend_B+1"],"score":1597,"play_id":"a6303bc4-8568-426b-a2a9-a6cea8d67870","local_time":"20210102102609","is_ascension_mode":true,"campfire_choices":[{"data":"Hologram","floor":7,"key":"SMITH"},{"data":"Turbo","floor":11,"key":"SMITH"},{"data":"Scrape","floor":15,"key":"SMITH"},{"data":"Self Repair","floor":24,"key":"SMITH"},{"data":"Beam Cell","floor":32,"key":"SMITH"},{"data":"Buffer","floor":40,"key":"SMITH"},{"floor":42,"key":"RECALL"},{"data":"Reboot","floor":49,"key":"SMITH"},{"data":"Steam","floor":52,"key":"SMITH"}],"circlet_count":0,"master_deck":["Strike_B+1","Defend_B+1","Defend_B+1","Skim+1","Streamline+1","Hologram+1","Steam+1","Turbo+1","Core Surge","Self Repair+1","Gash","Conserve Battery","Scrape+1","Beam Cell+1","Reboot+1","Rebound","Leap","Steam+1","FTL+1","Buffer+1","All For One","Genetic Algorithm+1","Reprogram+1","FTL+1","Leap+1"],"relics":["Astrolabe","Darkstone Periapt","Singing Bowl","Shuriken","StoneCalendar","Nuclear Battery","Ornamental Fan","InkBottle","Centennial Puzzle","Bottled Flame","Matryoshka","Empty Cage","Strange Spoon","Juzu Bracelet","Calipers","Lantern","Unceasing Top","MealTicket","Old Coin","Gremlin Horn","Turnip","Bag of Marbles","Blood Vial"],"acts_visited":["Exordium","TheCity","TheBeyond","TheEnding"],"potions_floor_usage":[10,16,16,19,19,30,31,31,33,45,47,47,55,55,55],"damage_taken":[{"damage":2,"enemies":"2 Louse","floor":1,"turns":3},{"damage":0,"enemies":"Cultist","floor":3,"turns":2},{"damage":0,"enemies":"Jaw Worm","floor":4,"turns":4},{"damage":4,"enemies":"Red Slaver","floor":5,"turns":3},{"damage":19,"enemies":"Gremlin Nob","floor":6,"turns":4},{"damage":25,"enemies":"3 Sentries","floor":10,"turns":7},{"damage":14,"enemies":"Large Slime","floor":12,"turns":4},{"damage":0,"enemies":"Slime Boss","floor":16,"turns":5},{"damage":4,"enemies":"Spheric Guardian","floor":18,"turns":4},{"damage":4,"enemies":"Shell Parasite","floor":19,"turns":3},{"damage":0,"enemies":"Sentry and Sphere","floor":21,"turns":3},{"damage":0,"enemies":"Snecko","floor":22,"turns":3},{"damage":31,"enemies":"Book of Stabbing","floor":23,"turns":5},{"damage":2,"enemies":"Gremlin Leader","floor":27,"turns":7},{"damage":0,"enemies":"Centurion and Healer","floor":29,"turns":5},{"damage":0,"enemies":"Slavers","floor":30,"turns":4},{"damage":0,"enemies":"Snake Plant","floor":31,"turns":3},{"damage":26,"enemies":"Automaton","floor":33,"turns":7},{"damage":7,"enemies":"3 Darklings","floor":35,"turns":3},{"damage":0,"enemies":"Orb Walker","floor":36,"turns":4},{"damage":0,"enemies":"Jaw Worm Horde","floor":38,"turns":4},{"damage":0,"enemies":"4 Shapes","floor":39,"turns":3},{"damage":0,"enemies":"Giant Head","floor":41,"turns":3},{"damage":0,"enemies":"2 Orb Walkers","floor":45,"turns":4},{"damage":0,"enemies":"Reptomancer","floor":46,"turns":4},{"damage":0,"enemies":"3 Darklings","floor":47,"turns":2},{"damage":0,"enemies":"Jaw Worm Horde","floor":48,"turns":3},{"damage":5,"enemies":"Donu and Deca","floor":50,"turns":7},{"damage":0,"enemies":"Shield and Spear","floor":54,"turns":4},{"damage":0,"enemies":"The Heart","floor":55,"turns":6}],"seed_played":"5977791520048661186","potions_obtained":[{"floor":3,"key":"DuplicationPotion"},{"floor":10,"key":"Fire Potion"},{"floor":12,"key":"AttackPotion"},{"floor":16,"key":"GamblersBrew"},{"floor":18,"key":"Fruit Juice"},{"floor":22,"key":"SpeedPotion"},{"floor":23,"key":"AttackPotion"},{"floor":27,"key":"SpeedPotion"},{"floor":29,"key":"Weak Potion"},{"floor":31,"key":"PowerPotion"},{"floor":41,"key":"FearPotion"},{"floor":45,"key":"Explosive Potion"},{"floor":47,"key":"ColorlessPotion"}],"is_trial":false,"path_per_floor":["M","?","M","M","M","E","R","$","T","E","R","M","$","T","R","B",null,"M","M","?","M","M","E","R","?","T","E","T","M","E","M","R","B",null,"M","M","$","M","M","R","E","R","T","T","?","E","M","M","R","B",null,"R","$","E","B",null],"character_chosen":"DEFECT","items_purchased":["Scrape","Beam Cell","Strange Spoon","Juzu Bracelet","DistilledChaos","Strength Potion","Turnip","Bag of Marbles","Energy Potion"],"campfire_rested":0,"item_purchase_floors":[13,13,37,37,37,37,53,53,53],"current_hp_per_floor":[73,73,73,73,69,50,50,50,50,32,32,25,25,25,25,32,75,77,78,78,82,82,60,60,60,60,68,68,80,80,88,88,72,88,88,88,88,88,90,90,90,90,90,90,92,94,96,98,98,98,98,98,98,100,100],"gold":53,"neow_bonus":"BOSS_RELIC","is_daily":false,"chose_seed":false,"campfire_upgraded":8,"win_rate":0.0,"timestamp":1609604769,"path_taken":["M","?","M","M","?","E","R","?","T","E","R","M","$","?","R","BOSS","M","M","?","M","M","E","R","?","T","E","?","M","E","M","R","BOSS","M","M","$","M","M","R","E","R","T","?","?","E","M","M","R","BOSS","R","$","E","BOSS"],"items_purchased_type":["Card","Card","Relic","Relic","Potion","Potion","Relic","Relic","Potion"],"build_version":"2020-12-18","purchased_purges":3,"victory":true,"max_hp_per_floor":[75,75,75,75,75,75,75,75,75,75,75,75,75,75,75,75,75,77,82,82,82,82,84,84,84,84,84,84,86,86,88,88,88,88,88,88,88,88,90,90,90,90,90,90,92,94,96,98,98,98,98,98,98,100,100],"relic_stats":{"Darkstone Periapt":0,"Singing Bowl":20,"Gremlin Horn":[6,6],"counters":[30,123],"Astrolabe":["Darkness","Skim","Streamline"],"StoneCalendar":[49],"Juzu Bracelet":0,"Blood Vial":0,"Strange Spoon":[23],"Centennial Puzzle":[9],"Shuriken":[98],"Ornamental Fan":[340],"MealTicket":0,"Turnip":[2],"obtain_stats":[{"Darkstone Periapt":6,"Lantern":43,"Calipers":41,"Singing Bowl":9,"Gremlin Horn":46,"Astrolabe":0,"StoneCalendar":14,"Juzu Bracelet":37,"Empty Cage":34,"Nuclear Battery":17,"Old Coin":45,"Blood Vial":54,"Strange Spoon":37,"Centennial Puzzle":27,"Bottled Flame":28,"Matryoshka":30,"Shuriken":10,"Ornamental Fan":23,"MealTicket":44,"Turnip":53,"Bag of Marbles":53,"Cracked Core":0,"InkBottle":26,"Unceasing Top":44},{"Darkstone Periapt":5,"Lantern":23,"Calipers":23,"Singing Bowl":5,"Gremlin Horn":25,"Astrolabe":0,"StoneCalendar":7,"Juzu Bracelet":20,"Empty Cage":18,"Nuclear Battery":8,"Old Coin":24,"Blood Vial":29,"Strange Spoon":20,"Centennial Puzzle":14,"Bottled Flame":14,"Matryoshka":16,"Shuriken":6,"Ornamental Fan":13,"MealTicket":23,"Turnip":28,"Bag of Marbles":28,"Cracked Core":0,"InkBottle":13,"Unceasing Top":23},{"Darkstone Periapt":16,"Lantern":93,"Calipers":93,"Singing Bowl":16,"Gremlin Horn":101,"Astrolabe":0,"StoneCalendar":27,"Juzu Bracelet":83,"Empty Cage":76,"Nuclear Battery":32,"Old Coin":97,"Blood Vial":117,"Strange Spoon":83,"Centennial Puzzle":57,"Bottled Flame":57,"Matryoshka":66,"Shuriken":23,"Ornamental Fan":50,"MealTicket":93,"Turnip":113,"Bag of Marbles":113,"Cracked Core":0,"InkBottle":50,"Unceasing Top":93}],"InkBottle":[58],"Unceasing Top":[7]},"card_choices":[{"not_picked":["Stack","Steam"],"picked":"Hologram","floor":1},{"not_picked":["Streamline","Capacitor"],"picked":"Steam","floor":3},{"not_picked":["Fusion","Gash"],"picked":"Turbo","floor":4},{"not_picked":["Doom and Gloom","Turbo"],"picked":"Core Surge","floor":5},{"not_picked":["Streamline","Undo"],"picked":"Self Repair","floor":6},{"not_picked":["Defragment","Lockon"],"picked":"Gash","floor":10},{"not_picked":["Consume","Fusion"],"picked":"Conserve Battery","floor":12},{"not_picked":["Meteor Strike","Thunder Strike"],"picked":"Reboot","floor":16},{"not_picked":["Skim","Barrage","Ball Lightning+1"],"picked":"Singing Bowl","floor":18},{"not_picked":["Storm+1","Defragment"],"picked":"Rebound","floor":19},{"not_picked":["Rebound","Compile Driver+1"],"picked":"Leap","floor":21},{"not_picked":["Darkness","Double Energy"],"picked":"Steam+1","floor":22},{"not_picked":["Steam Power+1","Beam Cell","Defragment+1"],"picked":"Singing Bowl","floor":23},{"not_picked":["Redo","Coolheaded"],"picked":"FTL+1","floor":27},{"not_picked":["Genetic Algorithm","Rebound","Streamline"],"picked":"Singing Bowl","floor":29},{"not_picked":["Redo","Beam Cell+1"],"picked":"Buffer","floor":30},{"not_picked":["Gash","Redo","Leap"],"picked":"Singing Bowl","floor":31},{"not_picked":["Biased Cognition","Core Surge"],"picked":"All For One","floor":33},{"not_picked":["Glacier","Barrage+1"],"picked":"Genetic Algorithm+1","floor":35},{"not_picked":["Auto Shields","Beam Cell+1"],"picked":"Reprogram+1","floor":36},{"not_picked":["Go for the Eyes","Ball Lightning"],"picked":"FTL+1","floor":38},{"not_picked":["Conserve Battery+1","All For One","Fusion+1"],"picked":"Singing Bowl","floor":39},{"not_picked":["Rip and Tear","Tempest+1"],"picked":"Leap+1","floor":41},{"not_picked":["Undo+1","Streamline+1","Rebound+1"],"picked":"Singing Bowl","floor":45},{"not_picked":["Multi-Cast","Ball Lightning+1","Leap"],"picked":"Singing Bowl","floor":46},{"not_picked":["Barrage+1","Steam Power","Compile Driver+1"],"picked":"Singing Bowl","floor":47},{"not_picked":["Heatsinks","Genetic Algorithm+1","Chill+1"],"picked":"Singing Bowl","floor":48},{"not_picked":["Turbo+1","Coolheaded+1","Core Surge"],"picked":"Singing Bowl","floor":54}],"player_experience":227136,"relics_obtained":[{"floor":6,"key":"Darkstone Periapt"},{"floor":9,"key":"Singing Bowl"},{"floor":10,"key":"Shuriken"},{"floor":14,"key":"StoneCalendar"},{"floor":23,"key":"Ornamental Fan"},{"floor":26,"key":"InkBottle"},{"floor":27,"key":"Centennial Puzzle"},{"floor":28,"key":"Bottled Flame"},{"floor":30,"key":"Matryoshka"},{"floor":41,"key":"Calipers"},{"floor":43,"key":"Lantern"},{"floor":44,"key":"Unceasing Top"},{"floor":44,"key":"MealTicket"},{"floor":45,"key":"Old Coin"},{"floor":46,"key":"Gremlin Horn"},{"floor":54,"key":"Blood Vial"}],"event_choices":[{"damage_healed":0,"gold_gain":100,"player_choice":"Pray","damage_taken":0,"max_hp_gain":0,"max_hp_loss":0,"event_name":"Golden Shrine","floor":2,"gold_loss":0},{"damage_healed":0,"gold_gain":0,"player_choice":"Simplicity","damage_taken":0,"max_hp_gain":0,"max_hp_loss":0,"event_name":"Back to Basics","floor":20,"gold_loss":0,"cards_upgraded":["Strike_B","Defend_B","Defend_B","Defend_B"]},{"damage_healed":0,"gold_gain":0,"player_choice":"Ignored","damage_taken":0,"max_hp_gain":0,"max_hp_loss":0,"event_name":"Vampires","floor":25,"gold_loss":0},{"damage_healed":0,"gold_gain":0,"player_choice":"Fight","damage_taken":0,"max_hp_gain":0,"max_hp_loss":0,"event_name":"Mysterious Sphere","floor":45,"gold_loss":0}],"is_beta":true,"boss_relics":[{"not_picked":["Pandora\u0027s Box","Runic Pyramid"],"picked":"Nuclear Battery"},{"not_picked":["Runic Dome","Busted Crown"],"picked":"Empty Cage"}],"items_purged_floors":[8,13,37],"is_endless":false,"potions_floor_spawned":[3,10,12,16,18,22,23,27,29,31,41,45,47],"ascension_level":2}}