{"host":"dlskvfecb6rtl9z1","time":1609612642,"event":{"mods":["2.2 Compatiblity","AchievementEnabler","Aspiration","BaseMod","Better Third Choice","Colored Map","Colored Powertips","Downfall","Duelist Mod","Hermit","Hubris","Infinite Spire","KinomotoSakuraMod(????)","Koishi","Marisa????????","Minty Spire (QoL Compilation)","Remilia??????","Replay The Spire","Shop Mod","StSLib","Td1madao Mod","The Administrix","The Bug Knight","The Construct","The Cursed","The Disciple","The Hierophant","The Jungle","The Mystic","The Necromancer","The Runesmith","The Senshi","The Servant 0.9.4"],"gold_per_floor":[111,127,140,152,152,187,205,240,266,281,206,241,141,160,160,255,255,273,273,289,300,32,32,42,74,151,151,151,162,189,209,209,319,319,357,393,393,393,449,504,100,127,127,127,127,127,127,149,149,149,149],"floor_reached":50,"playtime":3002,"items_purged":["Defend_R","Defend_R","Defend_R","Defend_R+1"],"score":851,"play_id":"247c7129-e733-41c0-96f6-69030dbf63f4","local_time":"20210102203722","is_ascension_mode":true,"campfire_choices":[{"data":"Rampage","floor":15,"key":"SMITH"},{"data":"Double Tap","floor":23,"key":"SMITH"},{"data":"Double Tap","floor":27,"key":"SMITH"},{"floor":32,"key":"DIG"},{"data":"Clash","floor":45,"key":"SMITH"},{"data":"Clash","floor":47,"key":"SMITH"},{"data":"Strike_R","floor":49,"key":"SMITH"}],"circlet_count":0,"master_deck":["Strike_R","Strike_R+1","Strike_R","Strike_R","Strike_R+1","Bash+1","Clash+1","Rage+1","Rampage+1","Clash+1","Double Tap+1","Rage+1","Double Tap+1","Clash+1","Headbutt+1","Headbutt+1"],"relics":["Burning Blood","War Paint","PreservedInsect","MealTicket","Blood Vial","ReplayTheSpireMod:DimensionalGlitch","hubris:TenFootPole","Red Skull","hubris:CrystalStatue","infinitespire:Broken Mirror","Durian","infinitespire:EvilPickle","hubris:ScarierMask","hubris:Towel","aspiration:HummingbirdHeart","Replay:Bottled Flurry","hubris:PeanutButter","Kunai"],"acts_visited":["Exordium","TheCity","TheBeyond"],"potions_floor_usage":[6,16,25,31,33,33],"damage_taken":[{"damage":1,"enemies":"Cultist","floor":1,"turns":4},{"damage":9,"enemies":"2 Louse","floor":2,"turns":3},{"damage":2,"enemies":"Small Slimes","floor":3,"turns":3},{"damage":1,"enemies":"Gremlin Gang","floor":4,"turns":4},{"damage":15,"enemies":"Lagavulin","floor":6,"turns":4},{"damage":7,"enemies":"Exordium Wildlife","floor":7,"turns":4},{"damage":8,"enemies":"Gremlin Nob","floor":8,"turns":3},{"damage":6,"enemies":"Looter","floor":10,"turns":3},{"damage":0,"enemies":"Lagavulin","floor":12,"turns":3},{"damage":0,"enemies":"2 Fungi Beasts","floor":14,"turns":2},{"damage":27,"enemies":"Fading Forest","floor":16,"turns":11},{"damage":15,"enemies":"Shell Parasite","floor":18,"turns":4},{"damage":12,"enemies":"Chosen","floor":20,"turns":3},{"damage":0,"enemies":"Shelled Parasite and Fungi","floor":21,"turns":3},{"damage":0,"enemies":"3 Cultists","floor":24,"turns":4},{"damage":13,"enemies":"Slavers","floor":25,"turns":6},{"damage":17,"enemies":"Centurion and Healer","floor":29,"turns":4},{"damage":9,"enemies":"HollowMod:Nosk","floor":30,"turns":4},{"damage":16,"enemies":"Snake Plant","floor":31,"turns":2},{"damage":40,"enemies":"Pondfish","floor":33,"turns":8},{"damage":16,"enemies":"Orb Walker","floor":35,"turns":2},{"damage":0,"enemies":"3 Darklings","floor":36,"turns":3},{"damage":6,"enemies":"Giant Head","floor":40,"turns":5},{"damage":2,"enemies":"Sphere and 2 Shapes","floor":42,"turns":3},{"damage":1,"enemies":"Spire Growth","floor":48,"turns":3},{"damage":104,"enemies":"LordOfAnnihilation","floor":50,"turns":7}],"seed_played":"-7725235995367734333","potions_obtained":[{"floor":2,"key":"champ:CounterPotion"},{"floor":6,"key":"Energy Potion"},{"floor":7,"key":"DuplicationPotion"},{"floor":10,"key":"Explosive Potion"},{"floor":14,"key":"CultistPotion"},{"floor":18,"key":"PowerPotion"},{"floor":25,"key":"Weak Potion"},{"floor":30,"key":"BloodPotion"},{"floor":48,"key":"Energy Potion"}],"is_trial":false,"path_per_floor":["M","M","M","M","?","E","M","E","T","M","$","E","$","M","R","B",null,"M","?","M","M","$","R","M","E","T","R","?","M","E","M","R_BF","B",null,"M","M","?","?","?","E","$","M","T","?","R","$","R","M","R","B"],"character_chosen":"IRONCLAD","items_purchased":["hubris:TenFootPole","hubris:PeanutButter"],"campfire_rested":0,"item_purchase_floors":[22,41],"current_hp_per_floor":[88,85,88,88,70,61,60,58,58,58,73,79,88,88,88,83,88,76,76,68,72,87,87,88,78,78,78,78,65,60,57,62,26,93,80,84,84,93,82,80,93,93,93,93,93,93,93,93,93,0,0],"gold":149,"neow_bonus":"TEN_PERCENT_HP_BONUS","is_daily":false,"chose_seed":false,"campfire_upgraded":6,"win_rate":0.0,"timestamp":1609612642,"path_taken":["M","M","?","M","?","E","M","E","T","M","$","E","$","M","R","BOSS","M","?","M","?","$","R","M","E","T","R","?","M","E","M","R_BF","BOSS","M","M","?","?","?","E","$","M","T","?","R","$","R","?","R","BOSS"],"items_purchased_type":["Relic","Relic"],"build_version":"2020-12-22","purchased_purges":4,"victory":false,"max_hp_per_floor":[88,88,88,88,88,88,88,88,88,88,88,88,88,88,88,88,88,88,88,88,88,88,88,88,88,88,88,88,88,88,88,93,93,93,93,93,93,93,93,93,93,93,93,93,93,93,93,93,93,93,93],"card_choices":[{"not_picked":["Bloodletting","Warcry"],"picked":"Clash","floor":1},{"not_picked":["ReplayTheSpireMod:LeadingStrike","Spot Weakness"],"picked":"Rage","floor":2},{"not_picked":["hubris:SharpeningStone","Twin Strike","Dark Embrace"],"picked":"SKIP","floor":3},{"not_picked":["Perfected Strike","Pommel Strike"],"picked":"Rampage","floor":4},{"not_picked":["Shrug It Off","Headbutt","Flex"],"picked":"SKIP","floor":6},{"not_picked":["Rampage","ReplayTheSpireMod:Muscle Training","Pummel"],"picked":"SKIP","floor":7},{"not_picked":["Clothesline","Power Through","ReplayTheSpireMod:Strike From Hell"],"picked":"SKIP","floor":8},{"not_picked":["Sentinel","Replay:Undeath\u0027s Touch","Heavy Blade"],"picked":"SKIP","floor":10},{"not_picked":["Brutality","Disarm"],"picked":"Clash","floor":12},{"not_picked":["Thunderclap","Havoc","Headbutt"],"picked":"SKIP","floor":14},{"not_picked":["Impervious","Bludgeon"],"picked":"Double Tap","floor":16},{"not_picked":["Anger","Infernal Blade","Warcry"],"picked":"SKIP","floor":18},{"not_picked":["Anger","Metallicize","Clothesline"],"picked":"SKIP","floor":20},{"not_picked":["Heavy Blade","Perfected Strike+1","True Grit"],"picked":"SKIP","floor":21},{"not_picked":["Iron Wave","ReplayTheSpireMod:Muscle Training+1","Entrench"],"picked":"SKIP","floor":24},{"not_picked":["Cleave","Anger"],"picked":"Double Tap","floor":25},{"not_picked":["Bloodletting","Warcry"],"picked":"Clash+1","floor":29},{"not_picked":["Run Through","Heavy Blade","Entrench+1"],"picked":"SKIP","floor":30},{"not_picked":["Body Slam","Cleave","Armaments"],"picked":"SKIP","floor":31},{"not_picked":["Body Slam","Cleave","Armaments"],"picked":"SKIP","floor":31},{"not_picked":["Replay:Undeath\u0027s Touch+1","Wild Strike+1","Perfected Strike"],"picked":"SKIP","floor":35},{"not_picked":["hubris:SharpeningStone","Clothesline+1","Flex+1"],"picked":"SKIP","floor":36},{"not_picked":["Blood for Blood+1","Ghostly Armor+1"],"picked":"Headbutt+1","floor":39},{"not_picked":["Pommel Strike","Heavy Blade+1"],"picked":"Headbutt+1","floor":40},{"not_picked":["Clothesline","Armaments","Anger"],"picked":"SKIP","floor":42},{"not_picked":["Flex","Warcry","Cleave"],"picked":"SKIP","floor":48}],"player_experience":115993,"relics_obtained":[{"floor":6,"key":"War Paint"},{"floor":8,"key":"PreservedInsect"},{"floor":9,"key":"MealTicket"},{"floor":12,"key":"Blood Vial"},{"floor":25,"key":"Red Skull"},{"floor":26,"key":"hubris:CrystalStatue"},{"floor":30,"key":"infinitespire:Broken Mirror"},{"floor":32,"key":"Durian"},{"floor":39,"key":"aspiration:HummingbirdHeart"},{"floor":40,"key":"Replay:Bottled Flurry"},{"floor":43,"key":"Kunai"}],"event_choices":[{"damage_healed":88,"gold_gain":0,"player_choice":"Upgrade","damage_taken":18,"max_hp_gain":0,"max_hp_loss":88,"event_name":"betterThird:BetterShining","floor":5,"gold_loss":0,"cards_upgraded":["Strike_R","Bash"]},{"damage_healed":0,"gold_gain":0,"player_choice":"Copied","damage_taken":0,"max_hp_gain":0,"max_hp_loss":0,"event_name":"Duplicator","floor":19,"gold_loss":0,"cards_obtained":["Rage"]}],"is_beta":false,"boss_relics":[{"not_picked":["aspiration:MobileForge","construct:WeddingRing"],"picked":"ReplayTheSpireMod:DimensionalGlitch"},{"not_picked":["Abe\u0027s Treasure","hubris:TerracottaHorce"],"picked":"hubris:ScarierMask"}],"items_purged_floors":[11,13,22,41],"is_endless":false,"potions_floor_spawned":[2,6,7,10,14,18,24,25,30,48],"killed_by":"LordOfAnnihilation","ascension_level":4}}