{"host":"fmwbmnqnrup981we","time":1609586457,"event":{"mods":["AchievementEnabler","Act Like it!","BaseMod","Better Match","Better Note","Better Skull","Better Synergies","Better Third Choice","Better Vampires","Block Reminder","Curses Come First","Downfall","Duelist Mod","Elementarium","GungeonMod","HexUI Lib","HornydragonMod","Marked Mod","Minty Spire (QoL Compilation)","Pikachu Mod","Quick Restart","Relic Stats","SIMod","StSLib","The Bug Knight","The Death Knight","The Forsaken","The Marked","The Necromancer","The Runesmith","The Servant 0.9.4","The Wild Card","TheHero","TheVacant","TheVelvet","Transform Curses","Waifu the Spire","Yuri Mod","everything is the same but u backflip on backflip"],"gold_per_floor":[109,71,246,246,321,321,271,271,271,297,308,322,350,368,368,463,513,524,539,539,539],"floor_reached":20,"playtime":795,"items_purged":[],"score":191,"play_id":"5ffc5640-9495-444e-b315-9edfa7ada692","local_time":"20210102112057","is_ascension_mode":true,"campfire_choices":[{"floor":6,"key":"RECALL"},{"data":"Rage","floor":8,"key":"SMITH"},{"floor":15,"key":"REST"}],"circlet_count":0,"master_deck":["Strike_R","Strike_R","Strike_R","Strike_R","Strike_R+1","Defend_R","Defend_R","Defend_R","Defend_R","Bash","Iron Wave","Thunderclap","Rage+1","Shrug It Off","Inflame","Infernal Blade","Demon Form","Evolve","Barricade","Pummel","Shrug It Off","Power Through"],"relics":["Burning Blood","Pyrelight","Kunai","DemoMod:LamentConfigurum","Tiny House","DemoMod:ResourcefulSack"],"acts_visited":["Exordium","TheCity"],"potions_floor_usage":[16,20],"damage_taken":[{"damage":13,"enemies":"Cultist","floor":1,"turns":5},{"damage":27,"enemies":"HollowMod:MossKnight","floor":10,"turns":10},{"damage":0,"enemies":"Small Slimes","floor":11,"turns":3},{"damage":7,"enemies":"2 Louse","floor":12,"turns":2},{"damage":17,"enemies":"3 Sentries","floor":13,"turns":5},{"damage":0,"enemies":"Large Slime","floor":14,"turns":3},{"damage":41,"enemies":"Hexaghost","floor":16,"turns":8},{"damage":13,"enemies":"Chosen","floor":18,"turns":10},{"damage":31,"enemies":"Spheric Guardian","floor":19,"turns":7},{"damage":56,"enemies":"Masked Bandits","floor":20,"turns":7}],"seed_played":"7185173929778635575","potions_obtained":[{"floor":11,"key":"SpeedPotion"},{"floor":14,"key":"SneckoOil"},{"floor":17,"key":"Strength Potion"},{"floor":19,"key":"Explosive Potion"}],"is_trial":false,"path_per_floor":["M","$","?","?","?","R","?","R","T","E","M","M","E","M","R","B",null,"M","M","?"],"character_chosen":"IRONCLAD","items_purchased":["Rage"],"campfire_rested":1,"item_purchase_floors":[2],"current_hp_per_floor":[73,73,73,73,62,62,62,62,62,41,47,46,35,41,65,30,85,78,53,0,0],"gold":539,"neow_bonus":"THREE_CARDS","is_daily":false,"chose_seed":false,"campfire_upgraded":1,"win_rate":0.0,"timestamp":1609586457,"path_taken":["M","$","?","?","?","R","?","R","T","E","M","M","E","M","R","BOSS","M","M","?"],"items_purchased_type":["Card"],"build_version":"2020-12-22","purchased_purges":0,"victory":false,"max_hp_per_floor":[80,80,80,80,80,80,80,80,80,80,80,80,80,80,80,80,85,85,85,85,85],"relic_stats":{"counters":[10,60],"Kunai":[12],"obtain_stats":[{"Tiny House":17,"DemoMod:LamentConfigurum":13,"Pyrelight":4,"DemoMod:GlassGuonStoneRelic":12,"Kunai":10,"DemoMod:ResourcefulSack":18,"Burning Blood":0},{"Tiny House":7,"DemoMod:LamentConfigurum":5,"Pyrelight":1,"DemoMod:GlassGuonStoneRelic":4,"Kunai":2,"DemoMod:ResourcefulSack":8,"Burning Blood":0},{"Tiny House":36,"DemoMod:LamentConfigurum":25,"Pyrelight":5,"DemoMod:GlassGuonStoneRelic":20,"Kunai":15,"DemoMod:ResourcefulSack":44,"Burning Blood":0}],"Burning Blood":54},"card_choices":[{"not_picked":["Bloodletting","True Grit"],"picked":"Iron Wave","floor":0},{"not_picked":["Warcry","Clothesline"],"picked":"Thunderclap","floor":1},{"not_picked":["Wild Strike","Seeing Red"],"picked":"Shrug It Off","floor":10},{"not_picked":["Sever Soul","Thunderclap"],"picked":"Inflame","floor":11},{"not_picked":["Iron Wave","Rupture"],"picked":"Infernal Blade","floor":12},{"not_picked":["Sever Soul","Inflame"],"picked":"Demon Form","floor":13},{"not_picked":["Disarm","Clothesline"],"picked":"Evolve","floor":14},{"not_picked":["Offering","Corruption"],"picked":"Barricade","floor":16},{"not_picked":["Twin Strike","Sword Boomerang"],"picked":"Pummel","floor":17},{"not_picked":["Havoc","Headbutt+1"],"picked":"Shrug It Off","floor":18},{"not_picked":["Uppercut+1","Warcry"],"picked":"Power Through","floor":19}],"player_experience":423841,"relics_obtained":[{"floor":10,"key":"Kunai"},{"floor":13,"key":"DemoMod:LamentConfigurum"}],"event_choices":[{"damage_healed":0,"gold_gain":175,"player_choice":"AGREE","damage_taken":71,"max_hp_gain":0,"max_hp_loss":0,"event_name":"betterThird:BetterSerpent","floor":3,"gold_loss":0},{"damage_healed":0,"gold_gain":75,"player_choice":"Gold","damage_taken":11,"max_hp_gain":0,"max_hp_loss":0,"event_name":"betterThird:BetterGoop","floor":5,"gold_loss":0},{"cards_removed":["Doubt"],"damage_healed":0,"gold_gain":0,"player_choice":"Card Removal","damage_taken":0,"max_hp_gain":0,"max_hp_loss":0,"event_name":"The Cleric","floor":7,"gold_loss":50},{"damage_healed":0,"gold_gain":0,"player_choice":"Fought Bandits","damage_taken":0,"max_hp_gain":0,"max_hp_loss":0,"event_name":"Masked Bandits","floor":20,"gold_loss":0}],"is_beta":false,"boss_relics":[{"not_picked":["Calling Bell","Runic Pyramid"],"picked":"Tiny House"}],"items_purged_floors":[],"is_endless":false,"potions_floor_spawned":[11,14,19],"killed_by":"Masked Bandits","ascension_level":1}}