{"host":"f3hht8mkjlux7n9k","time":1609626462,"event":{"mods":["Aspiration","BaseMod","Colored Map","Colored Powertips","Custom Start","DeckTracker","Highlight Path","Hubris","Infinite Spire","Minty Spire (QoL Compilation)","Quick Restart","Random Character Button","Relic Sorter","Replay The Spire","StSLib","SuperFastMode","Synergy Search","The Jungle"],"gold_per_floor":[116,136,156,156,81,96,111,144,144,144,170,201,201,201,201],"floor_reached":14,"playtime":3285,"items_purged":["Replay:Bag of Tricks"],"score":156,"play_id":"3bd0a99c-c2b2-4fa5-aa59-23b7d6aa4d19","local_time":"20210102172742","is_ascension_mode":true,"campfire_choices":[{"floor":13,"key":"REST"}],"circlet_count":0,"master_deck":["infinitespire:NeuralNetwork","Finesse","J.A.X.","Finesse","ReplayTheSpireMod:Brewmster","ReplayTheSpireMod:Brewmster","Envenom+1","Envenom","After Image","Noxious Fumes","Noxious Fumes","infinitespire:Neurotoxin","Venomology","Venomology","Venomology","Blur","Replay:Bag of Tricks","Deadly Poison","Escape Plan","Deadly Poison","Deflect","Acrobatics","Deflect","Deflect","Dagger Spray+1","Poisoned Stab","Bane","Neutralize","Poisoned Stab+1","Neutralize","After Image"],"relics":["Ring of the Snake","TwistedFunnel","Whetstone","aspiration:SneckoTail","Chemical X","SacredBark","Durian","Oddly Smooth Stone","hubris:TenFootPole"],"acts_visited":["Exordium"],"potions_floor_usage":[3,7,8,12,12,12,12,12,12,14,14],"damage_taken":[{"damage":2,"enemies":"Jaw Worm","floor":1,"turns":2},{"damage":0,"enemies":"Cultist","floor":2,"turns":3},{"damage":0,"enemies":"Small Slimes","floor":3,"turns":2},{"damage":10,"enemies":"Looter","floor":6,"turns":2},{"damage":1,"enemies":"Exordium Thugs","floor":7,"turns":4},{"damage":7,"enemies":"Gremlin Nob","floor":8,"turns":3},{"damage":0,"enemies":"Lagavulin","floor":12,"turns":5},{"damage":0,"enemies":"3 Sentries","floor":14,"turns":4}],"seed_played":"7353812150060419976","potions_obtained":[{"floor":1,"key":"FairyPotion"},{"floor":7,"key":"SneckoOil"}],"is_trial":true,"path_per_floor":["M","M","M","?","$","M","M","E","PTL","PTL","T","E","R","E"],"character_chosen":"THE_SILENT","items_purchased":[],"campfire_rested":1,"item_purchase_floors":[],"current_hp_per_floor":[68,68,68,68,68,58,57,55,55,55,55,55,75,75,75],"gold":201,"neow_bonus":"","is_daily":false,"chose_seed":false,"campfire_upgraded":0,"win_rate":0.0,"timestamp":1609626462,"path_taken":["M","M","M","?","$","M","M","E","PTL","PTL","T","E","R","E"],"items_purchased_type":[],"build_version":"2020-12-22","purchased_purges":1,"victory":false,"max_hp_per_floor":[70,70,70,70,70,70,70,75,75,75,75,75,75,75,75],"card_choices":[{"not_picked":["Dodge and Roll","Slice","Escape Plan"],"picked":"SKIP","floor":1},{"not_picked":["Cloak And Dagger","Acrobatics","Deadly Poison"],"picked":"SKIP","floor":2},{"not_picked":["Deflect","Replay:Bag of Tricks","Prepared"],"picked":"SKIP","floor":3},{"not_picked":["PiercingWail","Deadly Poison","Deflect"],"picked":"SKIP","floor":6},{"not_picked":["Dodge and Roll","Outmaneuver"],"picked":"After Image","floor":7},{"not_picked":["Tactician","Dagger Spray","Hidden Blade"],"picked":"SKIP","floor":8},{"not_picked":["Blade Dance","Dagger Throw","ReplayTheSpireMod:Exploit Weakness"],"picked":"SKIP","floor":12}],"player_experience":456861,"relics_obtained":[{"floor":8,"key":"Durian"},{"floor":11,"key":"Oddly Smooth Stone"},{"floor":12,"key":"hubris:TenFootPole"}],"event_choices":[],"is_beta":false,"boss_relics":[],"items_purged_floors":[5],"is_endless":false,"potions_floor_spawned":[1,7],"killed_by":"3 Sentries","ascension_level":5}}