{"host":"1qhzi8r9ejho5yph","time":1609560224,"event":{"mods":["AchievementEnabler","BaseMod","Colored Map","Colored Powertips","Highlight Path","Minty Spire (QoL Compilation)","Permanent Neow","Quick Restart","Random Character Button","StSLib","SuperFastMode"],"gold_per_floor":[114,189,199,199,199,199,219,219,244,244,244,26,52,92,92,216,216,236,101,101,101,101,137,137,153,153,153,167,180,193,236,236,236,236],"floor_reached":33,"playtime":892,"items_purged":["Strike_R","Defend_R"],"score":462,"play_id":"4472d63b-ee1b-41c1-8fe7-d910c6f31b6d","local_time":"20210102120344","is_ascension_mode":true,"campfire_choices":[{"data":"Bash","floor":6,"key":"SMITH"},{"floor":11,"key":"REST"},{"data":"Pommel Strike","floor":15,"key":"SMITH"},{"data":"Searing Blow","floor":24,"key":"SMITH"},{"data":"Searing Blow+1","floor":27,"key":"SMITH"},{"floor":32,"key":"REST"}],"circlet_count":0,"master_deck":["AscendersBane","Defend_R+1","Defend_R+1","Defend_R","Bash+1","Cleave","Pommel Strike+1","Pommel Strike+1","Feed","Searing Blow+2","Metallicize"],"relics":["Burning Blood","Pantograph","Red Skull","Golden Idol","War Paint","Akabeko","Nunchaku","Empty Cage","Ancient Tea Set","Paper Frog","Omamori"],"acts_visited":["Exordium","TheCity"],"potions_floor_usage":[14,16,21,23,29,29,29],"damage_taken":[{"damage":10,"enemies":"Cultist","floor":1,"turns":5},{"damage":9,"enemies":"2 Louse","floor":3,"turns":4},{"damage":5,"enemies":"Small Slimes","floor":7,"turns":3},{"damage":13,"enemies":"3 Sentries","floor":14,"turns":8},{"damage":13,"enemies":"Slime Boss","floor":16,"turns":8},{"damage":40,"enemies":"Shell Parasite","floor":18,"turns":6},{"damage":0,"enemies":"2 Thieves","floor":21,"turns":1},{"damage":0,"enemies":"Gremlin Leader","floor":23,"turns":4},{"damage":1,"enemies":"Centurion and Healer","floor":25,"turns":3},{"damage":2,"enemies":"Snecko","floor":28,"turns":3},{"damage":12,"enemies":"Snake Plant","floor":29,"turns":2},{"damage":12,"enemies":"Cultist and Chosen","floor":30,"turns":6},{"damage":54,"enemies":"Book of Stabbing","floor":31,"turns":5},{"damage":89,"enemies":"Champ","floor":33,"turns":10}],"seed_played":"-7033165797722647251","potions_obtained":[{"floor":3,"key":"ColorlessPotion"},{"floor":7,"key":"DistilledChaos"},{"floor":18,"key":"PowerPotion"},{"floor":23,"key":"BloodPotion"},{"floor":28,"key":"Block Potion"},{"floor":31,"key":"Explosive Potion"}],"is_trial":false,"path_per_floor":["M","?","M","?","?","R","M","?","T","?","R","$","T","E","R","B",null,"M","$","?","M","?","E","R","M","T","R","M","M","M","E","R","B"],"character_chosen":"IRONCLAD","items_purchased":["War Paint","Searing Blow"],"campfire_rested":2,"item_purchase_floors":[12,19],"current_hp_per_floor":[68,60,57,62,37,37,38,38,38,17,42,42,42,35,35,53,77,46,46,27,33,33,39,39,44,44,44,48,59,56,8,35,0,0],"gold":236,"neow_bonus":"REMOVE_CARD","is_daily":false,"chose_seed":false,"campfire_upgraded":4,"win_rate":0.0,"timestamp":1609560224,"path_taken":["M","?","?","?","?","R","?","?","T","?","R","$","?","E","R","BOSS","M","$","?","?","?","E","R","?","T","R","M","M","M","E","R","BOSS"],"items_purchased_type":["Relic","Card"],"build_version":"2020-12-22","purchased_purges":2,"victory":false,"max_hp_per_floor":[80,80,80,85,85,85,85,85,85,85,85,85,85,85,85,85,85,88,88,88,88,88,88,88,88,88,88,88,88,91,91,91,91,91],"card_choices":[{"not_picked":["Havoc","Dark Embrace","Warcry"],"picked":"SKIP","floor":1},{"not_picked":["Havoc","Iron Wave"],"picked":"Cleave","floor":3},{"not_picked":["Dark Embrace","Flex"],"picked":"Pommel Strike","floor":7},{"not_picked":["Body Slam","Clash"],"picked":"Pommel Strike","floor":14},{"not_picked":["Double Tap","Barricade"],"picked":"Feed","floor":16},{"not_picked":["Clash","Reckless Charge","Heavy Blade"],"picked":"SKIP","floor":18},{"not_picked":["Hemokinesis","Bloodletting+1","Thunderclap"],"picked":"SKIP","floor":23},{"not_picked":["Havoc","Warcry","Pommel Strike"],"picked":"SKIP","floor":25},{"not_picked":["Feed","Uppercut","Heavy Blade"],"picked":"SKIP","floor":28},{"not_picked":["Perfected Strike+1","Dual Wield+1"],"picked":"Metallicize","floor":29},{"not_picked":["Pummel+1","Iron Wave","Clash+1"],"picked":"SKIP","floor":30},{"not_picked":["Battle Trance","Thunderclap","Flame Barrier"],"picked":"SKIP","floor":31}],"player_experience":318428,"relics_obtained":[{"floor":9,"key":"Red Skull"},{"floor":13,"key":"Akabeko"},{"floor":14,"key":"Nunchaku"},{"floor":23,"key":"Ancient Tea Set"},{"floor":26,"key":"Paper Frog"},{"floor":31,"key":"Omamori"}],"event_choices":[{"damage_healed":0,"gold_gain":75,"player_choice":"Touch","damage_taken":8,"max_hp_gain":0,"max_hp_loss":0,"event_name":"FaceTrader","floor":2,"gold_loss":0},{"damage_healed":0,"gold_gain":0,"player_choice":"Donut","damage_taken":0,"max_hp_gain":5,"max_hp_loss":0,"event_name":"Big Fish","floor":4,"gold_loss":0},{"damage_healed":0,"gold_gain":0,"player_choice":"Success","damage_taken":25,"relics_obtained":["Pantograph"],"max_hp_gain":0,"max_hp_loss":0,"event_name":"Scrap Ooze","floor":5,"gold_loss":0},{"cards_removed":["Strike_R"],"damage_healed":0,"gold_gain":0,"player_choice":"Forget","damage_taken":0,"max_hp_gain":0,"max_hp_loss":0,"event_name":"Living Wall","floor":8,"gold_loss":0},{"damage_healed":0,"gold_gain":0,"player_choice":"Take Damage","damage_taken":21,"relics_obtained":["Golden Idol"],"max_hp_gain":0,"max_hp_loss":0,"event_name":"Golden Idol","floor":10,"gold_loss":0},{"damage_healed":0,"gold_gain":0,"player_choice":"POTION POTION ","damage_taken":19,"max_hp_gain":0,"max_hp_loss":0,"event_name":"Knowing Skull","floor":20,"potions_obtained":["SmokeBomb","AttackPotion"],"gold_loss":0,"cards_obtained":[]},{"damage_healed":0,"gold_gain":0,"player_choice":"Forge","damage_taken":0,"max_hp_gain":0,"max_hp_loss":0,"event_name":"Accursed Blacksmith","floor":22,"gold_loss":0,"cards_upgraded":["Pommel Strike"]}],"is_beta":false,"boss_relics":[{"not_picked":["Black Blood","Astrolabe"],"picked":"Empty Cage"}],"items_purged_floors":[12,19],"is_endless":false,"potions_floor_spawned":[3,7,18,23,28,31],"killed_by":"Champ","ascension_level":10}}