{"host":"v711dtdb46xe9u7l","time":1609595173,"event":{"mods":["BaseMod","Minty Spire (QoL Compilation)","StSLib"],"gold_per_floor":[117,129,145,155,172,172,189,223,223,239,239,274,274,274,274,373,373,383,383,398,415,432,432,432,432],"floor_reached":24,"playtime":1693,"items_purged":[],"score":359,"play_id":"771b8e26-d24f-466e-b886-fb425519bf5a","local_time":"20210102134613","is_ascension_mode":true,"campfire_choices":[{"data":"Eruption","floor":6.0,"key":"SMITH"},{"floor":11.0,"key":"REST"},{"data":"Ragnarok","floor":13.0,"key":"SMITH"},{"floor":15.0,"key":"REST"},{"floor":23.0,"key":"REST"}],"circlet_count":0,"master_deck":["Strike_P","Strike_P","Defend_P","Defend_P","Defend_P","Eruption+1","Vigilance","Establishment+1","Omniscience+1","Establishment+1","Consecrate","Meditate","CrushJoints","Ragnarok+1","EmptyMind","Wireheading","FlyingSleeves","Halt","WheelKick","Crescendo","DeceiveReality","ClearTheMind","Devotion","Protect+1","Fasting2","ThirdEye+1","LikeWater"],"relics":["Astrolabe","Dream Catcher","Prayer Wheel","Thread and Needle","Sozu"],"acts_visited":["Exordium","TheCity"],"potions_floor_usage":[],"damage_taken":[{"damage":4.0,"enemies":"2 Louse","floor":1.0,"turns":3.0},{"damage":2.0,"enemies":"Jaw Worm","floor":2.0,"turns":5.0},{"damage":0.0,"enemies":"Cultist","floor":3.0,"turns":3.0},{"damage":13.0,"enemies":"Blue Slaver","floor":4.0,"turns":5.0},{"damage":3.0,"enemies":"2 Fungi Beasts","floor":5.0,"turns":4.0},{"damage":4.0,"enemies":"3 Louse","floor":7.0,"turns":3.0},{"damage":30.0,"enemies":"Gremlin Nob","floor":8.0,"turns":4.0},{"damage":0.0,"enemies":"Gremlin Gang","floor":10.0,"turns":3.0},{"damage":0.0,"enemies":"Lagavulin","floor":12.0,"turns":4.0},{"damage":0.0,"enemies":"Slime Boss","floor":16.0,"turns":6.0},{"damage":0.0,"enemies":"Spheric Guardian","floor":18.0,"turns":2.0},{"damage":5.0,"enemies":"Shell Parasite","floor":20.0,"turns":5.0},{"damage":30.0,"enemies":"Snake Plant","floor":21.0,"turns":5.0},{"damage":4.0,"enemies":"Cultist and Chosen","floor":22.0,"turns":4.0},{"damage":58,"enemies":"Slavers","floor":24,"turns":3}],"seed_played":"8332301622068154906","potions_obtained":[{"floor":1.0,"key":"SpeedPotion"},{"floor":3.0,"key":"Swift Potion"},{"floor":7.0,"key":"Energy Potion"},{"floor":8.0,"key":"Fire Potion"},{"floor":10.0,"key":"Fire Potion"}],"is_trial":false,"path_per_floor":["M","M","M","M","M","R","M","E","T","M","R","E","R","?","R","B",null,"M","?","M","M","M","R","E"],"character_chosen":"WATCHER","items_purchased":[],"campfire_rested":3,"item_purchase_floors":[],"current_hp_per_floor":[68,66,66,53,50,50,46,16,16,16,37,37,37,37,58,58,69,69,69,64,34,30,51,0,0],"gold":432,"neow_bonus":"BOSS_RELIC","is_daily":false,"chose_seed":false,"campfire_upgraded":2,"win_rate":0.0,"timestamp":1609595173,"path_taken":["M","M","M","M","M","R","M","E","T","M","R","E","R","?","R","BOSS","M","?","M","?","M","R","E"],"items_purchased_type":[],"build_version":"2020-12-22","purchased_purges":0,"victory":false,"max_hp_per_floor":[72,72,72,72,72,72,72,72,72,72,72,72,72,72,72,72,72,72,72,72,72,72,72,72,72],"card_choices":[{"not_picked":["WreathOfFlame","EmptyFist"],"picked":"Consecrate","floor":1.0},{"not_picked":["ThirdEye","FollowUp"],"picked":"Meditate","floor":2.0},{"not_picked":["WaveOfTheHand","Worship","CrushJoints"],"picked":"SKIP","floor":3.0},{"not_picked":["WaveOfTheHand","Worship"],"picked":"CrushJoints","floor":3.0},{"not_picked":["SashWhip","TalkToTheHand"],"picked":"Ragnarok","floor":4.0},{"not_picked":["CutThroughFate","FollowUp"],"picked":"EmptyMind","floor":5.0},{"not_picked":["Consecrate","JustLucky"],"picked":"Wireheading","floor":7.0},{"not_picked":["Halt","Swivel"],"picked":"FlyingSleeves","floor":8.0},{"not_picked":["CutThroughFate","Adaptation"],"picked":"Halt","floor":10.0},{"not_picked":["SashWhip","Prostrate"],"picked":"WheelKick","floor":10.0},{"not_picked":["ReachHeaven","ForeignInfluence"],"picked":"Crescendo","floor":11.0},{"not_picked":["Ragnarok","Conclude"],"picked":"DeceiveReality","floor":12.0},{"not_picked":["Pray","CrushJoints"],"picked":"ClearTheMind","floor":15.0},{"not_picked":["Alpha","Omniscience"],"picked":"Devotion","floor":16.0},{"not_picked":["EmptyBody","EmptyFist"],"picked":"Protect+1","floor":18.0},{"not_picked":["PathToVictory","WreathOfFlame"],"picked":"Fasting2","floor":18.0},{"not_picked":["InnerPeace","Establishment","Weave"],"picked":"SKIP","floor":20.0},{"not_picked":["BattleHymn","FollowUp+1","EmptyMind+1"],"picked":"SKIP","floor":20.0},{"not_picked":["SignatureMove","WindmillStrike+1","Prostrate"],"picked":"SKIP","floor":21.0},{"not_picked":["CarveReality","Prostrate","FlurryOfBlows+1"],"picked":"SKIP","floor":21.0},{"not_picked":["Halt","FlurryOfBlows"],"picked":"ThirdEye+1","floor":22.0},{"not_picked":["Sanctity","PathToVictory","MentalFortress"],"picked":"SKIP","floor":22.0},{"not_picked":["Indignation","PathToVictory"],"picked":"LikeWater","floor":23.0}],"player_experience":288382,"relics_obtained":[{"floor":8.0,"key":"Dream Catcher"},{"floor":9.0,"key":"Prayer Wheel"},{"floor":12.0,"key":"Thread and Needle"}],"event_choices":[{"damage_healed":0.0,"max_hp_gain":0.0,"max_hp_loss":0.0,"gold_gain":0.0,"event_name":"Liars Game","player_choice":"Ignored","floor":14.0,"gold_loss":0.0,"damage_taken":0.0},{"damage_healed":0.0,"max_hp_gain":0.0,"max_hp_loss":0.0,"gold_gain":0.0,"event_name":"Lab","player_choice":"Got Potions","floor":19.0,"gold_loss":0.0,"damage_taken":0.0}],"is_beta":false,"boss_relics":[{"not_picked":["Empty Cage","Ectoplasm"],"picked":"Sozu"}],"items_purged_floors":[],"is_endless":false,"potions_floor_spawned":[1,3,7,8,10,18,20],"killed_by":"Slavers","ascension_level":5}}