{"host":"4qin5krp9hszysdc","time":1609573599,"event":{"mods":["AchievementEnabler","BaseMod","BetterRewards","Infinite Spire","Minty Spire (QoL Compilation)","Quick Restart","StSLib"],"gold_per_floor":[118,118,11,30,30,61,79,113,113,125,125,136,136,170,170,247,247,260,260,160,160,177,177,212,243,266,293,317,347,382,394,394,471,471,487,487,512,526,536,571,461,493,493,493,522,541,541,555,555,555],"floor_reached":51,"playtime":2666,"items_purged":["Strike_R","Strike_R","Strike_R","Strike_R","Strike_R","Shame","Writhe"],"score":2427,"play_id":"11ed91f9-cb59-439f-9d89-00a890abe07b","local_time":"20210102024639","is_ascension_mode":true,"campfire_choices":[{"data":"infinitespire:OneForAll","floor":15,"key":"SMITH"},{"floor":23,"key":"RECALL"},{"floor":32,"key":"REST"},{"floor":44,"key":"REST"},{"floor":47,"key":"REST"},{"floor":49,"key":"REST"}],"circlet_count":0,"master_deck":["AscendersBane","Defend_R","Defend_R","Defend_R","Bash","Shrug It Off+1","Impatience+1","Shrug It Off+1","Uppercut","Dramatic Entrance","infinitespire:OneForAll+1","Flame Barrier+1","Disarm+1","Blind+1","Shockwave+1","True Grit+1","Reaper","True Grit+1","Sentinel+1","Impervious+1","Battle Trance+1","Disarm+1","Brutality","Bash","Feed","Whirlwind","Dropkick+1","Exhume+1","infinitespire:OneForAll+1"],"relics":["Cracked Core","Toxic Egg 2","infinitespire:Satchel","FossilizedHelix","Lee\u0027s Waffle","PreservedInsect","Juzu Bracelet","Du-Vu Doll","Ginger","Chemical X","infinitespire:Lychee Nut","Membership Card","infinitespire:CursedDice","Gambling Chip","WingedGreaves","Prayer Wheel","infinitespire:Bottled Soul","Singing Bowl","Torii","OrangePellets","Tiny Chest","Mango","Bottled Lightning","CaptainsWheel","Turnip","Bird Faced Urn","infinitespire:Cubic Diamond","InkBottle","The Courier","infinitespire:Joker Card","Sundial","Pocketwatch","infinitespire:CheckeredPen","Fusion Hammer","Magic Flower","infinitespire:FocusingShard","Ancient Tea Set","StrikeDummy","Boot","Akabeko","Omamori","Strawberry","infinitespire:BottledMercury","Black Star","infinitespire:ShieldingShard","Charon\u0027s Ashes","Centennial Puzzle","Bottled Tornado","Oddly Smooth Stone","Art of War","Kunai","Incense Burner","Potion Belt"],"acts_visited":["Exordium","TheCity","TheBeyond"],"potions_floor_usage":[],"damage_taken":[{"damage":0,"enemies":"Cultist","floor":1,"turns":7},{"damage":0,"enemies":"2 Louse","floor":4,"turns":4},{"damage":0,"enemies":"Gremlin Nob","floor":6,"turns":3},{"damage":0,"enemies":"infinitespire:Voidling","floor":7,"turns":3},{"damage":0,"enemies":"3 Sentries","floor":8,"turns":4},{"damage":0,"enemies":"3 Louse","floor":10,"turns":3},{"damage":0,"enemies":"Red Slaver","floor":12,"turns":2},{"damage":0,"enemies":"Gremlin Nob","floor":14,"turns":2},{"damage":10,"enemies":"The Guardian","floor":16,"turns":7},{"damage":0,"enemies":"2 Thieves","floor":18,"turns":2},{"damage":1,"enemies":"Shell Parasite","floor":22,"turns":4},{"damage":0,"enemies":"Book of Stabbing","floor":24,"turns":3},{"damage":0,"enemies":"Slavers","floor":25,"turns":2},{"damage":0,"enemies":"Gremlin Leader","floor":27,"turns":3},{"damage":5,"enemies":"Nightmare","floor":29,"turns":7},{"damage":2,"enemies":"Gremlin Leader","floor":30,"turns":4},{"damage":0,"enemies":"Cultist and Chosen","floor":31,"turns":2},{"damage":4,"enemies":"Collector","floor":33,"turns":6},{"damage":10,"enemies":"3 Shapes","floor":35,"turns":3},{"damage":0,"enemies":"Mind Bloom Boss Battle","floor":37,"turns":4},{"damage":0,"enemies":"3 Darklings","floor":38,"turns":1},{"damage":0,"enemies":"Jaw Worm Horde","floor":39,"turns":2},{"damage":0,"enemies":"Giant Head","floor":40,"turns":5},{"damage":5,"enemies":"Nemesis","floor":42,"turns":5},{"damage":0,"enemies":"Giant Head","floor":45,"turns":4},{"damage":0,"enemies":"Spire Growth","floor":46,"turns":2},{"damage":1,"enemies":"Maw","floor":48,"turns":4},{"damage":20,"enemies":"Donu and Deca","floor":50,"turns":7}],"seed_played":"-8846072905095908047","potions_obtained":[{"floor":6,"key":"BlessingOfTheForge"},{"floor":7,"key":"Strength Potion"},{"floor":37,"key":"DuplicationPotion"},{"floor":48,"key":"FearPotion"}],"is_trial":false,"path_per_floor":["M","?","?","M","?","E","M","E","T","M","T","M","?","E","R","B",null,"M","?","$","?","M","R","E","E","T","E","T","NM","E","M","R","B",null,"M","AVR","?","M","M","E","?","E","T","R","E","M","R","M","R","B",null],"character_chosen":"IRONCLAD","items_purchased":["Toxic Egg 2","infinitespire:Satchel","Lee\u0027s Waffle","PreservedInsect","Juzu Bracelet","Shrug It Off+1","Impatience+1","Shrug It Off+1","Chemical X","Membership Card","Uppercut","Gambling Chip","Dramatic Entrance","infinitespire:OneForAll","Flame Barrier+1","Disarm+1","Blind+1","infinitespire:Bottled Soul","Singing Bowl","Shockwave+1","True Grit+1","Reaper","OrangePellets","Tiny Chest","Bottled Lightning"],"campfire_rested":4,"item_purchase_floors":[0,0,0,0,0,0,0,0,0,0,0,0,0,0,0,0,0,0,0,0,0,0,0,0,0],"current_hp_per_floor":[77,77,77,79,84,84,86,88,88,92,92,94,94,96,96,89,94,101,101,101,101,109,109,111,113,113,118,118,125,133,140,140,142,143,149,149,150,154,161,166,166,171,171,171,176,180,180,187,187,177],"gold":555,"neow_bonus":"","is_daily":false,"chose_seed":false,"campfire_upgraded":1,"win_rate":0.0,"timestamp":1609573599,"path_taken":["M","?","?","M","?","E","M","E","T","M","?","M","?","E","R","BOSS","M","?","$","?","M","R","E","E","T","E","?","NM","E","M","R","BOSS","M","AVR","?","M","M","E","?","E","T","R","E","M","R","M","R","BOSS"],"items_purchased_type":["Relic","Relic","Relic","Relic","Relic","Card","Card","Card","Relic","Relic","Card","Relic","Card","Card","Card","Card","Card","Relic","Relic","Card","Card","Card","Relic","Relic","Relic"],"build_version":"2020-12-22","purchased_purges":7,"victory":true,"max_hp_per_floor":[77,77,77,79,84,84,86,88,88,92,92,94,94,96,96,96,96,101,101,101,101,109,109,111,113,113,118,118,128,133,140,140,143,143,150,150,150,154,161,166,166,171,171,171,176,180,180,187,187,190],"card_choices":[{"not_picked":["Dual Wield+1","Heavy Blade"],"picked":"True Grit+1","floor":1},{"not_picked":["Wild Strike","Havoc+1","Sword Boomerang"],"picked":"Singing Bowl","floor":1},{"not_picked":["Headbutt","Perfected Strike"],"picked":"Sentinel+1","floor":4},{"not_picked":["Body Slam","Pummel","Bloodletting+1"],"picked":"Singing Bowl","floor":4},{"not_picked":["Pummel","Body Slam"],"picked":"Impervious+1","floor":6},{"not_picked":["Rage+1","Armaments+1","Heavy Blade"],"picked":"Singing Bowl","floor":7},{"not_picked":["Headbutt","Cleave"],"picked":"Battle Trance+1","floor":7},{"not_picked":["Searing Blow","Body Slam","Dropkick"],"picked":"Singing Bowl","floor":8},{"not_picked":["Battle Trance+1","Pommel Strike","Dark Embrace"],"picked":"Singing Bowl","floor":10},{"not_picked":["Inflame","Corruption","Clash"],"picked":"Singing Bowl","floor":10},{"not_picked":["Dual Wield+1","True Grit+1"],"picked":"Disarm+1","floor":12},{"not_picked":["Reckless Charge","Anger","Hemokinesis"],"picked":"Singing Bowl","floor":12},{"not_picked":["Armaments+1","Clash","Ghostly Armor+1"],"picked":"Singing Bowl","floor":14},{"not_picked":["Exhume+1","Bludgeon"],"picked":"Feed","floor":16},{"not_picked":["Sword Boomerang+1","Armaments+1","Twin Strike"],"picked":"Singing Bowl","floor":18},{"not_picked":["Bloodletting+1","True Grit+1"],"picked":"Whirlwind","floor":18},{"not_picked":["Metallicize","Perfected Strike","Havoc+1"],"picked":"Singing Bowl","floor":22},{"not_picked":["Clothesline","Iron Wave","Warcry+1"],"picked":"Singing Bowl","floor":22},{"not_picked":["Fire Breathing","True Grit+1","Wild Strike"],"picked":"Singing Bowl","floor":24},{"not_picked":["Inflame","Headbutt","Rupture"],"picked":"Singing Bowl","floor":25},{"not_picked":["Anger","Clash+1","Warcry+1"],"picked":"Singing Bowl","floor":27},{"not_picked":["Evolve","Wild Strike+1"],"picked":"Dropkick","floor":29},{"not_picked":["Sword Boomerang","Perfected Strike","Armaments+1"],"picked":"Singing Bowl","floor":30},{"not_picked":["Shrug It Off+1","Headbutt","Power Through+1"],"picked":"Singing Bowl","floor":31},{"not_picked":["Impervious+1","Shrug It Off+1","Warcry+1"],"picked":"Singing Bowl","floor":31},{"not_picked":["Reaper","Double Tap+1"],"picked":"Exhume+1","floor":33},{"not_picked":["Hemokinesis","Wild Strike","Cleave+1"],"picked":"Singing Bowl","floor":35},{"not_picked":["Shockwave+1","Armaments+1","Dual Wield+1"],"picked":"Singing Bowl","floor":35},{"not_picked":["Blood for Blood","Uppercut"],"picked":"infinitespire:OneForAll+1","floor":37},{"not_picked":["Inflame","Bloodletting+1","Burning Pact+1"],"picked":"Singing Bowl","floor":38},{"not_picked":["Power Through+1","Fiend Fire","Shrug It Off+1"],"picked":"Singing Bowl","floor":38},{"not_picked":["Perfected Strike+1","Flex+1","Wild Strike+1"],"picked":"Singing Bowl","floor":39},{"not_picked":["Armaments+1","Body Slam","Hemokinesis"],"picked":"Singing Bowl","floor":39},{"not_picked":["Feed","Body Slam+1","Sword Boomerang+1"],"picked":"Singing Bowl","floor":40},{"not_picked":["Dark Embrace","Carnage","Iron Wave"],"picked":"Singing Bowl","floor":42},{"not_picked":["Second Wind+1","Heavy Blade+1","Entrench+1"],"picked":"Singing Bowl","floor":45},{"not_picked":["Perfected Strike+1","Sword Boomerang+1","Berserk"],"picked":"Singing Bowl","floor":46},{"not_picked":["Iron Wave+1","Headbutt","Perfected Strike"],"picked":"Singing Bowl","floor":46},{"not_picked":["Sever Soul","Warcry+1","Armaments+1"],"picked":"Singing Bowl","floor":48},{"not_picked":["Battle Trance+1","Impervious+1","Thunderclap"],"picked":"Singing Bowl","floor":48}],"player_experience":2748958,"relics_obtained":[{"floor":6,"key":"The Courier"},{"floor":8,"key":"infinitespire:Joker Card"},{"floor":9,"key":"Sundial"},{"floor":11,"key":"Pocketwatch"},{"floor":14,"key":"infinitespire:CheckeredPen"},{"floor":24,"key":"Ancient Tea Set"},{"floor":25,"key":"StrikeDummy"},{"floor":26,"key":"Boot"},{"floor":27,"key":"Akabeko"},{"floor":28,"key":"Omamori"},{"floor":29,"key":"Strawberry"},{"floor":30,"key":"infinitespire:BottledMercury"},{"floor":37,"key":"Charon\u0027s Ashes"},{"floor":40,"key":"Centennial Puzzle"},{"floor":40,"key":"Bottled Tornado"},{"floor":42,"key":"Oddly Smooth Stone"},{"floor":42,"key":"Art of War"},{"floor":43,"key":"Kunai"},{"floor":45,"key":"Incense Burner"},{"floor":45,"key":"Potion Belt"}],"event_choices":[{"damage_healed":0,"gold_gain":0,"player_choice":"Paid Gold","damage_taken":0,"relics_obtained":["InkBottle"],"max_hp_gain":0,"max_hp_loss":0,"event_name":"WeMeetAgain","floor":3,"gold_loss":107},{"damage_healed":0,"gold_gain":0,"player_choice":"Donut","damage_taken":0,"max_hp_gain":5,"max_hp_loss":0,"event_name":"Big Fish","floor":5,"gold_loss":0},{"damage_healed":0,"gold_gain":0,"player_choice":"2 cards matched","damage_taken":0,"max_hp_gain":0,"max_hp_loss":0,"event_name":"Match and Keep!","floor":13,"gold_loss":0,"cards_obtained":["Brutality","Bash"]},{"damage_healed":0,"gold_gain":0,"player_choice":"2 cards matched","damage_taken":0,"max_hp_gain":0,"max_hp_loss":0,"event_name":"Match and Keep!","floor":13,"gold_loss":0,"cards_obtained":["Brutality","Bash"]},{"damage_healed":0,"gold_gain":0,"player_choice":"Stole Relic","damage_taken":0,"relics_obtained":["Magic Flower"],"max_hp_gain":0,"max_hp_loss":0,"event_name":"Addict","floor":19,"gold_loss":0,"cards_obtained":["Shame"]},{"damage_healed":0,"gold_gain":0,"player_choice":"Opened","damage_taken":0,"relics_obtained":["infinitespire:FocusingShard"],"max_hp_gain":0,"max_hp_loss":0,"event_name":"The Mausoleum","floor":21,"gold_loss":0,"cards_obtained":["Writhe"]},{"damage_healed":0,"gold_gain":0,"player_choice":"Fight","damage_taken":0,"max_hp_gain":0,"max_hp_loss":0,"event_name":"MindBloom","floor":37,"gold_loss":0},{"cards_removed":["Defend_R"],"damage_healed":0,"gold_gain":0,"player_choice":"Upgrade and Remove","damage_taken":0,"max_hp_gain":0,"max_hp_loss":0,"event_name":"Designer","floor":41,"gold_loss":110,"cards_upgraded":["Dropkick"]}],"is_beta":false,"boss_relics":[{"not_picked":["Snecko Eye","Velvet Choker"],"picked":"Fusion Hammer"},{"not_picked":["Mark of Pain","Philosopher\u0027s Stone"],"picked":"Black Star"}],"items_purged_floors":[0,0,0,0,0,20,36],"is_endless":false,"potions_floor_spawned":[6,7,8,25,27,29,31,37,39,40,42,48],"ascension_level":15}}