{"host":"xg5jeeis2it0kviw","time":1609587038,"event":{"mods":["Aspiration","BaseMod","Conspire","Hermit","Minty Spire (QoL Compilation)","Relic Stats","Spicy Shops","StSLib","vexMod","¡¾ÒÅÎï¿¨ÅÆ¡¿REMEMod"],"gold_per_floor":[109,121,133,133,146,46,46,63,90,101,51,67,67,30,30,164,164,176,176,176,23,40,74,74,0,0,0,99,99,114,125,125,220,220,235,247,263,263,263],"floor_reached":38,"playtime":2405,"items_purged":["hermit:Deadeye"],"score":388,"play_id":"6b8a3b8d-2902-47df-837e-9b2c1c1d41d8","local_time":"20210102193038","is_ascension_mode":false,"campfire_choices":[{"data":"hermit:Maintenance","floor":7.0,"key":"SMITH"},{"data":"hermit:Glare","floor":13.0,"key":"SMITH"},{"data":"Ghostly","floor":15.0,"key":"SMITH"},{"data":"hermit:Strike_Hermit","floor":24,"key":"SMITH"},{"data":"hermit:FullyLoaded","floor":27,"key":"SMITH"},{"floor":32,"key":"REST"}],"circlet_count":0,"master_deck":["hermit:Strike_Hermit","hermit:Strike_Hermit","hermit:Strike_Hermit+1","hermit:Defend_Hermit","hermit:Defend_Hermit","hermit:Defend_Hermit","hermit:Defend_Hermit","hermit:Snapshot","hermit:Covet","hermit:Glare+1","hermit:Maintenance+1","hermit:FullyLoaded+1","Ghostly+1","hermit:Enervate","hermit:BlackWind","hermit:Maintenance+1","hermit:ShadowCloak+1","hermit:Virtue","hermit:EternalForm","hermit:GhostlyPresence"],"relics":["hermit:ClaspedLocket","REME_ComplimentaryCards","aspiration:Nostalgia","Ring of the Snake","Vajra","Black Star","DollysMirror","hermit:RedScarf","Shuriken","PreservedInsect","aspiration:RitualStick"],"acts_visited":["Exordium","TheCity","TheBeyond"],"potions_floor_usage":[33,38],"damage_taken":[{"damage":0.0,"enemies":"Cultist","floor":1.0,"turns":3.0},{"damage":3.0,"enemies":"Jaw Worm","floor":2.0,"turns":2.0},{"damage":0.0,"enemies":"Small Slimes","floor":3.0,"turns":4.0},{"damage":9.0,"enemies":"Looter","floor":5.0,"turns":5.0},{"damage":0.0,"enemies":"Blue Slaver","floor":8.0,"turns":4.0},{"damage":2.0,"enemies":"2 Fungi Beasts","floor":10.0,"turns":3.0},{"damage":0.0,"enemies":"3 Louse","floor":12.0,"turns":3.0},{"damage":44.0,"enemies":"Hexaghost","floor":16.0,"turns":11.0},{"damage":33.0,"enemies":"3 Byrds","floor":18.0,"turns":9.0},{"damage":10,"enemies":"Chosen","floor":22,"turns":5},{"damage":7,"enemies":"Book of Stabbing","floor":23,"turns":10},{"damage":1,"enemies":"Snecko","floor":30,"turns":3},{"damage":6,"enemies":"Cultist and Chosen","floor":31,"turns":5},{"damage":47,"enemies":"Collector","floor":33,"turns":9},{"damage":11,"enemies":"Orb Walker","floor":35,"turns":5},{"damage":35,"enemies":"3 Shapes","floor":36,"turns":5},{"damage":22,"enemies":"Sphere and 2 Shapes","floor":37,"turns":6},{"damage":12,"enemies":"conspire:MimicChest","floor":38,"turns":2}],"seed_played":"8572156268596960772","potions_obtained":[{"floor":2.0,"key":"PowerPotion"},{"floor":3.0,"key":"Weak Potion"},{"floor":10.0,"key":"REME_GoldPotion"},{"floor":20,"key":"SteroidPotion"},{"floor":30,"key":"SkillPotion"},{"floor":33,"key":"ColorlessPotion"}],"is_trial":false,"path_per_floor":["M","M","M","?","M","?","R","M","T","M","?","M","R","$","R","B",null,"M","?","?","$","M","E","R","?","T","R","?","?","M","M","R","B",null,"M","M","M","?"],"character_chosen":"HERMIT","items_purchased":["hermit:Enervate","DollysMirror"],"campfire_rested":1,"item_purchase_floors":[14,21],"current_hp_per_floor":[75,72,72,65,56,56,56,56,56,54,54,54,54,54,54,10,75,42,67,67,67,57,50,50,50,50,50,50,35,34,28,50,3,75,64,29,7,0,0],"gold":263,"neow_bonus":"NOSTALGIA","is_daily":false,"chose_seed":false,"campfire_upgraded":5,"win_rate":0.0,"timestamp":1609587038,"path_taken":["M","M","M","?","M","?","R","M","T","M","?","M","R","$","R","BOSS","M","?","?","$","M","E","R","?","T","R","?","?","M","M","R","BOSS","M","M","M","?"],"items_purchased_type":["Card","Relic"],"build_version":"2020-12-22","purchased_purges":1,"victory":false,"max_hp_per_floor":[75,75,75,75,75,75,75,75,75,75,75,75,75,75,75,75,75,75,75,75,75,75,75,75,75,75,75,75,75,75,75,75,75,75,75,75,75,75,75],"relic_stats":{"counters":[18,94],"Shuriken":[3],"PreservedInsect":0,"Black Star":1,"obtain_stats":[{"hermit:ClaspedLocket":34,"aspiration:Nostalgia":0,"DollysMirror":21,"Shuriken":23,"Vajra":9,"PreservedInsect":26,"Black Star":17,"hermit:RedScarf":23,"hermit:Momento":0,"aspiration:RitualStick":29,"REME_ComplimentaryCards":0,"Ring of the Snake":0},{"hermit:ClaspedLocket":14,"aspiration:Nostalgia":0,"DollysMirror":9,"Shuriken":11,"Vajra":5,"PreservedInsect":11,"Black Star":8,"hermit:RedScarf":11,"hermit:Momento":0,"aspiration:RitualStick":11,"REME_ComplimentaryCards":0,"Ring of the Snake":0},{"hermit:ClaspedLocket":76,"aspiration:Nostalgia":0,"DollysMirror":44,"Shuriken":59,"Vajra":18,"PreservedInsect":59,"Black Star":35,"hermit:RedScarf":59,"hermit:Momento":0,"aspiration:RitualStick":59,"REME_ComplimentaryCards":0,"Ring of the Snake":0}],"aspiration:RitualStick":[0],"Ring of the Snake":[36]},"card_choices":[{"not_picked":["hermit:HighCaliber","hermit:Coalescence"],"picked":"hermit:Glare","floor":1.0},{"not_picked":["hermit:Determination","hermit:Glare"],"picked":"hermit:Maintenance","floor":2.0},{"not_picked":["hermit:WideOpen","hermit:Misfire"],"picked":"hermit:Deadeye","floor":3.0},{"not_picked":["hermit:EyeOfTheStorm","hermit:HighCaliber"],"picked":"hermit:FullyLoaded","floor":5.0},{"not_picked":["hermit:Manifest","hermit:Coalescence","hermit:Grudge"],"picked":"SKIP","floor":8.0},{"not_picked":["hermit:LoneWolf","hermit:SprayPray","hermit:FatalDesire"],"picked":"SKIP","floor":10.0},{"not_picked":["hermit:EyeOfTheStorm","hermit:Headshot","hermit:LowProfile"],"picked":"SKIP","floor":12.0},{"not_picked":["hermit:Magnum","hermit:Purgatory"],"picked":"hermit:BlackWind","floor":16.0},{"not_picked":["hermit:Headshot","hermit:HighCaliber","hermit:Desperado+1"],"picked":"SKIP","floor":18.0},{"not_picked":["hermit:GoldenBullet","hermit:Cheat+1"],"picked":"hermit:ShadowCloak+1","floor":22},{"not_picked":["hermit:BigShot","hermit:Gestalt","hermit:FullyLoaded"],"picked":"SKIP","floor":23},{"not_picked":["hermit:Showdown","hermit:Feint+1","hermit:TrackingShot+1"],"picked":"SKIP","floor":30},{"not_picked":["hermit:Vantage","hermit:Manifest"],"picked":"hermit:Virtue","floor":31},{"not_picked":["hermit:Dissolve","hermit:Gambit"],"picked":"hermit:EternalForm","floor":33},{"not_picked":["hermit:Snipe+1","hermit:Ricochet","hermit:CursedWeapon"],"picked":"SKIP","floor":35},{"not_picked":["hermit:EyeOfTheStorm","hermit:HighCaliber+1","hermit:Vantage"],"picked":"SKIP","floor":36},{"not_picked":["hermit:Virtue","hermit:Shortfuse+1"],"picked":"hermit:GhostlyPresence","floor":37}],"player_experience":347405,"relics_obtained":[{"floor":9.0,"key":"Vajra"},{"floor":23,"key":"hermit:RedScarf"},{"floor":23,"key":"Shuriken"},{"floor":26,"key":"PreservedInsect"}],"event_choices":[{"cards_removed":["hermit:Strike_Hermit"],"damage_healed":0.0,"max_hp_gain":0.0,"max_hp_loss":0.0,"gold_gain":0.0,"event_name":"Golden Wing","player_choice":"Card Removal","floor":4.0,"gold_loss":0.0,"damage_taken":7.0},{"damage_healed":0.0,"max_hp_gain":0.0,"max_hp_loss":0.0,"gold_gain":0.0,"event_name":"conspire:LoneGhost","player_choice":"Argue","floor":6.0,"gold_loss":0.0,"damage_taken":0.0},{"cards_removed":["InnerPeace"],"damage_healed":0.0,"max_hp_gain":0.0,"max_hp_loss":0.0,"gold_gain":0.0,"event_name":"The Cleric","player_choice":"Card Removal","floor":11.0,"gold_loss":50.0,"damage_taken":0.0},{"damage_healed":25.0,"max_hp_gain":0.0,"max_hp_loss":0.0,"gold_gain":0.0,"event_name":"The Library","player_choice":"Heal","floor":19.0,"gold_loss":0.0,"damage_taken":0.0},{"damage_healed":0,"gold_gain":0,"player_choice":"Paid Fearfully","damage_taken":0,"max_hp_gain":0,"max_hp_loss":0,"event_name":"Masked Bandits","floor":25,"gold_loss":74},{"damage_healed":0,"gold_gain":99,"player_choice":"Stole From Cult","damage_taken":0,"max_hp_gain":0,"max_hp_loss":0,"event_name":"Nest","floor":28,"gold_loss":0}],"is_beta":false,"boss_relics":[{"not_picked":["aspiration:SecretTechniqueScroll","aspiration:RunicSpoon"],"picked":"Black Star"},{"not_picked":["Busted Crown","REME_ChargedStone"],"picked":"hermit:ClaspedLocket"}],"items_purged_floors":[21],"is_endless":false,"potions_floor_spawned":[2,3,10,23,30,33,35,36],"killed_by":"conspire:MimicChest","ascension_level":0}}