{"host":"1q1wpq6df472foxy","time":1609562736,"event":{"mods":["BaseMod","DeckTracker","Highlight Path","Minty Spire (QoL Compilation)","Quick Restart","StSLib","SuperFastMode"],"gold_per_floor":[17,28,42,62,62,88,88,102,177,127,141,141,141,170,170,273,273,284,284,302,302,302],"floor_reached":21,"playtime":776,"items_purged":[],"score":191,"play_id":"c43ca5e8-b444-45ff-8461-26fb56142a21","local_time":"20210102134536","is_ascension_mode":false,"campfire_choices":[{"floor":7,"key":"RECALL"},{"floor":13,"key":"REST"},{"floor":15,"key":"REST"}],"circlet_count":0,"master_deck":["Strike_R","Strike_R","Strike_R","Strike_R","Strike_R","Defend_R","Defend_R","Defend_R","Bash","Demon Form","Heavy Blade","Heavy Blade","Exhume","Demon Form"],"relics":["Burning Blood","Shovel","Ornamental Fan","Magic Flower","Runic Dome"],"acts_visited":["Exordium","TheCity"],"potions_floor_usage":[14,16,16],"damage_taken":[{"damage":10,"enemies":"Cultist","floor":1,"turns":4},{"damage":11,"enemies":"2 Louse","floor":2,"turns":3},{"damage":2,"enemies":"Small Slimes","floor":3,"turns":4},{"damage":15,"enemies":"Looter","floor":4,"turns":3},{"damage":27,"enemies":"Gremlin Nob","floor":6,"turns":4},{"damage":32,"enemies":"Exordium Wildlife","floor":8,"turns":6},{"damage":6,"enemies":"2 Fungi Beasts","floor":11,"turns":3},{"damage":62,"enemies":"3 Sentries","floor":14,"turns":9},{"damage":37,"enemies":"The Guardian","floor":16,"turns":8},{"damage":31,"enemies":"Shell Parasite","floor":18,"turns":6},{"damage":33,"enemies":"3 Byrds","floor":20,"turns":6},{"damage":35,"enemies":"Centurion and Healer","floor":21,"turns":4}],"seed_played":"5277545747316183664","potions_obtained":[{"floor":1,"key":"ColorlessPotion"},{"floor":3,"key":"LiquidMemories"},{"floor":8,"key":"BloodPotion"},{"floor":14,"key":"SneckoOil"},{"floor":16,"key":"Ancient Potion"},{"floor":18,"key":"LiquidBronze"}],"is_trial":false,"path_per_floor":["M","M","M","M","?","E","R","M","T","?","M","?","R","E","R","B",null,"M","?","M","M"],"character_chosen":"IRONCLAD","items_purchased":[],"campfire_rested":2,"item_purchase_floors":[],"current_hp_per_floor":[76,71,75,66,80,59,59,33,33,33,33,33,57,17,41,13,80,58,58,34,0,0],"gold":302,"neow_bonus":"THREE_RARE_CARDS","is_daily":false,"chose_seed":false,"campfire_upgraded":0,"win_rate":0.0,"timestamp":1609562736,"path_taken":["M","M","?","M","?","E","R","M","T","?","M","?","R","E","R","BOSS","M","?","M","M"],"items_purchased_type":[],"build_version":"2020-12-22","purchased_purges":0,"victory":false,"max_hp_per_floor":[80,80,80,80,80,80,80,80,80,80,80,80,80,80,80,80,80,80,80,80,80,80],"card_choices":[{"not_picked":["Fiend Fire","Bludgeon"],"picked":"Demon Form","floor":0},{"not_picked":["Headbutt","Cleave","Wild Strike"],"picked":"SKIP","floor":1},{"not_picked":["Thunderclap","Headbutt","Wild Strike"],"picked":"SKIP","floor":2},{"not_picked":["Clothesline","True Grit"],"picked":"Heavy Blade","floor":3},{"not_picked":["Sever Soul","Cleave","Sword Boomerang"],"picked":"SKIP","floor":4},{"not_picked":["Sever Soul","Feed"],"picked":"Heavy Blade","floor":6},{"not_picked":["Flex","Thunderclap","Shrug It Off"],"picked":"SKIP","floor":8},{"not_picked":["Wild Strike","Seeing Red","Dark Embrace"],"picked":"SKIP","floor":11},{"not_picked":["Blood for Blood","Exhume","Body Slam"],"picked":"SKIP","floor":14},{"not_picked":["Blood for Blood","Body Slam"],"picked":"Exhume","floor":14},{"not_picked":["Bludgeon","Double Tap"],"picked":"Demon Form","floor":16},{"not_picked":["Dark Embrace","Wild Strike","Inflame"],"picked":"SKIP","floor":18},{"not_picked":["Anger","Flex","Combust"],"picked":"SKIP","floor":20}],"player_experience":371867,"relics_obtained":[{"floor":6,"key":"Shovel"},{"floor":9,"key":"Ornamental Fan"},{"floor":14,"key":"Magic Flower"}],"event_choices":[{"damage_healed":26,"gold_gain":0,"player_choice":"Banana","damage_taken":0,"max_hp_gain":0,"max_hp_loss":0,"event_name":"Big Fish","floor":5,"gold_loss":0},{"cards_removed":["Defend_R"],"damage_healed":0,"gold_gain":0,"player_choice":"Card Removal","damage_taken":0,"max_hp_gain":0,"max_hp_loss":0,"event_name":"The Cleric","floor":10,"gold_loss":50},{"damage_healed":0,"gold_gain":0,"player_choice":"Searched \u00270\u0027 times","damage_taken":0,"max_hp_gain":0,"max_hp_loss":0,"event_name":"Dead Adventurer","floor":12,"gold_loss":0},{"damage_healed":0,"gold_gain":0,"player_choice":"Ignored","damage_taken":0,"max_hp_gain":0,"max_hp_loss":0,"event_name":"Ghosts","floor":19,"gold_loss":0}],"is_beta":false,"boss_relics":[{"not_picked":["Mark of Pain","SacredBark"],"picked":"Runic Dome"}],"items_purged_floors":[],"is_endless":false,"potions_floor_spawned":[1,3,8,14,16,18],"killed_by":"Centurion and Healer","ascension_level":0}}