{"host":"sav7uxregyirlf69","time":1609604086,"event":{"mods":["AchievementEnabler","BaseMod","Colored Map","DeckTracker","Hermit","Keyboard Shortcuts","Minty Spire (QoL Compilation)","READ ME - Guardian Mod","StSLib","SuperFastMode"],"gold_per_floor":[113,113,125,125,135,135,164,164,164,164,114,129,54,54,54,155,155,168,168,178,78,98,98,98],"floor_reached":23,"playtime":641,"items_purged":["Decay","hermit:Strike_Hermit"],"score":236,"play_id":"eac6cabc-ed32-4de4-b2fc-ef75e0ed69da","local_time":"20210103011446","is_ascension_mode":true,"campfire_choices":[{"data":"hermit:HeroicBravado","floor":6,"key":"SMITH"},{"data":"hermit:Combo","floor":10,"key":"SMITH"},{"data":"hermit:CalledShot","floor":15,"key":"SMITH"}],"circlet_count":0,"master_deck":["hermit:Strike_Hermit+1","hermit:Defend_Hermit","hermit:Defend_Hermit","hermit:Defend_Hermit","hermit:Defend_Hermit","hermit:Snapshot","hermit:Covet+1","hermit:HeroicBravado+1","hermit:CalledShot+1","hermit:TrackingShot","hermit:Combo+1","hermit:Deadeye","hermit:Scavenge+1"],"relics":["hermit:Momento","Ice Cream","StrikeDummy","hermit:Spyglass","SlaversCollar","Gremlin Horn"],"acts_visited":["Exordium","TheCity"],"potions_floor_usage":[22,22,23],"damage_taken":[{"damage":1,"enemies":"2 Louse","floor":1,"turns":2},{"damage":2,"enemies":"Jaw Worm","floor":3,"turns":3},{"damage":0,"enemies":"Small Slimes","floor":5,"turns":3},{"damage":32,"enemies":"3 Sentries","floor":7,"turns":9},{"damage":7,"enemies":"Looter","floor":12,"turns":4},{"damage":6,"enemies":"Slime Boss","floor":16,"turns":10},{"damage":42,"enemies":"3 Byrds","floor":18,"turns":7},{"damage":20,"enemies":"Shell Parasite","floor":20,"turns":6},{"damage":0,"enemies":"Cultist and Chosen","floor":22,"turns":4},{"damage":12,"enemies":"Book of Stabbing","floor":23,"turns":2}],"seed_played":"7138184001509994179","potions_obtained":[{"floor":5,"key":"hermit:Tonic"},{"floor":20,"key":"Fire Potion"},{"floor":22,"key":"ColorlessPotion"}],"is_trial":false,"path_per_floor":["M","?","M","?","M","R","E","T","T","R","?","M","$","?","R","B",null,"M","?","M","$","M","E"],"character_chosen":"HERMIT","items_purchased":[],"campfire_rested":0,"item_purchase_floors":[],"current_hp_per_floor":[74,59,57,62,62,62,30,30,30,30,30,23,23,23,23,17,64,22,22,2,2,2,0,0],"gold":98,"neow_bonus":"THREE_RARE_CARDS","is_daily":false,"chose_seed":false,"campfire_upgraded":3,"win_rate":0.0,"timestamp":1609604086,"path_taken":["M","?","M","?","M","R","E","?","T","R","?","M","$","?","R","BOSS","M","?","M","$","M","E"],"items_purchased_type":[],"build_version":"2020-12-22","purchased_purges":2,"victory":false,"max_hp_per_floor":[75,75,75,80,80,80,80,80,80,80,80,80,80,80,80,80,80,80,80,80,80,80,80,80],"card_choices":[{"not_picked":["hermit:Reprieve","hermit:FinalCanter"],"picked":"hermit:HeroicBravado","floor":0},{"not_picked":["hermit:Manifest","hermit:FullyLoaded","hermit:BodyArmor"],"picked":"SKIP","floor":1},{"not_picked":["hermit:WideOpen","hermit:Vantage"],"picked":"hermit:CalledShot","floor":3},{"not_picked":["hermit:Misfire","hermit:Roulette"],"picked":"hermit:TrackingShot","floor":5},{"not_picked":["hermit:EyeOfTheStorm","hermit:Snipe"],"picked":"hermit:Combo","floor":7},{"not_picked":["hermit:Feint","hermit:LowProfile"],"picked":"hermit:Deadeye","floor":12},{"not_picked":["hermit:Midnight","hermit:Ricochet","hermit:Feint"],"picked":"SKIP","floor":18},{"not_picked":["hermit:Feint","hermit:LowProfile","hermit:DeadMansHand"],"picked":"SKIP","floor":20},{"not_picked":["hermit:Desperado","hermit:LowProfile","hermit:Scavenge+1"],"picked":"SKIP","floor":22},{"not_picked":["hermit:Desperado","hermit:LowProfile"],"picked":"hermit:Scavenge+1","floor":22}],"player_experience":1139578,"relics_obtained":[{"floor":7,"key":"Ice Cream"},{"floor":8,"key":"StrikeDummy"},{"floor":9,"key":"hermit:Spyglass"}],"event_choices":[{"damage_healed":0,"gold_gain":0,"player_choice":"Entered Light","damage_taken":15,"max_hp_gain":0,"max_hp_loss":0,"event_name":"Shining Light","floor":2,"gold_loss":0,"cards_upgraded":["hermit:Covet","hermit:Strike_Hermit"]},{"damage_healed":0,"gold_gain":0,"player_choice":"Donut","damage_taken":0,"max_hp_gain":5,"max_hp_loss":0,"event_name":"Big Fish","floor":4,"gold_loss":0},{"cards_removed":["hermit:Strike_Hermit"],"damage_healed":0,"gold_gain":0,"player_choice":"Card Removal","damage_taken":0,"max_hp_gain":0,"max_hp_loss":0,"event_name":"The Cleric","floor":11,"gold_loss":50},{"cards_removed":["hermit:Strike_Hermit"],"damage_healed":0,"gold_gain":0,"player_choice":"Forget","damage_taken":0,"max_hp_gain":0,"max_hp_loss":0,"event_name":"Living Wall","floor":14,"gold_loss":0},{"damage_healed":0,"gold_gain":0,"player_choice":"Opened","damage_taken":0,"relics_obtained":["Gremlin Horn"],"max_hp_gain":0,"max_hp_loss":0,"event_name":"The Mausoleum","floor":19,"gold_loss":0}],"is_beta":false,"boss_relics":[{"not_picked":["Runic Dome","Coffee Dripper"],"picked":"SlaversCollar"}],"items_purged_floors":[13,21],"is_endless":false,"potions_floor_spawned":[5,20,22],"killed_by":"Book of Stabbing","ascension_level":5}}