{"host":"2se5dq1do2gp0x9k","time":1609626947,"event":{"mods":["AchievementEnabler","BaseMod","Block Reminder","Colored Map","Colored Powertips","Minty Spire (QoL Compilation)","Relic Stats","StSLib","SuperFastMode"],"gold_per_floor":[116,132,54,72,88,88,122,143,143,45,61,61,74,93,93,188,188,207,218,231,19,29,57,57,74,74,103,18,18,34,47,47,144,144,162,162,17,36,86,112,131,131,131,131,146,146,175,230,230,230],"floor_reached":51,"playtime":3171,"items_purged":["Strike_P","Defend_P"],"score":967,"play_id":"658c0e96-9409-4a77-9820-49cfd5e727b3","local_time":"20210102143547","is_ascension_mode":true,"campfire_choices":[{"data":"Eruption","floor":6.0,"key":"SMITH"},{"floor":12.0,"key":"REST"},{"data":"JustLucky","floor":15.0,"key":"SMITH"},{"data":"Nirvana","floor":24,"key":"SMITH"},{"floor":32,"key":"REST"},{"floor":42,"key":"REST"},{"floor":44,"key":"REST"},{"data":"Madness","floor":46,"key":"SMITH"},{"floor":49,"key":"REST"}],"circlet_count":0,"master_deck":["Defend_P","Defend_P","Defend_P","Eruption+1","Vigilance","Nirvana+1","EmptyFist","FlurryOfBlows","ThirdEye","CutThroughFate","CutThroughFate","ThirdEye","CutThroughFate","ThirdEye","JustLucky+1","Consecrate","DeusExMachina","LikeWater+1","Sanctity+1","FlurryOfBlows+1","FlurryOfBlows+1","CutThroughFate+1","JustLucky","MentalFortress","CrushJoints+1","CutThroughFate","Tantrum+1","FearNoEvil+1","Crescendo+1","Vault","Halt+1","Madness","Madness+1","Tantrum+1","Weave+1","Halt","ClearTheMind+1","Wallop+1","JustLucky+1"],"relics":["PureWater","The Courier","Odd Mushroom","White Beast Statue","Astrolabe","Bottled Tornado","Darkstone Periapt","Mummified Hand","Anchor","Regal Pillow","Molten Egg 2","VioletLotus","CloakClasp","Orichalcum","Blue Candle","Oddly Smooth Stone","Dead Branch"],"acts_visited":["Exordium","TheCity","TheBeyond"],"potions_floor_usage":[18,22,23,23,25,30,31,33,33,41,47,50,50],"damage_taken":[{"damage":0.0,"enemies":"Small Slimes","floor":1.0,"turns":2.0},{"damage":3.0,"enemies":"2 Louse","floor":2.0,"turns":4.0},{"damage":7.0,"enemies":"Jaw Worm","floor":4.0,"turns":3.0},{"damage":7.0,"enemies":"Exordium Wildlife","floor":5.0,"turns":4.0},{"damage":24.0,"enemies":"3 Sentries","floor":7.0,"turns":11.0},{"damage":0.0,"enemies":"The Mushroom Lair","floor":8.0,"turns":3.0},{"damage":4.0,"enemies":"Exordium Thugs","floor":11.0,"turns":4.0},{"damage":0.0,"enemies":"Looter","floor":13.0,"turns":4.0},{"damage":6.0,"enemies":"Gremlin Gang","floor":14.0,"turns":2.0},{"damage":4.0,"enemies":"Slime Boss","floor":16.0,"turns":7.0},{"damage":11,"enemies":"2 Thieves","floor":18,"turns":3},{"damage":0,"enemies":"Spheric Guardian","floor":19,"turns":2},{"damage":5,"enemies":"Cultist and Chosen","floor":20,"turns":4},{"damage":19,"enemies":"Snake Plant","floor":22,"turns":6},{"damage":3,"enemies":"Slavers","floor":23,"turns":9},{"damage":0,"enemies":"Centurion and Healer","floor":25,"turns":7},{"damage":17,"enemies":"Book of Stabbing","floor":27,"turns":6},{"damage":0,"enemies":"Cultist and Chosen","floor":30,"turns":3},{"damage":0,"enemies":"3 Cultists","floor":31,"turns":3},{"damage":28,"enemies":"Collector","floor":33,"turns":6},{"damage":0,"enemies":"3 Darklings","floor":35,"turns":4},{"damage":0,"enemies":"Orb Walker","floor":38,"turns":3},{"damage":0,"enemies":"Mind Bloom Boss Battle","floor":39,"turns":3},{"damage":68,"enemies":"Nemesis","floor":40,"turns":7},{"damage":20,"enemies":"Maw","floor":41,"turns":6},{"damage":6,"enemies":"3 Darklings","floor":45,"turns":4},{"damage":0,"enemies":"Reptomancer","floor":47,"turns":5},{"damage":31,"enemies":"2 Orb Walkers","floor":48,"turns":7},{"damage":0,"enemies":"Donu and Deca","floor":50,"turns":5}],"seed_played":"2106644597593670319","potions_obtained":[{"floor":0.0,"key":"SneckoOil"},{"floor":0.0,"key":"Explosive Potion"},{"floor":0.0,"key":"FairyPotion"},{"floor":5.0,"key":"AttackPotion"},{"floor":8.0,"key":"Regen Potion"},{"floor":11.0,"key":"DistilledChaos"},{"floor":16.0,"key":"Weak Potion"},{"floor":18,"key":"Swift Potion"},{"floor":19,"key":"Swift Potion"},{"floor":22,"key":"SkillPotion"},{"floor":23,"key":"Block Potion"},{"floor":25,"key":"Fire Potion"},{"floor":27,"key":"ColorlessPotion"},{"floor":30,"key":"EssenceOfSteel"},{"floor":31,"key":"PowerPotion"},{"floor":33,"key":"Ancient Potion"},{"floor":35,"key":"EssenceOfSteel"},{"floor":38,"key":"FearPotion"},{"floor":40,"key":"PowerPotion"},{"floor":41,"key":"Energy Potion"},{"floor":47,"key":"Energy Potion"},{"floor":48,"key":"DuplicationPotion"}],"is_trial":false,"path_per_floor":["M","M","$","M","M","R","E","?","T","$","M","R","M","M","R","B",null,"M","M","M","$","M","E","R","M","T","E","?","?","M","M","R","B",null,"M","?","$","M","?","E","M","R","T","R","M","R","E","?","R","B",null],"character_chosen":"WATCHER","items_purchased":["FlurryOfBlows","ThirdEye","ThirdEye","JustLucky","Bottled Tornado","Tantrum+1"],"campfire_rested":5,"item_purchase_floors":[3,3,10,21,21,37],"current_hp_per_floor":[72,69,69,62,55,55,31,31,31,31,27,48,48,42,42,53,72,61,61,56,56,37,34,34,34,34,17,17,17,17,17,53,25,72,72,63,63,63,63,21,1,37,37,72,66,66,66,35,71,71],"gold":230,"neow_bonus":"THREE_SMALL_POTIONS","is_daily":false,"chose_seed":false,"campfire_upgraded":4,"win_rate":0.0,"timestamp":1609626947,"path_taken":["M","M","$","M","M","R","E","?","T","$","M","R","M","M","R","BOSS","M","M","M","$","M","E","R","M","T","E","?","?","M","M","R","BOSS","M","?","$","M","?","E","M","R","T","R","M","R","E","?","R","BOSS"],"items_purchased_type":["Card","Card","Card","Card","Relic","Card"],"build_version":"2020-12-22","purchased_purges":2,"victory":true,"max_hp_per_floor":[72,72,72,72,72,72,72,72,72,72,72,72,72,72,72,72,72,72,72,72,72,72,72,72,72,72,72,72,72,72,72,72,72,72,72,72,72,72,72,72,72,72,72,72,72,72,72,72,72,72],"relic_stats":{"Darkstone Periapt":0,"Regal Pillow":59,"counters":[29,137],"Mummified Hand":[36],"Astrolabe":["LikeWater","Sanctity","FlurryOfBlows"],"Blue Candle":[0],"Dead Branch":[9],"VioletLotus":[9],"CloakClasp":[78],"Orichalcum":[0],"obtain_stats":[{"Darkstone Periapt":23,"Regal Pillow":28,"Astrolabe":17,"Blue Candle":43,"Dead Branch":48,"Oddly Smooth Stone":47,"The Courier":7,"CloakClasp":39,"Odd Mushroom":8,"Bottled Tornado":21,"Orichalcum":40,"White Beast Statue":9,"Anchor":27,"Mummified Hand":26,"Molten Egg 2":29,"VioletLotus":34,"PureWater":0},{"Darkstone Periapt":15,"Regal Pillow":17,"Astrolabe":10,"Blue Candle":25,"Dead Branch":28,"Oddly Smooth Stone":27,"The Courier":5,"CloakClasp":23,"Odd Mushroom":6,"Bottled Tornado":13,"Orichalcum":24,"White Beast Statue":6,"Anchor":17,"Mummified Hand":16,"Molten Egg 2":17,"VioletLotus":20,"PureWater":0},{"Darkstone Periapt":68,"Regal Pillow":81,"Astrolabe":44,"Blue Candle":116,"Dead Branch":132,"Oddly Smooth Stone":125,"The Courier":24,"CloakClasp":103,"Odd Mushroom":27,"Bottled Tornado":53,"Orichalcum":110,"White Beast Statue":27,"Anchor":81,"Mummified Hand":75,"Molten Egg 2":81,"VioletLotus":93,"PureWater":0}]},"card_choices":[{"not_picked":["ClearTheMind","Meditate"],"picked":"Nirvana","floor":1.0},{"not_picked":["Fasting2","Evaluate"],"picked":"EmptyFist","floor":2.0},{"not_picked":["Protect","Devotion"],"picked":"CutThroughFate","floor":4.0},{"not_picked":["Vengeance","Consecrate"],"picked":"CutThroughFate","floor":5.0},{"not_picked":["Judgement","Protect"],"picked":"ThirdEye","floor":7.0},{"not_picked":["JustLucky","MentalFortress"],"picked":"CutThroughFate","floor":8.0},{"not_picked":["Protect","ClearTheMind"],"picked":"JustLucky","floor":11.0},{"not_picked":["CrushJoints","EmptyBody"],"picked":"Consecrate","floor":13.0},{"not_picked":["Evaluate","BowlingBash","WreathOfFlame"],"picked":"SKIP","floor":14.0},{"not_picked":["Establishment","Blasphemy"],"picked":"DeusExMachina","floor":16.0},{"not_picked":["Evaluate","EmptyFist+1"],"picked":"FlurryOfBlows+1","floor":18},{"not_picked":["EmptyFist","BowlingBash+1"],"picked":"CutThroughFate+1","floor":19},{"not_picked":["Meditate","Vengeance","FollowUp+1"],"picked":"SKIP","floor":20},{"not_picked":["Wallop","BowlingBash"],"picked":"MentalFortress","floor":22},{"not_picked":["Swivel","Omniscience"],"picked":"CrushJoints+1","floor":23},{"not_picked":["Collect","ReachHeaven"],"picked":"CutThroughFate","floor":25},{"not_picked":["Protect","WheelKick"],"picked":"Tantrum+1","floor":27},{"not_picked":["Halt","Protect"],"picked":"FearNoEvil+1","floor":30},{"not_picked":["ThirdEye","Conclude+1"],"picked":"Crescendo+1","floor":31},{"not_picked":["LessonLearned+1","Judgement"],"picked":"Vault","floor":33},{"not_picked":["FlyingSleeves+1","FlurryOfBlows+1"],"picked":"Halt+1","floor":35},{"not_picked":["BowlingBash+1","Halt+1"],"picked":"Weave+1","floor":38},{"not_picked":["Conclude+1","ReachHeaven+1"],"picked":"Halt","floor":40},{"not_picked":["BattleHymn","Omniscience"],"picked":"ClearTheMind+1","floor":41},{"not_picked":["Halt+1","Collect","Crescendo+1"],"picked":"SKIP","floor":45},{"not_picked":["Indignation","PathToVictory"],"picked":"Wallop+1","floor":47},{"not_picked":["FlyingSleeves+1","PathToVictory"],"picked":"JustLucky+1","floor":48}],"player_experience":3714728,"relics_obtained":[{"floor":7.0,"key":"The Courier"},{"floor":8.0,"key":"Odd Mushroom"},{"floor":9.0,"key":"White Beast Statue"},{"floor":23,"key":"Darkstone Periapt"},{"floor":26,"key":"Mummified Hand"},{"floor":27,"key":"Anchor"},{"floor":39,"key":"CloakClasp"},{"floor":40,"key":"Orichalcum"},{"floor":43,"key":"Blue Candle"},{"floor":47,"key":"Oddly Smooth Stone"},{"floor":48,"key":"Dead Branch"}],"event_choices":[{"damage_healed":0.0,"max_hp_gain":0.0,"max_hp_loss":0.0,"gold_gain":0.0,"event_name":"Mushrooms","player_choice":"Fought Mushrooms","floor":8.0,"gold_loss":0.0,"damage_taken":0.0},{"damage_healed":0,"gold_gain":0,"player_choice":"Obtained Relic","damage_taken":0,"relics_obtained":["Regal Pillow"],"max_hp_gain":0,"max_hp_loss":0,"event_name":"Addict","floor":28,"gold_loss":85},{"damage_healed":0,"gold_gain":0,"player_choice":"Opened","damage_taken":0,"relics_obtained":["Molten Egg 2"],"max_hp_gain":0,"max_hp_loss":0,"event_name":"The Mausoleum","floor":29,"gold_loss":0},{"damage_healed":0,"gold_gain":0,"player_choice":"Embrace Madness","damage_taken":9,"max_hp_gain":0,"max_hp_loss":0,"event_name":"Winding Halls","floor":36,"gold_loss":0,"cards_obtained":["Madness","Madness"]},{"damage_healed":0,"gold_gain":0,"player_choice":"Fight","damage_taken":0,"max_hp_gain":0,"max_hp_loss":0,"event_name":"MindBloom","floor":39,"gold_loss":0},{"damage_healed":0,"gold_gain":0,"player_choice":"Fight","damage_taken":0,"max_hp_gain":0,"max_hp_loss":0,"event_name":"Mysterious Sphere","floor":48,"gold_loss":0}],"is_beta":false,"boss_relics":[{"not_picked":["HolyWater","Coffee Dripper"],"picked":"Astrolabe"},{"not_picked":["Busted Crown","Snecko Eye"],"picked":"VioletLotus"}],"items_purged_floors":[10,37],"is_endless":false,"potions_floor_spawned":[5,7,8,11,13,14,16,18,19,20,22,23,25,27,30,31,33,35,38,39,40,41,45,47,48],"ascension_level":3}}