{"host":"wbjiqg83duq292na","time":1609562317,"event":{"mods":["BaseMod","Minty Spire (QoL Compilation)"],"gold_per_floor":[119,119,132,142,162,198,198,79,79,114,128,171,171,171,171,284,284,308,328,328,339,348,348,373,373,421,430,457,125,125,125,125,229,229,241,261,136,195,195,229,229,263,327,0,27,27,50,50,50,50,50],"floor_reached":50,"playtime":2487,"items_purged":["Strike_G","Decay","Writhe"],"score":719,"play_id":"95fa951a-cb7b-4e5e-8611-0b8b7d0b23b2","local_time":"20210102023837","is_ascension_mode":true,"campfire_choices":[{"floor":7,"key":"REST"},{"floor":15,"key":"REST"},{"floor":23,"key":"REST"},{"floor":25,"key":"REST"},{"floor":30,"key":"REST"},{"floor":32,"key":"REST"},{"floor":41,"key":"RECALL"},{"floor":46,"key":"REST"},{"floor":49,"key":"REST"}],"circlet_count":0,"master_deck":["Strike_G","Strike_G","Strike_G+1","Defend_G+1","Defend_G","Defend_G","Defend_G","Defend_G","Survivor","Neutralize","Blade Dance","Infinite Blades","Blade Dance","Masterful Stab","Blade Dance","Storm of Steel","Footwork","Slice","Sadistic Nature","Accuracy","Envenom","Prepared","Masterful Stab+1","Prepared","Prepared+1","Regret","Tactician+1"],"relics":["Sozu","CeramicFish","Dead Branch","Odd Mushroom","Tingsha","Gremlin Horn","HoveringKite","Enchiridion","Oddly Smooth Stone","Snake Skull","White Beast Statue","Cursed Key","Torii","Blood Vial","Juzu Bracelet","Potion Belt","Red Mask","Kunai"],"acts_visited":["Exordium","TheCity","TheBeyond"],"potions_floor_usage":[],"damage_taken":[{"damage":0,"enemies":"Small Slimes","floor":1,"turns":4},{"damage":4,"enemies":"2 Louse","floor":3,"turns":3},{"damage":0,"enemies":"Jaw Worm","floor":4,"turns":4},{"damage":4,"enemies":"2 Fungi Beasts","floor":5,"turns":4},{"damage":23,"enemies":"Gremlin Nob","floor":6,"turns":5},{"damage":20,"enemies":"The Mushroom Lair","floor":10,"turns":3},{"damage":2,"enemies":"3 Louse","floor":11,"turns":2},{"damage":8,"enemies":"Lagavulin","floor":12,"turns":5},{"damage":2,"enemies":"Hexaghost","floor":16,"turns":5},{"damage":12,"enemies":"Shell Parasite","floor":18,"turns":3},{"damage":25,"enemies":"2 Thieves","floor":19,"turns":3},{"damage":0,"enemies":"Snecko","floor":21,"turns":2},{"damage":29,"enemies":"Slavers","floor":24,"turns":3},{"damage":18,"enemies":"Snake Plant","floor":28,"turns":2},{"damage":0,"enemies":"Champ","floor":33,"turns":9},{"damage":4,"enemies":"Orb Walker","floor":35,"turns":2},{"damage":0,"enemies":"3 Darklings","floor":36,"turns":1},{"damage":36,"enemies":"Mind Bloom Boss Battle","floor":38,"turns":3},{"damage":2,"enemies":"Giant Head","floor":40,"turns":5},{"damage":0,"enemies":"Reptomancer","floor":42,"turns":2},{"damage":32,"enemies":"Nemesis","floor":45,"turns":5},{"damage":39,"enemies":"Writhing Mass","floor":47,"turns":4},{"damage":37,"enemies":"Donu and Deca","floor":50,"turns":4}],"seed_played":"-3370145360710714867","potions_obtained":[],"is_trial":false,"path_per_floor":["M","?","M","M","M","E","R","$","T","?","M","E","?","?","R","B",null,"M","M","?","M","?","R","E","R","T","?","M","$","R","?","R","B",null,"M","M","$","?","?","E","R","E","T","?","E","R","M","?","R","B"],"character_chosen":"THE_SILENT","items_purchased":["Blade Dance","Sadistic Nature","Accuracy"],"campfire_rested":8,"item_purchase_floors":[8,29,29],"current_hp_per_floor":[70,67,63,63,59,36,57,57,57,37,35,27,13,13,34,32,70,58,33,17,17,17,38,9,30,30,30,12,12,33,27,48,48,70,66,66,66,30,61,59,59,61,61,61,29,47,10,10,28,0,0],"gold":50,"neow_bonus":"BOSS_RELIC","is_daily":false,"chose_seed":false,"campfire_upgraded":0,"win_rate":0.0,"timestamp":1609562317,"path_taken":["M","?","M","M","M","E","R","$","T","?","M","E","?","?","R","BOSS","M","M","?","M","?","R","E","R","T","?","M","$","R","?","R","BOSS","M","?","$","?","?","E","R","E","T","?","E","R","M","?","R","BOSS"],"items_purchased_type":["Card","Card","Card"],"build_version":"2020-12-22","purchased_purges":3,"victory":false,"max_hp_per_floor":[70,70,70,70,70,70,70,70,70,70,70,70,70,70,70,70,70,70,70,70,70,70,70,70,70,70,70,70,70,70,70,70,70,70,70,70,70,70,61,61,61,61,61,61,61,61,61,61,61,61,61],"card_choices":[{"not_picked":["Deadly Poison","Backflip"],"picked":"Blade Dance","floor":1},{"not_picked":["Riddle With Holes","Dash","Dodge and Roll"],"picked":"SKIP","floor":3},{"not_picked":["Dagger Spray","Flying Knee","Dash"],"picked":"SKIP","floor":4},{"not_picked":["Blur","Deflect","Eviscerate"],"picked":"SKIP","floor":5},{"not_picked":["Dodge and Roll","Blur"],"picked":"Infinite Blades","floor":6},{"not_picked":["Deadly Poison","Blur"],"picked":"Masterful Stab","floor":10},{"not_picked":["Bullet Time","Acrobatics","PiercingWail"],"picked":"SKIP","floor":11},{"not_picked":["Predator","Tactician"],"picked":"Blade Dance","floor":12},{"not_picked":["Night Terror","Unload"],"picked":"Storm of Steel","floor":16},{"not_picked":["Bane","Dash"],"picked":"Footwork","floor":18},{"not_picked":["Sucker Punch","Blade Dance","Slice"],"picked":"SKIP","floor":19},{"not_picked":["Dagger Throw","Dodge and Roll","Flying Knee"],"picked":"SKIP","floor":21},{"not_picked":["PiercingWail","Blur","Setup"],"picked":"SKIP","floor":24},{"not_picked":["Dagger Spray","Dodge and Roll"],"picked":"Slice","floor":28},{"not_picked":["Venomology","Wraith Form v2"],"picked":"Envenom","floor":33},{"not_picked":["Deflect","Setup+1","Slice+1"],"picked":"SKIP","floor":35},{"not_picked":["Skewer","Riddle With Holes"],"picked":"Prepared","floor":36},{"not_picked":["Dodge and Roll","Backflip"],"picked":"Masterful Stab+1","floor":38},{"not_picked":["Unload","Underhanded Strike+1"],"picked":"Prepared","floor":40},{"not_picked":["Eviscerate+1","Dagger Throw"],"picked":"Prepared+1","floor":42},{"not_picked":["Poisoned Stab","Underhanded Strike","Backflip+1"],"picked":"SKIP","floor":45},{"not_picked":["Tools of the Trade","Underhanded Strike"],"picked":"Tactician+1","floor":47}],"player_experience":305401,"relics_obtained":[{"floor":6,"key":"Dead Branch"},{"floor":10,"key":"Odd Mushroom"},{"floor":12,"key":"Tingsha"},{"floor":20,"key":"Enchiridion"},{"floor":24,"key":"Oddly Smooth Stone"},{"floor":26,"key":"Snake Skull"},{"floor":38,"key":"Torii"},{"floor":40,"key":"Blood Vial"},{"floor":42,"key":"Juzu Bracelet"},{"floor":43,"key":"Potion Belt"},{"floor":45,"key":"Kunai"}],"event_choices":[{"damage_healed":0,"gold_gain":0,"player_choice":"Success","damage_taken":3,"relics_obtained":["CeramicFish"],"max_hp_gain":0,"max_hp_loss":0,"event_name":"Scrap Ooze","floor":2,"gold_loss":0},{"damage_healed":0,"gold_gain":0,"player_choice":"Fought Mushrooms","damage_taken":0,"max_hp_gain":0,"max_hp_loss":0,"event_name":"Mushrooms","floor":10,"gold_loss":0},{"damage_healed":0,"gold_gain":0,"player_choice":"Entered Light","damage_taken":14,"max_hp_gain":0,"max_hp_loss":0,"event_name":"Shining Light","floor":13,"gold_loss":0,"cards_upgraded":["Strike_G","Defend_G"]},{"damage_healed":0,"gold_gain":0,"player_choice":"Searched \u00271\u0027 times","damage_taken":0,"relics_obtained":["Gremlin Horn"],"max_hp_gain":0,"max_hp_loss":0,"event_name":"Dead Adventurer","floor":14,"gold_loss":0},{"damage_healed":0,"gold_gain":0,"player_choice":"Obtained Book","damage_taken":16,"max_hp_gain":0,"max_hp_loss":0,"event_name":"Cursed Tome","floor":20,"gold_loss":0},{"damage_healed":0,"gold_gain":0,"player_choice":"Smashed Altar","damage_taken":0,"max_hp_gain":0,"max_hp_loss":0,"event_name":"Forgotten Altar","floor":22,"gold_loss":0,"cards_obtained":["Decay"]},{"damage_healed":0,"gold_gain":0,"player_choice":"Opened","damage_taken":0,"relics_obtained":["White Beast Statue"],"max_hp_gain":0,"max_hp_loss":0,"event_name":"The Mausoleum","floor":27,"gold_loss":0,"cards_obtained":["Writhe"]},{"damage_healed":0,"gold_gain":0,"player_choice":"","damage_taken":6,"max_hp_gain":0,"max_hp_loss":0,"event_name":"Knowing Skull","floor":31,"potions_obtained":[],"gold_loss":0,"cards_obtained":[]},{"damage_healed":0,"gold_gain":0,"player_choice":"Fight","damage_taken":0,"max_hp_gain":0,"max_hp_loss":0,"event_name":"MindBloom","floor":38,"gold_loss":0},{"damage_healed":61,"gold_gain":0,"player_choice":"Heal","damage_taken":0,"max_hp_gain":0,"max_hp_loss":9,"event_name":"The Moai Head","floor":39,"gold_loss":0},{"damage_healed":0,"gold_gain":0,"player_choice":"Paid","damage_taken":0,"relics_obtained":["Red Mask"],"max_hp_gain":0,"max_hp_loss":0,"event_name":"Tomb of Lord Red Mask","floor":44,"gold_loss":327},{"cards_removed":["Strike_G"],"damage_healed":0,"gold_gain":0,"player_choice":"Removed Attack","damage_taken":0,"max_hp_gain":0,"max_hp_loss":0,"event_name":"Falling","floor":48,"gold_loss":0}],"is_beta":false,"boss_relics":[{"not_picked":["Tiny House","Runic Pyramid"],"picked":"HoveringKite"},{"not_picked":["Coffee Dripper","Astrolabe"],"picked":"Cursed Key"}],"items_purged_floors":[8,29,37],"is_endless":false,"potions_floor_spawned":[5,10,11,16,21,24,28,33,35,36,38,40,42,45,47],"killed_by":"Donu and Deca","ascension_level":2}}