{"host":"w9yruvs4bqht6bhw","time":1609629210,"event":{"mods":["BaseMod","Colored Powertips","Minty Spire (QoL Compilation)"],"gold_per_floor":[117,134,153,10,24,24,55,55,55,69,81,81,96,96,96,195,195,213,229,409,24,37,37,48,48,48,48,64,96,115,115,115,216,216,229,242,261,261,261,261,261],"floor_reached":40,"playtime":1387,"items_purged":["Armaments+1"],"score":556,"play_id":"b40c18d6-42ef-40ba-9f47-afa68450bbeb","local_time":"20210102181330","is_ascension_mode":true,"campfire_choices":[{"data":"Armaments","floor":6,"key":"SMITH"},{"data":"Perfected Strike","floor":8,"key":"SMITH"},{"data":"Twin Strike","floor":15,"key":"SMITH"},{"data":"Perfected Strike","floor":27,"key":"SMITH"},{"data":"Bash","floor":32,"key":"SMITH"}],"circlet_count":0,"master_deck":["Strike_R","Strike_R","Strike_R","Strike_R","Strike_R","Defend_R","Defend_R","Defend_R","Defend_R","Bash+1","Perfected Strike+1","Twin Strike+1","Warcry","Shockwave+1","Spot Weakness+1","Sword Boomerang+1","Apotheosis+1","Perfected Strike+1","Perfected Strike+1","Shrug It Off+1","Battle Trance+1","Ghostly Armor+1","Impatience+1"],"relics":["Burning Blood","NeowsBlessing","Anchor","InkBottle","Self Forming Clay","Toxic Egg 2","Busted Crown","DollysMirror","MutagenicStrength","Sundial","Pear"],"acts_visited":["Exordium","TheCity","TheBeyond"],"potions_floor_usage":[5,14,16,18,24,28,29],"damage_taken":[{"damage":0,"enemies":"Small Slimes","floor":1,"turns":1},{"damage":0,"enemies":"2 Louse","floor":2,"turns":1},{"damage":0,"enemies":"Cultist","floor":3,"turns":1},{"damage":13,"enemies":"Large Slime","floor":5,"turns":9},{"damage":20,"enemies":"Gremlin Nob","floor":7,"turns":4},{"damage":0,"enemies":"Blue Slaver","floor":10,"turns":3},{"damage":1,"enemies":"Looter","floor":11,"turns":3},{"damage":3,"enemies":"Exordium Wildlife","floor":13,"turns":3},{"damage":0,"enemies":"The Mushroom Lair","floor":14,"turns":1},{"damage":14,"enemies":"The Guardian","floor":16,"turns":12},{"damage":0,"enemies":"3 Byrds","floor":18,"turns":6},{"damage":11,"enemies":"Shell Parasite","floor":19,"turns":4},{"damage":27,"enemies":"Centurion and Healer","floor":22,"turns":4},{"damage":6,"enemies":"Snake Plant","floor":24,"turns":3},{"damage":0,"enemies":"Sentry and Sphere","floor":28,"turns":2},{"damage":3,"enemies":"Gremlin Leader","floor":29,"turns":6},{"damage":12,"enemies":"Shelled Parasite and Fungi","floor":30,"turns":3},{"damage":61,"enemies":"Collector","floor":33,"turns":8},{"damage":6,"enemies":"Orb Walker","floor":35,"turns":3},{"damage":17,"enemies":"3 Darklings","floor":36,"turns":5},{"damage":24,"enemies":"Spire Growth","floor":37,"turns":4},{"damage":44,"enemies":"Nemesis","floor":40,"turns":4}],"seed_played":"-2816531421169946504","potions_obtained":[{"floor":3,"key":"DuplicationPotion"},{"floor":11,"key":"SmokeBomb"},{"floor":13,"key":"DuplicationPotion"},{"floor":16,"key":"Weak Potion"},{"floor":22,"key":"BloodPotion"},{"floor":24,"key":"AttackPotion"},{"floor":28,"key":"DistilledChaos"},{"floor":37,"key":"Explosive Potion"}],"is_trial":false,"path_per_floor":["M","M","M","$","M","R","E","R","T","M","M","?","M","?","R","B",null,"M","M","?","$","M","?","M","$","T","R","M","E","M","?","R","B",null,"M","M","M","?","?","E"],"character_chosen":"IRONCLAD","items_purchased":["Anchor","Apotheosis+1","DollysMirror"],"campfire_rested":0,"item_purchase_floors":[4,21,21],"current_hp_per_floor":[78,80,80,80,73,73,59,59,59,65,70,63,66,72,72,64,76,80,75,56,56,35,35,51,51,51,51,57,70,64,64,64,9,70,70,59,41,41,41,0,0],"gold":261,"neow_bonus":"THREE_ENEMY_KILL","is_daily":false,"chose_seed":false,"campfire_upgraded":5,"win_rate":0.0,"timestamp":1609629210,"path_taken":["M","M","M","$","M","R","E","R","T","M","M","?","M","?","R","BOSS","M","M","?","$","?","?","M","$","T","R","M","E","M","?","R","BOSS","M","M","M","?","?","E"],"items_purchased_type":["Relic","Card","Relic"],"build_version":"2020-12-22","purchased_purges":1,"victory":false,"max_hp_per_floor":[80,80,80,80,80,80,80,80,80,80,80,80,80,80,80,80,80,80,80,80,80,80,80,80,80,80,80,80,90,90,90,90,90,90,90,90,90,90,90,90,90],"card_choices":[{"not_picked":["Metallicize","Pummel"],"picked":"Perfected Strike","floor":1},{"not_picked":["Body Slam","Dual Wield"],"picked":"Twin Strike","floor":2},{"not_picked":["Infernal Blade","Wild Strike"],"picked":"Armaments","floor":3},{"not_picked":["Flex","Heavy Blade"],"picked":"Warcry","floor":5},{"not_picked":["Berserk","Inflame","Feel No Pain"],"picked":"SKIP","floor":7},{"not_picked":["Dropkick","Blood for Blood","Entrench"],"picked":"SKIP","floor":10},{"not_picked":["Body Slam","Bloodletting","Clash"],"picked":"SKIP","floor":11},{"not_picked":["Inflame","True Grit+1"],"picked":"Shockwave+1","floor":13},{"not_picked":[],"picked":"Spot Weakness+1","floor":18},{"not_picked":[],"picked":"Sword Boomerang+1","floor":19},{"not_picked":[],"picked":"Perfected Strike","floor":22},{"not_picked":[],"picked":"Shrug It Off+1","floor":24},{"not_picked":["Flame Barrier+1"],"picked":"SKIP","floor":28},{"not_picked":["Cleave"],"picked":"SKIP","floor":29},{"not_picked":["Heavy Blade"],"picked":"SKIP","floor":30},{"not_picked":["Clash+1"],"picked":"SKIP","floor":35},{"not_picked":[],"picked":"Ghostly Armor+1","floor":36},{"not_picked":["Fire Breathing"],"picked":"SKIP","floor":37},{"not_picked":[],"picked":"Impatience+1","floor":38}],"player_experience":273754,"relics_obtained":[{"floor":7,"key":"InkBottle"},{"floor":9,"key":"Self Forming Clay"},{"floor":26,"key":"Sundial"},{"floor":29,"key":"Pear"}],"event_choices":[{"damage_healed":0,"gold_gain":0,"player_choice":"Success","damage_taken":7,"relics_obtained":["Toxic Egg 2"],"max_hp_gain":0,"max_hp_loss":0,"event_name":"Scrap Ooze","floor":12,"gold_loss":0},{"damage_healed":0,"gold_gain":0,"player_choice":"Fought Mushrooms","damage_taken":0,"max_hp_gain":0,"max_hp_loss":0,"event_name":"Mushrooms","floor":14,"gold_loss":0},{"damage_healed":0,"gold_gain":180,"player_choice":"GOLD GOLD ","damage_taken":19,"max_hp_gain":0,"max_hp_loss":0,"event_name":"Knowing Skull","floor":20,"potions_obtained":[],"gold_loss":0,"cards_obtained":[]},{"damage_healed":0,"gold_gain":0,"player_choice":"Inject Mutagens","damage_taken":0,"relics_obtained":["MutagenicStrength"],"max_hp_gain":0,"max_hp_loss":0,"event_name":"Drug Dealer","floor":23,"gold_loss":0},{"damage_healed":0,"gold_gain":0,"player_choice":"Read","damage_taken":0,"max_hp_gain":0,"max_hp_loss":0,"event_name":"The Library","floor":31,"gold_loss":0,"cards_obtained":["Battle Trance"]},{"damage_healed":0,"gold_gain":0,"player_choice":"Memory 1","damage_taken":0,"max_hp_gain":0,"max_hp_loss":0,"event_name":"SensoryStone","floor":38,"gold_loss":0},{"damage_healed":0,"gold_gain":0,"player_choice":"Ignored","damage_taken":0,"max_hp_gain":0,"max_hp_loss":0,"event_name":"Mysterious Sphere","floor":39,"gold_loss":0}],"is_beta":false,"boss_relics":[{"not_picked":["Runic Pyramid","Calling Bell"],"picked":"Busted Crown"},{"not_picked":["Astrolabe","Snecko Eye","Philosopher\u0027s Stone"]}],"items_purged_floors":[21],"is_endless":false,"potions_floor_spawned":[3,11,13,14,16,22,24,28,37],"killed_by":"Nemesis","ascension_level":7}}