{"host":"pvafbce70weqvzks","time":1609545659,"event":{"mods":["BaseMod","Gremlin Mod","Hermit","Minty Spire (QoL Compilation)","StSLib","themimic"],"gold_per_floor":[114,129,78,153,170,170,77,109,157,157,171,171,203,168,168,272,272,290,305,323,342,368,368,368],"floor_reached":23,"playtime":916,"items_purged":[],"score":201,"play_id":"c3541c13-06b6-4b4a-8294-e722e09fad6b","local_time":"20210101210059","is_ascension_mode":false,"campfire_choices":[{"data":"Dagger Spray","floor":6,"key":"SMITH"},{"floor":10,"key":"REST"},{"data":"Corpse Explosion","floor":15,"key":"SMITH"}],"circlet_count":0,"master_deck":["Strike_G","Strike_G","Strike_G","Strike_G","Strike_G","Defend_G","Defend_G","Defend_G","Defend_G","Defend_G","Survivor","Neutralize","Well Laid Plans","Sucker Punch","Slice","Dagger Spray+1","PiercingWail","Quick Slash","Backflip","Flying Knee","Deadly Poison","Corpse Explosion+1","Die Die Die","Slice+1","Poisoned Stab","Leg Sweep+1","Prepared","Quick Slash"],"relics":["Ring of the Snake","Bronze Scales","Boot","Thread and Needle","Runic Pyramid","Red Mask"],"acts_visited":["Exordium","TheCity"],"potions_floor_usage":[13,13,13,23],"damage_taken":[{"damage":0,"enemies":"Jaw Worm","floor":1,"turns":6},{"damage":0,"enemies":"2 Louse","floor":2,"turns":4},{"damage":0,"enemies":"Small Slimes","floor":5,"turns":3},{"damage":26,"enemies":"Lagavulin","floor":8,"turns":11},{"damage":0,"enemies":"Gremlin Gang","floor":11,"turns":3},{"damage":6,"enemies":"Gremlin Nob","floor":13,"turns":4},{"damage":16,"enemies":"Hexaghost","floor":16,"turns":9},{"damage":7,"enemies":"2 Thieves","floor":18,"turns":2},{"damage":16,"enemies":"Spheric Guardian","floor":19,"turns":4},{"damage":5,"enemies":"Snake Plant","floor":20,"turns":4},{"damage":14,"enemies":"3 Cultists","floor":21,"turns":3},{"damage":26,"enemies":"Masked Bandits","floor":22,"turns":4},{"damage":5,"enemies":"Slavers","floor":23,"turns":1}],"seed_played":"5727748714204678723","potions_obtained":[{"floor":2,"key":"BlessingOfTheForge"},{"floor":8,"key":"PowerPotion"},{"floor":11,"key":"DuplicationPotion"},{"floor":19,"key":"FearPotion"},{"floor":22,"key":"Fire Potion"}],"is_trial":false,"path_per_floor":["M","M","$","?","M","R","$","E","T","R","M","?","E","?","R","B",null,"M","M","M","M","?","E"],"character_chosen":"THE_SILENT","items_purchased":["Dagger Spray","Quick Slash","Backflip"],"campfire_rested":1,"item_purchase_floors":[3,7,7],"current_hp_per_floor":[70,70,70,59,59,59,59,33,33,54,54,54,48,65,65,49,70,63,47,42,28,2,0,0],"gold":368,"neow_bonus":"THREE_CARDS","is_daily":false,"chose_seed":false,"campfire_upgraded":2,"win_rate":0.0,"timestamp":1609545659,"path_taken":["M","M","$","?","M","R","$","E","T","R","M","?","E","?","R","BOSS","M","M","M","M","?","E"],"items_purchased_type":["Card","Card","Card"],"build_version":"2020-12-22","purchased_purges":0,"victory":false,"max_hp_per_floor":[70,70,70,70,70,70,70,70,70,70,70,70,70,70,70,70,70,70,70,70,70,70,70,70],"card_choices":[{"not_picked":["Dagger Throw","Expertise"],"picked":"Well Laid Plans","floor":0},{"not_picked":["Quick Slash","Terror"],"picked":"Sucker Punch","floor":1},{"not_picked":["Tactician","Outmaneuver"],"picked":"Slice","floor":2},{"not_picked":["Underhanded Strike","Prepared"],"picked":"PiercingWail","floor":5},{"not_picked":["Riddle With Holes","Prepared"],"picked":"Flying Knee","floor":8},{"not_picked":["Acrobatics","Dagger Spray"],"picked":"Deadly Poison","floor":11},{"not_picked":["Sucker Punch","Blur"],"picked":"Corpse Explosion","floor":13},{"not_picked":["Night Terror","Bullet Time"],"picked":"Die Die Die","floor":16},{"not_picked":["PiercingWail","Dagger Spray"],"picked":"Slice+1","floor":18},{"not_picked":["Backflip","Predator+1"],"picked":"Poisoned Stab","floor":19},{"not_picked":["Flying Knee","Outmaneuver+1"],"picked":"Leg Sweep+1","floor":20},{"not_picked":["Backflip","Dodge and Roll"],"picked":"Prepared","floor":21},{"not_picked":["Eviscerate","Backflip"],"picked":"Quick Slash","floor":22}],"player_experience":14834,"relics_obtained":[{"floor":8,"key":"Bronze Scales"},{"floor":9,"key":"Boot"},{"floor":13,"key":"Thread and Needle"},{"floor":22,"key":"Red Mask"}],"event_choices":[{"damage_healed":0,"gold_gain":75,"player_choice":"Gather Gold","damage_taken":11,"max_hp_gain":0,"max_hp_loss":0,"event_name":"World of Goop","floor":4,"gold_loss":0},{"damage_healed":0,"gold_gain":0,"player_choice":"Ignored","damage_taken":0,"max_hp_gain":0,"max_hp_loss":0,"event_name":"Golden Wing","floor":12,"gold_loss":0},{"damage_healed":17,"gold_gain":0,"player_choice":"Healed","damage_taken":0,"max_hp_gain":0,"max_hp_loss":0,"event_name":"The Cleric","floor":14,"gold_loss":35},{"damage_healed":0,"gold_gain":0,"player_choice":"Fought Bandits","damage_taken":0,"max_hp_gain":0,"max_hp_loss":0,"event_name":"Masked Bandits","floor":22,"gold_loss":0}],"is_beta":false,"boss_relics":[{"not_picked":["WristBlade","Black Star"],"picked":"Runic Pyramid"}],"items_purged_floors":[],"is_endless":false,"potions_floor_spawned":[2,8,11,19,22],"killed_by":"Slavers","ascension_level":0}}