{"host":"3j7xx3dgykcuif7u","time":1609551015,"event":{"mods":["2.2 Compatiblity","Bard","BaseMod","Better Note","Better Third Choice","BetterRewards","Colored Map","Colored Powertips","Conspire","Custom Start","Downfall","Faster Ascension Climbing","Friendly Minions","GifTheSpireLib","Gremlin Skip","Hermit","Highlight Path","Hubris","Infinite Spire","Mad Scientist","Marisa????????","Mimic Mod","Minty Spire (QoL Compilation)","Permanent Neow","Potionbrewer","Quick Restart","RNG Fix","Relic Sorter","Relic Stats","Replay The Spire","Shop Mod","Somnambulant","StSLib","Stuff the Spire","SuperFastMode","The Blue Laboratory","The Construct","The Disciple","The Jungle","The Mystic","The Servant 0.9.4","vexMod"],"gold_per_floor":[119,119,135,151,151,151,186,202,253,284,296,327,375,387,399,499,511,539,529,511,548,600,612,677,689,701,713,725,259,288,288,288,387,387,426,426,426,462,489,514,514,560,560,560,519,519,519,556,556,576,576,576,576],"floor_reached":52,"playtime":7033,"items_purged":["potionbrewer:PotionbrewerStrike","potionbrewer:PotionbrewerStrike"],"score":1461,"play_id":"47b755c7-86b9-4d5e-972b-43e716ba0d59","local_time":"20210101193015","is_ascension_mode":true,"campfire_choices":[{"data":"potionbrewer:ChemicalSpill","floor":6.0,"key":"SMITH"},{"data":"potionbrewer:MicrobeSpray","floor":11.0,"key":"SMITH"},{"floor":15.0,"key":"REST"},{"data":"potionbrewer:IronFist","floor":23.0,"key":"SMITH"},{"floor":25.0,"key":"REST"},{"floor":28.0,"key":"REST"},{"data":"potionbrewer:Experimentation","floor":32.0,"key":"SMITH"},{"data":"infinitespire:TheBestDefense","floor":41,"key":"SMITH"},{"data":"potionbrewer:DigDeep","floor":44,"key":"SMITH"},{"floor":47,"key":"RECALL"},{"floor":49,"key":"REST"}],"circlet_count":0,"master_deck":["AscendersBane","potionbrewer:PotionbrewerStrike","potionbrewer:PotionbrewerStrike","potionbrewer:PotionbrewerDefend","potionbrewer:PotionbrewerDefend","potionbrewer:PotionbrewerDefend","potionbrewer:PotionbrewerDefend","potionbrewer:Collect","potionbrewer:ChemicalSpill+1","potionbrewer:QuickStep","potionbrewer:TestFormula","potionbrewer:ChemicalWeapons","potionbrewer:MicrobeSpray+1","potionbrewer:Shovel","potionbrewer:CrossReference","potionbrewer:Prototype","potionbrewer:TwoForOne","potionbrewer:Prototype","potionbrewer:IronFist+1","potionbrewer:ChoosePotion","potionbrewer:Transmute","OortCloud+1","potionbrewer:ChainReaction","potionbrewer:EmptyBottle","potionbrewer:Prototype","potionbrewer:Experimentation+1","potionbrewer:IronFlesh","potionbrewer:Prototype","infinitespire:TheBestDefense+1","potionbrewer:Prototype","potionbrewer:DigDeep+1"],"relics":["potionbrewer:PotionKit","infinitespire:BottledMercury","HornCleat","potionbrewer:ToyAutogyro","vexMod:DeviousBotling","ReplayTheSpireMod:Shallot","infinitespire:EmpoweringShard","hubris:BottledRain","MerchantsRug","hubris:Backtick","White Beast Statue","Mango","infinitespire:ShieldingShard","Orichalcum","StuffTheSpire:Tea"],"acts_visited":["Exordium","TheCity","TheBeyond","TheEnding"],"potions_floor_usage":[39,39,40,40,40,42,42,48,48,50,50],"damage_taken":[{"damage":9.0,"enemies":"2 Louse","floor":1.0,"turns":4.0},{"damage":1.0,"enemies":"Cultist","floor":3.0,"turns":5.0},{"damage":2.0,"enemies":"Jaw Worm","floor":4.0,"turns":3.0},{"damage":30.0,"enemies":"3 Sentries","floor":7.0,"turns":11.0},{"damage":0.0,"enemies":"conspire:2 RoseBushes","floor":8.0,"turns":5.0},{"damage":5.0,"enemies":"Exordium Wildlife","floor":10.0,"turns":6.0},{"damage":0.0,"enemies":"Looter","floor":12.0,"turns":3.0},{"damage":11.0,"enemies":"Lagavulin","floor":13.0,"turns":7.0},{"damage":0.0,"enemies":"The Guardian","floor":16.0,"turns":13.0},{"damage":0.0,"enemies":"Shell Parasite","floor":18.0,"turns":8.0},{"damage":6.0,"enemies":"2 Thieves","floor":19.0,"turns":5.0},{"damage":27.0,"enemies":"Cultist and Chosen","floor":21.0,"turns":12.0},{"damage":0.0,"enemies":"Centurion and Healer","floor":22.0,"turns":6.0},{"damage":25.0,"enemies":"Slavers","floor":24.0,"turns":10.0},{"damage":6.0,"enemies":"Shelled Parasite and Fungi","floor":30.0,"turns":7.0},{"damage":16.0,"enemies":"conspire:MysteriousRune","floor":33.0,"turns":11.0},{"damage":13.0,"enemies":"3 Shapes","floor":35.0,"turns":6.0},{"damage":4.0,"enemies":"Orb Walker","floor":38.0,"turns":4.0},{"damage":0,"enemies":"Jaw Worm Horde","floor":39,"turns":5},{"damage":6,"enemies":"Giant Head","floor":40,"turns":10},{"damage":0,"enemies":"Reptomancer","floor":42,"turns":4},{"damage":20,"enemies":"4 Shapes","floor":48,"turns":5},{"damage":0,"enemies":"conspire:OrnateMirror","floor":50,"turns":9}],"seed_played":"4741308195454880631","potions_obtained":[{"floor":4.0,"key":"Dexterity Potion"},{"floor":7.0,"key":"LifebloodPotion"},{"floor":13.0,"key":"potionbrewer:NoxiousPotion"},{"floor":16.0,"key":"blueLaboratory:FruitPunch"},{"floor":20.0,"key":"EssenceOfSteel"},{"floor":20.0,"key":"blueLaboratory:EnragingPotion"},{"floor":21.0,"key":"blueLaboratory:BottledHope"},{"floor":22.0,"key":"blueLaboratory:LouseDecoction"},{"floor":30.0,"key":"FearPotion"},{"floor":33.0,"key":"PowerPotion"},{"floor":35.0,"key":"Explosive Potion"},{"floor":38.0,"key":"blueLaboratory:ArtificerPotion"},{"floor":40,"key":"SpeedPotion"},{"floor":42,"key":"champ:CounterPotion"},{"floor":48,"key":"Doom Potion"}],"is_trial":false,"path_per_floor":["M","?","M","M","T","R","E","M","T","M","R","M","E","?","R","B",null,"M","M","?","M","M","R","E","R","T","?","R","$","M","?","R","B",null,"M","?","AVR","M","M","E","R","E","T","R","$","T","R","M","R","B",null,"R"],"character_chosen":"POTIONBREWER","items_purchased":["potionbrewer:ChainReaction","potionbrewer:EmptyBottle","hubris:BottledRain","MerchantsRug"],"campfire_rested":4,"item_purchase_floors":[29,29,29,29],"current_hp_per_floor":[59,59,58,56,56,56,26,26,26,21,21,21,10,10,32,32,64,68,62,62,35,35,35,10,33,33,33,56,56,50,50,50,34,68,71,71,85,81,81,75,75,75,75,75,75,75,75,55,82,82,90,90,90],"gold":576,"neow_bonus":"RANDOM_EVENT","is_daily":false,"chose_seed":false,"campfire_upgraded":6,"win_rate":0.0,"timestamp":1609551015,"path_taken":["M","?","M","M","?","R","E","M","T","M","R","?","E","?","R","BOSS","M","M","?","M","M","R","E","R","T","?","R","$","M","?","R","BOSS","M","?","AVR","?","M","E","R","E","T","R","$","?","R","M","R","BOSS","R"],"items_purchased_type":["Card","Card","Relic","Relic"],"build_version":"2020-12-22","purchased_purges":2,"victory":false,"max_hp_per_floor":[75,75,75,75,75,75,75,75,75,75,75,75,75,75,75,75,75,79,79,79,79,79,79,79,79,79,79,79,79,79,79,79,79,79,79,79,93,93,93,93,93,93,93,93,93,93,93,93,93,93,93,93,93],"relic_stats":{"counters":[23,159],"Orichalcum":[18],"obtain_stats":[{"infinitespire:BottledMercury":5,"MerchantsRug":29,"Mango":37,"potionbrewer:ToyAutogyro":13,"Orichalcum":42,"MawBank":9,"White Beast Statue":34,"potionbrewer:PotionKit":0,"HornCleat":7,"hubris:Backtick":34,"infinitespire:ShieldingShard":40,"ReplayTheSpireMod:Shallot":24,"vexMod:DeviousBotling":17,"infinitespire:EmpoweringShard":26,"hubris:BottledRain":29,"StuffTheSpire:Tea":46},{"infinitespire:BottledMercury":3,"MerchantsRug":14,"Mango":17,"potionbrewer:ToyAutogyro":8,"Orichalcum":21,"MawBank":5,"White Beast Statue":16,"potionbrewer:PotionKit":0,"HornCleat":4,"hubris:Backtick":16,"infinitespire:ShieldingShard":20,"ReplayTheSpireMod:Shallot":14,"vexMod:DeviousBotling":9,"infinitespire:EmpoweringShard":14,"hubris:BottledRain":14,"StuffTheSpire:Tea":21},{"infinitespire:BottledMercury":12,"MerchantsRug":98,"Mango":122,"potionbrewer:ToyAutogyro":44,"Orichalcum":145,"MawBank":28,"White Beast Statue":116,"potionbrewer:PotionKit":0,"HornCleat":23,"hubris:Backtick":116,"infinitespire:ShieldingShard":141,"ReplayTheSpireMod:Shallot":98,"vexMod:DeviousBotling":57,"infinitespire:EmpoweringShard":98,"hubris:BottledRain":98,"StuffTheSpire:Tea":145}]},"card_choices":[{"not_picked":["potionbrewer:DigDeep","potionbrewer:ExothermicReaction"],"picked":"potionbrewer:TestFormula","floor":1.0},{"not_picked":["potionbrewer:Refill","potionbrewer:Toxicity"],"picked":"potionbrewer:ChemicalWeapons","floor":3.0},{"not_picked":["potionbrewer:FlashPowder","potionbrewer:BlindingSpray","potionbrewer:CrossReference"],"picked":"SKIP","floor":4.0},{"not_picked":["potionbrewer:Smokescreen","potionbrewer:CausticBarrier"],"picked":"potionbrewer:MicrobeSpray","floor":7.0},{"not_picked":["potionbrewer:IronHeart","potionbrewer:TimeBomb"],"picked":"potionbrewer:Shovel","floor":8.0},{"not_picked":["potionbrewer:Shovel","potionbrewer:CausticBarrier"],"picked":"potionbrewer:CrossReference","floor":10.0},{"not_picked":["potionbrewer:Toxicity","potionbrewer:FortifiedSerum","potionbrewer:Smokescreen"],"picked":"potionbrewer:Prototype","floor":12.0},{"not_picked":["potionbrewer:IronFist","potionbrewer:ExplosiveReaction"],"picked":"potionbrewer:BottomlessFlask","floor":13.0},{"not_picked":["potionbrewer:Bribery","potionbrewer:BrokenBeakers","potionbrewer:Prototype"],"picked":"potionbrewer:TwoForOne","floor":16.0},{"not_picked":["potionbrewer:Biohazard","potionbrewer:BlindingSpray","potionbrewer:FuelCell","potionbrewer:Prototype"],"picked":"SKIP","floor":18.0},{"not_picked":["potionbrewer:TestSubject","potionbrewer:Smack+1","potionbrewer:TimeBomb+1","potionbrewer:Prototype"],"picked":"SKIP","floor":19.0},{"not_picked":["potionbrewer:AnotherRound","potionbrewer:ChemicalRage","potionbrewer:Brandish"],"picked":"potionbrewer:Prototype","floor":21.0},{"not_picked":["potionbrewer:Brandish","potionbrewer:FortifiedSerum"],"picked":"potionbrewer:IronFist","floor":22.0},{"not_picked":["potionbrewer:MicrobeSpray","potionbrewer:LabAccident","potionbrewer:Prototype"],"picked":"potionbrewer:Transmute","floor":24.0},{"not_picked":["potionbrewer:Smokescreen","potionbrewer:PortableLab","potionbrewer:TestSubject"],"picked":"potionbrewer:Prototype","floor":30.0},{"not_picked":["potionbrewer:EquivalentExchange","potionbrewer:Bribery"],"picked":"potionbrewer:IronFlesh","floor":33.0},{"not_picked":["potionbrewer:FortifiedSerum","potionbrewer:OneTwoPunch","potionbrewer:TimeBomb"],"picked":"potionbrewer:Prototype","floor":35.0},{"not_picked":["potionbrewer:FortifiedSerum","potionbrewer:Contingency","potionbrewer:TimeBomb"],"picked":"SKIP","floor":38.0},{"not_picked":["potionbrewer:Toxicity","potionbrewer:ExothermicReaction","potionbrewer:TestFormula"],"picked":"SKIP","floor":39},{"not_picked":["potionbrewer:UnstableFormula","potionbrewer:Smokescreen+1","potionbrewer:OneTwoPunch+1"],"picked":"potionbrewer:Prototype","floor":40},{"not_picked":["potionbrewer:ExplosiveReaction","potionbrewer:BlindingMist"],"picked":"potionbrewer:DigDeep","floor":42},{"not_picked":["potionbrewer:BlindingSpray","potionbrewer:LabAccident","potionbrewer:MicrobeSpray"],"picked":"SKIP","floor":48}],"player_experience":974683,"relics_obtained":[{"floor":5.0,"key":"infinitespire:BottledMercury"},{"floor":7.0,"key":"HornCleat"},{"floor":9.0,"key":"MawBank"},{"floor":13.0,"key":"potionbrewer:ToyAutogyro"},{"floor":24.0,"key":"ReplayTheSpireMod:Shallot"},{"floor":26.0,"key":"infinitespire:EmpoweringShard"},{"floor":40,"key":"infinitespire:ShieldingShard"},{"floor":42,"key":"Orichalcum"},{"floor":46,"key":"StuffTheSpire:Tea"}],"event_choices":[{"damage_healed":0.0,"max_hp_gain":0.0,"max_hp_loss":0.0,"gold_gain":0.0,"event_name":"conspire:Investor","player_choice":"Leave","floor":2.0,"gold_loss":0.0,"damage_taken":0.0},{"damage_healed":0.0,"max_hp_gain":0.0,"max_hp_loss":0.0,"gold_gain":0.0,"event_name":"The Woman in Blue","player_choice":"Bought 2 Potions","floor":20.0,"gold_loss":0.0,"damage_taken":0.0},{"cards_removed":["potionbrewer:Prototype"],"damage_healed":0.0,"max_hp_gain":0.0,"max_hp_loss":0.0,"gold_gain":0.0,"event_name":"betterNote:BetterNote","player_choice":"Take \u0026 Give","floor":27.0,"gold_loss":0.0,"damage_taken":0.0,"cards_obtained":["OortCloud"]}],"is_beta":false,"boss_relics":[{"not_picked":["Sozu","vexMod:NewClearReactor"],"picked":"vexMod:DeviousBotling"},{"not_picked":["expansioncontent:StudyCardRelic","Replay:Bronze Core"],"picked":"hubris:Backtick"}],"items_purged_floors":[37,45],"is_endless":false,"potions_floor_spawned":[4,7,8,13,16,21,22,30,33,35,38,39,40,42,48],"ascension_level":13}}