{"host":"axuns55dzq466eei","time":1609596171,"event":{"mods":["BaseMod","Colored Map","Keyboard Shortcuts","Minty Spire (QoL Compilation)","StSLib","SuperFastMode"],"gold_per_floor":[118,137,137,155,155,155,171,171,196,225,225,239,239,17,17,17,17],"floor_reached":16,"playtime":336,"items_purged":["Strike_G"],"score":250,"play_id":"01c26291-115c-4f08-a02f-3ff2595adce3","local_time":"20210102230251","is_ascension_mode":true,"campfire_choices":[{"data":"Flying Knee","floor":6,"key":"SMITH"},{"data":"Footwork","floor":11,"key":"SMITH"},{"data":"Crippling Poison","floor":13,"key":"SMITH"},{"data":"Neutralize","floor":15,"key":"SMITH"}],"circlet_count":0,"master_deck":["AscendersBane","Strike_G","Strike_G","Strike_G","Defend_G","Defend_G","Defend_G","Survivor","Neutralize+1","Flying Knee+1","Grand Finale","Footwork+1","Backflip","Crippling Poison+1","Prepared"],"relics":["Ring of the Snake","Vajra","Juzu Bracelet","Membership Card"],"acts_visited":["Exordium"],"potions_floor_usage":[7,10,16],"damage_taken":[{"damage":19,"enemies":"Jaw Worm","floor":1,"turns":8},{"damage":4,"enemies":"Small Slimes","floor":2,"turns":3},{"damage":1,"enemies":"Cultist","floor":4,"turns":4},{"damage":1,"enemies":"3 Louse","floor":7,"turns":5},{"damage":0,"enemies":"Lagavulin","floor":10,"turns":6},{"damage":0,"enemies":"Blue Slaver","floor":12,"turns":6},{"damage":39,"enemies":"Slime Boss","floor":16,"turns":6}],"seed_played":"5248974573062338636","potions_obtained":[{"floor":2,"key":"Swift Potion"},{"floor":4,"key":"ColorlessPotion"},{"floor":7,"key":"Energy Potion"},{"floor":10,"key":"Strength Potion"}],"is_trial":false,"path_per_floor":["M","M","?","M","?","R","M","?","T","E","R","M","R","$","R","B"],"character_chosen":"THE_SILENT","items_purchased":["Membership Card","Prepared"],"campfire_rested":0,"item_purchase_floors":[14,14],"current_hp_per_floor":[40,36,41,40,40,40,39,39,39,39,39,39,39,39,39,0,0],"gold":17,"neow_bonus":"REMOVE_TWO","is_daily":false,"chose_seed":false,"campfire_upgraded":4,"win_rate":0.0,"timestamp":1609596171,"path_taken":["M","M","?","M","?","R","M","?","T","E","R","M","R","$","R","BOSS"],"items_purchased_type":["Relic","Card"],"build_version":"2020-12-22","purchased_purges":1,"victory":false,"max_hp_per_floor":[60,60,65,65,65,65,65,65,65,65,65,65,65,65,65,65,65],"card_choices":[{"not_picked":["PiercingWail","Deadly Poison"],"picked":"Flying Knee","floor":1},{"not_picked":["Finisher","Outmaneuver"],"picked":"Grand Finale","floor":2},{"not_picked":["Dodge and Roll","Catalyst"],"picked":"Footwork","floor":4},{"not_picked":["Outmaneuver","Crippling Poison"],"picked":"Backflip","floor":7},{"not_picked":["Bane","Slice","Choke"],"picked":"SKIP","floor":10},{"not_picked":["Underhanded Strike","Cloak And Dagger"],"picked":"Crippling Poison","floor":12}],"player_experience":1053028,"relics_obtained":[{"floor":9,"key":"Vajra"},{"floor":10,"key":"Juzu Bracelet"}],"event_choices":[{"damage_healed":0,"gold_gain":0,"player_choice":"Donut","damage_taken":0,"max_hp_gain":5,"max_hp_loss":0,"event_name":"Big Fish","floor":3,"gold_loss":0},{"cards_removed":["Defend_G"],"damage_healed":0,"gold_gain":0,"player_choice":"Forget","damage_taken":0,"max_hp_gain":0,"max_hp_loss":0,"event_name":"Living Wall","floor":5,"gold_loss":0},{"damage_healed":0,"gold_gain":0,"player_choice":"Got Potions","damage_taken":0,"max_hp_gain":0,"max_hp_loss":0,"event_name":"Lab","floor":8,"gold_loss":0}],"is_beta":false,"boss_relics":[],"items_purged_floors":[14],"is_endless":false,"potions_floor_spawned":[2,4,7,10],"killed_by":"Slime Boss","ascension_level":20}}