{"host":"e1d4pmcf31bpmsqo","time":1609548676,"event":{"mods":["BaseMod","Better Note","Better Third Choice","Colored Powertips","Disable Question Mark Monsters","Minty Spire (QoL Compilation)","Relic Stats","StSLib"],"gold_per_floor":[109,126,126,140,154,185,221,253,253,289,214,268,268,268,268,339,339,386,454,504,607,649,649],"floor_reached":22,"playtime":715,"items_purged":[],"score":516,"play_id":"10dc77e5-0d97-46a6-84ab-91edf426477e","local_time":"20210102115116","is_ascension_mode":true,"campfire_choices":[{"data":"Wallop","floor":13.0,"key":"SMITH"},{"data":"Wish","floor":15.0,"key":"SMITH"}],"circlet_count":0,"master_deck":["AscendersBane","Strike_P","Strike_P","Defend_P","Defend_P","Defend_P","Defend_P","Eruption","Vigilance","Consecrate","FollowUp","Consecrate","CarveReality","Wish+1","CrushJoints","ClearTheMind","EmptyMind","Wallop+1","Brilliance","EmptyFist","MentalFortress"],"relics":["Coffee Dripper","Tiny Chest","The Courier","PreservedInsect","Vajra","SsserpentHead","Sozu","MawBank"],"acts_visited":["Exordium","TheCity"],"potions_floor_usage":[16],"damage_taken":[{"damage":2.0,"enemies":"Jaw Worm","floor":1.0,"turns":3.0},{"damage":0.0,"enemies":"Cultist","floor":2.0,"turns":2.0},{"damage":0.0,"enemies":"2 Louse","floor":4.0,"turns":2.0},{"damage":1.0,"enemies":"Looter","floor":5.0,"turns":2.0},{"damage":2.0,"enemies":"3 Sentries","floor":6.0,"turns":4.0},{"damage":5.0,"enemies":"Gremlin Gang","floor":7.0,"turns":3.0},{"damage":0.0,"enemies":"Gremlin Nob","floor":8.0,"turns":2.0},{"damage":12.0,"enemies":"Lots of Slimes","floor":10.0,"turns":5.0},{"damage":0.0,"enemies":"Lagavulin","floor":12.0,"turns":4.0},{"damage":11,"enemies":"The Guardian","floor":16,"turns":8},{"damage":0,"enemies":"Chosen","floor":18,"turns":3},{"damage":4,"enemies":"2 Thieves","floor":19,"turns":2},{"damage":42,"enemies":"Snake Plant","floor":21,"turns":4},{"damage":0,"enemies":"Snecko","floor":22,"turns":2}],"seed_played":"-4380175775154696618","potions_obtained":[{"floor":1.0,"key":"LiquidMemories"},{"floor":4.0,"key":"BlessingOfTheForge"},{"floor":7.0,"key":"Fire Potion"},{"floor":10.0,"key":"SkillPotion"},{"floor":12.0,"key":"Energy Potion"}],"is_trial":false,"path_per_floor":["M","M","?","M","M","E","M","E","T","M","?","E","R","?","R","B",null,"M","M","T","M","M"],"character_chosen":"WATCHER","items_purchased":[],"campfire_rested":0,"item_purchase_floors":[],"current_hp_per_floor":[59,59,59,59,58,56,51,51,51,39,39,39,39,39,39,28,58,58,54,54,12,12,12],"gold":649,"neow_bonus":"BOSS_RELIC","is_daily":false,"chose_seed":false,"campfire_upgraded":2,"win_rate":0.0,"timestamp":1609548676,"path_taken":["M","M","?","?","?","E","M","E","T","M","?","E","R","?","R","BOSS","M","?","?","?","M"],"items_purchased_type":[],"build_version":"2020-12-22","purchased_purges":0,"victory":false,"max_hp_per_floor":[68,68,68,68,68,68,68,68,68,68,68,68,68,68,68,68,68,68,68,68,68,68,68],"relic_stats":{"Sozu":2,"SsserpentHead":150,"counters":[14,46],"Tiny Chest":1,"PreservedInsect":29,"MawBank":24,"obtain_stats":[{"Sozu":17,"SsserpentHead":14,"Vajra":12,"Tiny Chest":6,"The Courier":8,"PreservedInsect":9,"Coffee Dripper":0,"PureWater":0,"MawBank":20},{"Sozu":10,"SsserpentHead":9,"Vajra":9,"Tiny Chest":5,"The Courier":7,"PreservedInsect":7,"Coffee Dripper":0,"PureWater":0,"MawBank":12},{"Sozu":35,"SsserpentHead":27,"Vajra":27,"Tiny Chest":13,"The Courier":18,"PreservedInsect":18,"Coffee Dripper":0,"PureWater":0,"MawBank":40}]},"card_choices":[{"not_picked":["DeceiveReality","Nirvana","Worship"],"picked":"SKIP","floor":1.0},{"not_picked":["BowlingBash","ClearTheMind"],"picked":"Consecrate","floor":2.0},{"not_picked":["Evaluate","SashWhip"],"picked":"Consecrate","floor":4.0},{"not_picked":["Protect","CrushJoints"],"picked":"CarveReality","floor":5.0},{"not_picked":["FlyingSleeves","Crescendo"],"picked":"Wish","floor":6.0},{"not_picked":["Consecrate","Perseverance"],"picked":"CrushJoints","floor":7.0},{"not_picked":["Protect","PathToVictory"],"picked":"ClearTheMind","floor":8.0},{"not_picked":["Protect","CrushJoints"],"picked":"EmptyMind","floor":10.0},{"not_picked":["Worship","FlurryOfBlows"],"picked":"Wallop","floor":12.0},{"not_picked":["Judgement","ConjureBlade"],"picked":"Brilliance","floor":16},{"not_picked":["PathToVictory","Perseverance"],"picked":"EmptyFist","floor":18},{"not_picked":["FlurryOfBlows","ClearTheMind","SashWhip"],"picked":"SKIP","floor":19},{"not_picked":["Pray","Wireheading"],"picked":"MentalFortress","floor":21}],"player_experience":995254,"relics_obtained":[{"floor":6.0,"key":"Tiny Chest"},{"floor":8.0,"key":"The Courier"},{"floor":9.0,"key":"PreservedInsect"},{"floor":12.0,"key":"Vajra"},{"floor":20,"key":"MawBank"}],"event_choices":[{"damage_healed":0.0,"max_hp_gain":0.0,"max_hp_loss":0.0,"gold_gain":0.0,"cards_transformed":["Strike_P"],"event_name":"Transmorgrifier","player_choice":"Transformed","floor":3.0,"gold_loss":0.0,"damage_taken":0.0,"cards_obtained":["FollowUp"]},{"cards_removed":["Strike_P"],"damage_healed":0.0,"max_hp_gain":0.0,"max_hp_loss":0.0,"gold_gain":0.0,"event_name":"The Cleric","player_choice":"Card Removal","floor":11.0,"gold_loss":75.0,"damage_taken":0.0},{"damage_healed":0.0,"max_hp_gain":0.0,"max_hp_loss":0.0,"gold_gain":0.0,"event_name":"FaceTrader","player_choice":"Trade","floor":14.0,"gold_loss":0.0,"damage_taken":0.0,"relics_obtained":["SsserpentHead"]}],"is_beta":false,"boss_relics":[{"not_picked":["Pandora\u0027s Box","Velvet Choker"],"picked":"Sozu"}],"items_purged_floors":[],"is_endless":false,"potions_floor_spawned":[1,4,7,10,12,18,21],"killed_by":"Snecko","ascension_level":20}}