{"host":"x52zk6e1f2bye2h7","time":1609622897,"event":{"mods":["AchievementEnabler","BaseMod","Highlight Path","Minty Spire (QoL Compilation)","everything is the same but u backflip on backflip"],"gold_per_floor":[114,125,125,151,167,202,212,212,212,226,226,243,269,269,269,372,372,389,374,61,77,77,77,77,109,188,220,235,263,273,273,273,376,376,391,402,412,231,278,278,608,608,689,700,700,714,728,742,742,742],"floor_reached":51,"playtime":4828,"items_purged":["Well Laid Plans+1","Strike_G"],"score":801,"play_id":"e9ff5f66-2da6-4741-b52a-76d9203871a3","local_time":"20210102212817","is_ascension_mode":false,"campfire_choices":[{"data":"Footwork","floor":8,"key":"SMITH"},{"data":"Well Laid Plans","floor":11,"key":"SMITH"},{"data":"Backflip","floor":15,"key":"SMITH"},{"data":"Footwork","floor":23,"key":"SMITH"},{"data":"Storm of Steel","floor":32,"key":"SMITH"},{"data":"A Thousand Cuts","floor":40,"key":"SMITH"},{"data":"Outmaneuver","floor":42,"key":"SMITH"},{"data":"Choke","floor":49,"key":"SMITH"}],"circlet_count":0,"master_deck":["Strike_G","Strike_G","Defend_G","Defend_G","Defend_G","Defend_G","Defend_G","Survivor","Neutralize","Dramatic Entrance","Tactician","Cloak And Dagger","Backflip+1","Footwork+1","Blade Dance","Cloak And Dagger","Cloak And Dagger","Storm of Steel+1","Footwork+1","Wraith Form v2","Prepared","Terror+1","Cloak And Dagger+1","A Thousand Cuts+1","Prepared+1","Choke+1","Infinite Blades","Outmaneuver+1","Choke+1"],"relics":["Ring of the Snake","Boot","Prayer Wheel","Bottled Flame","Toy Ornithopter","Runic Pyramid","Shuriken","Ornamental Fan","InkBottle","Paper Crane","White Beast Statue","SacredBark","FossilizedHelix","Old Coin","Darkstone Periapt","Tingsha"],"acts_visited":["Exordium","TheCity","TheBeyond"],"potions_floor_usage":[16,16,16,25,29,29,37,47,50,50,50],"damage_taken":[{"damage":0,"enemies":"2 Louse","floor":1,"turns":2},{"damage":12,"enemies":"Jaw Worm","floor":2,"turns":4},{"damage":0,"enemies":"Cultist","floor":5,"turns":4},{"damage":16,"enemies":"3 Sentries","floor":6,"turns":10},{"damage":4,"enemies":"Blue Slaver","floor":7,"turns":4},{"damage":0,"enemies":"3 Louse","floor":10,"turns":2},{"damage":0,"enemies":"Gremlin Gang","floor":12,"turns":3},{"damage":21,"enemies":"Gremlin Nob","floor":13,"turns":5},{"damage":12,"enemies":"Hexaghost","floor":16,"turns":11},{"damage":6,"enemies":"Spheric Guardian","floor":18,"turns":6},{"damage":3,"enemies":"2 Thieves","floor":19,"turns":4},{"damage":3,"enemies":"Centurion and Healer","floor":21,"turns":6},{"damage":11,"enemies":"Slavers","floor":25,"turns":5},{"damage":0,"enemies":"Gremlin Leader","floor":27,"turns":5},{"damage":15,"enemies":"Snecko","floor":28,"turns":6},{"damage":7,"enemies":"Slavers","floor":29,"turns":5},{"damage":0,"enemies":"Cultist and Chosen","floor":30,"turns":5},{"damage":18,"enemies":"Collector","floor":33,"turns":8},{"damage":0,"enemies":"3 Shapes","floor":35,"turns":4},{"damage":2,"enemies":"3 Darklings","floor":36,"turns":5},{"damage":1,"enemies":"Transient","floor":37,"turns":5},{"damage":42,"enemies":"2 Orb Walkers","floor":39,"turns":7},{"damage":0,"enemies":"Giant Head","floor":41,"turns":8},{"damage":0,"enemies":"4 Shapes","floor":44,"turns":5},{"damage":0,"enemies":"Writhing Mass","floor":46,"turns":4},{"damage":32,"enemies":"Sphere and 2 Shapes","floor":47,"turns":9},{"damage":4,"enemies":"Maw","floor":48,"turns":7},{"damage":29,"enemies":"Awakened One","floor":50,"turns":10}],"seed_played":"-5466883406991308936","potions_obtained":[{"floor":2,"key":"Poison Potion"},{"floor":5,"key":"LiquidBronze"},{"floor":13,"key":"SteroidPotion"},{"floor":16,"key":"BlessingOfTheForge"},{"floor":19,"key":"Energy Potion"},{"floor":27,"key":"LiquidBronze"},{"floor":30,"key":"Poison Potion"},{"floor":33,"key":"PowerPotion"},{"floor":35,"key":"AttackPotion"},{"floor":36,"key":"Dexterity Potion"},{"floor":37,"key":"Poison Potion"},{"floor":44,"key":"Regen Potion"},{"floor":47,"key":"BlessingOfTheForge"}],"is_trial":false,"path_per_floor":["M","M","?","T","M","E","M","R","T","M","R","M","E","?","R","B",null,"M","M","$","M","$","R","?","E","T","E","M","E","M","?","R","B",null,"M","M","M","$","?","R","E","R","T","M","T","M","M","M","R","B",null],"character_chosen":"THE_SILENT","items_purchased":["Shuriken","Infinite Blades"],"campfire_rested":0,"item_purchase_floors":[20,38],"current_hp_per_floor":[70,58,63,63,63,47,43,43,43,43,43,43,22,22,22,25,75,69,66,66,63,63,63,63,57,57,57,42,45,45,45,45,27,75,75,73,74,74,32,32,32,32,32,32,32,32,54,50,50,36],"gold":742,"neow_bonus":"RANDOM_COLORLESS","is_daily":false,"chose_seed":false,"campfire_upgraded":8,"win_rate":0.0,"timestamp":1609622897,"path_taken":["M","M","?","?","M","E","M","R","T","M","R","?","E","?","R","BOSS","M","M","$","M","$","R","?","E","T","E","?","E","M","?","R","BOSS","M","M","M","$","?","R","E","R","T","M","?","M","M","M","R","BOSS"],"items_purchased_type":["Relic","Card"],"build_version":"2020-12-22","purchased_purges":2,"victory":true,"max_hp_per_floor":[70,70,75,75,75,75,75,75,75,75,75,75,75,75,75,75,75,75,75,75,75,75,75,75,75,75,75,75,75,75,75,75,75,75,75,75,75,75,75,75,75,75,75,75,75,75,75,75,75,75],"card_choices":[{"not_picked":["Panacea","Swift Strike"],"picked":"Dramatic Entrance","floor":0},{"not_picked":["Blade Dance","Sucker Punch"],"picked":"Well Laid Plans","floor":1},{"not_picked":["Terror","Deadly Poison"],"picked":"Tactician","floor":2},{"not_picked":["Poisoned Stab","Blade Dance"],"picked":"Cloak And Dagger","floor":5},{"not_picked":["Bouncing Flask","Sucker Punch","Blur"],"picked":"SKIP","floor":6},{"not_picked":["Quick Slash","PiercingWail"],"picked":"Backflip","floor":7},{"not_picked":["Deadly Poison","Quick Slash"],"picked":"Footwork","floor":7},{"not_picked":["Calculated Gamble","Dagger Throw"],"picked":"Blade Dance","floor":10},{"not_picked":["Deadly Poison","Flying Knee","Phantasmal Killer"],"picked":"SKIP","floor":10},{"not_picked":["Bane","Skewer"],"picked":"Cloak And Dagger","floor":12},{"not_picked":["Dash","Noxious Fumes","Quick Slash"],"picked":"SKIP","floor":12},{"not_picked":["Phantasmal Killer","Reflex"],"picked":"Cloak And Dagger","floor":13},{"not_picked":["Doppelganger","Wraith Form v2"],"picked":"Storm of Steel","floor":16},{"not_picked":["Bane","Dodge and Roll+1","Calculated Gamble"],"picked":"SKIP","floor":18},{"not_picked":["Bouncing Flask","Cloak And Dagger","Dagger Spray"],"picked":"SKIP","floor":18},{"not_picked":["Catalyst","Calculated Gamble"],"picked":"Footwork","floor":19},{"not_picked":["Backflip+1","Slice","Eviscerate"],"picked":"SKIP","floor":19},{"not_picked":["Acrobatics","Backflip","Bane"],"picked":"SKIP","floor":21},{"not_picked":["Dagger Throw","Backflip","Slice+1"],"picked":"SKIP","floor":21},{"not_picked":["Envenom","Underhanded Strike"],"picked":"Prepared","floor":25},{"not_picked":["Backflip+1","Deadly Poison","Deflect"],"picked":"SKIP","floor":27},{"not_picked":["Caltrops+1","Flying Knee","Backstab+1"],"picked":"SKIP","floor":28},{"not_picked":["Cloak And Dagger","Deflect","Heel Hook"],"picked":"SKIP","floor":28},{"not_picked":["Skewer","Predator"],"picked":"Terror+1","floor":29},{"not_picked":["Crippling Poison","Poisoned Stab","Endless Agony"],"picked":"SKIP","floor":30},{"not_picked":["Distraction","Outmaneuver","Cloak And Dagger"],"picked":"SKIP","floor":30},{"not_picked":["Well Laid Plans+1","Quick Slash"],"picked":"Cloak And Dagger+1","floor":35},{"not_picked":["Deadly Poison+1","Deflect","Eviscerate"],"picked":"SKIP","floor":35},{"not_picked":["Deflect","Quick Slash+1"],"picked":"A Thousand Cuts","floor":36},{"not_picked":["Caltrops+1","Noxious Fumes"],"picked":"Prepared+1","floor":36},{"not_picked":["Bane","Sucker Punch+1"],"picked":"Choke+1","floor":37},{"not_picked":["Dagger Spray+1","Backflip","PiercingWail"],"picked":"SKIP","floor":37},{"not_picked":["Noxious Fumes","Bouncing Flask"],"picked":"Outmaneuver","floor":39},{"not_picked":["Backflip+1","Masterful Stab","Dagger Spray"],"picked":"SKIP","floor":41},{"not_picked":["Distraction+1","Dodge and Roll+1","Caltrops"],"picked":"SKIP","floor":44},{"not_picked":["Quick Slash","Acrobatics","Skewer"],"picked":"SKIP","floor":44},{"not_picked":["Underhanded Strike","Quick Slash","Cloak And Dagger"],"picked":"SKIP","floor":46},{"not_picked":["Catalyst","Slice+1","Venomology"],"picked":"SKIP","floor":46},{"not_picked":["Calculated Gamble","Dagger Spray+1","Underhanded Strike"],"picked":"SKIP","floor":47},{"not_picked":["Acrobatics","PiercingWail","Bane"],"picked":"SKIP","floor":47},{"not_picked":["Flying Knee","Tactician+1"],"picked":"Choke","floor":48},{"not_picked":["Tools of the Trade","Distraction","Backstab+1"],"picked":"SKIP","floor":48}],"player_experience":49865,"relics_obtained":[{"floor":4,"key":"Boot"},{"floor":6,"key":"Prayer Wheel"},{"floor":9,"key":"Bottled Flame"},{"floor":13,"key":"Toy Ornithopter"},{"floor":25,"key":"Ornamental Fan"},{"floor":26,"key":"InkBottle"},{"floor":27,"key":"Paper Crane"},{"floor":29,"key":"White Beast Statue"},{"floor":39,"key":"FossilizedHelix"},{"floor":41,"key":"Old Coin"},{"floor":43,"key":"Darkstone Periapt"},{"floor":45,"key":"Tingsha"}],"event_choices":[{"damage_healed":0,"gold_gain":0,"player_choice":"Donut","damage_taken":0,"max_hp_gain":5,"max_hp_loss":0,"event_name":"Big Fish","floor":3,"gold_loss":0},{"cards_removed":["Strike_G"],"damage_healed":0,"gold_gain":0,"player_choice":"Forget","damage_taken":0,"max_hp_gain":0,"max_hp_loss":0,"event_name":"Living Wall","floor":14,"gold_loss":0},{"damage_healed":0,"gold_gain":0,"cards_transformed":["Strike_G"],"player_choice":"Transformed","damage_taken":0,"max_hp_gain":0,"max_hp_loss":0,"event_name":"Transmorgrifier","floor":24,"gold_loss":0,"cards_obtained":["Wraith Form v2"]},{"damage_healed":0,"gold_gain":0,"player_choice":"Ignored","damage_taken":0,"max_hp_gain":0,"max_hp_loss":0,"event_name":"Ghosts","floor":31,"gold_loss":0},{"damage_healed":0,"gold_gain":0,"player_choice":"Fight","damage_taken":0,"max_hp_gain":0,"max_hp_loss":0,"event_name":"Mysterious Sphere","floor":39,"gold_loss":0}],"is_beta":false,"boss_relics":[{"not_picked":["Black Star","HoveringKite"],"picked":"Runic Pyramid"},{"not_picked":["Calling Bell","Philosopher\u0027s Stone"],"picked":"SacredBark"}],"items_purged_floors":[20,38],"is_endless":false,"potions_floor_spawned":[2,5,13,16,19,27,30,33,35,36,37,39,41,44,46,47,48],"ascension_level":0}}