{"host":"51mqhfpmwwd4kxyt","time":1609615757,"event":{"mods":["BaseMod","Downfall","Googly Eyes","Highlight Path","Minty Spire (QoL Compilation)","READ ME - Guardian Mod","StSLib","The Cursed","The Servant 0.9.4"],"gold_per_floor":[118,131,131,131,50,81,81,94,117,117,148,168,168,203,203,306,306,323,24,38,38,38,69,69,102,125,143,143,143,162,195,195,296,346,361,35,54,154,170,170,196,223,223,241,271,288,315,331,331,331],"floor_reached":51,"playtime":2299,"items_purged":["Strike_R"],"score":1049,"play_id":"fe8bf464-1938-4450-ac8e-8377e843db88","local_time":"20210102142917","is_ascension_mode":true,"campfire_choices":[{"floor":7,"key":"REST"},{"data":"Evolve","floor":10,"key":"SMITH"},{"floor":13,"key":"REST"},{"data":"Demon Form","floor":15,"key":"SMITH"},{"floor":24,"key":"RECALL"},{"floor":28,"key":"REST"},{"data":"1","floor":32,"key":"LIFT"},{"data":"2","floor":40,"key":"LIFT"},{"data":"3","floor":49,"key":"LIFT"}],"circlet_count":0,"master_deck":["Strike_R+1","Strike_R+1","Strike_R","Strike_R","Defend_R","Defend_R","Defend_R","Defend_R","Bash+1","Corruption+1","Body Slam","Body Slam+1","Dark Embrace","Reaper+1","Evolve+1","Demon Form+1","Spot Weakness","Reaper","Heavy Blade+1","Warcry+1","Ghostly","Ghostly","Ghostly","Ghostly","Ghostly","Offering","Clash","Seeing Red","Havoc","Armaments","Feed","Sentinel","Warcry+1","Combust+1","Dual Wield+1","Shrug It Off","Fire Breathing","Pummel+1","Warcry+1","Armaments+1"],"relics":["Burning Blood","Art of War","MealTicket","PreservedInsect","Pear","Fusion Hammer","Charon\u0027s Ashes","Question Card","Whetstone","Tiny Chest","Dream Catcher","Girya","Tiny House","Brimstone","Incense Burner","Self Forming Clay","Prayer Wheel","Centennial Puzzle"],"acts_visited":["Exordium","TheCity","TheBeyond"],"potions_floor_usage":[11,16,31,39,50,50],"damage_taken":[{"damage":14,"enemies":"Jaw Worm","floor":1,"turns":3},{"damage":1,"enemies":"Cultist","floor":2,"turns":4},{"damage":32,"enemies":"Gremlin Nob","floor":6,"turns":5},{"damage":3,"enemies":"2 Louse","floor":8,"turns":4},{"damage":34,"enemies":"Lagavulin","floor":11,"turns":8},{"damage":21,"enemies":"2 Fungi Beasts","floor":12,"turns":7},{"damage":35,"enemies":"3 Sentries","floor":14,"turns":6},{"damage":52,"enemies":"Hexaghost","floor":16,"turns":9},{"damage":51,"enemies":"Shell Parasite","floor":18,"turns":6},{"damage":12,"enemies":"Chosen","floor":20,"turns":4},{"damage":23,"enemies":"Slavers","floor":23,"turns":5},{"damage":1,"enemies":"Book of Stabbing","floor":25,"turns":5},{"damage":1,"enemies":"Centurion and Healer","floor":27,"turns":5},{"damage":10,"enemies":"Sentry and Sphere","floor":30,"turns":7},{"damage":31,"enemies":"Gremlin Leader","floor":31,"turns":5},{"damage":1,"enemies":"Automaton","floor":33,"turns":6},{"damage":3,"enemies":"Orb Walker","floor":35,"turns":4},{"damage":4,"enemies":"3 Shapes","floor":37,"turns":4},{"damage":1,"enemies":"Spire Growth","floor":39,"turns":4},{"damage":11,"enemies":"Nemesis","floor":41,"turns":5},{"damage":8,"enemies":"3 Darklings","floor":44,"turns":4},{"damage":12,"enemies":"Reptomancer","floor":45,"turns":4},{"damage":3,"enemies":"Jaw Worm Horde","floor":46,"turns":3},{"damage":4,"enemies":"Giant Head","floor":47,"turns":4},{"damage":4,"enemies":"Spire Growth","floor":48,"turns":5},{"damage":40,"enemies":"Awakened One","floor":50,"turns":5}],"seed_played":"4710649381521999378","potions_obtained":[{"floor":2,"key":"DuplicationPotion"},{"floor":6,"key":"SneckoOil"},{"floor":12,"key":"Energy Potion"},{"floor":14,"key":"SmokeBomb"},{"floor":18,"key":"Block Potion"},{"floor":31,"key":"ColorlessPotion"},{"floor":39,"key":"HeartOfIron"},{"floor":48,"key":"PowerPotion"}],"is_trial":false,"path_per_floor":["M","M","?","?","$","E","R","M","T","R","E","M","R","E","R","B",null,"M","$","M","?","?","E","R","E","T","M","R","?","M","E","R","B",null,"M","$","M","?","M","R","E","T","T","M","E","M","E","M","R","B",null],"character_chosen":"IRONCLAD","items_purchased":["Dark Embrace","Charon\u0027s Ashes","Fruit Juice","Brimstone"],"campfire_rested":3,"item_purchase_floors":[5,19,36,36],"current_hp_per_floor":[72,77,61,61,61,35,59,68,68,68,44,31,55,57,57,33,90,58,73,81,81,45,42,42,45,45,45,45,45,41,44,44,45,50,50,50,53,53,58,58,56,56,56,54,61,61,61,61,61,57],"gold":331,"neow_bonus":"ONE_RANDOM_RARE_CARD","is_daily":false,"chose_seed":false,"campfire_upgraded":2,"win_rate":0.0,"timestamp":1609615757,"path_taken":["M","M","?","?","$","E","R","M","T","R","E","M","R","E","R","BOSS","M","$","M","?","?","E","R","E","T","M","R","?","M","E","R","BOSS","M","$","M","?","?","R","E","?","T","M","E","M","E","M","R","BOSS"],"items_purchased_type":["Card","Relic","Potion","Relic"],"build_version":"2020-12-22","purchased_purges":1,"victory":true,"max_hp_per_floor":[80,80,80,80,80,80,80,80,80,80,80,80,80,90,90,90,90,90,90,90,90,45,45,45,45,45,45,45,45,45,45,45,45,50,50,50,53,53,58,58,61,61,61,61,61,61,61,61,61,61],"card_choices":[{"not_picked":["Havoc","Ghostly Armor"],"picked":"Body Slam","floor":1},{"not_picked":["Sword Boomerang","Clash"],"picked":"Body Slam","floor":2},{"not_picked":["Clash","Reckless Charge"],"picked":"Reaper","floor":6},{"not_picked":["Second Wind","Sword Boomerang"],"picked":"Evolve","floor":8},{"not_picked":["Headbutt","Flex"],"picked":"Demon Form","floor":11},{"not_picked":["True Grit","Body Slam"],"picked":"Spot Weakness","floor":12},{"not_picked":["Rage","Entrench","Havoc"],"picked":"SKIP","floor":14},{"not_picked":["Immolate","Brutality"],"picked":"Reaper","floor":16},{"not_picked":["Thunderclap","Sword Boomerang"],"picked":"Heavy Blade+1","floor":18},{"not_picked":["Body Slam","Clothesline"],"picked":"Warcry+1","floor":20},{"not_picked":["Clash","Ghostly Armor+1"],"picked":"Offering","floor":23},{"not_picked":["True Grit+1","Sword Boomerang","Entrench+1"],"picked":"Clash","floor":25},{"not_picked":["Pommel Strike+1","Blood for Blood","Armaments"],"picked":"Seeing Red","floor":27},{"not_picked":["Twin Strike","Flex+1","Second Wind"],"picked":"Havoc","floor":30},{"not_picked":["Flex","Hemokinesis+1","Ghostly Armor"],"picked":"Armaments","floor":31},{"not_picked":["Limit Break","Barricade","Immolate"],"picked":"Feed","floor":33},{"not_picked":["Rupture","Flex","Body Slam"],"picked":"Sentinel","floor":34},{"not_picked":["Evolve+1","Heavy Blade+1","Entrench"],"picked":"Warcry+1","floor":35},{"not_picked":["Rage+1","Pommel Strike","Uppercut+1","Second Wind+1"],"picked":"SKIP","floor":37},{"not_picked":["Bloodletting","Wild Strike","Dual Wield"],"picked":"Combust+1","floor":39},{"not_picked":["Flex","Headbutt","Sword Boomerang+1"],"picked":"Dual Wield+1","floor":41},{"not_picked":["Metallicize","Twin Strike","Sentinel"],"picked":"Shrug It Off","floor":44},{"not_picked":["Whirlwind+1","Corruption","Twin Strike+1","Rupture+1"],"picked":"SKIP","floor":45},{"not_picked":["Spot Weakness","Intimidate+1","Warcry+1"],"picked":"Fire Breathing","floor":46},{"not_picked":["Thunderclap+1","Dropkick+1","Sword Boomerang","Rampage"],"picked":"SKIP","floor":46},{"not_picked":["Juggernaut","Combust","Pommel Strike"],"picked":"Pummel+1","floor":47},{"not_picked":["Spot Weakness","Sword Boomerang+1","Searing Blow+1"],"picked":"Warcry+1","floor":48},{"not_picked":["Shrug It Off","Pommel Strike","Rage+1"],"picked":"Armaments+1","floor":48}],"player_experience":307094,"relics_obtained":[{"floor":6,"key":"Art of War"},{"floor":9,"key":"MealTicket"},{"floor":11,"key":"PreservedInsect"},{"floor":14,"key":"Pear"},{"floor":23,"key":"Question Card"},{"floor":25,"key":"Whetstone"},{"floor":26,"key":"Tiny Chest"},{"floor":31,"key":"Girya"},{"floor":41,"key":"Incense Burner"},{"floor":43,"key":"Self Forming Clay"},{"floor":45,"key":"Prayer Wheel"},{"floor":47,"key":"Centennial Puzzle"}],"event_choices":[{"damage_healed":0,"gold_gain":0,"player_choice":"Entered Light","damage_taken":16,"max_hp_gain":0,"max_hp_loss":0,"event_name":"Shining Light","floor":3,"gold_loss":0,"cards_upgraded":["Strike_R","Strike_R"]},{"damage_healed":0,"gold_gain":0,"player_choice":"Upgraded","damage_taken":0,"max_hp_gain":0,"max_hp_loss":0,"event_name":"Upgrade Shrine","floor":4,"gold_loss":0,"cards_upgraded":["Corruption"]},{"damage_healed":0,"gold_gain":0,"player_choice":"Ignored","damage_taken":0,"max_hp_gain":0,"max_hp_loss":0,"event_name":"Vampires","floor":21,"gold_loss":0},{"damage_healed":0,"gold_gain":0,"player_choice":"Became a Ghost","damage_taken":0,"max_hp_gain":0,"max_hp_loss":45,"event_name":"Ghosts","floor":22,"gold_loss":0,"cards_obtained":["Ghostly","Ghostly","Ghostly","Ghostly","Ghostly"]},{"damage_healed":0,"gold_gain":0,"player_choice":"Opened","damage_taken":0,"relics_obtained":["Dream Catcher"],"max_hp_gain":0,"max_hp_loss":0,"event_name":"The Mausoleum","floor":29,"gold_loss":0},{"damage_healed":0,"gold_gain":100,"player_choice":"Pray","damage_taken":0,"max_hp_gain":0,"max_hp_loss":0,"event_name":"Golden Shrine","floor":38,"gold_loss":0}],"is_beta":false,"boss_relics":[{"not_picked":["Astrolabe","Sozu"],"picked":"Fusion Hammer"},{"not_picked":["Runic Cube","Runic Pyramid"],"picked":"Tiny House"}],"items_purged_floors":[36],"is_endless":false,"potions_floor_spawned":[2,6,12,14,18,31,37,39,41,48],"ascension_level":2}}