{"host":"9vecvdjkx64cw9bo","time":1609583124,"event":{"mods":["Ascension Unlocker","BaseMod","Custom Start","Keyboard Shortcuts","Minty Spire (QoL Compilation)","Quick Restart","StSLib","SuperFastMode"],"gold_per_floor":[361,376,376,394,46,46,66,79,79,79,90,90,9,39,39,111,111,125,125,25,25,44,44,63,78,78,98,111,125,0,0,0,0,0],"floor_reached":33,"playtime":638,"items_purged":["Strike_R","Strike_R","Strike_R"],"score":502,"play_id":"b9051105-7626-421e-ad3a-08454a6ec183","local_time":"20210102192524","is_ascension_mode":true,"campfire_choices":[{"data":"Pommel Strike","floor":6.0,"key":"SMITH"},{"data":"Fiend Fire","floor":10.0,"key":"SMITH"},{"data":"Rage","floor":12.0,"key":"SMITH"},{"data":"Bash","floor":15.0,"key":"SMITH"},{"floor":23.0,"key":"REST"},{"floor":32,"key":"REST"}],"circlet_count":0,"master_deck":["AscendersBane","Strike_R","Defend_R","Defend_R","Defend_R","Defend_R","Bash+1","Cleave","Pommel Strike+1","Fiend Fire+1","Rage+1","True Grit","Dropkick","Dropkick","Offering","Armaments+1"],"relics":["Burning Blood","Question Card","Letter Opener","Mummified Hand","Mark of Pain","Matryoshka"],"acts_visited":["Exordium","TheCity"],"potions_floor_usage":[29,33,33],"damage_taken":[{"damage":9.0,"enemies":"Small Slimes","floor":1.0,"turns":4.0},{"damage":12.0,"enemies":"Jaw Worm","floor":2.0,"turns":3.0},{"damage":1.0,"enemies":"Cultist","floor":4.0,"turns":3.0},{"damage":21.0,"enemies":"Gremlin Gang","floor":7.0,"turns":4.0},{"damage":8.0,"enemies":"Blue Slaver","floor":8.0,"turns":2.0},{"damage":17.0,"enemies":"Exordium Thugs","floor":11.0,"turns":2.0},{"damage":8.0,"enemies":"Gremlin Nob","floor":14.0,"turns":3.0},{"damage":19.0,"enemies":"The Guardian","floor":16.0,"turns":9.0},{"damage":15.0,"enemies":"3 Byrds","floor":18.0,"turns":4.0},{"damage":6.0,"enemies":"Chosen","floor":22.0,"turns":2.0},{"damage":6.0,"enemies":"3 Cultists","floor":24.0,"turns":4.0},{"damage":16.0,"enemies":"Shelled Parasite and Fungi","floor":25.0,"turns":3.0},{"damage":17.0,"enemies":"Snake Plant","floor":27.0,"turns":3.0},{"damage":11.0,"enemies":"Snecko","floor":28.0,"turns":5.0},{"damage":12,"enemies":"Cultist and Chosen","floor":29,"turns":4},{"damage":38,"enemies":"Automaton","floor":33,"turns":6}],"seed_played":"857416081166403209","potions_obtained":[{"floor":2.0,"key":"CultistPotion"},{"floor":7.0,"key":"SkillPotion"},{"floor":8.0,"key":"SteroidPotion"},{"floor":16.0,"key":"AttackPotion"},{"floor":22.0,"key":"Swift Potion"},{"floor":24.0,"key":"DuplicationPotion"},{"floor":29,"key":"BloodPotion"},{"floor":31,"key":"LiquidBronze"}],"is_trial":false,"path_per_floor":["M","M","?","M","$","R","M","M","T","R","M","R","$","E","R","B",null,"M","?","$","?","M","R","M","M","T","M","M","M","$","?","R","B"],"character_chosen":"IRONCLAD","items_purchased":["Question Card","Dropkick"],"campfire_rested":2,"item_purchase_floors":[5,13],"current_hp_per_floor":[65,59,52,57,57,57,42,40,40,40,29,29,29,27,27,14,55,46,46,46,27,27,48,48,38,38,27,22,16,16,16,37,13,13],"gold":0,"neow_bonus":"TWO_FIFTY_GOLD","is_daily":false,"chose_seed":false,"campfire_upgraded":4,"win_rate":0.0,"timestamp":1609583124,"path_taken":["M","M","?","M","$","R","M","M","T","R","M","R","$","E","R","BOSS","M","?","$","?","?","R","M","M","T","M","?","?","$","?","R","BOSS"],"items_purchased_type":["Relic","Card"],"build_version":"2020-12-22","purchased_purges":3,"victory":false,"max_hp_per_floor":[68,68,68,68,68,68,68,68,68,68,68,68,68,68,68,68,68,68,68,68,73,73,73,73,73,73,73,73,73,73,73,73,73,73],"card_choices":[{"not_picked":["Anger","True Grit"],"picked":"Cleave","floor":1.0},{"not_picked":["Heavy Blade","Armaments"],"picked":"Pommel Strike","floor":2.0},{"not_picked":["Wild Strike","Armaments"],"picked":"Fiend Fire","floor":4.0},{"not_picked":["Headbutt","Searing Blow","Hemokinesis"],"picked":"Rage","floor":7.0},{"not_picked":["Shrug It Off","Twin Strike","Perfected Strike"],"picked":"True Grit","floor":8.0},{"not_picked":["Entrench","Twin Strike","Sever Soul"],"picked":"Dropkick","floor":11.0},{"not_picked":["Sword Boomerang","Rampage","Warcry","Wild Strike"],"picked":"SKIP","floor":14.0},{"not_picked":["Limit Break","Barricade","Feed"],"picked":"Offering","floor":16.0},{"not_picked":["Body Slam","Dropkick+1","Rupture+1"],"picked":"Armaments+1","floor":18.0},{"not_picked":["Flex","Disarm","Anger","Fire Breathing+1"],"picked":"SKIP","floor":22.0},{"not_picked":["Sword Boomerang","Wild Strike","Barricade","Warcry"],"picked":"SKIP","floor":24.0},{"not_picked":["Anger","Rampage","Armaments","Twin Strike"],"picked":"SKIP","floor":25.0},{"not_picked":["Headbutt","Intimidate","Shrug It Off","Combust"],"picked":"SKIP","floor":27.0},{"not_picked":["Dropkick","Wild Strike","Intimidate","Havoc"],"picked":"SKIP","floor":28.0},{"not_picked":["Rupture","Uppercut","Iron Wave","Anger"],"picked":"SKIP","floor":29}],"player_experience":776513,"relics_obtained":[{"floor":9.0,"key":"Letter Opener"},{"floor":14.0,"key":"Mummified Hand"},{"floor":26.0,"key":"Matryoshka"}],"event_choices":[{"cards_removed":["Strike_R"],"damage_healed":0.0,"max_hp_gain":0.0,"max_hp_loss":0.0,"gold_gain":0.0,"event_name":"Golden Wing","player_choice":"Card Removal","floor":3.0,"gold_loss":0.0,"damage_taken":7.0},{"damage_healed":0.0,"max_hp_gain":0.0,"max_hp_loss":0.0,"gold_gain":0.0,"event_name":"The Mausoleum","player_choice":"Ignored","floor":19.0,"gold_loss":0.0,"damage_taken":0.0},{"damage_healed":0.0,"max_hp_gain":5.0,"max_hp_loss":0.0,"gold_gain":0.0,"event_name":"Forgotten Altar","player_choice":"Shed Blood","floor":21.0,"gold_loss":0.0,"damage_taken":24.0},{"damage_healed":0,"gold_gain":0,"player_choice":"Got Potions","damage_taken":0,"max_hp_gain":0,"max_hp_loss":0,"event_name":"Lab","floor":31,"gold_loss":0}],"is_beta":false,"boss_relics":[{"not_picked":["Tiny House","Philosopher\u0027s Stone"],"picked":"Mark of Pain"}],"items_purged_floors":[5,20,30],"is_endless":false,"potions_floor_spawned":[2,7,8,16,22,24,29],"killed_by":"Automaton","ascension_level":20}}