{"host":"dntw6kil9p09eemm","time":1609589237,"event":{"mods":["Alarm Clock","Aspiration","BaseMod","Downfall","Hermit","Hubris","Minty Spire (QoL Compilation)","Permanent Neow","Replay The Spire","Shop Mod","StSLib","The Runesmith"],"gold_per_floor":[111,127,127,127,52,52,63,73,142,142,162,177,194,221,221,321,321,340,340,359,103,122,122,138,138,138,78,91,102,82,92,92,190,190,203,203,253,156,172,172,184,184,184,184,184,184,213,33,33,53,53,53],"floor_reached":53,"playtime":2873,"items_purged":["hexamod:Defend","hexamod:Defend","hexamod:Strike","hexamod:Defend"],"score":791,"play_id":"969f3d42-e2b9-4889-b512-a542ee29ab72","local_time":"20210102210717","is_ascension_mode":false,"campfire_choices":[{"data":"hexamod:Float","floor":6,"key":"SMITH"},{"data":"hexamod:ApocalypticArmor","floor":23,"key":"SMITH"},{"data":"hexamod:TimeOfNeed","floor":25,"key":"SMITH"},{"floor":32,"key":"REST"},{"data":"hexamod:TimeWarp","floor":40,"key":"SMITH"},{"floor":44,"key":"REST"},{"data":"hexamod:SearingWound","floor":46,"key":"SMITH"},{"floor":49,"key":"REST"},{"floor":51,"key":"REST"}],"circlet_count":0,"master_deck":["hexamod:Sear","hexamod:Float+1","hexamod:TimeWarp+1","hexamod:TimeOfNeed+1","hexamod:FastForward+1","hexamod:BurningTouch","hexamod:StepThrough","hexamod:StepThrough","hexamod:ApocalypticArmor+1","hexamod:GhostLash","hexamod:CrushingStance","hexamod:FastForward+1","hexamod:ThermalTransfer+1","hexamod:RadiantFlame+1","hexamod:ExtraCrispy+1","hexamod:GhostOfSpireFuture","hexamod:SearingWound+1","hexamod:PhantomFireball","hexamod:ThermalTransfer","hexamod:SoulSteal"],"relics":["hexamod:SpiritBrand","Shuriken","Replay:Bottled Eggs","hubris:RunicObelisk","Membership Card","MerchantsRug","hexamod:BolsterEngine","SlaversCollar","hubris:Spice","hubris:DisguiseKit"],"acts_visited":["Exordium","TheCity","TheBeyond"],"potions_floor_usage":[11,24,37,39],"damage_taken":[{"damage":0,"enemies":"2 Louse","floor":1,"turns":2},{"damage":0,"enemies":"Jaw Worm","floor":2,"turns":3},{"damage":0,"enemies":"Cultist","floor":7,"turns":3},{"damage":8,"enemies":"Exordium Wildlife","floor":8,"turns":4},{"damage":4,"enemies":"Exordium Thugs","floor":11,"turns":2},{"damage":10,"enemies":"Lots of Slimes","floor":12,"turns":3},{"damage":0,"enemies":"Looter","floor":13,"turns":3},{"damage":9,"enemies":"3 Sentries","floor":14,"turns":5},{"damage":0,"enemies":"Hexaghost","floor":16,"turns":7},{"damage":0,"enemies":"3 Byrds","floor":18,"turns":4},{"damage":0,"enemies":"Spheric Guardian","floor":20,"turns":3},{"damage":6,"enemies":"Centurion and Healer","floor":22,"turns":4},{"damage":7,"enemies":"Sentry and Sphere","floor":24,"turns":4},{"damage":6,"enemies":"Snake Plant","floor":28,"turns":3},{"damage":14,"enemies":"Shelled Parasite and Fungi","floor":29,"turns":3},{"damage":3,"enemies":"Centurion and Healer","floor":31,"turns":5},{"damage":15,"enemies":"hubris:MusketHawk","floor":33,"turns":7},{"damage":1,"enemies":"Orb Walker","floor":35,"turns":3},{"damage":0,"enemies":"Mind Bloom Boss Battle","floor":37,"turns":5},{"damage":25,"enemies":"3 Darklings","floor":39,"turns":5},{"damage":14,"enemies":"Maw","floor":41,"turns":4},{"damage":34,"enemies":"Nemesis","floor":47,"turns":5},{"damage":16,"enemies":"Spire Growth","floor":50,"turns":4},{"damage":16,"enemies":"Time Eater","floor":52,"turns":7}],"seed_played":"8338085859593263706","potions_obtained":[{"floor":1,"key":"Toxic Potion"},{"floor":8,"key":"SkillPotion"},{"floor":12,"key":"Block Potion"},{"floor":13,"key":"Elixir"},{"floor":24,"key":"PowerPotion"},{"floor":29,"key":"PowerPotion"},{"floor":37,"key":"SkillPotion"},{"floor":39,"key":"Elixir"}],"is_trial":false,"path_per_floor":["M","M","?","?","$","R","M","M","T","$","M","M","M","E","R","B",null,"M","?","M","$","M","R","M","R","T","$","M","M","$","M","R","B",null,"M","?","?","$","M","R","M","PTL","PTL","R","T","R","E","$","R","M","R","B",null],"character_chosen":"THE_SPIRIT","items_purchased":["Membership Card","MerchantsRug","hexamod:BolsterEngine","hexamod:GhostOfSpireFuture","hexamod:PhantomFireball","hubris:Spice"],"campfire_rested":4,"item_purchase_floors":[21,21,27,30,38,48],"current_hp_per_floor":[49,49,49,49,49,49,49,41,41,41,37,27,27,18,18,18,70,70,70,70,70,64,64,57,57,57,57,51,37,37,34,55,40,70,69,69,77,77,52,52,38,38,38,61,69,69,35,35,56,40,61,45],"gold":53,"neow_bonus":"TRANSFORM_TWO_CARDS","is_daily":false,"chose_seed":false,"campfire_upgraded":5,"win_rate":0.0,"timestamp":1609589237,"path_taken":["M","M","?","?","$","R","M","M","T","?","M","M","?","E","R","BOSS","M","?","M","$","M","R","M","R","T","$","?","M","$","M","R","BOSS","M","?","?","$","M","R","M","PTL","PTL","R","T","R","E","$","R","M","R","BOSS"],"items_purchased_type":["Relic","Relic","Relic","Card","Card","Relic"],"build_version":"2020-12-22","purchased_purges":4,"victory":true,"max_hp_per_floor":[70,70,70,70,70,70,70,70,70,70,70,70,70,70,70,70,70,70,70,70,70,70,70,70,70,70,70,70,70,70,70,70,70,70,70,70,78,78,78,78,78,78,78,78,86,86,78,70,70,70,70,70],"card_choices":[{"not_picked":["hexamod:Rewind","hexamod:RetreatToShadows","hexamod:Firestarter"],"picked":"SKIP","floor":1},{"not_picked":["hexamod:InspiringFlames","hexamod:DynamicBlow"],"picked":"hexamod:FastForward","floor":2},{"not_picked":["hexamod:Firestarter","hexamod:GhostShield"],"picked":"hexamod:BurningTouch","floor":7},{"not_picked":["hexamod:NightmareGuise","hexamod:SpectralAdrenaline"],"picked":"hexamod:StepThrough","floor":8},{"not_picked":["hexamod:FourthSeal","hexamod:NightmareStrike","hexamod:HeatShield"],"picked":"SKIP","floor":11},{"not_picked":["hexamod:BacktrackSmack","hexamod:HauntingEcho"],"picked":"hexamod:StepThrough","floor":12},{"not_picked":["hexamod:FourthSeal","hexamod:GhostLash","hexamod:HauntingEcho"],"picked":"SKIP","floor":13},{"not_picked":["hexamod:HauntingEcho","hexamod:BacktrackSmack"],"picked":"hexamod:ApocalypticArmor","floor":14},{"not_picked":["hexamod:SixthSeal","hexamod:FifthSeal"],"picked":"hexamod:CrushingStance","floor":16},{"not_picked":["hexamod:NightmareGuise","hexamod:RainOfEmbers+1"],"picked":"hexamod:FastForward","floor":18},{"not_picked":["hexamod:BurningTouch","hexamod:NightmareGuise"],"picked":"hexamod:ThermalTransfer+1","floor":20},{"not_picked":["hexamod:Firestarter","hexamod:Hexaguard","hexamod:GhostShield+1"],"picked":"SKIP","floor":22},{"not_picked":["hexamod:RetreatToShadows+1","hexamod:Hexaguard","hexamod:HeatMetal"],"picked":"SKIP","floor":24},{"not_picked":["hexamod:StepThrough","hexamod:GhostLash"],"picked":"hexamod:RadiantFlame+1","floor":28},{"not_picked":["hexamod:GiftsFromTheDead","hexamod:Incineration"],"picked":"hexamod:ExtraCrispy+1","floor":29},{"not_picked":["hexamod:DynamicBlow","hexamod:RecurringNightmare","hexamod:GhostShield"],"picked":"SKIP","floor":31},{"not_picked":["hexamod:GiftsFromTheDead","hexamod:UnlimitedPower"],"picked":"hexamod:SearingWound","floor":33},{"not_picked":["hexamod:SpectralAdrenaline","hexamod:HauntingEcho+1","hexamod:GhostLash+1"],"picked":"SKIP","floor":35},{"not_picked":["hexamod:Hexaguard+1","hexamod:ChargedBarrage+1","hexamod:BacktrackSmack+1"],"picked":"SKIP","floor":39},{"not_picked":["hexamod:NecessarySacrifice+1","hexamod:AdvancingGuard"],"picked":"hexamod:ThermalTransfer","floor":41},{"not_picked":["hexamod:HeatShield","hexamod:Rewind+1"],"picked":"hubris:SpiceAddiction","floor":47},{"not_picked":["hexamod:Hexaguard+1","hexamod:Incineration","Massacre"],"picked":"hexamod:SoulSteal","floor":50}],"player_experience":525952,"relics_obtained":[{"floor":9,"key":"Shuriken"},{"floor":14,"key":"Replay:Bottled Eggs"},{"floor":26,"key":"hubris:TenFootPole"},{"floor":37,"key":"hubris:Spice"},{"floor":45,"key":"hubris:Spice"},{"floor":47,"key":"hubris:DisguiseKit"}],"event_choices":[{"cards_removed":["hexamod:Strike"],"damage_healed":0,"gold_gain":0,"player_choice":"Offered Basic","damage_taken":0,"max_hp_gain":0,"max_hp_loss":0,"event_name":"Bonfire Elementals","floor":19,"gold_loss":0},{"damage_healed":0,"gold_gain":0,"player_choice":"Fight","damage_taken":0,"max_hp_gain":0,"max_hp_loss":0,"event_name":"MindBloom","floor":37,"gold_loss":0}],"is_beta":false,"boss_relics":[{"not_picked":["Tiny House","Replay:Ancient Bell"],"picked":"hubris:RunicObelisk"},{"not_picked":["Ring of Chaos","Snecko Eye"],"picked":"SlaversCollar"}],"items_purged_floors":[5,21,38,48],"is_endless":false,"potions_floor_spawned":[1,8,12,13,16,20,24,29,37,39],"ascension_level":0}}