{"host":"v0byp44r5syn346h","time":1609555786,"event":{"mods":["2.2 Compatiblity","AchievementEnabler","Act Like it!","AlwaysNeverKeys","Aspiration","BaseMod","Bestiary","Better Altar","Better Match","Better Note","Better Sensory Stone","Better Skull","Better Third Choice","Better Vampires","BetterRewards","Card Filter","Colored Map","Colored Powertips","Conspire","Defuse TimeMaze Blight","Displayed Cursed Tome","Downfall","Evolution","Friendly Minions","Gremlin Skip","Halation","Hallownest","Highlight Path","Hubris","Infinite Spire","Lobotomy","Minty Spire (QoL Compilation)","Pale of the Ancients","Quarter Circle Forward PUNCH!","Quick Restart","Random Character Button","Rare Cards Sparkle","Relic Filter","Relic Stats","Reorder Act Four","Replay The Spire","Reworked Bosses","Shop Mod","Spicy Shops","Spikes Relics","StSLib","SuperFastMode","The Blue Laboratory","The Construct","Thieving Mod","Trackpad","Unknown Chances","egg","vexMod"],"gold_per_floor":[8631,120,120,136,136,136,136,167,149,74,84,84,100,125,145,248,248,98,112,112,112,112,35,35,35,35,61,414,414,414,432,469,469,486,591,591,591,604,604,406,440,454,522,522,547,547,547,561,561,561,581,681,681,709,709,213,213],"floor_reached":58,"playtime":1871,"items_purged":["hexamod:Strike","hexamod:Strike","hexamod:Defend","hexamod:Defend","hexamod:Sear","hexamod:Defend","hexamod:Strike","hexamod:Strike+1","hexamod:Defend+1"],"score":1934,"play_id":"50d19a10-7cf8-44db-9369-3b86c24221f0","local_time":"20210102034946","is_ascension_mode":false,"campfire_choices":[{"data":"1","floor":1,"key":"LIFT"},{"data":"2","floor":10,"key":"LIFT"},{"data":"3","floor":18,"key":"LIFT"},{"data":"hexamod:EtherealExpedition","floor":29,"key":"SMITH"},{"data":"hexamod:SpectersWail","floor":37,"key":"SMITH"},{"data":"hexamod:HauntingEcho","floor":44,"key":"SMITH"},{"floor":46,"key":"REST"},{"floor":49,"key":"REST"},{"floor":55,"key":"REST"}],"circlet_count":0,"master_deck":["hexamod:Float+1","hexamod:RainOfEmbers+1","hexamod:RainOfEmbers+1","hexamod:GhostLash+1","hexamod:GhostflameInferno+1","CUTE+1","hexamod:ThirdSeal","hexamod:RainOfEmbers+1","hexamod:ParanormalForm+1","hexamod:RainOfEmbers+1","hexamod:VolcanoVisage+1","hexamod:GhostShield+1","hexamod:SpectersWail+1","hexamod:EtherealExpedition+1","hexamod:TimeOfNeed+1","hexamod:TurnItUp+1","hexamod:HauntingEcho+1","hexamod:HeatCrush+1","hexamod:HexaLevel+1","hexamod:WildfireWeapon+1"],"relics":["hexamod:SpiritBrand","EVO:Axolotl","Gambling Chip","halation:PromiseList","trackpad:AdjectivePendant","Shuriken","Girya","aspiration:DSix","Omamori","Guide Book","hubris:Zylophone","Juzu Bracelet","Golden Egg","vexMod:PaidLearning","Membership Card","halation:OrihimeAndHikoboshiSamaAndTears","Chemical X","hexamod:TheBrokenSeal","halation:EternalFortune","trackpad:WondrousWand","PreservedInsect","Whetstone","ReplayTheSpireMod:TigerMarble","aspiration:HatOfInfinitePower","downfall:HeartBlessingRed","RoseTintedShades","halation:Prosthetics","downfall:HeartBlessingBlue","downfall:HeartBlessingGreen","Red Mask","HandDrill","hubris:Icosahedron","aspiration:FetidBarrel","CeramicFish","Dead Branch","aspiration:WatcherSkillbook","halation:PapillonHeart","vexMod:FocusSash","Blood Vial","trackpad:RapidFire","halation:AfternoonTea","Bag of Marbles","vexMod:BarristanHead","qcfpunch:Red_Headband","aspiration:FrozenJewel","infinitespire:EmpoweringShard","Orichalcum","Calipers","qcfpunch:Red_Beret","MerchantsRug","Frozen Eye"],"acts_visited":["Exordium","Hallownest:Greenpath","TheBeyond","TheEnding"],"potions_floor_usage":[9,57,57,57],"damage_taken":[{"damage":16,"enemies":"2_ Uuma","floor":2,"turns":5},{"damage":0,"enemies":"Hallownest:2_Baldur","floor":4,"turns":1},{"damage":0,"enemies":"Hallownest:eliteMossKnight","floor":8,"turns":1},{"damage":0,"enemies":"downfall:FleeingMerchant","floor":9,"turns":2},{"damage":3,"enemies":"Hallownest:2_Tiktiks_and_1_Crawlid","floor":11,"turns":1},{"damage":6,"enemies":"Hallownest:monsterAspidMother","floor":13,"turns":1},{"damage":0,"enemies":"Hallownest:eliteVengeflyKing","floor":14,"turns":1},{"damage":0,"enemies":"Hallownest:Guard_and_Warrior","floor":15,"turns":1},{"damage":0,"enemies":"downfall:Ironclad","floor":16,"turns":1},{"damage":0,"enemies":"Hallownest:Flukemon_and_Top","floor":19,"turns":2},{"damage":0,"enemies":"Hallownest:3_Youths","floor":31,"turns":1},{"damage":0,"enemies":"Hallownest:eliteWatcherKnight","floor":32,"turns":6},{"damage":0,"enemies":"Hallownest:monsterShrumalOgre","floor":34,"turns":1},{"damage":0,"enemies":"downfall:Defect","floor":35,"turns":3},{"damage":10,"enemies":"3 Shapes","floor":38,"turns":1},{"damage":0,"enemies":"conspire:MimicChest","floor":41,"turns":2},{"damage":0,"enemies":"Orb Walker","floor":42,"turns":1},{"damage":0,"enemies":"Nightmare","floor":45,"turns":1},{"damage":0,"enemies":"Maw","floor":48,"turns":2},{"damage":0,"enemies":"3 Darklings","floor":51,"turns":1},{"damage":0,"enemies":"downfall:Watcher","floor":52,"turns":2},{"damage":4,"enemies":"downfall:CharBossMerchant","floor":54,"turns":2},{"damage":6,"enemies":"downfall:NeowBoss","floor":57,"turns":9}],"seed_played":"-4352110763911110554","potions_obtained":[{"floor":2,"key":"EssenceOfSteel"},{"floor":2,"key":"infinitespire:BlackPotion"},{"floor":11,"key":"blueLaboratory:Moonshine"}],"is_trial":false,"path_per_floor":["R","M","?","M","T","?","T","E","$","R","M","?","M","E","M","B",null,"R","M","?","PTL","PTL","$","?","?","T","T","?","R","AVR","M","E","$","M","B",null,"R","M","?","$","?","M","T","R","NM","R","?","M","R","?","M","B",null,"E","R","$","B",null],"character_chosen":"THE_SPIRIT","items_purchased":["hexamod:RainOfEmbers","halation:PromiseList","trackpad:AdjectivePendant","hexamod:ThirdSeal","Shuriken","Girya","hexamod:SixthSeal","hexamod:FirstSeal","FearPotion","Toxic Potion","aspiration:DSix","hexamod:RainOfEmbers","Omamori","hexamod:SecondSeal","Guide Book","hexamod:GhostLash","hubris:Zylophone","Juzu Bracelet","Golden Egg","hexamod:FourthSeal","vexMod:PaidLearning","hexamod:GhostflameInferno","Membership Card","halation:OrihimeAndHikoboshiSamaAndTears","Chemical X","Whetstone","ReplayTheSpireMod:TigerMarble","aspiration:HatOfInfinitePower","hexamod:GhostShield+1","HandDrill","vexMod:FocusSash","infinitespire:EmpoweringShard","Orichalcum","Calipers","qcfpunch:Red_Beret","MerchantsRug","Frozen Eye"],"campfire_rested":3,"item_purchase_floors":[0,0,0,0,0,0,0,0,0,0,0,0,0,0,0,0,0,0,0,0,0,0,0,0,0,9,9,9,9,23,40,56,56,56,56,56,56],"current_hp_per_floor":[70,76,79,79,79,79,79,79,79,79,79,79,73,76,76,76,54,64,67,67,67,67,67,67,67,67,67,67,67,67,67,67,67,67,67,67,67,60,60,60,60,62,62,62,64,66,66,66,66,14,16,18,66,62,66,66,60],"gold":213,"neow_bonus":"","is_daily":false,"chose_seed":false,"campfire_upgraded":3,"win_rate":0.0,"timestamp":1609555786,"path_taken":["R","M","?","M","?","?","T","E","?","R","M","?","M","E","M","BOSS","R","M","?","PTL","PTL","$","?","?","T","?","?","R","AVR","M","E","?","M","BOSS","R","M","?","$","?","M","T","R","NM","R","?","M","R","?","M","BOSS","E","R","$","BOSS"],"items_purchased_type":["Card","Relic","Relic","Card","Relic","Relic","Card","Card","Potion","Potion","Relic","Card","Relic","Card","Relic","Card","Relic","Relic","Relic","Card","Relic","Card","Relic","Relic","Relic","Relic","Relic","Relic","Card","Relic","Relic","Relic","Relic","Relic","Relic","Relic","Relic"],"build_version":"2020-12-22","purchased_purges":9,"victory":true,"max_hp_per_floor":[70,80,83,83,83,83,83,83,83,83,86,86,86,89,89,89,54,64,67,67,67,67,67,67,67,67,67,67,67,67,67,67,67,67,67,67,67,70,66,66,66,66,66,66,66,66,66,66,66,66,66,66,66,66,66,66,66],"relic_stats":{"counters":[32,77],"CeramicFish":18,"Dead Branch":[57],"PreservedInsect":339,"Juzu Bracelet":2,"Whetstone":["LessonLearned","FearNoEvil","Replay:SS_fish_3","FollowUp","hexamod:Strike","hexamod:RainOfEmbers"],"Orichalcum":[6],"Blood Vial":8,"Shuriken":[12],"Gambling Chip":[37],"HandDrill":[6],"Chemical X":[70],"obtain_stats":[{"Golden Egg":0,"Calipers":56,"CeramicFish":27,"downfall:HeartBlessingGreen":8,"trackpad:WondrousWand":7,"Whetstone":9,"EVO:Axolotl":28,"qcfpunch:Red_Beret":56,"halation:Prosthetics":17,"Blood Vial":41,"halation:PromiseList":0,"HandDrill":23,"trackpad:AdjectivePendant":0,"aspiration:DSix":0,"hexamod:SpiritBrand":0,"Girya":0,"MerchantsRug":56,"halation:OrihimeAndHikoboshiSamaAndTears":0,"Dead Branch":32,"hexamod:TheBrokenSeal":2,"downfall:HeartsMalice":0,"vexMod:PaidLearning":0,"aspiration:FrozenJewel":54,"hubris:Zylophone":0,"Shuriken":0,"ReplayTheSpireMod:TigerMarble":9,"infinitespire:EmpoweringShard":56,"aspiration:HatOfInfinitePower":9,"conspire:Flyswatter":5,"halation:PapillonHeart":39,"Replay:PocketPolymizer":3,"aspiration:TomeofQuesting":7,"RoseTintedShades":14,"Juzu Bracelet":9,"Frozen Eye":56,"hubris:Icosahedron":24,"trackpad:RapidFire":43,"downfall:HeartBlessingBlue":18,"Gambling Chip":0,"Red Mask":20,"Chemical X":0,"downfall:HeartBlessingRed":1,"aspiration:FetidBarrel":26,"Guide Book":0,"PreservedInsect":8,"Omamori":0,"vexMod:FocusSash":40,"Orichalcum":56,"vexMod:BarristanHead":50,"halation:EternalFortune":3,"aspiration:WatcherSkillbook":36,"Bag of Marbles":50,"qcfpunch:Red_Headband":50,"Membership Card":0,"halation:AfternoonTea":45},{"Golden Egg":9,"Calipers":31,"CeramicFish":19,"downfall:HeartBlessingGreen":4,"trackpad:WondrousWand":11,"Whetstone":13,"EVO:Axolotl":19,"qcfpunch:Red_Beret":31,"halation:Prosthetics":18,"Blood Vial":25,"halation:PromiseList":9,"HandDrill":19,"trackpad:AdjectivePendant":9,"aspiration:DSix":9,"hexamod:SpiritBrand":0,"Girya":9,"MerchantsRug":31,"halation:OrihimeAndHikoboshiSamaAndTears":9,"Dead Branch":21,"hexamod:TheBrokenSeal":10,"downfall:HeartsMalice":0,"vexMod:PaidLearning":9,"aspiration:FrozenJewel":31,"hubris:Zylophone":9,"Shuriken":9,"ReplayTheSpireMod:TigerMarble":13,"infinitespire:EmpoweringShard":31,"aspiration:HatOfInfinitePower":13,"conspire:Flyswatter":11,"halation:PapillonHeart":24,"Replay:PocketPolymizer":1,"aspiration:TomeofQuesting":4,"RoseTintedShades":16,"Juzu Bracelet":5,"Frozen Eye":31,"hubris:Icosahedron":19,"trackpad:RapidFire":26,"downfall:HeartBlessingBlue":18,"Gambling Chip":9,"Red Mask":19,"Chemical X":9,"downfall:HeartBlessingRed":0,"aspiration:FetidBarrel":19,"Guide Book":9,"PreservedInsect":12,"Omamori":9,"vexMod:FocusSash":24,"Orichalcum":31,"vexMod:BarristanHead":28,"halation:EternalFortune":10,"aspiration:WatcherSkillbook":23,"Bag of Marbles":28,"qcfpunch:Red_Headband":28,"Membership Card":9,"halation:AfternoonTea":27},{"Golden Egg":29,"Calipers":68,"CeramicFish":45,"downfall:HeartBlessingGreen":8,"trackpad:WondrousWand":35,"Whetstone":38,"EVO:Axolotl":45,"qcfpunch:Red_Beret":68,"halation:Prosthetics":43,"Blood Vial":59,"halation:PromiseList":29,"HandDrill":45,"trackpad:AdjectivePendant":29,"aspiration:DSix":29,"hexamod:SpiritBrand":0,"Girya":29,"MerchantsRug":68,"halation:OrihimeAndHikoboshiSamaAndTears":29,"Dead Branch":52,"hexamod:TheBrokenSeal":32,"downfall:HeartsMalice":0,"vexMod:PaidLearning":29,"aspiration:FrozenJewel":68,"hubris:Zylophone":29,"Shuriken":29,"ReplayTheSpireMod:TigerMarble":38,"infinitespire:EmpoweringShard":68,"aspiration:HatOfInfinitePower":38,"conspire:Flyswatter":35,"halation:PapillonHeart":57,"Replay:PocketPolymizer":1,"aspiration:TomeofQuesting":8,"RoseTintedShades":41,"Juzu Bracelet":13,"Frozen Eye":68,"hubris:Icosahedron":45,"trackpad:RapidFire":60,"downfall:HeartBlessingBlue":43,"Gambling Chip":29,"Red Mask":45,"Chemical X":29,"downfall:HeartBlessingRed":0,"aspiration:FetidBarrel":45,"Guide Book":29,"PreservedInsect":36,"Omamori":29,"vexMod:FocusSash":57,"Orichalcum":68,"vexMod:BarristanHead":63,"halation:EternalFortune":34,"aspiration:WatcherSkillbook":56,"Bag of Marbles":63,"qcfpunch:Red_Headband":63,"Membership Card":29,"halation:AfternoonTea":61}]},"card_choices":[{"not_picked":["hexamod:InspiringFlames","hexamod:BacktrackSmack","hexamod:NightmareGuise"],"picked":"SKIP","floor":2},{"not_picked":["hexamod:Hexaguard","hexamod:SecondSeal"],"picked":"hexamod:RainOfEmbers","floor":4},{"not_picked":["hexamod:NightmareGuise","hexamod:HeatShield"],"picked":"hexamod:ParanormalForm","floor":8},{"not_picked":["hexamod:BurningTouch","hexamod:EmpoweredFlame"],"picked":"hexamod:RainOfEmbers","floor":8},{"not_picked":["hexamod:FifthSeal","hexamod:AdvancingGuard"],"picked":"hexamod:VolcanoVisage","floor":9},{"not_picked":["hexamod:FastForward","hexamod:ThermalTransfer","hexamod:StepThrough"],"picked":"SKIP","floor":9},{"not_picked":["hexamod:SecondSeal","hexamod:NightmareStrike"],"picked":"hexamod:SpectersWail","floor":11},{"not_picked":["hexamod:NecessarySacrifice","hexamod:ChargedBarrage","hexamod:NightmareStrike"],"picked":"SKIP","floor":13},{"not_picked":["hexamod:NightmareGuise","hexamod:GhostOfSpirePresent"],"picked":"hexamod:EtherealExpedition","floor":14},{"not_picked":["hexamod:NightmareGuise","hexamod:EtherealExpedition"],"picked":"hexamod:TimeOfNeed","floor":15},{"not_picked":["hexamod:BacktrackSmack","hexamod:Hexaguard","hexamod:SpectersWail"],"picked":"SKIP","floor":15},{"not_picked":["hexamod:BacktrackSmack","hexamod:Hexaguard","hexamod:SpectersWail"],"picked":"SKIP","floor":15},{"not_picked":["hexamod:FifthSeal","hexamod:GhostflameInferno"],"picked":"hexamod:TurnItUp","floor":16},{"not_picked":["hexamod:SwordOfDarkness","hexamod:BurningTouch"],"picked":"hexamod:HauntingEcho","floor":19},{"not_picked":["hexamod:NightmareStrike","hexamod:GhostLash"],"picked":"hexamod:HeatCrush+1","floor":19},{"not_picked":["hexamod:BurningTouch","hexamod:GhostOfSpireFuture","hexamod:NightmareGuise+1"],"picked":"SKIP","floor":31},{"not_picked":["hexamod:RadiantFlame","hexamod:BacktrackSmack"],"picked":"hexamod:HexaLevel","floor":32},{"not_picked":["hexamod:Hexaguard","hexamod:GhostOfSpirePresent","hexamod:HeatMetal+1"],"picked":"SKIP","floor":34},{"not_picked":["hexamod:TimeWarp","hexamod:SearingWound"],"picked":"hexamod:WildfireWeapon","floor":35},{"not_picked":["hexamod:RecurringNightmare","hexamod:GhostOfSpirePresent+1","Replay:BluntJabs+1","Crescendo+1"],"picked":"SKIP","floor":38},{"not_picked":["hexamod:AdvancingGuard+1","Prostrate","hexamod:HeatShield+1","BowlingBash"],"picked":"SKIP","floor":42},{"not_picked":["Replay:Vibes","hexamod:GhostShield+1","hexamod:BurningTouch","FollowUp"],"picked":"SKIP","floor":45},{"not_picked":["ThirdEye+1","hexamod:SkipABeat+1","hexamod:EmpoweredFlame","Replay:Battleflow+1"],"picked":"SKIP","floor":48},{"not_picked":["WindmillStrike+1","BowlingBash","SashWhip+1","PathToVictory"],"picked":"SKIP","floor":51},{"not_picked":["Replay:Cycle","TalkToTheHand","DeceiveReality+1","Brilliance"],"picked":"SKIP","floor":54},{"not_picked":["Protect+1","Consecrate+1","Perseverance","hexamod:SpectralAdrenaline+1"],"picked":"SKIP","floor":54}],"player_experience":847129,"relics_obtained":[{"floor":5,"key":"conspire:Flyswatter"},{"floor":7,"key":"trackpad:WondrousWand"},{"floor":8,"key":"PreservedInsect"},{"floor":11,"key":"halation:EternalFortune"},{"floor":14,"key":"halation:EternalFortune"},{"floor":14,"key":"RoseTintedShades"},{"floor":19,"key":"halation:EternalFortune"},{"floor":26,"key":"aspiration:FetidBarrel"},{"floor":27,"key":"CeramicFish"},{"floor":32,"key":"Dead Branch"},{"floor":38,"key":"halation:EternalFortune"},{"floor":41,"key":"Blood Vial"},{"floor":43,"key":"trackpad:RapidFire"},{"floor":45,"key":"halation:AfternoonTea"},{"floor":54,"key":"aspiration:FrozenJewel"}],"event_choices":[{"damage_healed":0,"gold_gain":0,"player_choice":"Ignored","damage_taken":0,"max_hp_gain":0,"max_hp_loss":0,"event_name":"Upgrade Shrine","floor":47,"gold_loss":0},{"damage_healed":0,"gold_gain":0,"player_choice":"RE RE RE ","damage_taken":58,"relics_obtained":["Bag of Marbles","vexMod:BarristanHead","qcfpunch:Red_Headband"],"max_hp_gain":0,"max_hp_loss":0,"event_name":"betterSkull:BetterSkull","floor":50,"gold_loss":0,"cards_upgraded":[]}],"is_beta":false,"boss_relics":[{"not_picked":["Replay:Bronze Core","aspiration:SilentSkillbook"],"picked":"halation:Prosthetics"},{"not_picked":["trackpad:Coffee","Replay:Wanted Poster"],"picked":"aspiration:WatcherSkillbook"}],"items_purged_floors":[0,0,0,0,0,0,0,40,56],"is_endless":false,"potions_floor_spawned":[8,11,13,16,34,41,48,51],"ascension_level":0}}