{"host":"qekv59dthhdg54sz","time":1609563807,"event":{"mods":["AchievementEnabler","BaseMod","Colored Map","DeckTracker","KOR Keyword Fix","Minty Spire (QoL Compilation)","Rare Cards Sparkle","StSLib","SuperFastMode"],"gold_per_floor":[111,111,111,111,123,123,149,162,162,162,11,11,28,28,28,28,28],"floor_reached":16,"playtime":224,"items_purged":["Pain"],"score":246,"play_id":"3988aaf5-79b5-45cd-a960-6aba0289b018","local_time":"20210102140327","is_ascension_mode":true,"campfire_choices":[{"data":"Zap","floor":6.0,"key":"SMITH"},{"data":"Capacitor","floor":10.0,"key":"SMITH"},{"floor":15,"key":"REST"}],"circlet_count":0,"master_deck":["AscendersBane","Strike_B","Strike_B","Strike_B","Strike_B","Defend_B","Defend_B","Defend_B","Defend_B","Zap+1","Dualcast","Redo","Darkness","Cold Snap","Capacitor+1","Chaos","Self Repair"],"relics":["Cracked Core","NeowsBlessing","Gremlin Horn","WarpedTongs","Mango","Juzu Bracelet"],"acts_visited":["Exordium"],"potions_floor_usage":[16,16],"damage_taken":[{"damage":0.0,"enemies":"Small Slimes","floor":1.0,"turns":1.0},{"damage":0.0,"enemies":"Jaw Worm","floor":5.0,"turns":1.0},{"damage":0.0,"enemies":"Gremlin Nob","floor":7.0,"turns":1.0},{"damage":2.0,"enemies":"Cultist","floor":8.0,"turns":3.0},{"damage":32.0,"enemies":"Exordium Wildlife","floor":13.0,"turns":5.0},{"damage":51,"enemies":"Hexaghost","floor":16,"turns":9}],"seed_played":"-4894112665359386222","potions_obtained":[{"floor":5.0,"key":"PowerPotion"},{"floor":7.0,"key":"BlessingOfTheForge"},{"floor":13.0,"key":"Regen Potion"}],"is_trial":false,"path_per_floor":["M","?","?","?","M","R","E","M","T","R","$","?","M","?","R","B"],"character_chosen":"DEFECT","items_purchased":["Chaos"],"campfire_rested":1,"item_purchase_floors":[11],"current_hp_per_floor":[64,64,38,38,38,38,52,50,50,50,50,38,6,6,31,0,0],"gold":28,"neow_bonus":"THREE_ENEMY_KILL","is_daily":false,"chose_seed":false,"campfire_upgraded":2,"win_rate":0.0,"timestamp":1609563807,"path_taken":["M","?","?","?","M","R","E","?","T","R","$","?","M","?","R","BOSS"],"items_purchased_type":["Card"],"build_version":"2020-12-22","purchased_purges":1,"victory":false,"max_hp_per_floor":[71,71,71,71,71,71,85,85,85,85,85,85,85,85,85,85,85],"card_choices":[{"not_picked":["Beam Cell","BootSequence"],"picked":"Redo","floor":1.0},{"not_picked":["Go for the Eyes","Redo"],"picked":"Darkness","floor":5.0},{"not_picked":["Stack","Melter"],"picked":"Cold Snap","floor":7.0},{"not_picked":["Rebound","Gash"],"picked":"Capacitor","floor":8.0},{"not_picked":["Machine Learning","Cold Snap"],"picked":"Self Repair","floor":13.0}],"player_experience":749259,"relics_obtained":[{"floor":7.0,"key":"Mango"},{"floor":9.0,"key":"Juzu Bracelet"}],"event_choices":[{"damage_healed":0.0,"max_hp_gain":0.0,"max_hp_loss":0.0,"gold_gain":0.0,"event_name":"Liars Game","player_choice":"Ignored","floor":2.0,"gold_loss":0.0,"damage_taken":0.0},{"damage_healed":0.0,"max_hp_gain":0.0,"max_hp_loss":0.0,"gold_gain":0.0,"event_name":"Scrap Ooze","player_choice":"Success","floor":3.0,"gold_loss":0.0,"damage_taken":26.0,"relics_obtained":["Gremlin Horn"]},{"damage_healed":0.0,"max_hp_gain":0.0,"max_hp_loss":0.0,"gold_gain":0.0,"event_name":"Accursed Blacksmith","player_choice":"Rummage","floor":4.0,"gold_loss":0.0,"damage_taken":0.0,"relics_obtained":["WarpedTongs"],"cards_obtained":["Pain"]},{"damage_healed":0.0,"max_hp_gain":0.0,"max_hp_loss":0.0,"gold_gain":0.0,"event_name":"Wheel of Change","player_choice":"Damaged","floor":12.0,"gold_loss":0.0,"damage_taken":12.0},{"damage_healed":0,"gold_gain":0,"player_choice":"Searched \u00270\u0027 times","damage_taken":0,"max_hp_gain":0,"max_hp_loss":0,"event_name":"Dead Adventurer","floor":14,"gold_loss":0}],"is_beta":false,"boss_relics":[],"items_purged_floors":[11],"is_endless":false,"potions_floor_spawned":[5,7,13],"killed_by":"Hexaghost","ascension_level":20}}