{"host":"1lhpgrjjhxx10cx0","time":1609602071,"event":{"mods":["BaseMod","Friendly Minions","Highlight Path","Minty Spire (QoL Compilation)","Permanent Neow","Quick Restart","StSLib","The Alterego","Waifu the Spire"],"gold_per_floor":[366,366,291,310,329,329,329,342,366,366,398,416,416,433,433,536,536,552,564,564,564],"floor_reached":20,"playtime":852,"items_purged":["alterego_mod:Strike"],"score":251,"play_id":"053b007d-ea0d-4b4a-b64a-52f44890b77c","local_time":"20210102234111","is_ascension_mode":false,"campfire_choices":[{"data":"alterego_mod:Impale","floor":6.0,"key":"SMITH"},{"data":"alterego_mod:Alter","floor":10.0,"key":"SMITH"},{"data":"alterego_mod:Punishment","floor":13.0,"key":"SMITH"},{"data":"alterego_mod:Belle","floor":15,"key":"SMITH"}],"circlet_count":0,"master_deck":["alterego_mod:Strike","alterego_mod:Strike","alterego_mod:Strike","alterego_mod:Defend","alterego_mod:Defend","alterego_mod:Defend","alterego_mod:Defend","alterego_mod:Impale+1","alterego_mod:BigMeatyClaws","alterego_mod:BrynhildrsRune","alterego_mod:DeftHands","alterego_mod:1TonWallop","alterego_mod:Alter+1","Madness","alterego_mod:Punishment+1","alterego_mod:Tantrum","alterego_mod:PerceptionDisorder","alterego_mod:Birthday+1"],"relics":["alterego_mod:MasochisticConstitution","Omamori","Blood Vial","Prayer Wheel","Calling Bell","Vajra","Mummified Hand","Ice Cream"],"acts_visited":["Exordium","TheCity"],"potions_floor_usage":[19],"damage_taken":[{"damage":11.0,"enemies":"Cultist","floor":1.0,"turns":4.0},{"damage":0.0,"enemies":"Small Slimes","floor":4.0,"turns":4.0},{"damage":17.0,"enemies":"Jaw Worm","floor":5.0,"turns":4.0},{"damage":9.0,"enemies":"Gremlin Gang","floor":8.0,"turns":2.0},{"damage":45.0,"enemies":"Lagavulin","floor":11.0,"turns":4.0},{"damage":5.0,"enemies":"3 Louse","floor":12.0,"turns":3.0},{"damage":12,"enemies":"Exordium Wildlife","floor":14,"turns":3},{"damage":0,"enemies":"Slime Boss","floor":16,"turns":3},{"damage":36,"enemies":"2 Thieves","floor":18,"turns":4},{"damage":63,"enemies":"3 Byrds","floor":19,"turns":4},{"damage":12,"enemies":"Shelled Parasite and Fungi","floor":20,"turns":1}],"seed_played":"1687207336227716748","potions_obtained":[{"floor":4.0,"key":"BlessingOfTheForge"},{"floor":5.0,"key":"LiquidMemories"},{"floor":8.0,"key":"GamblersBrew"},{"floor":14,"key":"EssenceOfSteel"},{"floor":18,"key":"PowerPotion"}],"is_trial":false,"path_per_floor":["M","?","$","M","M","R","?","M","T","R","E","M","R","M","R","B",null,"M","M","M"],"character_chosen":"The_Alterego","items_purchased":[],"campfire_rested":0,"item_purchase_floors":[],"current_hp_per_floor":[46,28,28,42,26,26,26,18,18,18,33,31,31,29,29,45,76,33,7,0,0],"gold":564,"neow_bonus":"TWO_FIFTY_GOLD","is_daily":false,"chose_seed":false,"campfire_upgraded":4,"win_rate":0.0,"timestamp":1609602071,"path_taken":["M","?","$","M","M","R","?","M","T","R","E","?","R","M","R","BOSS","M","M","?"],"items_purchased_type":[],"build_version":"2020-12-22","purchased_purges":1,"victory":false,"max_hp_per_floor":[71,71,71,71,72,72,72,73,73,73,74,75,75,76,76,76,76,77,78,78,78],"card_choices":[{"not_picked":["alterego_mod:Jiggle","alterego_mod:Crossover"],"picked":"alterego_mod:Belle","floor":1.0},{"not_picked":["alterego_mod:Support","alterego_mod:Punishment"],"picked":"alterego_mod:DeftHands","floor":4.0},{"not_picked":["alterego_mod:Schoolgirl","alterego_mod:DestructionOfProperty"],"picked":"alterego_mod:1TonWallop","floor":5.0},{"not_picked":["alterego_mod:BiFurious","alterego_mod:PerceptionDisorder","alterego_mod:Clones"],"picked":"SKIP","floor":8.0},{"not_picked":["alterego_mod:Pet","alterego_mod:Bounce"],"picked":"alterego_mod:Belle","floor":11.0},{"not_picked":["alterego_mod:PerceptionDisorder","alterego_mod:Pet","alterego_mod:HighServant"],"picked":"SKIP","floor":12.0},{"not_picked":["alterego_mod:Pet","alterego_mod:PurpleHair","alterego_mod:Punishment"],"picked":"SKIP","floor":12.0},{"not_picked":["alterego_mod:Pet","alterego_mod:PurpleHair"],"picked":"alterego_mod:Punishment","floor":12.0},{"not_picked":["alterego_mod:PerceptionDisorder","alterego_mod:Pet","alterego_mod:HighServant"],"picked":"SKIP","floor":12.0},{"not_picked":["alterego_mod:PerceptionDisorder","alterego_mod:Complex","alterego_mod:BustOut"],"picked":"SKIP","floor":14},{"not_picked":["alterego_mod:GoddessCore","alterego_mod:Rip","alterego_mod:Pet"],"picked":"SKIP","floor":14},{"not_picked":["alterego_mod:RingBreak","alterego_mod:GIGAMILK"],"picked":"alterego_mod:Tantrum","floor":16},{"not_picked":["alterego_mod:Cycle","alterego_mod:Undulate"],"picked":"alterego_mod:PerceptionDisorder","floor":18},{"not_picked":["alterego_mod:Table","alterego_mod:Undulate","alterego_mod:Birthday+1"],"picked":"SKIP","floor":18},{"not_picked":["alterego_mod:Table","alterego_mod:Undulate"],"picked":"alterego_mod:Birthday+1","floor":18},{"not_picked":["alterego_mod:HighServant","alterego_mod:DestructionOfProperty","alterego_mod:Pet"],"picked":"SKIP","floor":19},{"not_picked":["alterego_mod:MagicResistance","alterego_mod:1TonWallop","alterego_mod:TrashNCrash+1"],"picked":"SKIP","floor":19}],"player_experience":84504,"relics_obtained":[{"floor":9.0,"key":"Blood Vial"},{"floor":11.0,"key":"Prayer Wheel"},{"floor":17,"key":"Vajra"},{"floor":17,"key":"Mummified Hand"},{"floor":17,"key":"Ice Cream"}],"event_choices":[{"damage_healed":0.0,"max_hp_gain":0.0,"max_hp_loss":0.0,"gold_gain":0.0,"event_name":"Scrap Ooze","player_choice":"Success","floor":2.0,"gold_loss":0.0,"damage_taken":18.0,"relics_obtained":["Omamori"]},{"damage_healed":0.0,"max_hp_gain":0.0,"max_hp_loss":0.0,"gold_gain":0.0,"event_name":"Match and Keep!","player_choice":"2 cards matched","floor":7.0,"gold_loss":0.0,"damage_taken":0.0,"cards_obtained":["alterego_mod:Alter","Madness"]}],"is_beta":false,"boss_relics":[{"not_picked":["Velvet Choker","Runic Pyramid"],"picked":"Calling Bell"}],"items_purged_floors":[3],"is_endless":false,"potions_floor_spawned":[4,5,8,14,18],"killed_by":"Shelled Parasite and Fungi","ascension_level":0}}