{"host":"8wq2kaef3mxk27dm","time":1609554634,"event":{"mods":["Act Like it!","Aspiration","Astrologer","BaseMod","CCEM","Colored Map","Friendly Minions","Gensokyo","GifTheSpireLib","GungeonMod","HololiveMod","Hubris","Jorbs\u0027s Wanderer Trilogy","Lobotomy","Marisa????????","Minty Spire (QoL Compilation)","Prisma Mod","StSLib","Stuff the Spire","The Animator","The Blackbeard","The Bug Knight","The Disciple","The Hierophant","The Problem Sleuth","The Runesmith","The Senshi","The Wild Card","TheArtist","Wandering Minibosses"],"gold_per_floor":[110,128,128,145,145,145,170,170,170,189,214,224,298,323,323,420,420,431,431,447,457,19,45,45,72,96,125,125,141,41,60,60,161,161,176,194,214,214,225,257,257,276,299,299,319,63,63,82,82,82],"floor_reached":51,"playtime":4725,"items_purged":["theWildCard:Arsene","theWildCard:BasicStrike","theWildCard:Attunement"],"score":848,"play_id":"8da59880-8104-421c-8079-ce299e323fa4","local_time":"20210101203034","is_ascension_mode":true,"campfire_choices":[{"data":"theWildCard:Metatron","floor":6.0,"key":"SMITH"},{"floor":8.0,"key":"REST"},{"floor":15.0,"key":"REST"},{"floor":32,"key":"REST"},{"floor":41,"key":"REST"},{"data":"theWildCard:Lucifer","floor":44,"key":"SMITH"},{"data":"theWildCard:TheUniverse","floor":47,"key":"SMITH"},{"floor":49,"key":"REST"}],"circlet_count":0,"master_deck":["theWildCard:BasicStrike","theWildCard:BasicStrike","theWildCard:BasicDefend","theWildCard:BasicDefend+1","theWildCard:BasicDefend","theWildCard:BasicDefend","theWildCard:CallToAdventure","theWildCard:SeveringSlash","theWildCard:IdentityTheft","theWildCard:Metatron+1","theWildCard:TheUniverse+1","theWildCard:PowerOfTheArcana","theWildCard:ArcaneArts","theWildCard:MagicMettle+1","theWildCard:ShieldOfMany","theWildCard:ArcaneArts","theWildCard:FinalHour","theWildCard:ManOfManyFaces","theWildCard:StingingStrike","theWildCard:SacrificialStroke","theWildCard:StingingStrike","theWildCard:ArchaicAssault","theWildCard:PowerOfTheArcana","theWildCard:Attunement+1","theWildCard:Ruination","theWildCard:Patience+1","theWildCard:ShieldOfMany+1","theWildCard:Lucifer+1","theWildCard:PowerOfTheArcana","theWildCard:MaskChange","Swift Strike"],"relics":["theWildCard:VelvetContract","StuffTheSpire:Barrel","StuffTheSpire:Nightcore","DemoMod:PinkGuonStone","CCEMRelics:WhiteRose","Gremlin Horn","hubris:Spice","StuffTheSpire:Kangaroo","wanderingMiniBosses:OtherGremlinHorn","Lantern","Bronze Scales","CCEMRelics:FryingPan","Nilry\u0027s Codex","DemoMod:WhiteGuonStone","Nloth\u0027s Gift","hubris:Backtick","hubris:Potato","StuffTheSpire:RubySignet","War Paint"],"acts_visited":["Exordium","TheCity","TheBeyond"],"potions_floor_usage":[20,21,21,25,27,29,33,33,40,42,50],"damage_taken":[{"damage":6.0,"enemies":"Jaw Worm","floor":1.0,"turns":3.0},{"damage":0.0,"enemies":"Cultist","floor":2.0,"turns":3.0},{"damage":3.0,"enemies":"2 Louse","floor":4.0,"turns":6.0},{"damage":20.0,"enemies":"3 Sentries","floor":7.0,"turns":4.0},{"damage":0.0,"enemies":"Exordium Wildlife","floor":10.0,"turns":2.0},{"damage":13.0,"enemies":"Gremlin Nob","floor":11.0,"turns":3.0},{"damage":11.0,"enemies":"Looter","floor":12.0,"turns":3.0},{"damage":10.0,"enemies":"Lagavulin","floor":14.0,"turns":6.0},{"damage":20.0,"enemies":"The Guardian","floor":16.0,"turns":9.0},{"damage":0.0,"enemies":"Spheric Guardian","floor":18.0,"turns":2.0},{"damage":4,"enemies":"Chosen","floor":20,"turns":6},{"damage":38,"enemies":"Snake Plant","floor":21,"turns":5},{"damage":10,"enemies":"Gremlin Leader","floor":23,"turns":3},{"damage":0,"enemies":"Slavers","floor":25,"turns":1},{"damage":8,"enemies":"Book of Stabbing","floor":27,"turns":3},{"damage":0,"enemies":"Shelled Parasite and Fungi","floor":29,"turns":1},{"damage":0,"enemies":"Snecko","floor":31,"turns":2},{"damage":34,"enemies":"Collector","floor":33,"turns":3},{"damage":48,"enemies":"3 Darklings","floor":35,"turns":3},{"damage":0,"enemies":"3 Shapes","floor":36,"turns":1},{"damage":4,"enemies":"Jaw Worm Horde","floor":37,"turns":2},{"damage":0,"enemies":"3 Darklings","floor":39,"turns":1},{"damage":1,"enemies":"Nemesis","floor":40,"turns":3},{"damage":0,"enemies":"Spire Growth","floor":42,"turns":2},{"damage":11,"enemies":"Writhing Mass","floor":45,"turns":2},{"damage":0,"enemies":"4 Shapes","floor":48,"turns":1},{"damage":65,"enemies":"Awakened One","floor":50,"turns":5}],"seed_played":"2516630706718277824","potions_obtained":[{"floor":2.0,"key":"Regen Potion"},{"floor":3.0,"key":"CultistPotion"},{"floor":3.0,"key":"LiquidBronze"},{"floor":7.0,"key":"Fruit Juice"},{"floor":10.0,"key":"LiquidMemories"},{"floor":11.0,"key":"Fruit Juice"},{"floor":16.0,"key":"Energy Potion"},{"floor":18.0,"key":"DistilledChaos"},{"floor":25,"key":"SteroidPotion"},{"floor":27,"key":"SteroidPotion"},{"floor":31,"key":"Strength Potion"},{"floor":33,"key":"Dexterity Potion"},{"floor":36,"key":"Fire Potion"},{"floor":42,"key":"GamblersBrew"},{"floor":45,"key":"FearPotion"}],"is_trial":false,"path_per_floor":["M","M","?","M","?","R","E","R","T","M","E","M","T","E","R","B",null,"M","?","M","M","$","E","?","E","T","E","?","M","$","M","R","B",null,"M","M","M","?","M","E","R","M","T","R","M","$","R","M","R","B",null],"character_chosen":"THE_WILD_CARD","items_purchased":["DuplicationPotion","Lantern","Bronze Scales","Swift Strike","BlessingOfTheForge"],"campfire_rested":5,"item_purchase_floors":[22,22,22,46,46],"current_hp_per_floor":[54,54,54,51,51,51,45,64,71,71,63,52,52,50,75,55,85,85,85,81,43,43,41,25,41,41,33,33,33,33,41,68,34,93,45,45,41,41,41,40,67,67,67,67,60,60,60,62,85,20],"gold":82,"neow_bonus":"RANDOM_COMMON_RELIC","is_daily":false,"chose_seed":false,"campfire_upgraded":3,"win_rate":0.0,"timestamp":1609554634,"path_taken":["M","M","?","?","?","R","E","R","T","M","E","M","?","E","R","BOSS","M","?","M","M","$","E","?","E","T","E","?","?","$","M","R","BOSS","M","M","M","?","M","E","R","?","T","R","M","$","R","M","R","BOSS"],"items_purchased_type":["Potion","Card","Relic","Card","Potion"],"build_version":"2020-12-22","purchased_purges":3,"victory":true,"max_hp_per_floor":[60,60,60,60,60,60,65,65,72,72,77,77,77,85,85,85,85,85,85,85,85,85,85,85,93,93,93,93,93,93,93,93,93,93,93,93,93,93,93,93,93,93,93,93,93,93,93,85,85,85],"card_choices":[{"not_picked":["theWildCard:MaskChange","theWildCard:StingingStrike"],"picked":"theWildCard:SeveringSlash","floor":1.0},{"not_picked":["theWildCard:Impatience","theWildCard:Patience"],"picked":"theWildCard:IdentityTheft","floor":2.0},{"not_picked":["theWildCard:StalwartBlade","theWildCard:UnderLockAndKey"],"picked":"theWildCard:Metatron","floor":4.0},{"not_picked":["theWildCard:Odin","theWildCard:Amaterasu"],"picked":"theWildCard:PowerOfTheArcana","floor":7.0},{"not_picked":["theWildCard:Proficiency","theWildCard:StingingStrike"],"picked":"theWildCard:ArcaneArts","floor":10.0},{"not_picked":["theWildCard:Alice","theWildCard:Proficiency"],"picked":"theWildCard:MagicMettle","floor":11.0},{"not_picked":["theWildCard:Salvation","theWildCard:ArchaicAssault"],"picked":"theWildCard:ShieldOfMany","floor":12.0},{"not_picked":["theWildCard:IdentityTheft","theWildCard:Sakuya"],"picked":"theWildCard:ArcaneArts","floor":14.0},{"not_picked":["theWildCard:Ruination","theWildCard:Desolation"],"picked":"theWildCard:FinalHour","floor":16.0},{"not_picked":["theWildCard:StalwartBlade","theWildCard:SacrificialStroke"],"picked":"theWildCard:ManOfManyFaces","floor":18.0},{"not_picked":["theWildCard:MagicalMight","theWildCard:SeveringSlash"],"picked":"theWildCard:StingingStrike","floor":20},{"not_picked":["theWildCard:Unburden","theWildCard:Sakuya"],"picked":"theWildCard:SacrificialStroke","floor":21},{"not_picked":["theWildCard:MaskChange","theWildCard:BladeOfGenerations"],"picked":"theWildCard:StingingStrike","floor":23},{"not_picked":["theWildCard:MaskChange","theWildCard:Alice"],"picked":"theWildCard:ArchaicAssault","floor":25},{"not_picked":["theWildCard:Sakuya","theWildCard:FinalHour"],"picked":"theWildCard:Attunement","floor":27},{"not_picked":["theWildCard:Proficiency","theWildCard:ArcaneArts"],"picked":"theWildCard:PowerOfTheArcana","floor":29},{"not_picked":["theWildCard:PaleRider","theWildCard:Providence"],"picked":"theWildCard:Attunement+1","floor":31},{"not_picked":["theWildCard:Caesar","theWildCard:TheUniverse"],"picked":"theWildCard:Ruination","floor":33},{"not_picked":["theWildCard:StingingStrike","theWildCard:Michael","theWildCard:Deicide"],"picked":"SKIP","floor":35},{"not_picked":["theWildCard:BladeOfGenerations+1","theWildCard:Unburden"],"picked":"theWildCard:Patience+1","floor":36},{"not_picked":["theWildCard:Polydeuces+1","theWildCard:StingingStrike","theWildCard:BladeOfGenerations"],"picked":"SKIP","floor":37},{"not_picked":["theWildCard:ArchaicAssault","theWildCard:Unburden+1"],"picked":"theWildCard:ShieldOfMany+1","floor":39},{"not_picked":["theWildCard:Attunement+1","theWildCard:BladeOfGenerations+1"],"picked":"theWildCard:Lucifer","floor":40},{"not_picked":["theWildCard:TheUniverse","theWildCard:Unburden"],"picked":"theWildCard:PowerOfTheArcana","floor":42},{"not_picked":["theWildCard:IdentityTheft","theWildCard:ArcaneArts+1"],"picked":"theWildCard:MaskChange","floor":45},{"not_picked":["theWildCard:ArcaneArts","theWildCard:SeveringSlash+1"],"picked":"hubris:SpiceAddiction","floor":48}],"player_experience":209096,"relics_obtained":[{"floor":7.0,"key":"StuffTheSpire:Nightcore"},{"floor":9.0,"key":"DemoMod:PinkGuonStone"},{"floor":11.0,"key":"CCEMRelics:WhiteRose"},{"floor":13.0,"key":"Gremlin Horn"},{"floor":14.0,"key":"hubris:Spice"},{"floor":21,"key":"wanderingMiniBosses:OtherGremlinHorn"},{"floor":23,"key":"CCEMRelics:FryingPan"},{"floor":24,"key":"Nilry\u0027s Codex"},{"floor":25,"key":"hubris:Spice"},{"floor":26,"key":"DemoMod:WhiteGuonStone"},{"floor":27,"key":"CCEMRelics:OverlyComfyChair"},{"floor":40,"key":"StuffTheSpire:RubySignet"},{"floor":43,"key":"War Paint"}],"event_choices":[{"damage_healed":0.0,"max_hp_gain":0.0,"max_hp_loss":0.0,"gold_gain":0.0,"event_name":"Lab","player_choice":"Got Potions","floor":3.0,"gold_loss":0.0,"damage_taken":0.0},{"damage_healed":0.0,"max_hp_gain":0.0,"max_hp_loss":0.0,"gold_gain":0.0,"cards_transformed":["theWildCard:BasicStrike"],"event_name":"Living Wall","player_choice":"Change","floor":5.0,"gold_loss":0.0,"damage_taken":0.0,"cards_obtained":["theWildCard:TheUniverse"]},{"damage_healed":0,"gold_gain":0,"player_choice":"Obtained Book","damage_taken":16,"max_hp_gain":0,"max_hp_loss":0,"event_name":"Cursed Tome","floor":24,"gold_loss":0},{"damage_healed":0,"gold_gain":0,"player_choice":"Traded Relic","damage_taken":0,"relics_obtained":["Nloth\u0027s Gift"],"max_hp_gain":0,"max_hp_loss":0,"event_name":"N\u0027loth","floor":28,"relics_lost":["CCEMRelics:OverlyComfyChair"],"gold_loss":0},{"damage_healed":0,"gold_gain":0,"player_choice":"Ignored","damage_taken":0,"max_hp_gain":0,"max_hp_loss":0,"event_name":"SecretPortal","floor":38,"gold_loss":0}],"is_beta":false,"boss_relics":[{"not_picked":["Runic Dome","Velvet Choker"],"picked":"StuffTheSpire:Kangaroo"},{"not_picked":["Empty Cage","hubris:Spice"],"picked":"hubris:Backtick"}],"items_purged_floors":[22,30,46],"is_endless":false,"potions_floor_spawned":[2,7,10,11,16,18,25,27,31,33,36,42,45,48],"ascension_level":1}}