{"host":"jrpypersx2nqejuc","time":1609595990,"event":{"mods":["2.2 Compatiblity","AlwaysNeverKeys","BaseMod","Better Sensory Stone","Better Skull","BetterRewards","CapriCore","Card Forge","Colored Map","Colored Powertips","Conspire","Displayed Cursed Tome","Downfall","Energized Spire","Highlight Path","Infinite Spire","Jorbs\u0027s Wanderer Trilogy","Marked Mod","Minty Spire (QoL Compilation)","Replay The Spire","Shop Mod","StSLib","The Animator","The Marked","Wandering Minibosses","??????REMEMod"],"gold_per_floor":[24,69,113,113,156,141,167,243,243,193,204,333,281,402,444,576,576,501,1290,1306,1354,1454,1594,1619,1787,1811,1927,1977,2006,2006,2033,2097,2235,2335,2335,2380,2400,2530,2645,2679,2679,2713,2888,2888,2938,2983,3016,3090,3106,3106],"floor_reached":51,"playtime":6664,"items_purged":[],"score":1283,"play_id":"42c97056-aaf9-42af-9971-5d48279ad009","local_time":"20210102055950","is_ascension_mode":true,"campfire_choices":[{"floor":1.0,"key":"DIG"},{"floor":30.0,"key":"REST"},{"floor":35,"key":"DIG"},{"floor":44,"key":"REST"}],"circlet_count":0,"master_deck":["hexamod:Sear+1","hexamod:Float+1","expansioncontent:DecasProtection+1","animator:BlackLotus+1","REME_BodyOfCthun+1","REME_EyeOfCthun+1","Finesse+1","FameAndFortune","Flash of Steel+1","Pot Of Greed+1","REME_HeartOfCthun+1","animator:Defend_Konosuba+1","animator:Defend_GATE+1","animator:Strike_TenSura+1","REME_MawOfCthun+1","Master of Strategy+1","Miracle+1","ReplayTheSpireMod:Private Reserves+1","REME_ProfessionalPlagiarism+1","animator:Yusarin+1","REME_WheelOfFate+1","Madness+1","hexamod:AdvancingGuard+1","hexamod:BurningTouch+1","hexamod:FirstSeal","hexamod:Firestarter+1","hexamod:EtherealExpedition+1","hexamod:FourthSeal","hexamod:HauntingEcho+1","hexamod:TimeOfNeed+1","Panache+1","hexamod:ExtraCrispy+1","hexamod:TimeOfNeed+1","hexamod:SecondSeal","hexamod:SearingWound+1","hexamod:EtherealExpedition+1","hexamod:RainOfEmbers+1","hexamod:ChargedBarrage+1","hexamod:FastForward+1","hexamod:FastForward+1","hexamod:ThirdSeal","hexamod:TimeOfNeed+1","hexamod:WildfireWeapon+1","hexamod:PhantomFireball+1","hexamod:WildfireWeapon+1","hexamod:ThirdSeal","infinitespire:Execution+1","hexamod:PhantomCloak+1","hexamod:GhostOfSpireFuture+1","hexamod:FastForward+1"],"relics":["m_SlimeRing","Hammer of Thor","Seething Fire","Anvil of the Gods","REME_ComplimentaryCards","downfall:HeartBlessingGreen","Lantern","Ancient Tea Set","infinitespire:Joker Card","infinitespire:Cubic Diamond","Kunai","Snack Pack","BargainBundle","ReplayTheSpireMod:TigerMarble","conspire:DeflatedDodgeball","Black Star","downfall:HeartBlessingRed","wanderingMiniBosses:MasterThiefsPresence","downfall:CloakOfManyFaces","CultistMask","FaceOfCleric","NlothsMask","GremlinMask","SsserpentHead","Bronze Scales","Strawberry","conspire:Boomerang","Bottled Lightning","Blood Vial","Centennial Puzzle","Whetstone","PreservedInsect","Replay:Wanted Poster","Bag of Marbles","Replay:Baseball","Mummified Hand","ReplayTheSpireMod:Lightbulb","Blue Doll","Divine Protection","Simple Rune","Thread and Needle","Replay:Bottled Flurry","REME_HourglassOfDeath","Toy Ornithopter"],"acts_visited":["Exordium","TheCity","TheBeyond"],"potions_floor_usage":[43,43,50,50,50],"damage_taken":[{"damage":0.0,"enemies":"Small Slimes","floor":2.0,"turns":1.0},{"damage":0.0,"enemies":"Cultist","floor":3.0,"turns":2.0},{"damage":5.0,"enemies":"2 Louse","floor":5.0,"turns":2.0},{"damage":0.0,"enemies":"downfall:FleeingMerchant","floor":6.0,"turns":4.0},{"damage":0.0,"enemies":"Lagavulin","floor":8.0,"turns":5.0},{"damage":0.0,"enemies":"downfall:FleeingMerchant","floor":10.0,"turns":6.0},{"damage":0.0,"enemies":"Exordium Wildlife","floor":11.0,"turns":1.0},{"damage":0.0,"enemies":"3 Sentries","floor":12.0,"turns":4.0},{"damage":0.0,"enemies":"Lots of Slimes","floor":14.0,"turns":1.0},{"damage":0.0,"enemies":"conspire:2 RoseBushes","floor":15.0,"turns":2.0},{"damage":5.0,"enemies":"downfall:Watcher","floor":16.0,"turns":5.0},{"damage":0.0,"enemies":"Chosen","floor":19.0,"turns":5.0},{"damage":0.0,"enemies":"Spheric Guardian","floor":20.0,"turns":1.0},{"damage":0.0,"enemies":"conspire:HollyBat","floor":21.0,"turns":4.0},{"damage":0.0,"enemies":"downfall:FaceTrader","floor":22.0,"turns":3.0},{"damage":5.0,"enemies":"Gremlin Leader","floor":23.0,"turns":4.0},{"damage":0.0,"enemies":"Shelled Parasite and Fungi","floor":25.0,"turns":3.0},{"damage":0.0,"enemies":"Centurion and Healer","floor":26.0,"turns":2.0},{"damage":0.0,"enemies":"Nightmare","floor":27.0,"turns":5.0},{"damage":0.0,"enemies":"Slavers","floor":29.0,"turns":2.0},{"damage":9.0,"enemies":"Gremlin Leader","floor":31.0,"turns":3.0},{"damage":5.0,"enemies":"Snecko","floor":32.0,"turns":3.0},{"damage":0.0,"enemies":"downfall:Defect","floor":33.0,"turns":5.0},{"damage":0,"enemies":"Orb Walker","floor":36,"turns":2},{"damage":0,"enemies":"3 Darklings","floor":37,"turns":1},{"damage":0,"enemies":"Transient","floor":38,"turns":5},{"damage":0,"enemies":"Reptomancer","floor":40,"turns":4},{"damage":9,"enemies":"Giant Head","floor":42,"turns":3},{"damage":0,"enemies":"infinitespire:Three Voidlings","floor":43,"turns":2},{"damage":0,"enemies":"Nightmare_Alpha","floor":43,"turns":4},{"damage":0,"enemies":"4 Shapes","floor":46,"turns":2},{"damage":0,"enemies":"Reptomancer","floor":47,"turns":3},{"damage":0,"enemies":"Maw","floor":48,"turns":3},{"damage":0,"enemies":"Spire Growth","floor":49,"turns":2},{"damage":3,"enemies":"downfall:Silent","floor":50,"turns":5}],"seed_played":"-5095546276767643972","potions_obtained":[{"floor":4.0,"key":"CultistPotion"},{"floor":4.0,"key":"BlessingOfTheForge"},{"floor":4.0,"key":"SteroidPotion"},{"floor":8.0,"key":"Strength Potion"},{"floor":10.0,"key":"Strength Potion"},{"floor":11.0,"key":"FairyPotion"},{"floor":11.0,"key":"EssenceOfSteel"},{"floor":12.0,"key":"REME_GoldPotion"},{"floor":12.0,"key":"REME_GoldPotion"},{"floor":16.0,"key":"Reflective Coating"},{"floor":18.0,"key":"CultistPotion"},{"floor":18.0,"key":"Dexterity Potion"},{"floor":19.0,"key":"DuplicationPotion"},{"floor":19.0,"key":"LiquidMemories"},{"floor":22.0,"key":"hexamod:InfernoChargePotion"},{"floor":23.0,"key":"LifebloodPotion"},{"floor":26.0,"key":"SpeedPotion"},{"floor":29.0,"key":"Reflective Coating"},{"floor":31.0,"key":"REME_GoldPotion"},{"floor":32.0,"key":"FearPotion"},{"floor":39,"key":"hexamod:InfernoChargePotion"},{"floor":46,"key":"PowerPotion"},{"floor":48,"key":"Venom Potion"},{"floor":49,"key":"Ancient Potion"}],"is_trial":false,"path_per_floor":["R_BF","M","M","?","M","$","T","E","?","$","M","E","$","M","M","B",null,"R_BF","M","M","M","?","E","T","M","M","NM","?","E","R","E","M","B",null,"R_BF","M","M","M","?","E","T","E","?","R","T","M","E","M","M","B",null],"character_chosen":"THE_SPIRIT","items_purchased":["hexamod:EtherealExpedition","hexamod:TimeOfNeed","Kunai","BargainBundle","ReplayTheSpireMod:TigerMarble","Panache","hexamod:ExtraCrispy","hexamod:TimeOfNeed","conspire:DeflatedDodgeball"],"campfire_rested":2,"item_purchase_floors":[6,10,10,13,13,13,13,13,13],"current_hp_per_floor":[70,70,70,70,65,70,70,70,70,70,70,70,70,70,70,70,70,70,70,70,70,70,78,78,79,80,81,81,82,82,74,72,85,85,85,86,87,88,88,89,89,88,92,92,92,93,94,95,96,97],"gold":3106,"neow_bonus":"RANDOM_COLORLESS","is_daily":false,"chose_seed":false,"campfire_upgraded":0,"win_rate":0.0,"timestamp":1609595990,"path_taken":["R_BF","M","M","?","?","?","T","E","?","$","M","E","?","M","M","BOSS","R_BF","M","M","M","?","E","T","?","M","NM","?","E","R","E","M","BOSS","R_BF","M","M","M","?","E","T","E","?","R","?","M","E","?","M","BOSS"],"items_purchased_type":["Card","Card","Relic","Relic","Relic","Card","Card","Card","Relic"],"build_version":"2020-12-22","purchased_purges":0,"victory":true,"max_hp_per_floor":[70,70,70,70,70,70,70,70,70,70,70,70,70,70,70,70,70,70,70,70,70,70,78,78,79,80,81,81,82,82,83,84,85,85,85,86,87,88,88,89,89,90,92,92,92,93,94,95,96,97],"card_choices":[{"not_picked":["Replay:SS_hec_2","Madness"],"picked":"expansioncontent:DecasProtection","floor":0.0},{"not_picked":["hexamod:SwordOfDarkness","hexamod:RecurringNightmare"],"picked":"hexamod:AdvancingGuard","floor":2.0},{"not_picked":["hexamod:AdvancingGuard","hexamod:ShieldOfDarkness"],"picked":"hexamod:BurningTouch","floor":3.0},{"not_picked":["hexamod:ThermalTransfer","hexamod:ShieldOfDarkness"],"picked":"hexamod:FirstSeal","floor":5.0},{"not_picked":["hexamod:DynamicBlow","hexamod:NecessarySacrifice"],"picked":"hexamod:Firestarter","floor":6.0},{"not_picked":["hexamod:SkipABeat","hexamod:PhantomCloak"],"picked":"hexamod:FourthSeal","floor":8.0},{"not_picked":["hexamod:ShieldOfDarkness","hexamod:ParanormalForm"],"picked":"hexamod:HauntingEcho","floor":10.0},{"not_picked":["hexamod:EtherealExpedition","hexamod:FirstSeal","hexamod:HauntingEcho"],"picked":"SKIP","floor":11.0},{"not_picked":["hexamod:ExtraCrispy","hexamod:NightmareStrike","hexamod:DynamicBlow"],"picked":"SKIP","floor":12.0},{"not_picked":["hexamod:ThermalTransfer","hexamod:ExtraCrispy","hexamod:BacktrackSmack"],"picked":"SKIP","floor":14.0},{"not_picked":["hexamod:SwordOfDarkness","hexamod:ShieldOfDarkness"],"picked":"hexamod:SecondSeal","floor":15.0},{"not_picked":["hexamod:TurnItUp","hexamod:TimeOfNeed"],"picked":"hexamod:SearingWound","floor":16.0},{"not_picked":["hexamod:GhostShield","hexamod:FlamesFromBeyond+1"],"picked":"hexamod:GhostLash","floor":19.0},{"not_picked":["hexamod:InspiringFlames","hexamod:Firestarter"],"picked":"hexamod:EtherealExpedition+1","floor":20.0},{"not_picked":["hexamod:InspiringFlames","hexamod:PowerFromBeyond"],"picked":"hexamod:RainOfEmbers","floor":21.0},{"not_picked":["hexamod:HeatCrush","hexamod:RainOfEmbers+1"],"picked":"hexamod:ChargedBarrage","floor":23.0},{"not_picked":["hexamod:FirstSeal","hexamod:CrushingStance","hexamod:ChargedBarrage"],"picked":"SKIP","floor":25.0},{"not_picked":["hexamod:HauntingEcho","hexamod:ShieldOfDarkness","hexamod:GhostShield"],"picked":"SKIP","floor":26.0},{"not_picked":["hexamod:BacktrackSmack","hexamod:ExtraCrispy"],"picked":"hexamod:FastForward","floor":27.0},{"not_picked":["hexamod:ShieldOfDarkness","hexamod:Again+1","hexamod:NightmareGuise+1"],"picked":"SKIP","floor":29.0},{"not_picked":["hexamod:NightmareStrike+1","hexamod:GhostLash"],"picked":"hexamod:FastForward","floor":31.0},{"not_picked":["hexamod:RecurringNightmare+1","hexamod:Again"],"picked":"hexamod:ThirdSeal","floor":32.0},{"not_picked":["hexamod:ParanormalForm","hexamod:UnleashSpirits"],"picked":"hexamod:TimeOfNeed","floor":33.0},{"not_picked":["hexamod:ParanormalForm","hexamod:VolcanoVisage"],"picked":"hexamod:WildfireWeapon","floor":33.0},{"not_picked":["hexamod:SpectersWail","hexamod:RainOfEmbers+1"],"picked":"hexamod:PhantomFireball+1","floor":36},{"not_picked":["hexamod:Hexaguard+1","hexamod:HeatShield+1","hexamod:ChargedBarrage"],"picked":"SKIP","floor":36},{"not_picked":["hexamod:FastForward+1","hexamod:Haunt","hexamod:AdvancingGuard+1"],"picked":"SKIP","floor":37},{"not_picked":["hexamod:RainOfEmbers+1","hexamod:BurningTouch+1","hexamod:GhostLash"],"picked":"SKIP","floor":38},{"not_picked":["hexamod:ShieldOfDarkness+1","hexamod:BacktrackSmack"],"picked":"hexamod:WildfireWeapon","floor":40},{"not_picked":["hexamod:SwordOfDarkness","hexamod:PowerFromBeyond"],"picked":"hexamod:ThirdSeal","floor":40},{"not_picked":["hexamod:BacktrackSmack+1","hexamod:SwordOfDarkness+1","hexamod:Hexaguard+1"],"picked":"SKIP","floor":42},{"not_picked":["infinitespire:NeuralNetwork","infinitespire:Collect"],"picked":"infinitespire:Execution","floor":43},{"not_picked":["hexamod:InspiringFlames","hexamod:Incineration"],"picked":"hexamod:PhantomCloak","floor":43},{"not_picked":["hexamod:HauntingEcho+1","hexamod:GhostShield"],"picked":"hexamod:GhostOfSpireFuture","floor":43},{"not_picked":["hexamod:GhostOfSpirePast+1","hexamod:Firestarter","hexamod:GhostflameBarrier+1"],"picked":"SKIP","floor":46},{"not_picked":["hexamod:RainOfEmbers+1","hexamod:PhantomCloak+1"],"picked":"hexamod:FastForward+1","floor":47},{"not_picked":["hexamod:SkipABeat","hexamod:CatchUp+1","hexamod:GiftsFromTheDead"],"picked":"SKIP","floor":47},{"not_picked":["hexamod:SkipABeat+1","hexamod:ThermalTransfer","hexamod:EtherealExpedition"],"picked":"SKIP","floor":47},{"not_picked":["hexamod:Incineration","hexamod:SpectersWail+1","hexamod:ShieldOfDarkness"],"picked":"SKIP","floor":48},{"not_picked":["hexamod:SwordOfDarkness","hexamod:TimeWarp","hexamod:NightmareGuise"],"picked":"SKIP","floor":48},{"not_picked":["hexamod:InspiringFlames+1","hexamod:SpectersWail","hexamod:HeatShield+1"],"picked":"SKIP","floor":49}],"player_experience":678734,"relics_obtained":[{"floor":1.0,"key":"Lantern"},{"floor":7.0,"key":"Ancient Tea Set"},{"floor":8.0,"key":"infinitespire:Joker Card"},{"floor":12.0,"key":"Snack Pack"},{"floor":19.0,"key":"wanderingMiniBosses:MasterThiefsPresence"},{"floor":22.0,"key":"downfall:CloakOfManyFaces"},{"floor":23.0,"key":"Bronze Scales"},{"floor":23.0,"key":"Strawberry"},{"floor":27.0,"key":"conspire:Boomerang"},{"floor":27.0,"key":"Bottled Lightning"},{"floor":29.0,"key":"Blood Vial"},{"floor":29.0,"key":"Centennial Puzzle"},{"floor":31.0,"key":"Whetstone"},{"floor":31.0,"key":"PreservedInsect"},{"floor":35,"key":"Bag of Marbles"},{"floor":39,"key":"Replay:Baseball"},{"floor":40,"key":"Mummified Hand"},{"floor":40,"key":"ReplayTheSpireMod:Lightbulb"},{"floor":41,"key":"Blue Doll"},{"floor":42,"key":"Divine Protection"},{"floor":42,"key":"Simple Rune"},{"floor":43,"key":"Thread and Needle"},{"floor":45,"key":"Replay:Bottled Flurry"},{"floor":47,"key":"REME_HourglassOfDeath"},{"floor":47,"key":"Toy Ornithopter"}],"event_choices":[{"damage_healed":0.0,"max_hp_gain":0.0,"max_hp_loss":0.0,"gold_gain":0.0,"event_name":"Lab","player_choice":"Got Potions","floor":4.0,"gold_loss":0.0,"damage_taken":0.0},{"damage_healed":0.0,"max_hp_gain":0.0,"max_hp_loss":0.0,"gold_gain":0.0,"event_name":"Vampires","player_choice":"Ignored","floor":28.0,"gold_loss":0.0,"damage_taken":0.0}],"is_beta":false,"boss_relics":[{"not_picked":["Replay:Ancient Bell","Astrolabe"],"picked":"Black Star"},{"not_picked":["energizedSpire:SpiderWeb","Cursed Key"],"picked":"Replay:Wanted Poster"}],"items_purged_floors":[],"is_endless":false,"potions_floor_spawned":[5,8,11,12,19,23,26,29,32,36,46,48,49],"ascension_level":1}}