{"host":"uhhucka17mqeuzwb","time":1609553480,"event":{"mods":["2.2 Compatiblity","AchievementEnabler","Act Like it!","Astrologer","BaseMod","Better Altar","Better Skull","Colored Powertips","Defuse TimeMaze Blight","Downfall","Energized Spire","Faster Ascension Climbing","Friendly Minions","Gensokyo","GifTheSpireLib","Gremlin Mod","Gremlin Skip","Hallownest","Hermit","HololiveMod","KinomotoSakuraMod(????)","Lobotomy","Marisa????????","Minty Spire (QoL Compilation)","Quick Restart","Red Circlet Mod","Replay The Spire","Reworked Bosses","Shade Mod","Shop Mod","StSLib","The Administrix","The Animator","The Blue Laboratory","The Bug Knight","The Cursed","The Factory","The Forsaken","The Necromancer","Waifu the Spire"],"gold_per_floor":[109,109,109,109,129,129,129,139,139,155,155,155,155,155,155,260,260,270,218,228,243,263,263,263,263,263,279,296,296,296,331,331,426,426,440,193,204,204,218,218,243,243,243,298,314,331,331,350,350,350,350,350,350,82,110,110],"floor_reached":57,"playtime":15838,"items_purged":["TheCursedMod:Dregs","Shackles_Of_Pain","Negative_Energy_Arrows"],"score":1192,"play_id":"7670ff16-f345-4dc0-805d-09ff4b2e5de5","local_time":"20210101211120","is_ascension_mode":false,"campfire_choices":[{"data":"Bone_Armor","floor":6,"key":"SMITH"},{"data":"Defend_W","floor":11,"key":"PURGE"},{"data":"Defend_W","floor":13,"key":"PURGE"},{"data":"Strike_W","floor":15,"key":"PURGE"},{"data":"Languid","floor":23,"key":"PURGE"},{"data":"Bones_to_Steel","floor":25,"key":"SMITH"},{"floor":32,"key":"DIG"},{"data":"Summon_Death_Knight","floor":40,"key":"SMITH"},{"data":"Summon_Vampire_Lady","floor":40,"key":"SMITH"},{"data":"Skeleton_Dragon","floor":42,"key":"SMITH"},{"data":"Bone_Armor","floor":42,"key":"SMITH"},{"data":"Bone_Armory","floor":47,"key":"SMITH"},{"data":"Blood_Magic","floor":47,"key":"SMITH"},{"data":"Hallownest:pwrSporeShroom","floor":49,"key":"SMITH"},{"data":"Bone_Wall","floor":49,"key":"SMITH"},{"floor":53,"key":"DIG"}],"circlet_count":0,"master_deck":["Defend_W+1","Bone_Wall+1","BlackSwan","Consume_Illness+1","Bone_Armor+1","Bones_to_Steel+1","Bone_Armor+1","Skeleton_Dragon+1","Bone_Armor+1","Bone_Armory+1","Summon_Lich+1","Bloodbath","Spectral_Armor+1","Bone_Shift+1","Hallownest:pwrSporeShroom+1","Summon_Vampire_Lady+1","Spectral_Walk+1","Summon_Death_Knight+1","Plague_Bolt+1","Blood_Magic+1","Bone_Armory+1","Grasp_Heart+1","LongBird"],"relics":["Vampire_Amulet","CogitoBucket","Juzu Bracelet","Hallownest:DreamNailRelic","Replay:Multitool","Bag of Preparation","Replay:Bottled Snecko","Turnip","SkinProphecy","MerchantsRug","Iron Hammer","Thread and Needle","Replay:Arrowhead","energizedSpire:OgreHead","HandDrill","Question Card","Replay:Bottled Eggs","CatCart","Mirror","Guide Book","theForsaken:Lifeblossom"],"acts_visited":["Hallownest:Greenpath","Hallownest:CityofTears","TheBeyond","TheEnding"],"potions_floor_usage":[19,39,39,50,50,50],"damage_taken":[{"damage":14,"enemies":"Hallownest:monsterHuskGuard","floor":1,"turns":6},{"damage":0,"enemies":"Hallownest:monsterHuskWarrior","floor":5,"turns":3},{"damage":0,"enemies":"Hallownest:2_Baldur","floor":8,"turns":4},{"damage":1,"enemies":"Hallownest:1_Baldur_1_Crawlid_1_Warrior","floor":10,"turns":8},{"damage":5,"enemies":"Hallownest:BossBrokenVessel","floor":16,"turns":16},{"damage":1,"enemies":"Hallownest:Flukemon_and_Top","floor":18,"turns":6},{"damage":13,"enemies":"Hallownest:Guard_and_Sentry","floor":20,"turns":5},{"damage":11,"enemies":"Hallownest:2_Husk_Sentries","floor":21,"turns":4},{"damage":17,"enemies":"Hallownest:Master_and_Novice","floor":22,"turns":5},{"damage":0,"enemies":"Hallownest:2_Flukemon","floor":27,"turns":5},{"damage":25,"enemies":"Hallownest:2_Husk_Sentries","floor":28,"turns":9},{"damage":8,"enemies":"Hallownest:eliteWatcherKnight","floor":31,"turns":11},{"damage":1,"enemies":"Hallownest:BossGrimm","floor":33,"turns":15},{"damage":4,"enemies":"3 Darklings","floor":35,"turns":4},{"damage":5,"enemies":"Orb Walker","floor":37,"turns":5},{"damage":202,"enemies":"Transient","floor":39,"turns":11},{"damage":0,"enemies":"Giant Head","floor":41,"turns":12},{"damage":0,"enemies":"Orin","floor":44,"turns":11},{"damage":0,"enemies":"Sphere and 2 Shapes","floor":45,"turns":4},{"damage":15,"enemies":"3 Darklings","floor":46,"turns":4},{"damage":24,"enemies":"Maw","floor":48,"turns":9},{"damage":175,"enemies":"FixerMidnight","floor":50,"turns":19},{"damage":47,"enemies":"Shield and Spear","floor":55,"turns":7},{"damage":76,"enemies":"The Heart","floor":56,"turns":9}],"seed_played":"-8569648784715366955","potions_obtained":[{"floor":1,"key":"Adrenaline Potion"},{"floor":8,"key":"blueLaboratory:BottleOfRum"},{"floor":16,"key":"Weak Potion"},{"floor":18,"key":"EntropicBrew"},{"floor":20,"key":"blueLaboratory:ForbiddenFruitJuice"},{"floor":21,"key":"blueLaboratory:BottleOfVodka"},{"floor":37,"key":"Elixir"},{"floor":39,"key":"champ:CounterPotion"},{"floor":46,"key":"blueLaboratory:BottleOfVodka"},{"floor":48,"key":"PowerPotion"},{"floor":55,"key":"blueLaboratory:TrueEctoplasm"}],"is_trial":false,"path_per_floor":["M","?","?","?","M","R","?","M","T","M","R","?","R","T","R","B",null,"M","$","M","M","M","R","?","R","T","M","M","R","?","E","R","B",null,"M","$","M","?","M","R","E","R","T","?","M","M","R","M","R","B",null,null,"R","$","E","B",null],"character_chosen":"NECROMANCER","items_purchased":["MerchantsRug","Bone_Armory","Shackles_Of_Pain","HandDrill","Guide Book"],"campfire_rested":0,"item_purchase_floors":[19,19,19,36,54],"current_hp_per_floor":[63,63,63,63,65,65,65,68,68,68,68,76,76,76,76,76,76,75,75,65,57,42,42,38,38,38,42,17,43,43,64,64,86,92,94,94,96,96,38,38,92,92,92,94,96,96,96,100,100,51,51,102,102,102,70,27],"gold":110,"neow_bonus":"","is_daily":false,"chose_seed":false,"campfire_upgraded":10,"win_rate":0.0,"timestamp":1609553480,"path_taken":["M","?","?","?","M","R","?","M","T","M","R","?","R","?","R","BOSS","M","$","M","M","M","R","?","R","T","M","M","R","?","E","R","BOSS","M","$","M","?","M","R","E","R","T","?","M","M","R","M","R","BOSS","R","$","E","BOSS"],"items_purchased_type":["Relic","Card","Card","Relic","Relic"],"build_version":"2020-12-22","purchased_purges":3,"victory":true,"max_hp_per_floor":[75,75,75,75,75,75,68,68,68,68,68,76,76,76,76,76,76,76,76,78,80,82,82,82,82,82,84,88,88,88,90,90,92,92,94,94,96,96,90,90,92,92,92,94,96,98,98,100,100,102,102,102,102,102,104,106],"card_choices":[{"not_picked":["VoidDream","MHz"],"picked":"BlackSwan","floor":1},{"not_picked":["Strike_from_Beyond","Blood_Shield"],"picked":"Consume_Illness","floor":1},{"not_picked":["MeatLantern","QueenOfHatred","WallGazer"],"picked":"Singing Bowl","floor":5},{"not_picked":["Shackles_Of_Pain","Acid_Javelin"],"picked":"Bone_Armor","floor":5},{"not_picked":["LittlePrince","HappyTeddy","PunishingBird"],"picked":"Singing Bowl","floor":8},{"not_picked":["Vampiric_Strike","Exploit"],"picked":"Bones_to_Steel","floor":8},{"not_picked":["Funeral","PunishingBird","FairyFestival"],"picked":"Singing Bowl","floor":10},{"not_picked":["Bones_to_Steel","Scare"],"picked":"Bone_Armor","floor":10},{"not_picked":["MeatLantern","UniverseFragment","CherryBlossoms"],"picked":"Singing Bowl","floor":16},{"not_picked":["Blood_Magic","Detonate_Bones"],"picked":"Skeleton_Dragon","floor":16},{"not_picked":["Hallownest:curseDreamersLament","animator:Curse_Greed"],"picked":"Languid","floor":17},{"not_picked":["hexamod:Haunted","theForsaken:PlagueCurse"],"picked":"Overencumbered","floor":17},{"not_picked":["Voices","Hallucinations"],"picked":"TheCursedMod:Dregs","floor":17},{"not_picked":["MeatLantern","CrumblingArmor","CherryBlossoms"],"picked":"Singing Bowl","floor":18},{"not_picked":["Vampiric_Strike","Life_Tap"],"picked":"Bone_Armor+1","floor":18},{"not_picked":["DreamingCurrent","VoidDream","CherryBlossoms"],"picked":"Singing Bowl","floor":20},{"not_picked":["Flesh_Made_Foul","Consume_Illness+1"],"picked":"Summon_Lich+1","floor":20},{"not_picked":["LittlePrince","Variant"],"picked":"Bloodbath","floor":21},{"not_picked":["Acid_Javelin","Negative_Energy_Mist","Negative_Energy_Shield+1"],"picked":"SKIP","floor":21},{"not_picked":["BeautyBeast","SnowQueen","WhitesApple"],"picked":"Singing Bowl","floor":22},{"not_picked":["Blood_Is_Power","Negative_Energy_Javelin+1"],"picked":"Spectral_Armor","floor":22},{"not_picked":["HeroicMonk","SpiderBud","ShyLook"],"picked":"Singing Bowl","floor":27},{"not_picked":["Blood_Wake","Negative_Energy_Burst+1"],"picked":"Bone_Shift+1","floor":27},{"not_picked":["GreedKing","HeroicMonk","MeatLantern"],"picked":"Singing Bowl","floor":28},{"not_picked":["Shackles_Of_Pain","Bone_Spikes","Negative_Energy_Mist"],"picked":"SKIP","floor":28},{"not_picked":["Rudolta","PlagueDoctor","ShyLook"],"picked":"Singing Bowl","floor":31},{"not_picked":["Death_Coil","Chill_Blood+1","Consume_Illness"],"picked":"SKIP","floor":31},{"not_picked":["DreamingCurrent","CrumblingArmor","Scarecrow"],"picked":"Singing Bowl","floor":33},{"not_picked":["Hellfire","Reap_The_Weak"],"picked":"Summon_Vampire_Lady","floor":33},{"not_picked":["HappyTeddy","Porccubus","CherryBlossoms"],"picked":"Singing Bowl","floor":35},{"not_picked":["Blood_Curse+1","Negative_Energy_Sphere+1","Finger_Of_Death+1"],"picked":"SKIP","floor":35},{"not_picked":["Blood_Curse+1","Negative_Energy_Sphere+1","Finger_Of_Death+1"],"picked":"SKIP","floor":35},{"not_picked":["Rudolta","WallGazer","UniverseFragment"],"picked":"Singing Bowl","floor":37},{"not_picked":["Chill_Blood+1","Uncharnel+1"],"picked":"Spectral_Walk+1","floor":37},{"not_picked":["Alriune","OldLady","GalaxyChild"],"picked":"Singing Bowl","floor":39},{"not_picked":["Blood_for_Blood+1","Chill_Blood+1"],"picked":"Summon_Death_Knight","floor":39},{"not_picked":["Wellcheers","LongBird","QueenBee"],"picked":"Singing Bowl","floor":41},{"not_picked":["Shackles_Of_Pain+1","Bone_Armor+1","Blood_for_Blood"],"picked":"SKIP","floor":41},{"not_picked":["BeautyBeast","GalaxyChild","Mercenary"],"picked":"Singing Bowl","floor":44},{"not_picked":["Shackles_Of_Pain","Epidemic+1","Blood_Is_Power+1"],"picked":"Plague_Bolt+1","floor":44},{"not_picked":["BlueStar","SnowQueen","BlackArmy"],"picked":"Singing Bowl","floor":45},{"not_picked":["Negative_Energy_Javelin+1","Necromantic_Selection","Bone_Bullets"],"picked":"Blood_Magic","floor":45},{"not_picked":["FieryBird","SingingMachine","Alriune"],"picked":"Singing Bowl","floor":46},{"not_picked":["Consume_Illness+1","Necromantic_Selection+1","Shackles_Of_Pain+1"],"picked":"Bone_Armory+1","floor":46},{"not_picked":["NakedNest","Porccubus","SnowQueen"],"picked":"Singing Bowl","floor":48},{"not_picked":["Consume_Illness+1","Summon_Lich+1","Finger_Of_Death"],"picked":"Grasp_Heart","floor":48},{"not_picked":["LittleHelper","BigBird"],"picked":"LongBird","floor":55},{"not_picked":["Blood_for_Blood","Spectral_Walk","Finger_Of_Death+1","Scare"],"picked":"SKIP","floor":55}],"player_experience":1095889,"relics_obtained":[{"floor":9,"key":"Replay:Multitool"},{"floor":14,"key":"White Beast Statue"},{"floor":26,"key":"Iron Hammer"},{"floor":31,"key":"Thread and Needle"},{"floor":32,"key":"Replay:Arrowhead"},{"floor":41,"key":"Question Card"},{"floor":43,"key":"Replay:Bottled Eggs"},{"floor":44,"key":"CatCart"},{"floor":53,"key":"Mirror"},{"floor":55,"key":"theForsaken:Lifeblossom"}],"event_choices":[{"damage_healed":0,"gold_gain":0,"player_choice":"Fight","damage_taken":0,"max_hp_gain":0,"max_hp_loss":0,"event_name":"OrinTheCat","floor":44,"gold_loss":0}],"is_beta":false,"boss_relics":[{"not_picked":["Runic Dome","Hololive_Finger"],"picked":"Replay:Ancient Bell"},{"not_picked":["Simple Rune","ReplayTheSpireMod:Lightbulb"],"picked":"Bag of Preparation"},{"not_picked":["Replay:Bottled Flurry","Ornamental Fan"],"picked":"Replay:Bottled Snecko"},{"not_picked":["StoneCalendar","Replay:PocketPolymizer"],"picked":"Turnip"},{"not_picked":["Hololive_TopUpMoneyS","energizedSpire:SpiderWeb"],"picked":"energizedSpire:OgreHead"}],"items_purged_floors":[19,36,54],"is_endless":false,"potions_floor_spawned":[1,8,16,18,20,21,37,39,46,48,55],"ascension_level":0}}