{"host":"ynimr9ugvc6f046i","time":1609630235,"event":{"mods":["2.2 Compatiblity","BaseMod","Colored Map","DeckTracker","Highlight Path","Keyboard Shortcuts","Minty Spire (QoL Compilation)","Permanent Neow","Quick Restart","StSLib","SuperFastMode"],"gold_per_floor":[114,131,56,71,81,81,115,115,115,131,142,142,156,175,175,249,249,263,275,288,288,288],"floor_reached":21,"playtime":655,"items_purged":[],"score":374,"play_id":"33e533c4-65db-4c7b-b73b-c90cf38bec18","local_time":"20210103083035","is_ascension_mode":true,"campfire_choices":[{"data":"Uppercut","floor":6.0,"key":"SMITH"},{"floor":12.0,"key":"REST"},{"data":"Blood for Blood","floor":15.0,"key":"SMITH"}],"circlet_count":0,"master_deck":["AscendersBane","Strike_R","Strike_R","Strike_R","Defend_R","Defend_R","Defend_R","Defend_R","Bash","Uppercut+1","Second Wind","Hemokinesis","Flame Barrier","Sword Boomerang","Hemokinesis","Shrug It Off","Feed","Blood for Blood","Blood for Blood+1","Brutality+1","Evolve+1"],"relics":["Burning Blood","Prayer Wheel","Lantern","Frozen Egg 2","Runic Cube"],"acts_visited":["Exordium","TheCity"],"potions_floor_usage":[16],"damage_taken":[{"damage":13.0,"enemies":"Jaw Worm","floor":1.0,"turns":8.0},{"damage":0.0,"enemies":"Small Slimes","floor":2.0,"turns":4.0},{"damage":6.0,"enemies":"Cultist","floor":4.0,"turns":3.0},{"damage":20.0,"enemies":"Lots of Slimes","floor":5.0,"turns":5.0},{"damage":52.0,"enemies":"3 Sentries","floor":7.0,"turns":14.0},{"damage":2.0,"enemies":"Large Slime","floor":10.0,"turns":2.0},{"damage":1.0,"enemies":"Blue Slaver","floor":11.0,"turns":3.0},{"damage":2.0,"enemies":"Exordium Wildlife","floor":13.0,"turns":4.0},{"damage":7.0,"enemies":"Lots of Slimes","floor":14.0,"turns":5.0},{"damage":31,"enemies":"The Guardian","floor":16,"turns":10},{"damage":22,"enemies":"Shell Parasite","floor":18,"turns":4},{"damage":16,"enemies":"Chosen","floor":19,"turns":4},{"damage":39,"enemies":"Snake Plant","floor":20,"turns":4},{"damage":14,"enemies":"Centurion and Healer","floor":21,"turns":1}],"seed_played":"-604089564769891431","potions_obtained":[{"floor":4.0,"key":"ElixirPotion"},{"floor":7.0,"key":"ColorlessPotion"},{"floor":10.0,"key":"Block Potion"},{"floor":13.0,"key":"ColorlessPotion"},{"floor":16,"key":"ColorlessPotion"},{"floor":20,"key":"Ancient Potion"}],"is_trial":false,"path_per_floor":["M","M","?","M","M","R","E","?","T","M","M","R","M","M","R","B",null,"M","M","M","M"],"character_chosen":"IRONCLAD","items_purchased":[],"campfire_rested":1,"item_purchase_floors":[],"current_hp_per_floor":[61,67,67,67,53,53,7,7,7,11,19,40,47,49,49,27,67,54,47,14,0,0],"gold":288,"neow_bonus":"ONE_RARE_RELIC","is_daily":false,"chose_seed":false,"campfire_upgraded":2,"win_rate":0.0,"timestamp":1609630235,"path_taken":["M","M","?","M","M","R","E","?","T","?","M","R","M","M","R","BOSS","M","M","M","M"],"items_purchased_type":[],"build_version":"2020-12-22","purchased_purges":0,"victory":false,"max_hp_per_floor":[68,68,68,68,68,68,68,68,68,68,71,71,74,77,77,80,80,83,86,86,86,86],"card_choices":[{"not_picked":["Shrug It Off","Perfected Strike"],"picked":"Uppercut","floor":1.0},{"not_picked":["Twin Strike","Perfected Strike","Dual Wield"],"picked":"SKIP","floor":1.0},{"not_picked":["Intimidate","Metallicize"],"picked":"Second Wind","floor":2.0},{"not_picked":["Rupture","Exhume"],"picked":"Hemokinesis","floor":2.0},{"not_picked":["Intimidate","Iron Wave","Clash"],"picked":"SKIP","floor":4.0},{"not_picked":["Pummel","Flex","Clothesline"],"picked":"SKIP","floor":4.0},{"not_picked":["Armaments","Dropkick"],"picked":"Flame Barrier","floor":5.0},{"not_picked":["Flex","True Grit","Twin Strike"],"picked":"SKIP","floor":5.0},{"not_picked":["Warcry","Iron Wave"],"picked":"Sword Boomerang","floor":7.0},{"not_picked":["Clothesline","True Grit"],"picked":"Shrug It Off","floor":10.0},{"not_picked":["Sever Soul","Pummel"],"picked":"Feed","floor":10.0},{"not_picked":["Flex","Infernal Blade"],"picked":"Blood for Blood","floor":11.0},{"not_picked":["Anger","Metallicize+1","Spot Weakness"],"picked":"SKIP","floor":11.0},{"not_picked":["Clash","Twin Strike"],"picked":"Blood for Blood","floor":13.0},{"not_picked":["Warcry","Reckless Charge","Twin Strike"],"picked":"SKIP","floor":13.0},{"not_picked":["Thunderclap","True Grit","Exhume"],"picked":"SKIP","floor":14.0},{"not_picked":["Uppercut","Pommel Strike","Havoc"],"picked":"SKIP","floor":14.0},{"not_picked":["Second Wind","Seeing Red"],"picked":"Evolve+1","floor":18},{"not_picked":["Twin Strike","Flame Barrier","Perfected Strike"],"picked":"SKIP","floor":18},{"not_picked":["Rampage","Seeing Red","Bloodletting"],"picked":"SKIP","floor":19},{"not_picked":["Body Slam","Hemokinesis","Warcry"],"picked":"SKIP","floor":19},{"not_picked":["Warcry","Havoc","Heavy Blade"],"picked":"SKIP","floor":20},{"not_picked":["Limit Break","Heavy Blade","Clash"],"picked":"SKIP","floor":20}],"player_experience":533693,"relics_obtained":[{"floor":7.0,"key":"Lantern"},{"floor":9.0,"key":"Frozen Egg 2"}],"event_choices":[{"cards_removed":["Strike_R"],"damage_healed":0.0,"max_hp_gain":0.0,"max_hp_loss":0.0,"gold_gain":0.0,"event_name":"The Cleric","player_choice":"Card Removal","floor":3.0,"gold_loss":75.0,"damage_taken":0.0},{"damage_healed":0.0,"max_hp_gain":0.0,"max_hp_loss":0.0,"gold_gain":0.0,"cards_transformed":["Strike_R"],"event_name":"Transmorgrifier","player_choice":"Transformed","floor":8.0,"gold_loss":0.0,"damage_taken":0.0,"cards_obtained":["Hemokinesis"]}],"is_beta":false,"boss_relics":[{"not_picked":["Ectoplasm","Velvet Choker"],"picked":"Runic Cube"}],"items_purged_floors":[],"is_endless":false,"potions_floor_spawned":[4,7,10,13,16,20],"killed_by":"Centurion and Healer","ascension_level":20}}