{"host":"37dk0reb6x0du8wx","time":1609582947,"event":{"mods":["BaseMod","Colored Map","DeckTracker","Minty Spire (QoL Compilation)","Quick Restart","StSLib","The Dragon Tamer"],"gold_per_floor":[110,110,110,110,133,133,174,174,174,214,229,4,4,37,37,160,160,180,180,180],"floor_reached":19,"playtime":609,"items_purged":["Strike_B"],"score":281,"play_id":"bba7dc20-2131-4f3b-a48d-469abe28c9ad","local_time":"20210102192227","is_ascension_mode":true,"campfire_choices":[{"data":"Zap","floor":6,"key":"SMITH"},{"data":"Self Repair","floor":8,"key":"SMITH"},{"data":"Auto Shields","floor":13,"key":"SMITH"},{"data":"Defragment","floor":15,"key":"SMITH"}],"circlet_count":0,"master_deck":["Strike_B","Defend_B","Defend_B","Defend_B","Defend_B","Zap+1","Dualcast","Conserve Battery","Self Repair+1","Auto Shields+1","Leap","Defragment+1","Machine Learning","Lockon"],"relics":["Cracked Core","NeowsBlessing","Golden Idol","Pear","Eternal Feather","Pen Nib","Lee\u0027s Waffle","Nunchaku","Philosopher\u0027s Stone"],"acts_visited":["Exordium","TheCity"],"potions_floor_usage":[10,16,16,19],"damage_taken":[{"damage":0,"enemies":"Jaw Worm","floor":1,"turns":1},{"damage":0,"enemies":"Small Slimes","floor":5,"turns":1},{"damage":0,"enemies":"Lagavulin","floor":7,"turns":1},{"damage":35,"enemies":"3 Sentries","floor":10,"turns":10},{"damage":0,"enemies":"2 Louse","floor":11,"turns":3},{"damage":0,"enemies":"Lagavulin","floor":14,"turns":10},{"damage":31,"enemies":"The Guardian","floor":16,"turns":14},{"damage":33,"enemies":"3 Byrds","floor":18,"turns":6},{"damage":78,"enemies":"Masked Bandits","floor":19,"turns":4}],"seed_played":"-1854247856329623952","potions_obtained":[{"floor":5,"key":"EssenceOfSteel"},{"floor":10,"key":"DuplicationPotion"},{"floor":11,"key":"DuplicationPotion"},{"floor":16,"key":"Explosive Potion"}],"is_trial":false,"path_per_floor":["M","?","?","?","M","R","E","R","T","E","M","$","R","E","R","B",null,"M","?"],"character_chosen":"DEFECT","items_purchased":["Lee\u0027s Waffle"],"campfire_rested":0,"item_purchase_floors":[12],"current_hp_per_floor":[75,75,57,50,50,50,60,60,60,35,45,92,92,92,92,71,92,69,0,0],"gold":180,"neow_bonus":"THREE_ENEMY_KILL","is_daily":false,"chose_seed":false,"campfire_upgraded":4,"win_rate":0.0,"timestamp":1609582947,"path_taken":["M","?","?","?","?","R","E","R","T","E","M","$","R","E","R","BOSS","M","?"],"items_purchased_type":["Relic"],"build_version":"2020-12-22","purchased_purges":1,"victory":false,"max_hp_per_floor":[75,75,75,75,75,75,85,85,85,85,85,92,92,92,92,92,92,92,92,92],"card_choices":[{"not_picked":["Gash","Barrage"],"picked":"Conserve Battery","floor":1},{"not_picked":["Hologram","Blizzard"],"picked":"Self Repair","floor":5},{"not_picked":["Barrage","Chaos","Double Energy"],"picked":"SKIP","floor":7},{"not_picked":["Beam Cell","Hologram"],"picked":"Auto Shields","floor":10},{"not_picked":["Streamline","Beam Cell"],"picked":"Leap","floor":11},{"not_picked":["Steam","Leap"],"picked":"Defragment","floor":14},{"not_picked":["Meteor Strike","Rainbow"],"picked":"Machine Learning","floor":16},{"not_picked":["Streamline","Go for the Eyes+1"],"picked":"Lockon","floor":18}],"player_experience":117148,"relics_obtained":[{"floor":7,"key":"Pear"},{"floor":9,"key":"Eternal Feather"},{"floor":10,"key":"Pen Nib"},{"floor":14,"key":"Nunchaku"}],"event_choices":[{"cards_removed":["Strike_B"],"damage_healed":0,"gold_gain":0,"player_choice":"Forget","damage_taken":0,"max_hp_gain":0,"max_hp_loss":0,"event_name":"Living Wall","floor":2,"gold_loss":0},{"damage_healed":0,"gold_gain":0,"player_choice":"Take Damage","damage_taken":18,"relics_obtained":["Golden Idol"],"max_hp_gain":0,"max_hp_loss":0,"event_name":"Golden Idol","floor":3,"gold_loss":0},{"cards_removed":["Strike_B"],"damage_healed":0,"gold_gain":0,"player_choice":"Card Removal","damage_taken":7,"max_hp_gain":0,"max_hp_loss":0,"event_name":"Golden Wing","floor":4,"gold_loss":0},{"damage_healed":0,"gold_gain":0,"player_choice":"Fought Bandits","damage_taken":0,"max_hp_gain":0,"max_hp_loss":0,"event_name":"Masked Bandits","floor":19,"gold_loss":0}],"is_beta":false,"boss_relics":[{"not_picked":["Empty Cage","Runic Dome"],"picked":"Philosopher\u0027s Stone"}],"items_purged_floors":[12],"is_endless":false,"potions_floor_spawned":[5,10,11,16],"killed_by":"Masked Bandits","ascension_level":2}}