{"host":"na09lpbrez4gbfiz","time":1609553398,"event":{"mods":["Act Like it!","BaseMod","BetterRewards","Colored Map","Colored Powertips","DeckTracker","Googly Eyes","Highlight Path","Minty Spire (QoL Compilation)","Quick Restart","Spicy Shops","StSLib","SuperFastMode","Synergy Search"],"gold_per_floor":[114,124,124,124,136,136,147,177,259,66,100,100,100,155,155,254,254,268,268,284,303,44,44,44,44,44,44,71,98,125,144,144,247,247,264,264,290,1,17,17,67,67,121,121,140,140,151,168,168,168],"floor_reached":51,"playtime":1925,"items_purged":["Strike_R","Strike_R"],"score":1572,"play_id":"99eed594-c6c1-48c1-b286-4a84076a29e1","local_time":"20210102030958","is_ascension_mode":true,"campfire_choices":[{"data":"True Grit","floor":6,"key":"SMITH"},{"data":"Corruption","floor":12,"key":"SMITH"},{"data":"Armaments","floor":15,"key":"SMITH"},{"data":"Burning Pact","floor":23,"key":"SMITH"},{"data":"Havoc","floor":32,"key":"SMITH"},{"data":"Bash","floor":40,"key":"SMITH"},{"data":"True Grit","floor":46,"key":"SMITH"},{"data":"Exhume","floor":49,"key":"SMITH"}],"circlet_count":0,"master_deck":["AscendersBane","Strike_R","Strike_R+1","Strike_R","Defend_R","Defend_R","Defend_R","Defend_R","Bash+1","Ghostly Armor+1","True Grit+1","Shrug It Off","Armaments+1","Corruption+1","True Grit+1","CurseOfTheBell","Flex+1","Burning Pact+1","Shrug It Off","Writhe","Impervious+1","Havoc+1","Warcry","Limit Break","Exhume+1","Rage","Madness","Madness","Warcry+1"],"relics":["Burning Blood","Oddly Smooth Stone","Dead Branch","Letter Opener","Boot","Gambling Chip","Bottled Lightning","Calling Bell","Ancient Tea Set","Mummified Hand","FossilizedHelix","HornCleat","Incense Burner","Blood Vial","Ornamental Fan","Gremlin Horn","Du-Vu Doll","Red Mask","Singing Bowl","Philosopher\u0027s Stone","Lantern","Calipers","Pocketwatch","Pen Nib"],"acts_visited":["Exordium","TheCity","TheBeyond"],"potions_floor_usage":[8,14,50],"damage_taken":[{"damage":16,"enemies":"Jaw Worm","floor":1,"turns":4},{"damage":3,"enemies":"Cultist","floor":2,"turns":5},{"damage":0,"enemies":"Small Slimes","floor":5,"turns":3},{"damage":15,"enemies":"3 Louse","floor":7,"turns":4},{"damage":4,"enemies":"3 Sentries","floor":8,"turns":15},{"damage":1,"enemies":"Lagavulin","floor":11,"turns":5},{"damage":10,"enemies":"Lagavulin Event","floor":14,"turns":5},{"damage":6,"enemies":"The Guardian","floor":16,"turns":5},{"damage":0,"enemies":"Shell Parasite","floor":18,"turns":4},{"damage":0,"enemies":"2 Thieves","floor":20,"turns":3},{"damage":0,"enemies":"3 Cultists","floor":21,"turns":4},{"damage":0,"enemies":"Slavers","floor":28,"turns":2},{"damage":0,"enemies":"Masked Bandits","floor":29,"turns":2},{"damage":0,"enemies":"Gremlin Leader","floor":30,"turns":2},{"damage":0,"enemies":"Centurion and Healer","floor":31,"turns":1},{"damage":6,"enemies":"Automaton","floor":33,"turns":4},{"damage":6,"enemies":"3 Darklings","floor":35,"turns":3},{"damage":1,"enemies":"Orb Walker","floor":39,"turns":4},{"damage":0,"enemies":"Mind Bloom Boss Battle","floor":41,"turns":2},{"damage":5,"enemies":"Transient","floor":45,"turns":3},{"damage":2,"enemies":"Maw","floor":47,"turns":4},{"damage":0,"enemies":"Sphere and 2 Shapes","floor":48,"turns":2},{"damage":2,"enemies":"Awakened One","floor":50,"turns":4}],"seed_played":"-3048442379088281905","potions_obtained":[{"floor":1,"key":"SteroidPotion"},{"floor":5,"key":"HeartOfIron"},{"floor":11,"key":"SpeedPotion"},{"floor":14,"key":"Ancient Potion"},{"floor":18,"key":"Block Potion"},{"floor":21,"key":"ElixirPotion"}],"is_trial":false,"path_per_floor":["M","M","?","?","M","R","M","E","T","$","E","R","?","?","R","B",null,"M","?","M","M","$","R","?","$","T","?","E","?","E","M","R","B",null,"M","?","T","$","M","R","?","$","T","?","M","R","M","M","R","B",null],"character_chosen":"IRONCLAD","items_purchased":["Corruption","Incense Burner","Blood Vial","Calipers"],"campfire_rested":0,"item_purchase_floors":[10,22,22,38],"current_hp_per_floor":[62,65,49,49,55,55,46,48,48,48,53,53,46,42,42,42,71,77,77,80,80,80,80,65,65,65,65,73,81,85,85,85,85,85,85,74,74,74,83,83,89,89,89,89,89,89,91,93,93,93],"gold":168,"neow_bonus":"RANDOM_COMMON_RELIC","is_daily":false,"chose_seed":false,"campfire_upgraded":8,"win_rate":0.0,"timestamp":1609553398,"path_taken":["M","M","?","?","?","R","M","E","T","$","E","R","?","?","R","BOSS","M","?","?","M","$","R","?","?","T","?","E","?","E","?","R","BOSS","M","?","?","?","?","R","?","$","T","?","M","R","M","M","R","BOSS"],"items_purchased_type":["Card","Relic","Relic","Relic"],"build_version":"2020-12-22","purchased_purges":2,"victory":true,"max_hp_per_floor":[80,80,80,80,80,80,80,80,80,80,80,80,80,80,80,80,80,80,80,80,80,80,80,85,85,85,85,85,85,85,85,85,85,85,85,85,85,85,87,87,89,89,89,89,89,89,91,93,93,93],"card_choices":[{"not_picked":["Evolve","Twin Strike"],"picked":"Ghostly Armor","floor":1},{"not_picked":["Wild Strike","Sword Boomerang"],"picked":"True Grit","floor":2},{"not_picked":["Bloodletting","Sever Soul","Anger"],"picked":"SKIP","floor":5},{"not_picked":["Second Wind","True Grit"],"picked":"Shrug It Off","floor":7},{"not_picked":["Sever Soul","Cleave"],"picked":"Armaments","floor":8},{"not_picked":["Heavy Blade","Clothesline","Feed"],"picked":"SKIP","floor":11},{"not_picked":["Blood for Blood","Body Slam"],"picked":"True Grit","floor":14},{"not_picked":["Battle Trance","Cleave"],"picked":"Flex+1","floor":18},{"not_picked":["Perfected Strike+1","Headbutt"],"picked":"Burning Pact","floor":20},{"not_picked":["Sword Boomerang","Warcry+1"],"picked":"Shrug It Off","floor":21},{"not_picked":["Warcry","Heavy Blade"],"picked":"Impervious","floor":28},{"not_picked":["Reckless Charge","Flex"],"picked":"Havoc","floor":29},{"not_picked":["Shrug It Off","Dark Embrace"],"picked":"Warcry","floor":30},{"not_picked":["Shrug It Off","Anger+1"],"picked":"Limit Break","floor":31},{"not_picked":["Limit Break","Juggernaut"],"picked":"Exhume","floor":33},{"not_picked":["Iron Wave+1","Anger+1"],"picked":"Rage","floor":35},{"not_picked":["Inflame","Pommel Strike+1","Pummel"],"picked":"Singing Bowl","floor":39},{"not_picked":["Twin Strike","Disarm","Pommel Strike"],"picked":"Singing Bowl","floor":41},{"not_picked":["Wild Strike+1","Intimidate"],"picked":"Warcry+1","floor":45},{"not_picked":["Entrench+1","Impervious","Shrug It Off+1"],"picked":"Singing Bowl","floor":47},{"not_picked":["Body Slam","Ghostly Armor","Flame Barrier"],"picked":"Singing Bowl","floor":48}],"player_experience":258494,"relics_obtained":[{"floor":8,"key":"Dead Branch"},{"floor":9,"key":"Letter Opener"},{"floor":11,"key":"Boot"},{"floor":14,"key":"Bottled Lightning"},{"floor":17,"key":"Ancient Tea Set"},{"floor":17,"key":"Mummified Hand"},{"floor":17,"key":"FossilizedHelix"},{"floor":26,"key":"Ornamental Fan"},{"floor":28,"key":"Du-Vu Doll"},{"floor":29,"key":"Red Mask"},{"floor":30,"key":"Singing Bowl"},{"floor":37,"key":"Lantern"},{"floor":41,"key":"Pocketwatch"},{"floor":43,"key":"Pen Nib"}],"event_choices":[{"damage_healed":0,"gold_gain":0,"player_choice":"Entered Light","damage_taken":16,"max_hp_gain":0,"max_hp_loss":0,"event_name":"Shining Light","floor":3,"gold_loss":0,"cards_upgraded":["Ghostly Armor","Strike_R"]},{"damage_healed":0,"gold_gain":0,"player_choice":"Bought 0 Potions","damage_taken":0,"max_hp_gain":0,"max_hp_loss":0,"event_name":"The Woman in Blue","floor":4,"gold_loss":0},{"damage_healed":0,"gold_gain":0,"player_choice":"Success","damage_taken":7,"relics_obtained":["Gambling Chip"],"max_hp_gain":0,"max_hp_loss":0,"event_name":"Scrap Ooze","floor":13,"gold_loss":0},{"damage_healed":0,"gold_gain":0,"player_choice":"Searched \u00272\u0027 times","damage_taken":0,"max_hp_gain":0,"max_hp_loss":0,"event_name":"Dead Adventurer","floor":14,"gold_loss":0},{"damage_healed":0,"gold_gain":0,"player_choice":"Gave Potion","damage_taken":0,"relics_obtained":["HornCleat"],"max_hp_gain":0,"max_hp_loss":0,"event_name":"WeMeetAgain","floor":19,"gold_loss":0},{"damage_healed":0,"gold_gain":0,"player_choice":"Shed Blood","damage_taken":20,"max_hp_gain":5,"max_hp_loss":0,"event_name":"Forgotten Altar","floor":24,"gold_loss":0},{"damage_healed":0,"gold_gain":0,"player_choice":"Opened","damage_taken":0,"relics_obtained":["Gremlin Horn"],"max_hp_gain":0,"max_hp_loss":0,"event_name":"The Mausoleum","floor":27,"gold_loss":0,"cards_obtained":["Writhe"]},{"damage_healed":0,"gold_gain":0,"player_choice":"Fought Bandits","damage_taken":0,"max_hp_gain":0,"max_hp_loss":0,"event_name":"Masked Bandits","floor":29,"gold_loss":0},{"damage_healed":0,"gold_gain":0,"player_choice":"Embrace Madness","damage_taken":11,"max_hp_gain":0,"max_hp_loss":0,"event_name":"Winding Halls","floor":36,"gold_loss":0,"cards_obtained":["Madness","Madness"]},{"damage_healed":0,"gold_gain":0,"player_choice":"Fight","damage_taken":0,"max_hp_gain":0,"max_hp_loss":0,"event_name":"MindBloom","floor":41,"gold_loss":0},{"damage_healed":0,"gold_gain":0,"player_choice":"Upgraded","damage_taken":0,"max_hp_gain":0,"max_hp_loss":0,"event_name":"Upgrade Shrine","floor":44,"gold_loss":0,"cards_upgraded":["Impervious"]}],"is_beta":false,"boss_relics":[{"not_picked":["Tiny House","Fusion Hammer"],"picked":"Calling Bell"},{"not_picked":["Empty Cage","Black Blood"],"picked":"Philosopher\u0027s Stone"}],"items_purged_floors":[10,22],"is_endless":false,"potions_floor_spawned":[1,5,11,14,18,21,33,45,47],"ascension_level":11}}