{"host":"5wf60zc4jjt9ov65","time":1609616837,"event":{"mods":["AchievementEnabler","BaseMod","Beaked The Cultist","Better Altar","Better Match","Better Note","Better Sensory Stone","Better Skull","Better Third Choice","BetterRewards","Colored Map","Colored Powertips","Downfall","Googly Eyes","Halation","Highlight Path","Hubris","Infinite Spire","Minty Spire (QoL Compilation)","Permanent Neow","Quick Restart","Replay The Spire","StSLib","The Bug Knight","The Construct"],"gold_per_floor":[13,31,31,44,44,80,80,94,94,94,94,113,127,143,143,272,272,286,286,322,347,365,406,406,424,424,424,424,225,225,244,244,381,381,427,480,480,480,536,612,668,731,731,731,794,1016,1016,242,242,242],"floor_reached":51,"playtime":4504,"items_purged":["Strike_B"],"score":926,"play_id":"d864dd2a-e44c-4d28-995e-acdb02b345f1","local_time":"20210102144717","is_ascension_mode":false,"campfire_choices":[{"floor":15.0,"key":"REST"},{"data":"Seek","floor":28.0,"key":"SMITH"},{"floor":32.0,"key":"REST"},{"floor":44,"key":"REST"},{"floor":47,"key":"REST"},{"floor":49,"key":"REST"}],"circlet_count":0,"master_deck":["Strike_B","Strike_B","Strike_B","Defend_B+1","Defend_B+1","Defend_B+1","Defend_B+1","Zap","Dualcast","Hologram","Panic Button","Apotheosis+1","Sweeping Beam","Leap","hubris:DoWhile","Seek+1","Barrage+1","Gash","Conserve Battery+1","hubris:SpecializedCircuitry","Fusion+1","Mirror Shield","Capacitor","Hologram","Storm+1","Gash","Stack+1","Hologram+1","Secret Technique"],"relics":["Cracked Core","hubris:MedicalManual","Golden Idol","infinitespire:BottledMercury","halation:StarCompass","PreservedInsect","Replay:Kaleidoscope","Replay:Bottled Eggs","Nuclear Battery","Red Mask","ReplayTheSpireMod:Shallot","Replay:Blank Codex","Bottled Flame","hubris:TenFootPole","infinitespire:EvilPickle","SlaversCollar","Replay:Bottled Steam","Mercury Hourglass","halation:BottledHappiness","halation:TwoAmDonut"],"acts_visited":["Exordium","TheCity","TheBeyond"],"potions_floor_usage":[33,33,40,50],"damage_taken":[{"damage":1.0,"enemies":"Cultist","floor":1.0,"turns":4.0},{"damage":1.0,"enemies":"Small Slimes","floor":2.0,"turns":3.0},{"damage":0.0,"enemies":"2 Louse","floor":4.0,"turns":3.0},{"damage":12.0,"enemies":"Lagavulin","floor":6.0,"turns":5.0},{"damage":1.0,"enemies":"Exordium Wildlife","floor":8.0,"turns":4.0},{"damage":10.0,"enemies":"Looter","floor":12.0,"turns":3.0},{"damage":2.0,"enemies":"Lots of Slimes","floor":13.0,"turns":4.0},{"damage":0.0,"enemies":"2 Fungi Beasts","floor":14.0,"turns":2.0},{"damage":19.0,"enemies":"Hexaghost","floor":16.0,"turns":14.0},{"damage":2.0,"enemies":"Shell Parasite","floor":18.0,"turns":8.0},{"damage":1.0,"enemies":"Masked Bandits","floor":20.0,"turns":3.0},{"damage":33.0,"enemies":"Shelled Parasite and Fungi","floor":21.0,"turns":6.0},{"damage":7.0,"enemies":"Snake Plant","floor":22.0,"turns":4.0},{"damage":0.0,"enemies":"Slavers","floor":23.0,"turns":3.0},{"damage":0.0,"enemies":"Cultist and Chosen","floor":25.0,"turns":6.0},{"damage":8.0,"enemies":"Shelled Parasite and Fungi","floor":31.0,"turns":5.0},{"damage":49,"enemies":"Pondfish","floor":33,"turns":16},{"damage":0,"enemies":"3 Darklings","floor":35,"turns":6},{"damage":5,"enemies":"Orb Walker","floor":36,"turns":4},{"damage":9,"enemies":"Writhing Mass","floor":39,"turns":7},{"damage":35,"enemies":"Reptomancer","floor":40,"turns":7},{"damage":9,"enemies":"Jaw Worm Horde","floor":41,"turns":4},{"damage":15,"enemies":"Spire Growth","floor":42,"turns":5},{"damage":40,"enemies":"Maw","floor":45,"turns":9},{"damage":34,"enemies":"Donu and Deca","floor":50,"turns":11}],"seed_played":"-2152069303596211773","potions_obtained":[{"floor":6.0,"key":"Languid Potion"},{"floor":8.0,"key":"construct:ShiftPotion"},{"floor":12.0,"key":"Fire Potion"},{"floor":13.0,"key":"DistilledChaos"},{"floor":14.0,"key":"ColorlessPotion"},{"floor":21.0,"key":"sneckomod:MuddlingPotion"},{"floor":23.0,"key":"Strength Potion"},{"floor":31.0,"key":"construct:ShiftPotion"},{"floor":35,"key":"Regen Potion"},{"floor":39,"key":"SpeedPotion"},{"floor":42,"key":"Fire Potion"}],"is_trial":false,"path_per_floor":["M","M","?","M","?","E","?","M","T","T","?","M","M","M","R","B",null,"M","?","?","M","M","E","?","M","T","?","R","$","?","M","R","B",null,"M","M","?","?","M","E","M","M","T","R","M","?","R","$","R","B",null],"character_chosen":"DEFECT","items_purchased":["Fusion+1","hubris:TenFootPole","halation:BottledHappiness","halation:TwoAmDonut","Guardian:BlockOnCardUsePotion","PowerPotion","Secret Technique"],"campfire_rested":5,"item_purchase_floors":[29,29,48,48,48,48,48],"current_hp_per_floor":[74,73,73,73,55,43,43,42,42,42,24,14,12,12,34,15,75,73,73,72,39,32,32,16,16,16,41,41,41,41,33,55,6,75,75,70,70,75,66,43,34,19,19,41,1,1,23,23,45,11],"gold":242,"neow_bonus":"ONE_RARE_RELIC","is_daily":false,"chose_seed":false,"campfire_upgraded":1,"win_rate":0.0,"timestamp":1609616837,"path_taken":["M","M","?","M","?","E","?","M","T","?","?","?","M","M","R","BOSS","M","?","?","M","M","E","?","M","T","?","R","$","?","M","R","BOSS","M","M","?","?","M","E","?","M","T","R","M","?","R","$","R","BOSS"],"items_purchased_type":["Card","Relic","Relic","Relic","Potion","Potion","Card"],"build_version":"2020-12-22","purchased_purges":1,"victory":true,"max_hp_per_floor":[75,75,75,75,75,75,75,75,75,75,75,75,75,75,75,75,75,75,75,75,75,75,75,75,75,75,75,75,75,75,75,75,75,75,75,75,75,75,75,75,75,75,75,75,75,75,75,75,75,75],"card_choices":[{"not_picked":["Ball Lightning","Defragment"],"picked":"Hologram","floor":1.0},{"not_picked":["ReplayTheSpireMod:Repulse","Heatsinks"],"picked":"Panic Button","floor":2.0},{"not_picked":["Gash","Rebound"],"picked":"Sweeping Beam","floor":4.0},{"not_picked":["Streamline","Go for the Eyes"],"picked":"Heatsinks","floor":6.0},{"not_picked":["Fusion","Consume"],"picked":"Leap","floor":8.0},{"not_picked":["Cold Snap","Beam Cell"],"picked":"Hello World","floor":12.0},{"not_picked":["Heatsinks","Go for the Eyes","BasicCrystalCard"],"picked":"SKIP","floor":13.0},{"not_picked":["Coolheaded","Rebound"],"picked":"hubris:DoWhile","floor":14.0},{"not_picked":["Reboot","Biased Cognition"],"picked":"Seek","floor":16.0},{"not_picked":["Consume","ReplaySort+1","Rebound"],"picked":"SKIP","floor":18.0},{"not_picked":["Sweeping Beam","White Noise"],"picked":"Gash","floor":20.0},{"not_picked":["Beam Cell","Cold Snap"],"picked":"Conserve Battery+1","floor":21.0},{"not_picked":["Compile Driver","Ball Lightning+1","Go for the Eyes"],"picked":"SKIP","floor":22.0},{"not_picked":["BasicCrystalCard","Hologram"],"picked":"hubris:SpecializedCircuitry","floor":23.0},{"not_picked":["BasicCrystalCard","Chaos","Sweeping Beam"],"picked":"SKIP","floor":25.0},{"not_picked":["Chaos","Ball Lightning","Hello World"],"picked":"SKIP","floor":31.0},{"not_picked":["ReplayRNGCard","All For One"],"picked":"Mirror Shield","floor":33},{"not_picked":["Sweeping Beam+1","Stack"],"picked":"Capacitor","floor":35},{"not_picked":["Ball Lightning+1","Panic Button+1"],"picked":"Hologram","floor":36},{"not_picked":["Sweeping Beam+1","Go for the Eyes+1"],"picked":"Storm+1","floor":39},{"not_picked":["Redo+1","Hologram+1"],"picked":"Gash","floor":40},{"not_picked":["Rebound","Go for the Eyes"],"picked":"Stack+1","floor":41},{"not_picked":["Darkness","Go for the Eyes"],"picked":"Hologram+1","floor":42},{"not_picked":["Coolheaded+1","Panic Button","Beam Cell"],"picked":"SKIP","floor":45}],"player_experience":9683,"relics_obtained":[{"floor":6.0,"key":"infinitespire:BottledMercury"},{"floor":9.0,"key":"PreservedInsect"},{"floor":10.0,"key":"Replay:Kaleidoscope"},{"floor":20.0,"key":"Red Mask"},{"floor":23.0,"key":"ReplayTheSpireMod:Shallot"},{"floor":24.0,"key":"Replay:Blank Codex"},{"floor":26.0,"key":"Bottled Flame"},{"floor":40,"key":"Replay:Bottled Steam"},{"floor":43,"key":"Mercury Hourglass"}],"event_choices":[{"damage_healed":73.0,"max_hp_gain":0.0,"max_hp_loss":75.0,"gold_gain":0.0,"event_name":"betterThird:BetterShining","player_choice":"Embrace","floor":3.0,"gold_loss":0.0,"damage_taken":0.0},{"damage_healed":0.0,"max_hp_gain":0.0,"max_hp_loss":0.0,"gold_gain":0.0,"event_name":"Golden Idol","player_choice":"Take Damage","floor":5.0,"gold_loss":0.0,"damage_taken":18.0,"relics_obtained":["Golden Idol"]},{"damage_healed":0.0,"max_hp_gain":0.0,"max_hp_loss":0.0,"gold_gain":0.0,"event_name":"betterThird:BetterScrap","player_choice":"Relic ","floor":11.0,"gold_loss":0.0,"damage_taken":18.0,"cards_obtained":["ReplayTheSpireMod:Stacked"]},{"damage_healed":0.0,"max_hp_gain":0.0,"max_hp_loss":0.0,"gold_gain":0.0,"event_name":"betterNote:BetterNote","player_choice":"Take","floor":19.0,"gold_loss":0.0,"damage_taken":0.0,"cards_obtained":["Barrage"]},{"damage_healed":0.0,"max_hp_gain":0.0,"max_hp_loss":0.0,"gold_gain":0.0,"event_name":"Masked Bandits","player_choice":"Fought Bandits","floor":20.0,"gold_loss":0.0,"damage_taken":0.0},{"damage_healed":0.0,"max_hp_gain":0.0,"max_hp_loss":0.0,"gold_gain":0.0,"event_name":"Cursed Tome","player_choice":"Obtained Book","floor":24.0,"gold_loss":0.0,"damage_taken":16.0},{"damage_healed":25.0,"max_hp_gain":0.0,"max_hp_loss":0.0,"gold_gain":0.0,"event_name":"The Library","player_choice":"Heal","floor":27.0,"gold_loss":0.0,"damage_taken":0.0},{"cards_removed":["Heatsinks"],"damage_healed":0,"gold_gain":0,"player_choice":"Removed Power","damage_taken":0,"max_hp_gain":0,"max_hp_loss":0,"event_name":"Falling","floor":37,"gold_loss":0},{"cards_removed":["Hello World"],"damage_healed":5,"gold_gain":0,"player_choice":"Offered Uncommon","damage_taken":0,"max_hp_gain":0,"max_hp_loss":0,"event_name":"Bonfire Elementals","floor":38,"gold_loss":0},{"damage_healed":0,"gold_gain":222,"player_choice":"Wore Mask","damage_taken":0,"max_hp_gain":0,"max_hp_loss":0,"event_name":"Tomb of Lord Red Mask","floor":46,"gold_loss":0}],"is_beta":false,"boss_relics":[{"not_picked":["hubris:BlackHole","infinitespire:Cupcake"],"picked":"Nuclear Battery"},{"not_picked":["Velvet Choker","ChewingGum"],"picked":"SlaversCollar"}],"items_purged_floors":[48],"is_endless":false,"potions_floor_spawned":[6,8,12,13,14,21,23,31,35,39,42],"ascension_level":0}}