{"host":"r4e4q8yhb91dmdr8","time":1609566367,"event":{"mods":["AchievementEnabler","BaseMod","Better Note","Better Skull","Colored Map","Colored Powertips","Duelist Mod","GifTheSpireLib","Highlight Path","Jorbs\u0027s Wanderer Trilogy","Minty Spire (QoL Compilation)","Nova Terra(??·??)","Quick Restart","Random Character Button","Rare Cards Sparkle","Relic Stats","Remove Card Discount Mod","Shop Mod","StSLib","The Alterego","The Death Knight","The Fake Hero","The Marked","The Mystic","The Necromancer","The Wild Card","TheHero","TheWitcher"],"gold_per_floor":[19,19,1038,1058,1068,1102,856,766,766,766,766,784,784,816,816,921,921,939,950,966,520,520,520,555,571,598,376,387,584,27,46,46,146,146,164,176,10,10,28,28,63,82,82,82,82],"floor_reached":44,"playtime":5652,"items_purged":["theDuelist:RainbowNeos","theDuelist:RainbowOverdragon+1"],"score":595,"play_id":"59d0ce96-5644-436d-a74f-915d75674357","local_time":"20210101214607","is_ascension_mode":false,"campfire_choices":[{"data":"Apotheosis","floor":10,"key":"SMITH"},{"data":"theDuelist:RainbowOverdragon","floor":15,"key":"SMITH"},{"data":"theDuelist:MiraculousDescent","floor":23,"key":"SMITH"},{"data":"theDuelist:SwordsConcealing","floor":32,"key":"SMITH"},{"data":"theDuelist:AmuletAmbition+1","floor":40,"key":"SMITH"}],"circlet_count":0,"master_deck":["theDuelist:CastleWalls","theDuelist:BabyDragon","theDuelist:LesserDragon","theDuelist:HarpieFeather+1","Apotheosis+1","Well Laid Plans","theDuelist:SpiralSpearStrike","theDuelist:CaveDragon","theDuelist:WhiteHowling","theDuelist:ImperialOrder","theDuelist:OrbMetronome","theDuelist:CrystalRaigeki","theDuelist:LesserDragon","theDuelist:CaveDragon","theDuelist:Sparks","theDuelist:SevenCompleted","theDuelist:FrontierWiseman","theDuelist:SilentDoom","Madness","theDuelist:SevenCompleted","theDuelist:JamBreeding","theDuelist:SwordsConcealing+1","theDuelist:Jinzo","theDuelist:MiraculousDescent+1","theDuelist:YamataDragon","theDuelist:CastleWalls","Secret Technique","theDuelist:VenomShot","theDuelist:Sparks","theDuelist:KamionTimelord","theDuelist:BigFire","theDuelist:GravityLash","CurseOfTheBell","theDuelist:AmuletAmbition+2","theDuelist:GiantTrunade","theDuelist:SevenCompleted","theDuelist:LightningDarts+1","theDuelist:Wildfire"],"relics":["theDuelist:MillenniumPuzzle","theDuelist:CardPoolRelic","theDuelist:CardPoolBasicRelic","theDuelist:BoosterPackPoolRelic","theDuelist:CardPoolAddRelic","theDuelist:CardPoolMinusRelic","theDuelist:CardPoolSaveRelic","theDuelist:CardPoolOptionsRelic","theDuelist:ElectricToken","theDuelist:GamblerChip","theDuelist:MillenniumToken","Regal Pillow","Vajra","OrangePellets","theDuelist:ZoneToken","MerchantsRug","Ice Cream","theDuelist:MerchantPendant","Calling Bell","theDuelist:DragonBurnRelic","theDuelist:MillenniumRing","Bag of Preparation","Eternal Feather","theDuelist:DuelistTeaSet"],"acts_visited":["Exordium","TheCity","TheBeyond"],"potions_floor_usage":[24,44,44],"damage_taken":[{"damage":1,"enemies":"2 Louse","floor":1,"turns":2},{"damage":6,"enemies":"Cultist","floor":3,"turns":3},{"damage":15,"enemies":"Small Slimes","floor":4,"turns":5},{"damage":12,"enemies":"Looter","floor":5,"turns":4},{"damage":16,"enemies":"Gremlin Nob","floor":6,"turns":4},{"damage":0,"enemies":"2 Fungi Beasts","floor":12,"turns":4},{"damage":9,"enemies":"3 Sentries","floor":14,"turns":4},{"damage":6,"enemies":"Slime Boss","floor":16,"turns":6},{"damage":9,"enemies":"Shell Parasite","floor":18,"turns":5},{"damage":0,"enemies":"Chosen","floor":19,"turns":3},{"damage":5,"enemies":"Shelled Parasite and Fungi","floor":20,"turns":3},{"damage":6,"enemies":"Slavers","floor":24,"turns":6},{"damage":0,"enemies":"Cultist and Chosen","floor":25,"turns":5},{"damage":13,"enemies":"Chosen and Byrds","floor":28,"turns":6},{"damage":31,"enemies":"Snake Plant","floor":31,"turns":3},{"damage":25,"enemies":"Champ","floor":33,"turns":11},{"damage":7,"enemies":"3 Shapes","floor":35,"turns":3},{"damage":14,"enemies":"Orb Walker","floor":36,"turns":4},{"damage":22,"enemies":"Jaw Worm Horde","floor":39,"turns":4},{"damage":63,"enemies":"Reptomancer","floor":41,"turns":6},{"damage":22,"enemies":"4 Shapes","floor":42,"turns":5},{"damage":24,"enemies":"Nemesis","floor":44,"turns":2}],"seed_played":"411132969638317301","potions_obtained":[{"floor":6,"key":"theDuelist:FireBottle"},{"floor":12,"key":"theDuelist:StunPotion"},{"floor":14,"key":"theDuelist:WaterBottle"},{"floor":18,"key":"DistilledChaos"},{"floor":24,"key":"SkillPotion"},{"floor":28,"key":"theDuelist:BurningPotion"},{"floor":35,"key":"theDuelist:SealedPack"}],"is_trial":false,"path_per_floor":["M","?","M","M","M","E","$","?","T","R","?","M","?","E","R","B",null,"M","M","M","$","?","R","E","M","T","$","M","$","$","M","R","B",null,"M","M","$","?","M","R","E","M","T","E"],"character_chosen":"THE_DUELIST","items_purchased":["theDuelist:SpiralSpearStrike","theDuelist:OrbMetronome","Madness","theDuelist:MillenniumToken","theDuelist:ImperialOrder","OrangePellets","theDuelist:WhiteHowling","theDuelist:SilverApples","theDuelist:CardRewardRelicI","theDuelist:PotGenerosity","theDuelist:VenomShot","theDuelist:ZoneToken","MerchantsRug","theDuelist:JamBreeding","Ice Cream","theDuelist:Jinzo","theDuelist:MerchantPendant","theDuelist:CrystalRaigeki","theDuelist:SwordsConcealing","theDuelist:SevenCompleted"],"campfire_rested":0,"item_purchase_floors":[7,7,21,21,21,27,27,29,29,29,29,29,29,29,30,30,30,30,30,37],"current_hp_per_floor":[127,127,121,106,94,85,85,85,85,85,79,79,79,84,84,78,149,140,140,135,135,135,135,129,129,129,129,116,116,116,85,85,60,149,142,128,128,128,106,106,43,21,21,0,0],"gold":82,"neow_bonus":"RANDOM_COLORLESS_2","is_daily":false,"chose_seed":false,"campfire_upgraded":5,"win_rate":0.0,"timestamp":1609566367,"path_taken":["M","?","?","M","M","E","$","?","T","R","?","M","?","E","R","BOSS","M","M","M","$","?","R","E","M","T","$","M","?","$","M","R","BOSS","M","M","$","?","M","R","E","M","T","E"],"items_purchased_type":["Card","Card","Card","Relic","Card","Relic","Card","Card","Relic","Card","Card","Relic","Relic","Card","Relic","Card","Relic","Card","Card","Card"],"build_version":"2020-12-22","purchased_purges":2,"victory":false,"max_hp_per_floor":[128,128,128,128,128,135,135,135,135,135,135,135,135,149,149,149,149,149,149,149,149,149,149,149,149,149,149,149,149,149,149,149,149,149,149,149,149,149,149,149,149,149,149,149,149],"relic_stats":{"OrangePellets":[0],"Regal Pillow":0,"counters":[22,98],"Eternal Feather":0,"Bag of Preparation":[12],"obtain_stats":[{"theDuelist:CardRewardRelicI":29,"Ice Cream":30,"Regal Pillow":24,"Vajra":26,"theDuelist:DuelistTeaSet":43,"Mango":14,"Bag of Preparation":34,"theDuelist:MillenniumPuzzle":0,"theDuelist:MillenniumToken":21,"theDuelist:BoosterPackPoolRelic":0,"theDuelist:ElectricToken":11,"Strawberry":6,"theDuelist:ZoneToken":29,"theDuelist:CardPoolAddRelic":0,"theDuelist:CardPoolOptionsRelic":0,"theDuelist:CardPoolRelic":0,"MerchantsRug":29,"Eternal Feather":41,"theDuelist:MerchantPendant":30,"theDuelist:CardPoolSaveRelic":0,"Calling Bell":34,"theDuelist:MillenniumRing":34,"OrangePellets":27,"theDuelist:CardPoolMinusRelic":0,"theDuelist:GamblerChip":17,"theDuelist:CardPoolBasicRelic":0,"theDuelist:DragonBurnRelic":34},{"theDuelist:CardRewardRelicI":14,"Ice Cream":14,"Regal Pillow":12,"Vajra":13,"theDuelist:DuelistTeaSet":21,"Mango":7,"Bag of Preparation":16,"theDuelist:MillenniumPuzzle":0,"theDuelist:MillenniumToken":11,"theDuelist:BoosterPackPoolRelic":0,"theDuelist:ElectricToken":5,"Strawberry":5,"theDuelist:ZoneToken":14,"theDuelist:CardPoolAddRelic":0,"theDuelist:CardPoolOptionsRelic":0,"theDuelist:CardPoolRelic":0,"MerchantsRug":14,"Eternal Feather":20,"theDuelist:MerchantPendant":14,"theDuelist:CardPoolSaveRelic":0,"Calling Bell":16,"theDuelist:MillenniumRing":16,"OrangePellets":13,"theDuelist:CardPoolMinusRelic":0,"theDuelist:GamblerChip":8,"theDuelist:CardPoolBasicRelic":0,"theDuelist:DragonBurnRelic":16},{"theDuelist:CardRewardRelicI":60,"Ice Cream":60,"Regal Pillow":49,"Vajra":54,"theDuelist:DuelistTeaSet":96,"Mango":26,"Bag of Preparation":74,"theDuelist:MillenniumPuzzle":0,"theDuelist:MillenniumToken":43,"theDuelist:BoosterPackPoolRelic":0,"theDuelist:ElectricToken":18,"Strawberry":18,"theDuelist:ZoneToken":60,"theDuelist:CardPoolAddRelic":0,"theDuelist:CardPoolOptionsRelic":0,"theDuelist:CardPoolRelic":0,"MerchantsRug":60,"Eternal Feather":91,"theDuelist:MerchantPendant":60,"theDuelist:CardPoolSaveRelic":0,"Calling Bell":74,"theDuelist:MillenniumRing":74,"OrangePellets":54,"theDuelist:CardPoolMinusRelic":0,"theDuelist:GamblerChip":32,"theDuelist:CardPoolBasicRelic":0,"theDuelist:DragonBurnRelic":74}]},"card_choices":[{"not_picked":["Secret Weapon","Mayhem"],"picked":"Secret Technique","floor":0},{"not_picked":["theDuelist:ElectromagneticShield","theDuelist:GravityAxe","theDuelist:WhiteHowling","theDuelist:SwordsConcealing"],"picked":"theDuelist:MiraculousDescent","floor":1},{"not_picked":["theDuelist:Eva","theDuelist:HappyLover","theDuelist:KamionTimelord","theDuelist:RainbowNeos"],"picked":"theDuelist:RainbowOverdragon","floor":3},{"not_picked":["theDuelist:LightLaser","theDuelist:LightningBlade"],"picked":"theDuelist:KamionTimelord","floor":4},{"not_picked":["theDuelist:Hinotama","theDuelist:MeteorDestruction","theDuelist:SpellShatteringArrow","theDuelist:Sangan"],"picked":"theDuelist:RainbowNeos","floor":5},{"not_picked":["Impatience","Madness","Metamorphosis"],"picked":"Apotheosis","floor":6},{"not_picked":["theDuelist:WhiteMagicalHat","theDuelist:Eva","theDuelist:MagnumShield","theDuelist:EgoBoost"],"picked":"theDuelist:BigFire","floor":12},{"not_picked":["theDuelist:StarBlast","theDuelist:Wiretap","theDuelist:CharcoalInpachi","theDuelist:BerserkerCrush"],"picked":"theDuelist:SilentDoom","floor":14},{"not_picked":["theDuelist:BigFire","theDuelist:CoreBlaster","theDuelist:DoubleTool+1","theDuelist:MeteorDestruction"],"picked":"theDuelist:SpellShatteringArrow","floor":18},{"not_picked":["theDuelist:DoubleTool","theDuelist:SpellShatteringArrow+1","theDuelist:SwordDeepSeated","theDuelist:LegendarySword"],"picked":"theDuelist:ScrapFactory","floor":19},{"not_picked":["theDuelist:BigFire","theDuelist:Hinotama","theDuelist:BigEye","theDuelist:GreenGraveOni"],"picked":"theDuelist:HarpieFeather+1","floor":20},{"not_picked":["theDuelist:SilentDoom","theDuelist:LightLaser","theDuelist:MythicalBeast","theDuelist:CrystalBlessing+1"],"picked":"theDuelist:SevenCompleted","floor":24},{"not_picked":["theDuelist:LightningDarts","theDuelist:StrayLambs+1","theDuelist:BlackPendant","theDuelist:Wiseman"],"picked":"theDuelist:Hinotama","floor":25},{"not_picked":["theDuelist:Hinotama","theDuelist:Invigoration","theDuelist:RainbowNeos","theDuelist:Downbeat+1","theDuelist:ElectromagneticShield"],"picked":"SKIP","floor":28},{"not_picked":["theDuelist:LightLaser","theDuelist:PineappleBlast+1"],"picked":"theDuelist:SevenCompleted","floor":31},{"not_picked":["theDuelist:KamionTimelord+1","theDuelist:Mathematician","theDuelist:PineappleBlast","theDuelist:SwordsConcealing+1"],"picked":"theDuelist:GravityLash","floor":33},{"not_picked":["theDuelist:ForbiddenLance+1","theDuelist:MagnumShield+1","theDuelist:Wiretap+2","theDuelist:VenomShot+1"],"picked":"theDuelist:AmuletAmbition+1","floor":35},{"not_picked":["theDuelist:SilentDoom","theDuelist:FrontierWiseman","theDuelist:HappyLover","theDuelist:GravityBlaster"],"picked":"theDuelist:GiantTrunade","floor":36},{"not_picked":["theDuelist:Hinotama","theDuelist:DarkFactory+1","theDuelist:ScrapFactory","theDuelist:GreyGreedOni"],"picked":"theDuelist:PurplePainOni","floor":39},{"not_picked":["theDuelist:RainbowOverdragon+1","theDuelist:DarkFactory+1","theDuelist:ForbiddenChalice+1","theDuelist:DianKeto"],"picked":"theDuelist:LightningDarts+1","floor":41},{"not_picked":["theDuelist:SilentDoom","theDuelist:ForbiddenLance+2"],"picked":"theDuelist:Wildfire","floor":42}],"player_experience":43473,"relics_obtained":[{"floor":6,"key":"Strawberry"},{"floor":14,"key":"Mango"},{"floor":24,"key":"Regal Pillow"},{"floor":26,"key":"Vajra"},{"floor":34,"key":"theDuelist:DragonBurnRelic"},{"floor":34,"key":"theDuelist:MillenniumRing"},{"floor":34,"key":"Bag of Preparation"},{"floor":41,"key":"Eternal Feather"},{"floor":43,"key":"theDuelist:DuelistTeaSet"}],"event_choices":[{"damage_healed":0,"gold_gain":0,"player_choice":"Ignored","damage_taken":0,"max_hp_gain":0,"max_hp_loss":0,"event_name":"betterNote:BetterNote","floor":2,"gold_loss":0,"cards_obtained":["Thunderclap"]},{"damage_healed":0,"gold_gain":0,"player_choice":"Purchased Frontier Wiseman for 90 Gold.","duelist":true,"damage_taken":0,"max_hp_gain":0,"max_hp_loss":0,"event_name":"Card Trader","floor":8,"gold_loss":0},{"damage_healed":0,"gold_gain":0,"player_choice":"Dig - random Duelist relic","duelist":true,"damage_taken":0,"max_hp_gain":0,"max_hp_loss":0,"event_name":"Aknamkanon\u0027s Tomb","floor":11,"gold_loss":0},{"damage_healed":0,"gold_gain":0,"player_choice":"Leave","duelist":true,"damage_taken":0,"max_hp_gain":0,"max_hp_loss":0,"event_name":"Relic Duplicator","floor":13,"gold_loss":0},{"damage_healed":0,"gold_gain":0,"player_choice":"Ignored","damage_taken":0,"max_hp_gain":0,"max_hp_loss":0,"event_name":"N\u0027loth","floor":22,"gold_loss":0}],"is_beta":false,"boss_relics":[{"not_picked":["Mark of Pain","Empty Cage"],"picked":"theDuelist:GamblerChip"},{"not_picked":["Coffee Dripper","Cursed Key"],"picked":"Calling Bell"}],"items_purged_floors":[21,37],"is_endless":false,"potions_floor_spawned":[6,12,14,16,18,24,28,35],"killed_by":"Nemesis","ascension_level":0}}