{"host":"i09pxcjttd31eh4q","time":1609599353,"event":{"mods":["AchievementEnabler","BaseMod","Colored Map","Keyboard Shortcuts","Minty Spire (QoL Compilation)","StSLib","SuperFastMode"],"gold_per_floor":[115,115,135,105,118,144,144,158,158,168,187,203,203,203],"floor_reached":13,"playtime":292,"items_purged":[],"score":178,"play_id":"acabf533-e1bd-4cf5-87c9-23fcba736ba9","local_time":"20210102235553","is_ascension_mode":true,"campfire_choices":[{"data":"Recycle","floor":7,"key":"SMITH"}],"circlet_count":0,"master_deck":["AscendersBane","Strike_B","Strike_B","Strike_B","Strike_B","Defend_B","Defend_B","Defend_B+1","Defend_B","Zap","Dualcast","Finesse","Sweeping Beam+1","Steam","Coolheaded","Recycle+1","FTL","Consume","Biased Cognition"],"relics":["Cracked Core","Matryoshka","Toy Ornithopter","HornCleat"],"acts_visited":["Exordium"],"potions_floor_usage":[6],"damage_taken":[{"damage":2,"enemies":"Jaw Worm","floor":1,"turns":5},{"damage":0,"enemies":"Small Slimes","floor":3,"turns":2},{"damage":0,"enemies":"Cultist","floor":5,"turns":3},{"damage":18,"enemies":"Lagavulin","floor":6,"turns":6},{"damage":3,"enemies":"Blue Slaver","floor":8,"turns":4},{"damage":11,"enemies":"3 Louse","floor":10,"turns":3},{"damage":3,"enemies":"Exordium Thugs","floor":11,"turns":4},{"damage":2,"enemies":"Blue Slaver","floor":12,"turns":4},{"damage":5,"enemies":"3 Sentries","floor":13,"turns":4}],"seed_played":"-1570036606253330111","potions_obtained":[{"floor":4,"key":"PowerPotion"},{"floor":4,"key":"EssenceOfSteel"},{"floor":5,"key":"BlessingOfTheForge"},{"floor":6,"key":"FearPotion"}],"is_trial":false,"path_per_floor":["M","?","M","?","M","E","R","M","T","M","M","M","E"],"character_chosen":"DEFECT","items_purchased":[],"campfire_rested":0,"item_purchase_floors":[],"current_hp_per_floor":[62,41,41,41,41,23,23,20,20,9,6,4,0,0],"gold":203,"neow_bonus":"RANDOM_COLORLESS","is_daily":false,"chose_seed":false,"campfire_upgraded":1,"win_rate":0.0,"timestamp":1609599353,"path_taken":["M","?","M","?","M","E","R","M","T","M","M","?","E"],"items_purchased_type":[],"build_version":"2020-12-22","purchased_purges":0,"victory":false,"max_hp_per_floor":[71,71,71,71,71,71,71,71,71,71,71,71,71,71],"card_choices":[{"not_picked":["Dark Shackles","Mind Blast"],"picked":"Finesse","floor":0},{"not_picked":["Barrage","Leap"],"picked":"Sweeping Beam","floor":1},{"not_picked":["Gash","Sweeping Beam"],"picked":"Steam","floor":3},{"not_picked":["Capacitor","Stack"],"picked":"Coolheaded","floor":5},{"not_picked":["Hologram","Static Discharge"],"picked":"Recycle","floor":6},{"not_picked":["Stack","Hello World"],"picked":"FTL","floor":8},{"not_picked":["Compile Driver","Streamline"],"picked":"Consume","floor":10},{"not_picked":["Beam Cell","Redo","Barrage"],"picked":"SKIP","floor":11},{"not_picked":["Rebound","Sweeping Beam"],"picked":"Biased Cognition","floor":12}],"player_experience":823404,"relics_obtained":[{"floor":6,"key":"Matryoshka"},{"floor":9,"key":"Toy Ornithopter"},{"floor":9,"key":"HornCleat"}],"event_choices":[{"damage_healed":0,"gold_gain":0,"player_choice":"Entered Light","damage_taken":21,"max_hp_gain":0,"max_hp_loss":0,"event_name":"Shining Light","floor":2,"gold_loss":0,"cards_upgraded":["Sweeping Beam","Defend_B"]},{"damage_healed":0,"gold_gain":0,"player_choice":"Bought 2 Potions","damage_taken":0,"max_hp_gain":0,"max_hp_loss":0,"event_name":"The Woman in Blue","floor":4,"gold_loss":0}],"is_beta":false,"boss_relics":[],"items_purged_floors":[],"is_endless":false,"potions_floor_spawned":[5,6,11],"killed_by":"3 Sentries","ascension_level":20}}