{"host":"h4lp0eeso8a0ssq0","time":1609564325,"event":{"mods":["2.2 Compatiblity","AchievementEnabler","BaseMod","CapriCore","Colored Map","Lobotomy","Minty Spire (QoL Compilation)","StSLib","SuperFastMode"],"gold_per_floor":[111,36,48,48,48,48,68,68,146,146,163,178,192,92,92,193,193,206,206,305,334,334,334,350,363,435,446,465,340,365,163,163,260,260,279,297,312,323,263,263,279,289,289,289,304,321,337,74,74,74],"floor_reached":51,"playtime":1532,"items_purged":["Defend_P","Strike_P","Strike_P","Vigilance","Defend_P"],"score":1065,"play_id":"37af1c19-c294-4e91-8388-b9e20d1d5801","local_time":"20210102141205","is_ascension_mode":false,"campfire_choices":[{"data":"Eruption","floor":6.0,"key":"SMITH"},{"floor":15.0,"key":"REST"},{"data":"Adaptation","floor":23.0,"key":"SMITH"},{"floor":32.0,"key":"REST"},{"floor":40.0,"key":"REST"},{"floor":49,"key":"REST"}],"circlet_count":0,"master_deck":["Eruption+1","Adaptation+1","InnerPeace","MentalFortress"],"relics":["Empty Cage"],"acts_visited":["Exordium","TheCity","TheBeyond"],"potions_floor_usage":[50,50],"damage_taken":[{"damage":2.0,"enemies":"Small Slimes","floor":1.0,"turns":3.0},{"damage":0.0,"enemies":"Jaw Worm","floor":3.0,"turns":3.0},{"damage":0.0,"enemies":"Cultist","floor":7.0,"turns":3.0},{"damage":7.0,"enemies":"Exordium Wildlife","floor":11.0,"turns":2.0},{"damage":19.0,"enemies":"Large Slime","floor":12.0,"turns":6.0},{"damage":2.0,"enemies":"Looter","floor":13.0,"turns":3.0},{"damage":0.0,"enemies":"The Guardian","floor":16.0,"turns":2.0},{"damage":0.0,"enemies":"2 Thieves","floor":18.0,"turns":1.0},{"damage":10.0,"enemies":"Masked Bandits","floor":21.0,"turns":2.0},{"damage":2.0,"enemies":"3 Byrds","floor":24.0,"turns":2.0},{"damage":7.0,"enemies":"Centurion and Healer","floor":25.0,"turns":2.0},{"damage":5.0,"enemies":"Shelled Parasite and Fungi","floor":27.0,"turns":2.0},{"damage":0.0,"enemies":"Sentry and Sphere","floor":28.0,"turns":2.0},{"damage":0.0,"enemies":"Book of Stabbing","floor":30.0,"turns":2.0},{"damage":0.0,"enemies":"Collector","floor":33.0,"turns":1.0},{"damage":15.0,"enemies":"3 Shapes","floor":35.0,"turns":1.0},{"damage":0.0,"enemies":"Orb Walker","floor":36.0,"turns":1.0},{"damage":15.0,"enemies":"4 Shapes","floor":37.0,"turns":1.0},{"damage":15.0,"enemies":"Sphere and 2 Shapes","floor":38.0,"turns":1.0},{"damage":0.0,"enemies":"Jaw Worm Horde","floor":41.0,"turns":1.0},{"damage":0,"enemies":"Writhing Mass","floor":42,"turns":1},{"damage":0,"enemies":"Maw","floor":45,"turns":1},{"damage":0,"enemies":"Spire Growth","floor":46,"turns":1},{"damage":36,"enemies":"4 Shapes","floor":47,"turns":1},{"damage":0,"enemies":"Awakened One","floor":50,"turns":2}],"seed_played":"1385042204562869539","potions_obtained":[{"floor":7.0,"key":"DistilledChaos"},{"floor":12.0,"key":"Swift Potion"},{"floor":16.0,"key":"FearPotion"},{"floor":18.0,"key":"Fruit Juice"},{"floor":28.0,"key":"Energy Potion"},{"floor":36.0,"key":"FairyPotion"}],"is_trial":false,"path_per_floor":["M","$","M","?","?","R","M","T","T","?","M","M","M","$","R","B",null,"M","?","?","?","?","R","M","M","T","M","M","$","E","$","R","B",null,"M","M","M","M","?","R","M","M","T","$","M","M","M","$","R","B",null],"character_chosen":"WATCHER","items_purchased":["SteroidPotion","MentalFortress","SteroidPotion"],"campfire_rested":4,"item_purchase_floors":[31,48,48],"current_hp_per_floor":[70,70,70,70,70,70,70,70,70,70,63,44,42,42,63,63,72,77,63,63,53,53,53,51,44,44,39,39,39,39,39,63,63,82,67,67,52,37,37,61,61,61,61,61,61,61,25,25,49,49],"gold":74,"neow_bonus":"BOSS_RELIC","is_daily":false,"chose_seed":false,"campfire_upgraded":2,"win_rate":0.0,"timestamp":1609564325,"path_taken":["M","$","M","?","?","R","M","?","T","?","M","M","?","$","R","BOSS","M","?","?","?","?","R","M","?","T","M","M","$","E","$","R","BOSS","M","M","M","M","?","R","M","M","T","$","M","?","M","$","R","BOSS"],"items_purchased_type":["Potion","Card","Potion"],"build_version":"2020-12-22","purchased_purges":5,"victory":true,"max_hp_per_floor":[72,72,72,72,72,72,72,72,72,72,72,72,72,72,72,72,72,77,82,82,82,82,82,82,82,82,82,82,82,82,82,82,82,82,82,82,82,82,82,82,82,82,82,82,82,82,82,82,82,82],"card_choices":[{"not_picked":["SashWhip","Consecrate","Protect"],"picked":"SKIP","floor":1.0},{"not_picked":["Halt","Tantrum","ClearTheMind"],"picked":"SKIP","floor":3.0},{"not_picked":["Tantrum","Nirvana"],"picked":"Adaptation","floor":7.0},{"not_picked":["JustLucky","EmptyFist","Wireheading"],"picked":"SKIP","floor":11.0},{"not_picked":["BowlingBash","ThirdEye","Weave"],"picked":"SKIP","floor":12.0},{"not_picked":["ThirdEye","FlurryOfBlows"],"picked":"InnerPeace","floor":13.0},{"not_picked":["Crescendo","Weave","Nirvana"],"picked":"SKIP","floor":18.0},{"not_picked":["FlyingSleeves","Crescendo","BowlingBash"],"picked":"SKIP","floor":24.0},{"not_picked":["EmptyBody+1","Pray+1","ClearTheMind"],"picked":"SKIP","floor":25.0},{"not_picked":["JustLucky","InnerPeace","LikeWater+1"],"picked":"SKIP","floor":27.0},{"not_picked":["ThirdEye+1","Wish","ForeignInfluence"],"picked":"SKIP","floor":28.0},{"not_picked":["Wallop","EmptyMind","FollowUp"],"picked":"SKIP","floor":30.0},{"not_picked":["ForeignInfluence+1","BowlingBash+1","PathToVictory+1"],"picked":"SKIP","floor":35.0},{"not_picked":["CrushJoints","InnerPeace+1","FlurryOfBlows"],"picked":"SKIP","floor":36.0},{"not_picked":["CutThroughFate+1","Prostrate+1","Sanctity"],"picked":"SKIP","floor":37.0},{"not_picked":["Protect+1","Halt+1","Prostrate+1"],"picked":"SKIP","floor":38.0},{"not_picked":["BattleHymn","ClearTheMind","EmptyFist"],"picked":"SKIP","floor":41.0},{"not_picked":["FollowUp+1","Tantrum+1","ReachHeaven+1"],"picked":"SKIP","floor":42},{"not_picked":["BattleHymn","FearNoEvil","DeusExMachina"],"picked":"SKIP","floor":45},{"not_picked":["JustLucky+1","ReachHeaven","PathToVictory"],"picked":"SKIP","floor":46},{"not_picked":["Tantrum+1","SignatureMove","Adaptation+1"],"picked":"SKIP","floor":47}],"player_experience":30440,"relics_obtained":[],"event_choices":[{"cards_removed":["Defend_P"],"damage_healed":0.0,"max_hp_gain":0.0,"max_hp_loss":0.0,"gold_gain":0.0,"event_name":"Living Wall","player_choice":"Forget","floor":4.0,"gold_loss":0.0,"damage_taken":0.0},{"damage_healed":0.0,"max_hp_gain":0.0,"max_hp_loss":0.0,"gold_gain":0.0,"event_name":"Shining Light","player_choice":"Ignored","floor":5.0,"gold_loss":0.0,"damage_taken":0.0},{"damage_healed":0.0,"max_hp_gain":0.0,"max_hp_loss":0.0,"gold_gain":0.0,"event_name":"Scrap Ooze","player_choice":"Fled","floor":10.0,"gold_loss":0.0,"damage_taken":0.0},{"damage_healed":0.0,"max_hp_gain":5.0,"max_hp_loss":0.0,"gold_gain":0.0,"event_name":"Forgotten Altar","player_choice":"Shed Blood","floor":19.0,"gold_loss":0.0,"damage_taken":19.0},{"damage_healed":0.0,"max_hp_gain":0.0,"max_hp_loss":0.0,"gold_gain":99.0,"event_name":"Nest","player_choice":"Stole From Cult","floor":20.0,"gold_loss":0.0,"damage_taken":0.0},{"damage_healed":0.0,"max_hp_gain":0.0,"max_hp_loss":0.0,"gold_gain":0.0,"event_name":"Masked Bandits","player_choice":"Fought Bandits","floor":21.0,"gold_loss":0.0,"damage_taken":0.0},{"damage_healed":0.0,"max_hp_gain":0.0,"max_hp_loss":0.0,"gold_gain":0.0,"event_name":"The Mausoleum","player_choice":"Ignored","floor":22.0,"gold_loss":0.0,"damage_taken":0.0},{"cards_removed":["Defend_P"],"damage_healed":0.0,"max_hp_gain":0.0,"max_hp_loss":0.0,"gold_gain":0.0,"event_name":"Designer","player_choice":"Single Remove","floor":39.0,"gold_loss":60.0,"damage_taken":0.0}],"is_beta":false,"boss_relics":[{"not_picked":["SacredBark","Fusion Hammer","VioletLotus"]},{"not_picked":["VioletLotus","Pandora\u0027s Box","Busted Crown"]}],"items_purged_floors":[2,14,29,31,48],"is_endless":false,"potions_floor_spawned":[7,12,16,18,28,33,35,36,45,47],"ascension_level":0}}