{"host":"bu0lvejwxlz725fi","time":1609586836,"event":{"mods":["AchievementEnabler","BaseMod","Colored Powertips","Downfall","Hermit","Minty Spire (QoL Compilation)","Quick Restart","Robot Space Explorer","StSLib","The Bug Knight","The Disciple","The Hierophant","The Necromancer","The Servant 0.9.4","The Wild Card"],"gold_per_floor":[114,137,157,7,31,66,66,66,66,29,29,29,73,123,123,201,201,143,143,143,143,189,189,246,58,58,58,58,70,70,137,137,113,113],"floor_reached":33,"playtime":3239,"items_purged":[],"score":358,"play_id":"4433e0a6-6645-4546-90c8-1f3b6578e84a","local_time":"20210102122716","is_ascension_mode":false,"campfire_choices":[{"floor":11,"key":"REST"},{"floor":15,"key":"REST"},{"floor":23,"key":"REST"},{"floor":28,"key":"REST"},{"floor":32,"key":"REST"}],"circlet_count":0,"master_deck":["hierophant:Punish","hierophant:Defend_Hierophant","hierophant:Defend_Hierophant+1","hierophant:Defend_Hierophant","hierophant:Defend_Hierophant","hierophant:ChurchCoffers+1","hierophant:Doubloon","hierophant:CoinFling","hierophant:Zeal","hierophant:RepressedViolence","hierophant:SealAway","hierophant:LocustPlague","hierophant:ThreeLashes","hierophant:Sermon","hierophant:RustyCrate","hierophant:Doubloon+1","hierophant:Doubloon+1","hierophant:Community","hierophant:CursedGold","hierophant:Doubloon+1","hierophant:Prophecy","hierophant:FieryStrike","hierophant:WrathOfGod","hierophant:Martyrdom","hierophant:Chorus","Slimebound:CheckThePlaybook","Slimebound:Icky","hierophant:Doomsaying","hierophant:MorningPrayer+1","hierophant:Community","hierophant:SolarFlare","Bite","Bite","Bite","Bite","Bite","hierophant:Doubloon","hierophant:CursedGold+1"],"relics":["hierophant:PropheticMaskRelic","Whetstone","Orrery","Meat on the Bone","Pen Nib","Pear","Runic Pyramid","Nilry\u0027s Codex","MealTicket","Toolbox","HornCleat","War Paint"],"acts_visited":["Exordium","TheCity"],"potions_floor_usage":[6,6,24,33,33],"damage_taken":[{"damage":1,"enemies":"Jaw Worm","floor":1,"turns":4},{"damage":0,"enemies":"Cultist","floor":2,"turns":3},{"damage":0,"enemies":"Small Slimes","floor":3,"turns":2},{"damage":9,"enemies":"Blue Slaver","floor":5,"turns":4},{"damage":30,"enemies":"Lagavulin","floor":6,"turns":6},{"damage":7,"enemies":"Large Slime","floor":13,"turns":5},{"damage":6,"enemies":"3 Louse","floor":14,"turns":2},{"damage":50,"enemies":"Hexaghost","floor":16,"turns":10},{"damage":10,"enemies":"Spheric Guardian","floor":18,"turns":3},{"damage":11,"enemies":"Chosen","floor":22,"turns":5},{"damage":25,"enemies":"HollowMod:Nosk","floor":24,"turns":7},{"damage":21,"enemies":"Snake Plant","floor":29,"turns":2},{"damage":42,"enemies":"Slavers","floor":31,"turns":6},{"damage":66,"enemies":"Collector","floor":33,"turns":6}],"seed_played":"2683560682875413307","potions_obtained":[{"floor":1,"key":"SkillPotion"},{"floor":5,"key":"FearPotion"},{"floor":22,"key":"AttackPotion"},{"floor":29,"key":"AttackPotion"},{"floor":31,"key":"Block Potion"}],"is_trial":false,"path_per_floor":["M","M","M","$","M","E","?","?","T","$","R","$","M","M","R","B",null,"M","?","?","?","M","R","E","$","T","?","R","M","?","E","R","B"],"character_chosen":"HIEROPHANT","items_purchased":["Orrery","hierophant:CursedGold","hierophant:Community","Toolbox"],"campfire_rested":5,"item_purchase_floors":[4,10,25,25],"current_hp_per_floor":[74,74,74,74,65,35,23,23,33,33,58,58,51,45,70,32,85,75,59,59,59,48,73,48,63,63,47,74,53,53,29,47,0,0],"gold":113,"neow_bonus":"RANDOM_COMMON_RELIC","is_daily":false,"chose_seed":false,"campfire_upgraded":0,"win_rate":0.0,"timestamp":1609586836,"path_taken":["M","M","M","$","M","E","?","?","T","$","R","$","?","M","R","BOSS","M","?","?","?","M","R","E","$","T","?","R","M","?","E","R","BOSS"],"items_purchased_type":["Relic","Card","Card","Relic"],"build_version":"2020-12-22","purchased_purges":0,"victory":false,"max_hp_per_floor":[75,75,75,75,75,75,75,75,85,85,85,85,85,85,85,85,85,85,85,85,85,85,85,85,85,85,90,90,90,62,62,62,62,62],"card_choices":[{"not_picked":["hierophant:OrnateBuckler","hierophant:HammerAndAnvil"],"picked":"hierophant:CoinFling","floor":1},{"not_picked":["hierophant:Upheaval","hierophant:OrnateBuckler"],"picked":"hierophant:Zeal","floor":2},{"not_picked":["hierophant:Community","hierophant:Bribe","hierophant:Encroach"],"picked":"SKIP","floor":3},{"not_picked":["hierophant:Empathy","hierophant:Racketeering"],"picked":"hierophant:RepressedViolence","floor":4},{"not_picked":["hierophant:AuricBeam","hierophant:Racketeering"],"picked":"hierophant:SealAway","floor":4},{"not_picked":["hierophant:ArchangelShield","hierophant:Bribe"],"picked":"hierophant:LocustPlague","floor":4},{"not_picked":["hierophant:AuricShield","hierophant:SealAway"],"picked":"hierophant:ThreeLashes","floor":4},{"not_picked":["hierophant:Encroach","hierophant:Dazzle"],"picked":"hierophant:Sermon","floor":4},{"not_picked":["hierophant:Alms","hierophant:SealAway"],"picked":"hierophant:RustyCrate","floor":5},{"not_picked":["hierophant:Shelter","hierophant:Mercenaries"],"picked":"hierophant:Community","floor":6},{"not_picked":["hierophant:Remorse","hierophant:Chorus"],"picked":"hierophant:Prophecy","floor":13},{"not_picked":["hierophant:DisplayOfPower","hierophant:AuricBeam"],"picked":"hierophant:FieryStrike","floor":14},{"not_picked":["hierophant:DeathKnell","hierophant:Levitation"],"picked":"hierophant:WrathOfGod","floor":16},{"not_picked":["hierophant:Repentance","hierophant:Smite"],"picked":"hierophant:Martyrdom","floor":18},{"not_picked":["hierophant:Prophecy","hierophant:OrnateBuckler"],"picked":"hierophant:Doomsaying","floor":22},{"not_picked":["hierophant:Mercenaries+1","hierophant:Sermon+1"],"picked":"hierophant:MorningPrayer+1","floor":24},{"not_picked":["hierophant:Refuge","hierophant:HammerAndAnvil"],"picked":"hierophant:SolarFlare","floor":29},{"not_picked":["hierophant:Empathy+1","hierophant:Anathema"],"picked":"hierophant:CursedGold+1","floor":31}],"player_experience":153579,"relics_obtained":[{"floor":6,"key":"Meat on the Bone"},{"floor":9,"key":"Pear"},{"floor":19,"key":"Nilry\u0027s Codex"},{"floor":24,"key":"MealTicket"},{"floor":26,"key":"HornCleat"},{"floor":31,"key":"War Paint"}],"event_choices":[{"damage_healed":0,"gold_gain":0,"player_choice":"Success","damage_taken":12,"relics_obtained":["Pen Nib"],"max_hp_gain":0,"max_hp_loss":0,"event_name":"Scrap Ooze","floor":7,"gold_loss":0},{"damage_healed":0,"gold_gain":0,"player_choice":"Upgraded","damage_taken":0,"max_hp_gain":0,"max_hp_loss":0,"event_name":"Upgrade Shrine","floor":8,"gold_loss":0,"cards_upgraded":["hierophant:ChurchCoffers"]},{"damage_healed":0,"gold_gain":0,"player_choice":"Obtained Book","damage_taken":16,"max_hp_gain":0,"max_hp_loss":0,"event_name":"Cursed Tome","floor":19,"gold_loss":0},{"damage_healed":0,"gold_gain":0,"player_choice":"Read","damage_taken":0,"max_hp_gain":0,"max_hp_loss":0,"event_name":"The Library","floor":20,"gold_loss":0,"cards_obtained":["hierophant:Chorus"]},{"damage_healed":0,"gold_gain":0,"player_choice":"Shed Blood","damage_taken":21,"max_hp_gain":5,"max_hp_loss":0,"event_name":"Forgotten Altar","floor":27,"gold_loss":0},{"damage_healed":0,"gold_gain":0,"player_choice":"Became a vampire","damage_taken":0,"max_hp_gain":0,"max_hp_loss":28,"event_name":"Vampires","floor":30,"gold_loss":0,"cards_obtained":["Bite","Bite","Bite","Bite","Bite"]}],"is_beta":false,"boss_relics":[{"not_picked":["SlaversCollar","Snecko Eye"],"picked":"Runic Pyramid"}],"items_purged_floors":[],"is_endless":false,"potions_floor_spawned":[1,5,22,29,31],"killed_by":"Collector","ascension_level":0}}