{"host":"jtlvi4oh1uvp31nc","time":1609568098,"event":{"mods":["Abigail Mod","BaseMod","CapriCore","Marisa£¨Ùöéë¡¡Øª×âÞÞ£©","Minty Spire (QoL Compilation)","Prisma Mod","StSLib","The Immortal","WarShipGirlsR/??á´Ò³R mod"],"gold_per_floor":[432,397,397,436,292,376,466,547,571,646,721,823,898,931,931,1222,1222,1270,973,1009,1108,861,936,1023,1119,1119,1209,1302,1377,444,537,537,849,849,879,879,294,294,399,486,579,681,681,768,807,860,950,992,992,1286,1286,1286],"floor_reached":51,"playtime":5549,"items_purged":["rmod:victimresponsibility","rmod:seals","rmod:expedition"],"score":1633,"play_id":"b67c0c93-9721-41c1-9c9d-38aebf5f4f2e","local_time":"20210102151458","daily_mods":["Draft","Heirloom","Time Dilation","Flight","DeadlyEvents","Elite Swarm","Lethality","Midas"],"is_ascension_mode":true,"campfire_choices":[{"floor":15,"key":"REST"},{"floor":32,"key":"REST"},{"floor":49,"key":"REST"}],"circlet_count":0,"master_deck":["rmod:expedition","rmod:diamondstrike","rmod:gendarmerie","rmod:generalist+1","rmod:wife","rmod:lonelyqueen","rmod:diamondstrike+1","rmod:supportaircraftcarrier","rmod:fuelsupply","rmod:ring","rmod:smokecover","rmod:unsinkable","rmod:robin","rmod:seals","rmod:secretscript","rmod:acesubmarine","rmod:highspeedmaneuver","rmod:ridicule","rmod:highspeedmaneuver","rmod:steelsupply+1","rmod:acesubmarine","rmod:acesubmarine","rmod:circuitoustactics+1","rmod:ridicule+1","rmod:supriseattacks+1","rmod:fletcherpendant","rmod:fuelsupply+1","Master of Strategy+1","rmod:windflower+1","rmod:steelsupply+1","rmod:goodfighter+1","rmod:steelsupply+1","rmod:ridicule+1","rmod:ridicule+1","rmod:rockthrower+1","rmod:firesupport+1","rmod:aluminumsupply+1","rmod:gendarmerie+1","rmod:wolves+1"],"relics":["rmod:firstchargereward","Old Coin","Bag of Preparation","Whetstone","Toy Ornithopter","Strawberry","MealTicket","Question Card","rmod:extraamm","Oddly Smooth Stone","Centennial Puzzle","Empty Cage","Anchor","Red Mask","Shuriken","Regal Pillow","Pen Nib","Toxic Egg 2","Tiny Chest","Akabeko","War Paint","Sling","Bag of Marbles","Prayer Wheel","Happy Flower","SlaversCollar","Potion Belt","FossilizedHelix","HandDrill","Lantern","Letter Opener","Mango","Omamori","Bottled Tornado","Art of War","Dream Catcher","Boot","Cursed Key"],"acts_visited":["Exordium","TheCity","TheBeyond","Exordium"],"potions_floor_usage":[6,16,23,23],"damage_taken":[{"damage":1,"enemies":"2 Louse","floor":1,"turns":4},{"damage":0,"enemies":"Cultist","floor":4,"turns":3},{"damage":12,"enemies":"3 Sentries","floor":6,"turns":4},{"damage":17,"enemies":"Gremlin Nob","floor":7,"turns":4},{"damage":0,"enemies":"Lagavulin","floor":8,"turns":5},{"damage":12,"enemies":"3 Sentries","floor":10,"turns":3},{"damage":0,"enemies":"Gremlin Nob","floor":11,"turns":3},{"damage":0,"enemies":"Lagavulin","floor":12,"turns":5},{"damage":36,"enemies":"Gremlin Nob","floor":13,"turns":5},{"damage":0,"enemies":"Jaw Worm","floor":14,"turns":2},{"damage":18,"enemies":"The Guardian","floor":16,"turns":5},{"damage":3,"enemies":"Shell Parasite","floor":18,"turns":4},{"damage":4,"enemies":"Spheric Guardian","floor":20,"turns":5},{"damage":0,"enemies":"Masked Bandits","floor":21,"turns":2},{"damage":0,"enemies":"Book of Stabbing","floor":23,"turns":3},{"damage":19,"enemies":"Slavers","floor":24,"turns":5},{"damage":21,"enemies":"Gremlin Leader","floor":25,"turns":4},{"damage":15,"enemies":"Slavers","floor":27,"turns":2},{"damage":0,"enemies":"Gremlin Leader","floor":28,"turns":3},{"damage":0,"enemies":"Book of Stabbing","floor":31,"turns":2},{"damage":9,"enemies":"Champ","floor":33,"turns":3},{"damage":0,"enemies":"Orb Walker","floor":35,"turns":1},{"damage":0,"enemies":"Reptomancer","floor":39,"turns":1},{"damage":0,"enemies":"Giant Head","floor":40,"turns":3},{"damage":0,"enemies":"Reptomancer","floor":41,"turns":1},{"damage":0,"enemies":"Nemesis","floor":42,"turns":1},{"damage":0,"enemies":"Reptomancer","floor":44,"turns":1},{"damage":0,"enemies":"3 Darklings","floor":45,"turns":1},{"damage":0,"enemies":"Nemesis","floor":47,"turns":1},{"damage":0,"enemies":"Writhing Mass","floor":48,"turns":1},{"damage":0,"enemies":"Awakened One","floor":50,"turns":4}],"seed_played":"3399263901718550163","potions_obtained":[{"floor":4,"key":"PowerPotion"},{"floor":8,"key":"FearPotion"},{"floor":13,"key":"CultistPotion"},{"floor":16,"key":"Swift Potion"},{"floor":20,"key":"Block Potion"},{"floor":27,"key":"Ancient Potion"},{"floor":31,"key":"DuplicationPotion"},{"floor":39,"key":"EntropicBrew"},{"floor":42,"key":"ColorlessPotion"}],"is_trial":true,"path_per_floor":["M","$","?","M","$","E","E","E","T","E","E","E","E","M","R","B",null,"M","$","M","?","$","E","E","E","T","E","E","?","$","E","R","B",null,"M","T","$","?","E","E","E","E","T","E","M","T","E","M","R","B",null],"character_chosen":"PRAEFECT","items_purchased":["rmod:expedition","Bag of Preparation","Anchor","rmod:acesubmarine","Shuriken","rmod:fuelsupply+1","Sling","Bag of Marbles","Prayer Wheel","Master of Strategy+1","FossilizedHelix","HandDrill"],"campfire_rested":3,"item_purchase_floors":[2,5,19,19,22,30,30,30,30,30,37,37],"current_hp_per_floor":[74,74,74,74,74,62,45,52,52,40,40,40,4,4,28,15,82,79,82,78,78,82,82,63,42,42,27,27,19,34,34,73,64,82,82,82,82,82,82,82,96,96,96,96,96,96,96,96,96,96,96,96],"gold":1286,"neow_bonus":"","is_daily":false,"chose_seed":false,"campfire_upgraded":0,"win_rate":0.0,"timestamp":1609568098,"path_taken":["M","$","?","?","?","E","E","E","T","E","?","E","E","?","R","BOSS","M","$","?","?","$","E","E","E","T","?","E","?","$","?","R","BOSS","M","?","$","?","?","E","E","E","T","E","?","?","E","M","R","BOSS"],"items_purchased_type":["Card","Relic","Relic","Card","Relic","Card","Relic","Relic","Relic","Card","Relic","Relic"],"build_version":"2020-12-22","purchased_purges":3,"victory":false,"max_hp_per_floor":[75,75,75,75,75,75,75,82,82,82,82,82,82,82,82,82,82,82,82,82,82,82,82,82,82,82,82,82,82,82,82,82,82,82,82,82,82,82,82,82,96,96,96,96,96,96,96,96,96,96,96,96],"card_choices":[{"not_picked":["rmod:generalist","rmod:firesupport"],"picked":"rmod:fuelsupply","floor":0},{"not_picked":["rmod:wolves","rmod:lonelyqueen"],"picked":"rmod:expedition","floor":0},{"not_picked":["rmod:garrisonisland","rmod:sl"],"picked":"rmod:diamondstrike","floor":0},{"not_picked":["rmod:chargemoney","rmod:salvage"],"picked":"rmod:gendarmerie","floor":0},{"not_picked":["rmod:openingtorpedo","rmod:heivgo"],"picked":"rmod:victimresponsibility","floor":0},{"not_picked":["rmod:maintain","rmod:diamondstrike"],"picked":"rmod:generalist","floor":0},{"not_picked":["rmod:fletcherpendant","rmod:aggressivemary"],"picked":"rmod:wife","floor":0},{"not_picked":["rmod:openingtorpedo","rmod:steelsupply"],"picked":"rmod:lonelyqueen","floor":0},{"not_picked":["rmod:aviationdawn","rmod:tearstotiara"],"picked":"rmod:diamondstrike","floor":0},{"not_picked":["rmod:fletcherpendant","rmod:ammunitionsupply"],"picked":"rmod:supportaircraftcarrier","floor":0},{"not_picked":["rmod:capitalist","rmod:supportescort"],"picked":"rmod:fletcherpendant","floor":0},{"not_picked":["rmod:chargemoney","rmod:supportescort"],"picked":"rmod:fuelsupply","floor":0},{"not_picked":["rmod:aviationdawn","rmod:steelsupply"],"picked":"rmod:ring","floor":0},{"not_picked":["rmod:fuelsupply","rmod:goodfighter"],"picked":"rmod:smokecover","floor":0},{"not_picked":["rmod:wolves","rmod:tearstotiara"],"picked":"rmod:unsinkable","floor":0},{"not_picked":["rmod:ammunitionsupply","rmod:ring"],"picked":"rmod:robin","floor":1},{"not_picked":["rmod:aviationdawn","rmod:maintain"],"picked":"rmod:goodsister","floor":4},{"not_picked":["rmod:windflower","rmod:timeschanged"],"picked":"rmod:seals","floor":6},{"not_picked":["rmod:timeschanged","rmod:windflower"],"picked":"rmod:secretscript","floor":7},{"not_picked":["rmod:abidefaith","rmod:supriseattacks"],"picked":"rmod:acesubmarine","floor":8},{"not_picked":["rmod:u235","rmod:fletcher"],"picked":"rmod:highspeedmaneuver","floor":10},{"not_picked":["rmod:abidefaith","rmod:windflower","rmod:u235"],"picked":"rmod:seals","floor":11},{"not_picked":["rmod:fletcher","rmod:u235","rmod:secretscript"],"picked":"rmod:ridicule","floor":12},{"not_picked":["rmod:fletcher","rmod:windflower","rmod:expeditionaryescort"],"picked":"rmod:highspeedmaneuver","floor":13},{"not_picked":["rmod:spoils","rmod:aviationdawn","rmod:ammunitionsupply"],"picked":"rmod:steelsupply","floor":14},{"not_picked":["rmod:u235","rmod:highspeedmaneuver","rmod:stealaluminum"],"picked":"rmod:acesubmarine","floor":16},{"not_picked":["rmod:firesupport","rmod:victimresponsibility+1","rmod:steelsupply+1","rmod:luckystar"],"picked":"SKIP","floor":18},{"not_picked":["rmod:aviationdawn","rmod:launchingtorpedo","rmod:smokecover","rmod:lonelyqueen"],"picked":"SKIP","floor":20},{"not_picked":["rmod:firesupport+1","rmod:wolves","rmod:supportescort"],"picked":"rmod:circuitoustactics+1","floor":21},{"not_picked":["rmod:u235","rmod:expeditionaryescort","rmod:stealaluminum","rmod:highspeedmaneuver"],"picked":"SKIP","floor":23},{"not_picked":["rmod:seals","rmod:stealaluminum","rmod:expeditionaryescort"],"picked":"rmod:ridicule","floor":24},{"not_picked":["rmod:fletcher","rmod:expeditionaryescort","rmod:desperatesituation","rmod:acesubmarine"],"picked":"SKIP","floor":25},{"not_picked":["rmod:ridicule+1","rmod:expeditionaryescort","rmod:highspeedmaneuver+1"],"picked":"rmod:supriseattacks+1","floor":27},{"not_picked":["rmod:stealaluminum","rmod:secretscript","rmod:timeschanged","rmod:u235+1"],"picked":"SKIP","floor":28},{"not_picked":["rmod:fletcher","rmod:secretscript","rmod:u235+1"],"picked":"rmod:windflower+1","floor":31},{"not_picked":["rmod:aviationdawn+1","rmod:luckystar","rmod:victimresponsibility+1"],"picked":"rmod:steelsupply+1","floor":35},{"not_picked":["rmod:diamondstrike","rmod:ring+1","rmod:expedition"],"picked":"rmod:goodfighter+1","floor":35},{"not_picked":["rmod:acesubmarine","rmod:secretscript","rmod:windflower+1","rmod:fletcher"],"picked":"SKIP","floor":39},{"not_picked":["rmod:fletcher","rmod:secretscript","rmod:timeschanged"],"picked":"rmod:ridicule+1","floor":40},{"not_picked":["rmod:u235+1","rmod:timeschanged","rmod:stealaluminum"],"picked":"rmod:ridicule+1","floor":41},{"not_picked":["rmod:acesubmarine","rmod:fletcher","rmod:expeditionaryescort","rmod:stealaluminum"],"picked":"SKIP","floor":42},{"not_picked":["rmod:ridicule+1","rmod:timeschanged","rmod:desperatesituation","rmod:u235+1"],"picked":"SKIP","floor":44},{"not_picked":["rmod:sl+1","rmod:maintain+1","rmod:unsinkable+1"],"picked":"rmod:rockthrower+1","floor":45},{"not_picked":["rmod:victimresponsibility+1","rmod:unsinkable+1","rmod:diamondstrike+1"],"picked":"rmod:firesupport+1","floor":45},{"not_picked":["rmod:supriseattacks+1","rmod:abidefaith","rmod:expeditionaryescort","rmod:ridicule+1"],"picked":"SKIP","floor":47},{"not_picked":["rmod:goodfighter","rmod:steelsupply+1","rmod:bulid+1"],"picked":"rmod:aluminumsupply+1","floor":48},{"not_picked":["rmod:circuitoustactics+1","rmod:steelsupply+1","rmod:selfconfidence+1"],"picked":"rmod:gendarmerie+1","floor":48},{"not_picked":["rmod:steelsupply+1","rmod:intelligenceanalysis+1","rmod:highspeedmaneuver+1"],"picked":"rmod:wolves+1","floor":49}],"player_experience":582389,"relics_obtained":[{"floor":6,"key":"Whetstone"},{"floor":7,"key":"Toy Ornithopter"},{"floor":8,"key":"Strawberry"},{"floor":9,"key":"MealTicket"},{"floor":10,"key":"Question Card"},{"floor":11,"key":"rmod:extraamm"},{"floor":12,"key":"Oddly Smooth Stone"},{"floor":13,"key":"Centennial Puzzle"},{"floor":21,"key":"Red Mask"},{"floor":23,"key":"Regal Pillow"},{"floor":24,"key":"Pen Nib"},{"floor":25,"key":"Toxic Egg 2"},{"floor":26,"key":"Tiny Chest"},{"floor":27,"key":"Akabeko"},{"floor":28,"key":"War Paint"},{"floor":31,"key":"Happy Flower"},{"floor":36,"key":"Potion Belt"},{"floor":39,"key":"Lantern"},{"floor":40,"key":"Letter Opener"},{"floor":41,"key":"Mango"},{"floor":42,"key":"Omamori"},{"floor":43,"key":"Bottled Tornado"},{"floor":44,"key":"Art of War"},{"floor":46,"key":"Dream Catcher"},{"floor":47,"key":"Boot"}],"event_choices":[{"cards_removed":["rmod:fuelsupply"],"damage_healed":0,"gold_gain":0,"player_choice":"Purged","damage_taken":0,"max_hp_gain":0,"max_hp_loss":0,"event_name":"Purifier","floor":3,"gold_loss":0},{"damage_healed":0,"gold_gain":0,"player_choice":"Fought Bandits","damage_taken":0,"max_hp_gain":0,"max_hp_loss":0,"event_name":"Masked Bandits","floor":21,"gold_loss":0},{"damage_healed":0,"gold_gain":75,"player_choice":"Touch","damage_taken":8,"max_hp_gain":0,"max_hp_loss":0,"event_name":"FaceTrader","floor":29,"gold_loss":0},{"damage_healed":0,"gold_gain":0,"player_choice":"Copied","damage_taken":0,"max_hp_gain":0,"max_hp_loss":0,"event_name":"Duplicator","floor":38,"gold_loss":0,"cards_obtained":["rmod:steelsupply"]}],"is_beta":false,"boss_relics":[{"not_picked":["Ectoplasm","Snecko Eye"],"picked":"Empty Cage"},{"not_picked":["Tiny House","rmod:mogul"],"picked":"SlaversCollar"},{"not_picked":["Runic Pyramid","Coffee Dripper"],"picked":"Cursed Key"}],"items_purged_floors":[19,30,37],"is_endless":true,"potions_floor_spawned":[4,8,13,16,20,27,31,33,39,42,44,45,50],"ascension_level":1}}