{"host":"nc2y572cy63kp82t","time":1609594871,"event":{"mods":["BaseMod","Dota2Spire","Friendly Minions","Minty Spire (QoL Compilation)","Prisma Mod","StSLib","The Animator","Yakumo Yukari mod"],"gold_per_floor":[132,38,213,225,88,116,116,130,130,130,80,155,155,155],"floor_reached":13,"playtime":421,"items_purged":[],"score":106,"play_id":"84fbfc89-36e7-4a6a-b20f-843b2b4707d8","local_time":"20210102214110","is_ascension_mode":false,"campfire_choices":[{"data":"Dramatic Entrance","floor":7,"key":"SMITH"},{"data":"Enlightenment","floor":10,"key":"SMITH"}],"circlet_count":0,"master_deck":["AT_purpleEX","AT_purpleEX","AT_purpleEX","AT_purpleEX","Defend_purpleEX","Defend_purpleEX","Defend_purpleEX","Defend_purpleEX","Observe_purple_1","Observe_purple_2","PositiveMatter_Antimatter_Universe_purple","Dramatic Entrance+1","LoveAcrossDimensions_purple","Enlightenment+1","Shallow_ocean_purpleEX","DarkRealmRedLine_purple","Mirror_Drifter_purple"],"relics":["Boundary_crack","Memoryfragments_purpleEX","NeowsBlessing","The Courier","Pantograph"],"acts_visited":["Exordium"],"potions_floor_usage":[13],"damage_taken":[{"damage":0,"enemies":"Small Slimes","floor":1,"turns":2},{"damage":0,"enemies":"2 Louse","floor":4,"turns":1},{"damage":21,"enemies":"Gremlin Nob","floor":6,"turns":1},{"damage":8,"enemies":"Jaw Worm","floor":8,"turns":4},{"damage":32,"enemies":"Lagavulin","floor":13,"turns":3}],"seed_played":"-7207846557295335948","potions_obtained":[{"floor":8,"key":"ColorlessPotion"}],"is_trial":false,"path_per_floor":["M","$","?","M","$","E","R","M","T","R","?","?","E"],"character_chosen":"Youkari","items_purchased":["Dramatic Entrance","Enlightenment","Shallow_ocean_purpleEX"],"campfire_rested":0,"item_purchase_floors":[2,5,5],"current_hp_per_floor":[70,70,70,70,70,49,49,42,42,42,42,31,0,0],"gold":155,"neow_bonus":"THREE_ENEMY_KILL","is_daily":false,"chose_seed":false,"campfire_upgraded":2,"win_rate":0.0,"timestamp":1609594870,"path_taken":["M","$","?","M","$","E","R","M","T","R","?","?","E"],"items_purchased_type":["Card","Card","Card"],"build_version":"2020-12-22","purchased_purges":0,"victory":false,"max_hp_per_floor":[70,70,70,70,70,70,70,70,70,70,70,70,70,70],"card_choices":[{"not_picked":["Realm_recovery_purpleEX","DimensionStaggered_purple"],"picked":"PositiveMatter_Antimatter_Universe_purple","floor":1},{"not_picked":["OmniscientAndOmnipotent_Monster_purple","Realm_recovery_purpleEX"],"picked":"LoveAcrossDimensions_purple","floor":4},{"not_picked":["WingOfChimera_purple","DimensionStaggered_purple"],"picked":"DarkRealmRedLine_purple","floor":6},{"not_picked":["Mirror_FormAndEmptin_purple","Boundary_of_Extermination_purpleEX"],"picked":"Mirror_Drifter_purple","floor":8}],"player_experience":325767,"relics_obtained":[{"floor":6,"key":"The Courier"},{"floor":9,"key":"Pantograph"}],"event_choices":[{"damage_healed":0,"gold_gain":175,"player_choice":"AGREE","damage_taken":0,"max_hp_gain":0,"max_hp_loss":0,"event_name":"Liars Game","floor":3,"gold_loss":0,"cards_obtained":["Doubt"]},{"cards_removed":["Doubt"],"damage_healed":0,"gold_gain":0,"player_choice":"Card Removal","damage_taken":0,"max_hp_gain":0,"max_hp_loss":0,"event_name":"The Cleric","floor":11,"gold_loss":50},{"damage_healed":0,"gold_gain":75,"player_choice":"Gather Gold","damage_taken":11,"max_hp_gain":0,"max_hp_loss":0,"event_name":"World of Goop","floor":12,"gold_loss":0}],"is_beta":false,"boss_relics":[],"items_purged_floors":[],"is_endless":false,"potions_floor_spawned":[8],"killed_by":"Lagavulin","ascension_level":0}}