{"host":"se62q65hiqxz7cab","time":1609596477,"event":{"mods":["Act Like it!","BaseMod","Colored Map","Hallownest","Minty Spire (QoL Compilation)","Replay The Spire","Shop Mod","StSLib","The Bug Knight"],"gold_per_floor":[111,111,130,149,149,149,159,159,159,175,175,185,185,216,216,313,313,332,35,35,52,52,52,18,28,28,28,43,43,63,79,79,175,175,187,127,139,139,139],"floor_reached":38,"playtime":1833,"items_purged":[],"score":378,"play_id":"081cb826-026c-415f-872f-d1b057f7a34e","local_time":"20210102220756","is_ascension_mode":false,"campfire_choices":[{"data":"HollowMod:SoulSplash","floor":6,"key":"SMITH"},{"floor":13,"key":"REST"},{"floor":15,"key":"REST"},{"floor":23,"key":"REST"},{"floor":27,"key":"REST"},{"floor":29,"key":"REST"},{"floor":32,"key":"REST"}],"circlet_count":1,"master_deck":["HollowMod:NailStrikeStart+1","HollowMod:NailStrikeStart+1","HollowMod:NailStrikeStart","HollowMod:NailStrikeStart","HollowMod:QuickDashStart","HollowMod:QuickDashStart","HollowMod:QuickDashStart","HollowMod:QuickDashStart","HollowMod:FocusHealStart","HollowMod:PogoStrike","HollowMod:CornifersMapStart","HollowMod:SoulSplash+1","HollowMod:SoulSplash","HollowMod:SoulVessel","HollowMod:BaldurShell","HollowMod:SlysStrikes+1","HollowMod:SlysStrikes+1","HollowMod:LifebloodCocoon","HollowMod:DesolateDive+1","HollowMod:CloakDash+1","HollowMod:RecoilStrike","HollowMod:CycloneSlash+1","HollowMod:SoulStrike","HollowMod:DashSlash+1","HollowMod:BaldurShell","HollowMod:SlysStrikes+1","HollowMod:MantisMark+1"],"relics":["HollowMod:VesselMask","Hallownest:DreamNailRelic","Golden Egg","Circlet","Potion Belt","Vajra","Kunai","HollowMod:IsmasTear","Black Star"],"acts_visited":["Exordium","Hallownest:Greenpath","Hallownest:CityofTears"],"potions_floor_usage":[14,14,30,33,33,35,37],"damage_taken":[{"damage":2,"enemies":"Hallownest:2_Tiktiks_and_1_Crawlid","floor":1,"turns":4},{"damage":0,"enemies":"Hallownest:monsterHuskGuard","floor":3,"turns":3},{"damage":2,"enemies":"2_ Uuma","floor":4,"turns":4},{"damage":25,"enemies":"Hallownest:1_Ooma_and_2_Uuma","floor":7,"turns":6},{"damage":4,"enemies":"Hallownest:Wandering_and_Horned","floor":10,"turns":5},{"damage":4,"enemies":"Hallownest:MossCreep_and_Mosskin","floor":12,"turns":4},{"damage":29,"enemies":"Hallownest:eliteCrystalGuardian","floor":14,"turns":7},{"damage":23,"enemies":"Hallownest:BossBrokenVessel","floor":16,"turns":8},{"damage":20,"enemies":"Hallownest:Guard_and_Sentry","floor":18,"turns":5},{"damage":18,"enemies":"Hallownest:2_Mistakes","floor":21,"turns":7},{"damage":29,"enemies":"Hallownest:monsterShrumalOgre","floor":25,"turns":5},{"damage":31,"enemies":"Hallownest:2_Husk_Sentries","floor":28,"turns":7},{"damage":15,"enemies":"Hallownest:Master_and_Novice","floor":30,"turns":5},{"damage":24,"enemies":"Hallownest:monsterShrumalOgre","floor":31,"turns":5},{"damage":26,"enemies":"Hallownest:BossGrimm","floor":33,"turns":8},{"damage":40,"enemies":"Hallownest:Shield_Heavy","floor":35,"turns":6},{"damage":29,"enemies":"Hallownest:2_Littles","floor":37,"turns":6},{"damage":14,"enemies":"Hallownest:2_Wandering_and_1_Horned","floor":38,"turns":2}],"seed_played":"-6528766853549099562","potions_obtained":[{"floor":1,"key":"Cursed Concoction"},{"floor":7,"key":"PowerPotion"},{"floor":12,"key":"Regen Potion"},{"floor":21,"key":"Dexterity Potion"},{"floor":30,"key":"Energy Potion"},{"floor":31,"key":"Weak Potion"},{"floor":33,"key":"Weak Potion"},{"floor":37,"key":"GamblersBrew"}],"is_trial":false,"path_per_floor":["M","?","M","M","T","R","M","?","T","M","?","M","R","E","R","B",null,"M","$","?","M","?","R","$","M","T","R","M","R","M","M","R","B",null,"M","?","M","M"],"character_chosen":"THE_BUGKNIGHT","items_purchased":["Kunai","HollowMod:DesolateDive","HollowMod:CycloneSlash+1"],"campfire_rested":6,"item_purchase_floors":[19,19,24],"current_hp_per_floor":[73,73,73,75,75,75,50,50,50,46,46,42,64,44,66,49,75,55,55,55,37,37,59,59,30,30,52,21,43,28,4,26,6,75,35,42,13,0,0],"gold":139,"neow_bonus":"THREE_CARDS","is_daily":false,"chose_seed":false,"campfire_upgraded":1,"win_rate":0.0,"timestamp":1609596476,"path_taken":["M","?","M","?","?","R","M","?","T","M","?","M","R","E","R","BOSS","M","$","?","?","?","R","?","M","T","R","M","R","M","M","R","BOSS","M","?","M","M"],"items_purchased_type":["Relic","Card","Card"],"build_version":"2020-12-22","purchased_purges":0,"victory":false,"max_hp_per_floor":[75,75,75,75,75,75,75,75,75,75,75,75,75,75,75,75,75,75,75,75,75,75,75,75,75,75,75,75,75,75,75,75,75,75,75,82,82,82,82],"card_choices":[{"not_picked":["HollowMod:SharpenedNail","HollowMod:NewLittleFool"],"picked":"HollowMod:CornifersMapStart","floor":0},{"not_picked":["HollowMod:CrystalDash","HollowMod:NewGlowingWomb"],"picked":"HollowMod:SoulSplash","floor":1},{"not_picked":["HollowMod:SharpenedNail","HollowMod:Grubsong"],"picked":"HollowMod:SoulSplash","floor":3},{"not_picked":["HollowMod:Grubsong","HollowMod:FastStrike"],"picked":"HollowMod:SoulVessel","floor":4},{"not_picked":["HollowMod:PerfectDash","HollowMod:ShadowDash","HollowMod:InfectionAssault"],"picked":"SKIP","floor":7},{"not_picked":["HollowMod:SiblingsShadow","HollowMod:TaintedHusks","HollowMod:theNailsmith"],"picked":"SKIP","floor":10},{"not_picked":["HollowMod:HowlingWraiths","HollowMod:HeavyBlow"],"picked":"HollowMod:BaldurShell","floor":12},{"not_picked":["HollowMod:ShadowDash","HollowMod:LordofShades"],"picked":"HollowMod:SlysStrikes","floor":14},{"not_picked":["HollowMod:PaleKingsBlessing","HollowMod:LifebloodCore"],"picked":"HollowMod:SlysStrikes","floor":16},{"not_picked":["HollowMod:DescendingDark+1","HollowMod:TaintedHusks"],"picked":"HollowMod:LifebloodCocoon","floor":18},{"not_picked":["HollowMod:VengefulVoid","HollowMod:MothsMistake","HollowMod:TaintedHusks+1"],"picked":"SKIP","floor":21},{"not_picked":["HollowMod:LifebloodCocoon","HollowMod:VengefulVoid+1"],"picked":"HollowMod:CloakDash+1","floor":22},{"not_picked":["HollowMod:SiblingsSouls","HollowMod:FastStrike"],"picked":"HollowMod:RecoilStrike","floor":22},{"not_picked":["HollowMod:PureNailStrike+1","HollowMod:BlackTendrils","HollowMod:LifebloodCocoon+1"],"picked":"SKIP","floor":25},{"not_picked":["HollowMod:LordofShades","HollowMod:InfectionAssault"],"picked":"HollowMod:SoulStrike","floor":28},{"not_picked":["HollowMod:HeavyBlow","HollowMod:CycloneSlash"],"picked":"HollowMod:DashSlash+1","floor":30},{"not_picked":["HollowMod:CloakDash","HollowMod:DoubleDash"],"picked":"HollowMod:BaldurShell","floor":31},{"not_picked":["HollowMod:HerrahsAnger","HollowMod:HornetsHelp"],"picked":"HollowMod:SlysStrikes","floor":33},{"not_picked":["HollowMod:FastStrike","HollowMod:CycloneSlash","HollowMod:MothsMistake"],"picked":"SKIP","floor":35},{"not_picked":["HollowMod:WraithStrike","HollowMod:GoodIntentions+1"],"picked":"HollowMod:MantisMark+1","floor":37}],"player_experience":156351,"relics_obtained":[{"floor":5,"key":"Golden Egg"},{"floor":9,"key":"Potion Belt"},{"floor":14,"key":"Vajra"},{"floor":26,"key":"HollowMod:IsmasTear"}],"event_choices":[],"is_beta":false,"boss_relics":[{"not_picked":["Fusion Hammer","Velvet Choker","Calling Bell"]},{"not_picked":["Snecko Eye","Replay:Grab Bag"],"picked":"Black Star"}],"items_purged_floors":[],"is_endless":false,"potions_floor_spawned":[1,7,12,21,30,31,33,37],"killed_by":"Hallownest:2_Wandering_and_1_Horned","ascension_level":0}}