{"host":"v711dtdb46xe9u7l","time":1609597567,"event":{"mods":["BaseMod","Minty Spire (QoL Compilation)","StSLib"],"gold_per_floor":[109,129,129,149,27,59,59,77,77,77,94,94,120,135,135,231,231,246,263,16,35,49,49,49,84,84,97,97,97,113,138,138,243,243,263,313,329,329,342,342,342],"floor_reached":40,"playtime":2378,"items_purged":["Strike_P"],"score":631,"play_id":"19e2d153-824e-4bd3-8107-1673014a2a0a","local_time":"20210102142607","is_ascension_mode":true,"campfire_choices":[{"data":"Protect","floor":7,"key":"SMITH"},{"data":"Eruption","floor":10,"key":"SMITH"},{"data":"Vigilance","floor":12,"key":"SMITH"},{"data":"DeceiveReality","floor":15,"key":"SMITH"},{"floor":23,"key":"RECALL"},{"data":"ClearTheMind","floor":28,"key":"SMITH"},{"floor":32,"key":"REST"}],"circlet_count":0,"master_deck":["Strike_P","Strike_P","Defend_P","Defend_P","Defend_P","Eruption+1","Vigilance+1","LikeWater","SignatureMove","SandsOfTime","Protect+1","DeceiveReality+1","CrushJoints+1","CutThroughFate+1","LikeWater","Scrawl","Consecrate+1","ClearTheMind+1","MentalFortress","Fasting2","Tantrum+1","TalkToTheHand+1"],"relics":["Runic Dome","Molten Egg 2","Torii","Busted Crown","TeardropLocket","Prayer Wheel","GoldenEye","The Courier","SacredBark","Pocketwatch"],"acts_visited":["Exordium","TheCity","TheBeyond"],"potions_floor_usage":[4,16,27,31,33,40],"damage_taken":[{"damage":0,"enemies":"2 Louse","floor":1,"turns":2},{"damage":0,"enemies":"Cultist","floor":2,"turns":3},{"damage":0,"enemies":"Jaw Worm","floor":4,"turns":1},{"damage":17,"enemies":"3 Sentries","floor":6,"turns":12},{"damage":0,"enemies":"2 Fungi Beasts","floor":8,"turns":4},{"damage":4,"enemies":"Gremlin Gang","floor":11,"turns":6},{"damage":0,"enemies":"3 Louse","floor":14,"turns":3},{"damage":0,"enemies":"Slime Boss","floor":16,"turns":3},{"damage":0,"enemies":"Chosen","floor":18,"turns":2},{"damage":0,"enemies":"Spheric Guardian","floor":19,"turns":5},{"damage":0,"enemies":"3 Cultists","floor":21,"turns":4},{"damage":0,"enemies":"Sentry and Sphere","floor":22,"turns":2},{"damage":0,"enemies":"Book of Stabbing","floor":25,"turns":3},{"damage":1,"enemies":"Chosen and Byrds","floor":27,"turns":2},{"damage":7,"enemies":"Snake Plant","floor":30,"turns":2},{"damage":13,"enemies":"Gremlin Leader","floor":31,"turns":6},{"damage":53,"enemies":"Collector","floor":33,"turns":9},{"damage":1,"enemies":"Orb Walker","floor":35,"turns":3},{"damage":1,"enemies":"Mind Bloom Boss Battle","floor":36,"turns":5},{"damage":7,"enemies":"3 Darklings","floor":37,"turns":6},{"damage":26,"enemies":"Writhing Mass","floor":39,"turns":5},{"damage":42,"enemies":"Reptomancer","floor":40,"turns":5}],"seed_played":"5775653217928695474","potions_obtained":[{"floor":1,"key":"BlessingOfTheForge"},{"floor":14,"key":"FearPotion"},{"floor":16,"key":"Block Potion"},{"floor":19,"key":"Dexterity Potion"},{"floor":22,"key":"Energy Potion"},{"floor":30,"key":"PowerPotion"},{"floor":31,"key":"SteroidPotion"},{"floor":36,"key":"SteroidPotion"}],"is_trial":false,"path_per_floor":["M","M","?","M","$","E","R","M","T","R","M","R","T","M","R","B",null,"M","M","$","M","M","R","?","E","T","M","R","?","M","E","R","B",null,"M","?","M","?","M","E"],"character_chosen":"WATCHER","items_purchased":["Protect","TeardropLocket"],"campfire_rested":1,"item_purchase_floors":[5,20],"current_hp_per_floor":[72,72,72,72,72,55,55,55,55,55,51,51,51,51,51,51,67,67,67,67,67,67,67,54,54,54,53,53,53,46,33,56,3,59,58,57,50,50,24,0,0],"gold":342,"neow_bonus":"BOSS_RELIC","is_daily":false,"chose_seed":false,"campfire_upgraded":5,"win_rate":0.0,"timestamp":1609597567,"path_taken":["M","M","?","M","?","E","R","?","T","R","M","R","?","M","R","BOSS","M","M","$","M","M","R","?","E","T","M","R","?","?","E","R","BOSS","M","?","M","?","M","E"],"items_purchased_type":["Card","Relic"],"build_version":"2020-12-22","purchased_purges":1,"victory":false,"max_hp_per_floor":[72,72,72,72,72,72,72,72,72,72,72,72,72,72,72,72,72,72,72,72,72,72,72,77,77,77,77,77,77,77,77,77,77,77,77,77,77,77,77,77,77],"card_choices":[{"not_picked":["InnerPeace","Protect"],"picked":"LikeWater","floor":1},{"not_picked":["Conclude","Meditate"],"picked":"SignatureMove","floor":2},{"not_picked":["CrushJoints","Evaluate"],"picked":"SandsOfTime","floor":4},{"not_picked":["Vengeance","Meditate"],"picked":"DeceiveReality","floor":6},{"not_picked":["WindmillStrike+1","Collect"],"picked":"CrushJoints+1","floor":8},{"not_picked":["Nirvana","EmptyBody"],"picked":"CutThroughFate+1","floor":11},{"not_picked":["ThirdEye","FlurryOfBlows+1"],"picked":"LikeWater","floor":14},{"not_picked":["Vault","Ragnarok+1"],"picked":"Scrawl","floor":16},{"not_picked":["Prostrate"],"picked":"SKIP","floor":18},{"not_picked":[],"picked":"Consecrate+1","floor":19},{"not_picked":["Meditate+1"],"picked":"SKIP","floor":21},{"not_picked":["EmptyFist+1"],"picked":"SKIP","floor":22},{"not_picked":["SashWhip+1"],"picked":"SKIP","floor":25},{"not_picked":[],"picked":"ClearTheMind","floor":27},{"not_picked":["BowlingBash+1"],"picked":"SKIP","floor":27},{"not_picked":[],"picked":"Fasting2","floor":30},{"not_picked":["JustLucky+1"],"picked":"SKIP","floor":30},{"not_picked":["Devotion"],"picked":"SKIP","floor":31},{"not_picked":[],"picked":"Tantrum+1","floor":35},{"not_picked":["CrushJoints+1"],"picked":"SKIP","floor":35},{"not_picked":[],"picked":"TalkToTheHand+1","floor":36},{"not_picked":["FollowUp+1"],"picked":"SKIP","floor":37},{"not_picked":["Halt"],"picked":"SKIP","floor":37},{"not_picked":["BowlingBash+1"],"picked":"SKIP","floor":39},{"not_picked":["JustLucky+1"],"picked":"SKIP","floor":39}],"player_experience":290075,"relics_obtained":[{"floor":6,"key":"Molten Egg 2"},{"floor":9,"key":"Torii"},{"floor":25,"key":"Prayer Wheel"},{"floor":26,"key":"GoldenEye"},{"floor":31,"key":"The Courier"},{"floor":36,"key":"Pocketwatch"}],"event_choices":[{"cards_removed":["Strike_P"],"damage_healed":0,"gold_gain":0,"player_choice":"Purged","damage_taken":0,"max_hp_gain":0,"max_hp_loss":0,"event_name":"Purifier","floor":3,"gold_loss":0},{"damage_healed":0,"gold_gain":0,"player_choice":"Shed Blood","damage_taken":18,"max_hp_gain":5,"max_hp_loss":0,"event_name":"Forgotten Altar","floor":24,"gold_loss":0},{"damage_healed":0,"gold_gain":0,"cards_transformed":["Defend_P"],"player_choice":"Transformed","damage_taken":0,"max_hp_gain":0,"max_hp_loss":0,"event_name":"Transmorgrifier","floor":29,"gold_loss":0,"cards_obtained":["MentalFortress"]},{"damage_healed":0,"gold_gain":0,"player_choice":"Fight","damage_taken":0,"max_hp_gain":0,"max_hp_loss":0,"event_name":"MindBloom","floor":36,"gold_loss":0},{"damage_healed":0,"gold_gain":0,"player_choice":"Ignored","damage_taken":0,"max_hp_gain":0,"max_hp_loss":0,"event_name":"Tomb of Lord Red Mask","floor":38,"gold_loss":0}],"is_beta":false,"boss_relics":[{"not_picked":["Pandora\u0027s Box","Empty Cage"],"picked":"Busted Crown"},{"not_picked":["SlaversCollar","Snecko Eye"],"picked":"SacredBark"}],"items_purged_floors":[5],"is_endless":false,"potions_floor_spawned":[1,14,16,19,22,25,30,31,36],"killed_by":"Reptomancer","ascension_level":5}}