{"host":"31s8hzukbhz1k6i6","time":1609547846,"event":{"mods":["AchievementEnabler","BaseMod","Bestiary","Colored Map","Filter the Spire","Minty Spire (QoL Compilation)","Relic Stats","UnlockEverythingMod","ojb\u0027s Info Mod"],"gold_per_floor":[211,225,245,74,44,44,44,79,104,124,139,139,171,190,190,190,190],"floor_reached":16,"playtime":781,"items_purged":[],"score":224,"play_id":"a8233c0b-a569-441f-9f51-55b96fadaf67","local_time":"20210101163726","is_ascension_mode":true,"campfire_choices":[{"data":"Deadly Poison","floor":6,"key":"SMITH"},{"data":"Poisoned Stab","floor":12,"key":"SMITH"},{"data":"Crippling Poison","floor":15,"key":"SMITH"}],"circlet_count":0,"master_deck":["AscendersBane","Strike_G","Strike_G","Strike_G","Strike_G","Strike_G","Defend_G","Defend_G","Defend_G","Defend_G","Defend_G","Survivor","Neutralize","Blur","Endless Agony","Deadly Poison+1","Malaise","Blur","Poisoned Stab+1","Flying Knee","Backflip","Crippling Poison+1"],"relics":["Ring of the Snake","Orrery","Oddly Smooth Stone","Dream Catcher","Pen Nib"],"acts_visited":["Exordium"],"potions_floor_usage":[8,13,16,16],"damage_taken":[{"damage":4,"enemies":"Small Slimes","floor":1,"turns":4},{"damage":0,"enemies":"Cultist","floor":2,"turns":5},{"damage":0,"enemies":"Jaw Worm","floor":3,"turns":8},{"damage":11,"enemies":"Gremlin Nob","floor":8,"turns":3},{"damage":0,"enemies":"3 Louse","floor":10,"turns":4},{"damage":0,"enemies":"Blue Slaver","floor":11,"turns":4},{"damage":16,"enemies":"3 Sentries","floor":13,"turns":15},{"damage":0,"enemies":"Looter","floor":14,"turns":3},{"damage":50,"enemies":"Slime Boss","floor":16,"turns":10}],"seed_played":"7972749686780489766","potions_obtained":[{"floor":2,"key":"Regen Potion"},{"floor":3,"key":"Fire Potion"},{"floor":13,"key":"Fruit Juice"},{"floor":14,"key":"Strength Potion"}],"is_trial":false,"path_per_floor":["M","M","M","$","?","R","$","E","T","M","M","R","E","M","R","B"],"character_chosen":"THE_SILENT","items_purchased":["Orrery"],"campfire_rested":0,"item_purchase_floors":[4],"current_hp_per_floor":[55,55,55,55,55,55,55,44,44,44,44,44,43,43,43,0,0],"gold":190,"neow_bonus":"HUNDRED_GOLD","is_daily":false,"chose_seed":false,"campfire_upgraded":3,"win_rate":0.0,"timestamp":1609547846,"path_taken":["M","M","M","$","?","R","?","E","T","?","M","R","E","M","R","BOSS"],"items_purchased_type":["Relic"],"build_version":"2020-12-22","purchased_purges":0,"victory":false,"max_hp_per_floor":[66,66,66,66,66,66,66,66,66,66,66,66,66,66,66,71,71],"relic_stats":{"Dream Catcher":0,"counters":[9,56],"Pen Nib":[2],"obtain_stats":[{"Dream Catcher":9,"Orrery":4,"Oddly Smooth Stone":8,"Pen Nib":13,"Ring of the Snake":0},{"Dream Catcher":4,"Orrery":3,"Oddly Smooth Stone":4,"Pen Nib":7,"Ring of the Snake":0},{"Dream Catcher":20,"Orrery":17,"Oddly Smooth Stone":20,"Pen Nib":43,"Ring of the Snake":0}],"Ring of the Snake":[18]},"card_choices":[{"not_picked":["Dodge and Roll","Dagger Throw"],"picked":"Blur","floor":1},{"not_picked":["Flying Knee","Blade Dance"],"picked":"Endless Agony","floor":2},{"not_picked":["Quick Slash","Dagger Spray"],"picked":"Deadly Poison","floor":3},{"not_picked":["Bane","Acrobatics"],"picked":"Malaise","floor":4},{"not_picked":["Terror","Prepared"],"picked":"Blur","floor":4},{"not_picked":["Deflect","Terror"],"picked":"Poisoned Stab","floor":4},{"not_picked":["Dagger Throw","Accuracy"],"picked":"Flying Knee","floor":4},{"not_picked":["Terror","Sucker Punch","Bane"],"picked":"SKIP","floor":8},{"not_picked":["Prepared","PiercingWail","Deflect"],"picked":"SKIP","floor":10},{"not_picked":["Distraction","Quick Slash"],"picked":"Backflip","floor":11},{"not_picked":["Flechettes","Skewer"],"picked":"Crippling Poison","floor":13},{"not_picked":["Envenom","Dagger Throw","Infinite Blades"],"picked":"SKIP","floor":14}],"player_experience":127791,"relics_obtained":[{"floor":8,"key":"Oddly Smooth Stone"},{"floor":9,"key":"Dream Catcher"},{"floor":13,"key":"Pen Nib"}],"event_choices":[{"damage_healed":0,"gold_gain":0,"player_choice":"Bought 2 Potions","damage_taken":0,"max_hp_gain":0,"max_hp_loss":0,"event_name":"The Woman in Blue","floor":5,"gold_loss":0}],"is_beta":false,"boss_relics":[],"items_purged_floors":[],"is_endless":false,"potions_floor_spawned":[2,3,13,14],"killed_by":"Slime Boss","ascension_level":20}}