{"host":"dhyczjm99amxd3qx","time":1609558963,"event":{"mods":["BaseMod","Colored Map","Googly Eyes","Highlight Path","Minty Spire (QoL Compilation)","Quick Restart","StSLib"],"gold_per_floor":[118,130,144,158,175,205,205,238,265,295,295,309,88,88,88,186,186,199,217,316,22,38,38,68,68,122,156,170,184,198,198,198,302,302,315,335,346,16,66,96,96,112,137,137,187,187,218,247,259,271,271],"floor_reached":50,"playtime":2904,"items_purged":["Defend_R","Strike_R","Defend_R"],"score":1130,"play_id":"1d0b6461-29d2-491e-9d16-2273bcebcbd8","local_time":"20210101224243","is_ascension_mode":true,"campfire_choices":[{"data":"Immolate","floor":7.0,"key":"SMITH"},{"data":"Iron Wave","floor":15.0,"key":"SMITH"},{"data":"Body Slam","floor":23.0,"key":"SMITH"},{"data":"Iron Wave","floor":25.0,"key":"SMITH"},{"data":"Demon Form","floor":32.0,"key":"SMITH"},{"data":"Iron Wave","floor":44.0,"key":"SMITH"},{"data":"Shrug It Off","floor":46.0,"key":"SMITH"},{"data":"Thunderclap","floor":49.0,"key":"SMITH"}],"circlet_count":0,"master_deck":["Strike_R","Strike_R","Strike_R","Defend_R","Bash+1","Thunderclap+1","Immolate+1","Disarm","Body Slam+1","Iron Wave+1","Demon Form+1","Heavy Blade+1","Iron Wave+1","Shrug It Off+1","Battle Trance","Iron Wave+1"],"relics":["Burning Blood","PreservedInsect","Bottled Flame","Orichalcum","Pen Nib","Red Skull","Regal Pillow","Busted Crown","Lantern","Ancient Tea Set","Dream Catcher","Ornamental Fan","MutagenicStrength","Empty Cage","Bag of Marbles","Mango","Anchor","Centennial Puzzle","Ice Cream","MawBank"],"acts_visited":["Exordium","TheCity","TheBeyond"],"potions_floor_usage":[50,50],"damage_taken":[{"damage":2.0,"enemies":"Small Slimes","floor":1.0,"turns":4.0},{"damage":1.0,"enemies":"Cultist","floor":2.0,"turns":4.0},{"damage":7.0,"enemies":"Jaw Worm","floor":3.0,"turns":3.0},{"damage":7.0,"enemies":"Looter","floor":4.0,"turns":4.0},{"damage":5.0,"enemies":"2 Fungi Beasts","floor":5.0,"turns":4.0},{"damage":24.0,"enemies":"Gremlin Nob","floor":6.0,"turns":4.0},{"damage":20.0,"enemies":"Lagavulin","floor":8.0,"turns":4.0},{"damage":0.0,"enemies":"3 Sentries","floor":10.0,"turns":2.0},{"damage":6.0,"enemies":"Large Slime","floor":12.0,"turns":4.0},{"damage":32.0,"enemies":"The Guardian","floor":16.0,"turns":8.0},{"damage":6.0,"enemies":"Chosen","floor":18.0,"turns":3.0},{"damage":10.0,"enemies":"Shell Parasite","floor":19.0,"turns":4.0},{"damage":19.0,"enemies":"Sentry and Sphere","floor":22.0,"turns":4.0},{"damage":2.0,"enemies":"Slavers","floor":24.0,"turns":2.0},{"damage":9.0,"enemies":"Book of Stabbing","floor":27.0,"turns":3.0},{"damage":10.0,"enemies":"Centurion and Healer","floor":28.0,"turns":3.0},{"damage":6.0,"enemies":"Snake Plant","floor":29.0,"turns":3.0},{"damage":2.0,"enemies":"Cultist and Chosen","floor":30.0,"turns":4.0},{"damage":27.0,"enemies":"Champ","floor":33.0,"turns":5.0},{"damage":0.0,"enemies":"Orb Walker","floor":35.0,"turns":1.0},{"damage":0.0,"enemies":"3 Shapes","floor":36.0,"turns":2.0},{"damage":0.0,"enemies":"Sphere and 2 Shapes","floor":37.0,"turns":3.0},{"damage":34.0,"enemies":"Mind Bloom Boss Battle","floor":39.0,"turns":6.0},{"damage":30.0,"enemies":"Reptomancer","floor":40.0,"turns":3.0},{"damage":55.0,"enemies":"Transient","floor":42.0,"turns":5.0},{"damage":0.0,"enemies":"2 Orb Walkers","floor":45.0,"turns":2.0},{"damage":0.0,"enemies":"Nemesis","floor":47.0,"turns":1.0},{"damage":31.0,"enemies":"Maw","floor":48.0,"turns":8.0},{"damage":44,"enemies":"Awakened One","floor":50,"turns":5}],"seed_played":"-8575867088500314944","potions_obtained":[{"floor":2.0,"key":"Regen Potion"},{"floor":3.0,"key":"LiquidMemories"},{"floor":5.0,"key":"Weak Potion"},{"floor":10.0,"key":"SpeedPotion"},{"floor":18.0,"key":"PowerPotion"},{"floor":22.0,"key":"PowerPotion"},{"floor":27.0,"key":"Weak Potion"},{"floor":29.0,"key":"SteroidPotion"},{"floor":36.0,"key":"Swift Potion"},{"floor":39.0,"key":"Ancient Potion"},{"floor":45.0,"key":"Dexterity Potion"},{"floor":47.0,"key":"DuplicationPotion"},{"floor":48.0,"key":"BloodPotion"}],"is_trial":false,"path_per_floor":["M","M","M","M","M","E","R","E","T","E","?","M","$","T","R","B",null,"M","M","?","$","M","R","E","R","T","E","M","M","M","?","R","B",null,"M","M","M","$","?","E","?","M","T","R","?","R","E","M","R","B"],"character_chosen":"IRONCLAD","items_purchased":["Demon Form","Iron Wave","Lantern","Iron Wave","Bag of Marbles"],"campfire_rested":0,"item_purchase_floors":[13,21,21,38,38],"current_hp_per_floor":[76,80,79,78,79,61,61,47,47,53,53,53,53,53,53,42,71,71,67,67,67,54,54,58,58,58,55,51,51,55,55,55,34,69,75,80,80,80,66,42,82,33,33,33,39,39,45,36,36,0,0],"gold":271,"neow_bonus":"UPGRADE_CARD","is_daily":false,"chose_seed":false,"campfire_upgraded":8,"win_rate":0.0,"timestamp":1609558963,"path_taken":["M","M","M","M","M","E","R","E","T","E","?","?","$","?","R","BOSS","M","?","?","$","M","R","E","R","T","E","M","M","M","?","R","BOSS","M","M","M","$","?","E","?","M","T","R","?","R","E","M","R","BOSS"],"items_purchased_type":["Card","Card","Relic","Card","Relic"],"build_version":"2020-12-22","purchased_purges":3,"victory":false,"max_hp_per_floor":[80,80,80,80,80,80,80,80,80,80,80,80,80,80,80,80,80,80,80,80,80,80,80,80,80,80,80,80,80,80,80,80,80,80,80,80,80,80,94,94,82,82,82,82,82,82,82,82,82,82,82],"card_choices":[{"not_picked":["Heavy Blade","Havoc","Spot Weakness"],"picked":"SKIP","floor":1.0},{"not_picked":["Sever Soul","Intimidate","Pommel Strike"],"picked":"SKIP","floor":2.0},{"not_picked":["Twin Strike","Armaments","Sword Boomerang"],"picked":"SKIP","floor":3.0},{"not_picked":["Bloodletting","Sentinel"],"picked":"Headbutt","floor":4.0},{"not_picked":["Body Slam","True Grit"],"picked":"Thunderclap","floor":5.0},{"not_picked":["Entrench","Sword Boomerang"],"picked":"Immolate","floor":6.0},{"not_picked":["Heavy Blade","Havoc"],"picked":"Disarm","floor":8.0},{"not_picked":["Dual Wield","Bludgeon"],"picked":"Body Slam","floor":10.0},{"not_picked":["Reckless Charge","Rupture"],"picked":"Iron Wave","floor":12.0},{"not_picked":["Armaments"],"picked":"SKIP","floor":18.0},{"not_picked":["Heavy Blade+1"],"picked":"SKIP","floor":19.0},{"not_picked":[],"picked":"Heavy Blade+1","floor":19.0},{"not_picked":["Ghostly Armor"],"picked":"SKIP","floor":22.0},{"not_picked":["Body Slam+1"],"picked":"SKIP","floor":24.0},{"not_picked":[],"picked":"Shrug It Off","floor":27.0},{"not_picked":["Pommel Strike"],"picked":"SKIP","floor":28.0},{"not_picked":[],"picked":"Battle Trance","floor":29.0},{"not_picked":["Flex"],"picked":"SKIP","floor":30.0},{"not_picked":["Heavy Blade+1"],"picked":"SKIP","floor":35.0},{"not_picked":["Warcry"],"picked":"SKIP","floor":36.0},{"not_picked":["Thunderclap"],"picked":"SKIP","floor":37.0},{"not_picked":["Infernal Blade+1"],"picked":"SKIP","floor":40.0},{"not_picked":["Pommel Strike+1"],"picked":"SKIP","floor":42.0},{"not_picked":["Feed"],"picked":"SKIP","floor":47.0},{"not_picked":["Intimidate"],"picked":"SKIP","floor":48.0}],"player_experience":272354,"relics_obtained":[{"floor":6.0,"key":"PreservedInsect"},{"floor":8.0,"key":"Bottled Flame"},{"floor":9.0,"key":"Orichalcum"},{"floor":10.0,"key":"Pen Nib"},{"floor":14.0,"key":"Regal Pillow"},{"floor":24.0,"key":"Ancient Tea Set"},{"floor":26.0,"key":"Dream Catcher"},{"floor":27.0,"key":"Ornamental Fan"},{"floor":39.0,"key":"Mango"},{"floor":40.0,"key":"Anchor"},{"floor":43.0,"key":"Centennial Puzzle"},{"floor":45.0,"key":"Ice Cream"},{"floor":47.0,"key":"MawBank"}],"event_choices":[{"cards_removed":["Headbutt"],"damage_healed":0.0,"max_hp_gain":0.0,"max_hp_loss":0.0,"gold_gain":0.0,"event_name":"WeMeetAgain","player_choice":"Gave Card","floor":11.0,"gold_loss":0.0,"damage_taken":0.0,"relics_obtained":["Red Skull"]},{"damage_healed":0.0,"max_hp_gain":0.0,"max_hp_loss":0.0,"gold_gain":99.0,"event_name":"Nest","player_choice":"Stole From Cult","floor":20.0,"gold_loss":0.0,"damage_taken":0.0},{"damage_healed":0.0,"max_hp_gain":0.0,"max_hp_loss":0.0,"gold_gain":0.0,"event_name":"Drug Dealer","player_choice":"Inject Mutagens","floor":31.0,"gold_loss":0.0,"damage_taken":0.0,"relics_obtained":["MutagenicStrength"]},{"damage_healed":0.0,"max_hp_gain":0.0,"max_hp_loss":0.0,"gold_gain":0.0,"event_name":"MindBloom","player_choice":"Fight","floor":39.0,"gold_loss":0.0,"damage_taken":0.0},{"damage_healed":82.0,"max_hp_gain":0.0,"max_hp_loss":12.0,"gold_gain":0.0,"event_name":"The Moai Head","player_choice":"Heal","floor":41.0,"gold_loss":0.0,"damage_taken":0.0},{"damage_healed":0.0,"max_hp_gain":0.0,"max_hp_loss":0.0,"gold_gain":0.0,"event_name":"Mysterious Sphere","player_choice":"Fight","floor":45.0,"gold_loss":0.0,"damage_taken":0.0}],"is_beta":false,"boss_relics":[{"not_picked":["Runic Pyramid","Black Star"],"picked":"Busted Crown"},{"not_picked":["Snecko Eye","Runic Cube"],"picked":"Empty Cage"}],"items_purged_floors":[13,21,38],"is_endless":false,"potions_floor_spawned":[2,3,5,10,18,22,27,29,36,39,45,47,48],"killed_by":"Awakened One","ascension_level":8}}