{"host":"15f3wpiimhe5yrng","time":1609629751,"event":{"mods":["2.2 Compatiblity","Arknights The Spire","BaseMod","Bestiary","Better Altar","Better Match","Better Note","Better Sensory Stone","Better Skull","Better Third Choice","Colored Map","Colored Powertips","Downfall","Evolution","Marisa????????","Minty Spire (QoL Compilation)","Permanent Neow","Relic Filter","SacredBarkPlus","Spicy Shops","StSLib","The Animator","The Caster","The Marked","The Poker Player","TheSwordswoman","??????REMEMod"],"gold_per_floor":[119,69,84,95,95,120,120,120,147,160,170,170,170,170],"floor_reached":13,"playtime":682,"items_purged":[],"score":85,"play_id":"8515168b-d371-4627-b573-1166936d0eb7","local_time":"20210103002231","is_ascension_mode":false,"campfire_choices":[{"data":"caster:Focusyn","floor":7,"key":"SMITH"}],"circlet_count":0,"master_deck":["caster:Meteor","caster:DivertFocus","caster:strike","caster:strike","caster:strike","caster:defend","caster:defend+1","caster:defend","caster:defend","caster:defend","expansioncontent:StudyTheSpire","caster:JupitelThunder+1","caster:Enfeeble","caster:QuickCast","expansioncontent:Collect","caster:Focusyn+1","caster:Heavy+1","caster:WallOfRocks","caster:MagicBarrier"],"relics":["caster:MagicBook","EVO:Axolotl","REME_ComplimentaryCards","Juzu Bracelet","Vajra"],"acts_visited":["Exordium"],"potions_floor_usage":[13,13],"damage_taken":[{"damage":2,"enemies":"Small Slimes","floor":1,"turns":5},{"damage":0,"enemies":"2 Louse","floor":3,"turns":3},{"damage":4,"enemies":"Jaw Worm","floor":4,"turns":5},{"damage":8,"enemies":"Gremlin Nob","floor":6,"turns":5},{"damage":0,"enemies":"2 Fungi Beasts","floor":10,"turns":4},{"damage":11,"enemies":"Lots of Slimes","floor":11,"turns":5},{"damage":10,"enemies":"3 Sentries","floor":13,"turns":6}],"seed_played":"-4358681632123154387","potions_obtained":[{"floor":1,"key":"Energy Potion"},{"floor":6,"key":"SkillPotion"}],"is_trial":false,"path_per_floor":["M","?","M","M","?","E","R","?","T","M","M","?","E"],"character_chosen":"THE_CASTER","items_purchased":[],"campfire_rested":0,"item_purchase_floors":[],"current_hp_per_floor":[44,44,44,40,40,32,32,32,32,32,21,8,0,0],"gold":170,"neow_bonus":"RANDOM_COLORLESS_2","is_daily":false,"chose_seed":false,"campfire_upgraded":1,"win_rate":0.0,"timestamp":1609629751,"path_taken":["M","?","M","M","?","E","R","?","T","M","M","?","E"],"items_purchased_type":[],"build_version":"2020-12-22","purchased_purges":0,"victory":false,"max_hp_per_floor":[64,64,64,64,64,64,64,64,64,64,64,64,64,64],"card_choices":[{"not_picked":["REME_BattleFury","REME_EyeOfCthun"],"picked":"expansioncontent:StudyTheSpire","floor":0},{"not_picked":["caster:BloodRitual","caster:WallOfThorns"],"picked":"caster:JupitelThunder","floor":1},{"not_picked":["caster:FrigidBeam","caster:LAZER"],"picked":"caster:Enfeeble","floor":3},{"not_picked":["caster:Enfeeble","caster:Sleet"],"picked":"caster:QuickCast","floor":4},{"not_picked":["expansioncontent:Torchfire","Trip"],"picked":"expansioncontent:Collect","floor":5},{"not_picked":["caster:DiablosFlame","caster:Sleet"],"picked":"caster:Focusyn","floor":6},{"not_picked":["caster:FrigidBeam","caster:Sultry"],"picked":"caster:WallOfRocks","floor":10},{"not_picked":["caster:Embers","caster:FrigidBeam"],"picked":"caster:MagicBarrier","floor":11}],"player_experience":121821,"relics_obtained":[{"floor":6,"key":"Juzu Bracelet"},{"floor":9,"key":"Vajra"}],"event_choices":[{"cards_removed":["caster:strike"],"damage_healed":0,"gold_gain":0,"player_choice":"Card Removal","damage_taken":0,"max_hp_gain":0,"max_hp_loss":0,"event_name":"The Cleric","floor":2,"gold_loss":50},{"damage_healed":0,"gold_gain":1,"player_choice":"1","damage_taken":0,"max_hp_gain":0,"max_hp_loss":0,"event_name":"betterStone:BetterStone","floor":5,"gold_loss":0},{"damage_healed":21,"gold_gain":0,"player_choice":"Upgrade","damage_taken":13,"max_hp_gain":0,"max_hp_loss":64,"event_name":"betterThird:BetterShining","floor":12,"gold_loss":0,"cards_upgraded":["caster:JupitelThunder","caster:defend"]}],"is_beta":false,"boss_relics":[],"items_purged_floors":[],"is_endless":false,"potions_floor_spawned":[1,6],"killed_by":"3 Sentries","ascension_level":0}}