{"host":"c1j6fvxsha0xdgw9","time":1609557698,"event":{"mods":["BaseMod","Highlight Path","Minty Spire (QoL Compilation)"],"gold_per_floor":[115,115,40,40,40,40,83,102,102,102,120,161,174,198,198,326,326,349,374,374,392,392,433,433,476,476,386,386,386,386,36,36,166,166,179,200,200,200,200,200],"floor_reached":39,"playtime":1549,"items_purged":["Regret"],"score":613,"play_id":"47cd6252-5fef-425c-a39d-69f6e2f8efa2","local_time":"20210102052138","is_ascension_mode":true,"campfire_choices":[{"data":"Zap","floor":6.0,"key":"SMITH"},{"data":"Buffer","floor":10.0,"key":"SMITH"},{"floor":15.0,"key":"REST"},{"floor":24,"key":"REST"},{"floor":30,"key":"REST"},{"floor":32,"key":"REST"}],"circlet_count":0,"master_deck":["Strike_B","Strike_B","Defend_B","Defend_B","Defend_B+1","Defend_B","Zap+1","Dualcast+1","Rebound","Buffer+1","Gash","Beam Cell+1","Loop+1","Ball Lightning","Storm+1","Chill","Machine Learning+1","Capacitor+1","Redo+1","Redo+1","Echo Form+1","Defragment+1","Electrodynamics+1","Capacitor+1","Defragment+1","Glacier"],"relics":["Cracked Core","NeowsBlessing","Question Card","Golden Idol","Omamori","Frozen Egg 2","Prayer Wheel","Cursed Key","MutagenicStrength","Oddly Smooth Stone","War Paint","Cables","Turnip","Emotion Chip","Fusion Hammer"],"acts_visited":["Exordium","TheCity","TheBeyond"],"potions_floor_usage":[23,23,25,28,38],"damage_taken":[{"damage":0.0,"enemies":"2 Louse","floor":1.0,"turns":1.0},{"damage":0.0,"enemies":"Gremlin Nob","floor":7.0,"turns":1.0},{"damage":0.0,"enemies":"Small Slimes","floor":8.0,"turns":1.0},{"damage":0.0,"enemies":"Cultist","floor":11.0,"turns":4.0},{"damage":25.0,"enemies":"3 Sentries","floor":12.0,"turns":7.0},{"damage":12.0,"enemies":"Exordium Thugs","floor":13.0,"turns":5.0},{"damage":6.0,"enemies":"Looter","floor":14.0,"turns":3.0},{"damage":26.0,"enemies":"Hexaghost","floor":16.0,"turns":9.0},{"damage":0,"enemies":"Chosen","floor":18,"turns":3},{"damage":0,"enemies":"Spheric Guardian","floor":19,"turns":3},{"damage":13,"enemies":"Cultist and Chosen","floor":21,"turns":6},{"damage":57,"enemies":"Gremlin Leader","floor":23,"turns":8},{"damage":25,"enemies":"Slavers","floor":25,"turns":6},{"damage":0,"enemies":"3 Cultists","floor":28,"turns":2},{"damage":26,"enemies":"Champ","floor":33,"turns":7},{"damage":33,"enemies":"3 Darklings","floor":35,"turns":4},{"damage":11,"enemies":"Orb Walker","floor":36,"turns":2},{"damage":0,"enemies":"Writhing Mass","floor":38,"turns":1},{"damage":20,"enemies":"3 Darklings","floor":39,"turns":2}],"seed_played":"-7788658698152364120","potions_obtained":[{"floor":1.0,"key":"BlessingOfTheForge"},{"floor":11.0,"key":"DistilledChaos"},{"floor":13.0,"key":"SmokeBomb"},{"floor":21,"key":"Block Potion"},{"floor":23,"key":"ColorlessPotion"},{"floor":35,"key":"SmokeBomb"}],"is_trial":false,"path_per_floor":["M","?","$","?","?","R","E","M","T","R","M","E","M","M","R","B",null,"M","M","?","M","?","E","R","E","T","?","M","T","R","$","R","B",null,"M","M","?","M","M"],"character_chosen":"DEFECT","items_purchased":["Emotion Chip","Defragment+1"],"campfire_rested":4,"item_purchase_floors":[31,31],"current_hp_per_floor":[68,68,68,68,61,61,61,61,61,61,61,36,24,18,38,12,55,55,55,55,42,65,8,28,3,3,3,3,3,23,23,43,17,56,23,12,12,12,0,0],"gold":200,"neow_bonus":"THREE_ENEMY_KILL","is_daily":false,"chose_seed":false,"campfire_upgraded":2,"win_rate":0.0,"timestamp":1609557698,"path_taken":["M","?","$","?","?","R","E","M","T","R","M","E","M","M","R","BOSS","M","M","?","M","?","E","R","E","T","?","?","?","R","$","R","BOSS","M","M","?","M","?"],"items_purchased_type":["Relic","Card"],"build_version":"2020-12-22","purchased_purges":1,"victory":false,"max_hp_per_floor":[75,75,75,69,69,69,69,69,69,69,69,69,69,69,69,69,69,69,69,69,69,69,69,69,69,69,69,69,69,69,69,69,69,69,69,69,69,69,69,69],"card_choices":[{"not_picked":["Loop","Turbo"],"picked":"Rebound","floor":1.0},{"not_picked":["Beam Cell","Reprogram","Redo"],"picked":"Buffer","floor":7.0},{"not_picked":["Melter","Sweeping Beam","Go for the Eyes","Steam"],"picked":"SKIP","floor":8.0},{"not_picked":["Buffer+1","Hologram","Streamline"],"picked":"Gash","floor":11.0},{"not_picked":["Redo","Genetic Algorithm","Go for the Eyes"],"picked":"Beam Cell","floor":12.0},{"not_picked":["Turbo","Reprogram","Steam"],"picked":"Loop+1","floor":13.0},{"not_picked":["Skim","Cold Snap","Steam"],"picked":"Ball Lightning","floor":13.0},{"not_picked":["Conserve Battery","Turbo","Beam Cell"],"picked":"Storm+1","floor":14.0},{"not_picked":["Sweeping Beam","Rebound","Fission"],"picked":"Chill","floor":14.0},{"not_picked":["Multi-Cast","Core Surge","Buffer+1"],"picked":"Machine Learning+1","floor":16.0},{"not_picked":["Beam Cell+1","Barrage+1","Steam"],"picked":"Capacitor+1","floor":18},{"not_picked":["Hologram+1","Streamline","Coolheaded","Sweeping Beam"],"picked":"SKIP","floor":18},{"not_picked":["Ball Lightning","Barrage","Reinforced Body","Steam"],"picked":"SKIP","floor":19},{"not_picked":["Stack","Ball Lightning","Streamline+1","Barrage+1"],"picked":"SKIP","floor":19},{"not_picked":["Blizzard+1","Conserve Battery","Consume"],"picked":"Redo+1","floor":21},{"not_picked":["Streamline","Fission","Double Energy+1"],"picked":"Redo+1","floor":21},{"not_picked":["Turbo+1","Steam","Fusion","Genetic Algorithm"],"picked":"SKIP","floor":23},{"not_picked":["Ball Lightning","Redo","Conserve Battery+1"],"picked":"Echo Form+1","floor":25},{"not_picked":["Core Surge","Reboot","Machine Learning+1"],"picked":"Electrodynamics+1","floor":33},{"not_picked":["Rebound","Redo+1","Compile Driver+1"],"picked":"Capacitor+1","floor":35},{"not_picked":["Ball Lightning+1","Conserve Battery+1","Sunder+1"],"picked":"Defragment+1","floor":35},{"not_picked":["Barrage","Doom and Gloom","Fusion"],"picked":"Glacier","floor":36},{"not_picked":["Melter","Rainbow","Static Discharge+1","Blizzard"],"picked":"SKIP","floor":36}],"player_experience":29611,"relics_obtained":[{"floor":7.0,"key":"Omamori"},{"floor":9.0,"key":"Frozen Egg 2"},{"floor":12.0,"key":"Prayer Wheel"},{"floor":23,"key":"Oddly Smooth Stone"},{"floor":25,"key":"War Paint"},{"floor":26,"key":"Cables"},{"floor":29,"key":"Turnip"}],"event_choices":[{"damage_healed":0.0,"max_hp_gain":0.0,"max_hp_loss":0.0,"gold_gain":0.0,"event_name":"Big Fish","player_choice":"Box","floor":2.0,"gold_loss":0.0,"damage_taken":0.0,"relics_obtained":["Question Card"],"cards_obtained":["Regret"]},{"damage_healed":0.0,"max_hp_gain":0.0,"max_hp_loss":6.0,"gold_gain":0.0,"event_name":"Golden Idol","player_choice":"Lose Max HP","floor":4.0,"gold_loss":0.0,"damage_taken":0.0,"relics_obtained":["Golden Idol"]},{"cards_removed":["Strike_B"],"damage_healed":0.0,"max_hp_gain":0.0,"max_hp_loss":0.0,"gold_gain":0.0,"event_name":"Golden Wing","player_choice":"Card Removal","floor":5.0,"gold_loss":0.0,"damage_taken":7.0},{"damage_healed":0,"gold_gain":0,"player_choice":"Inject Mutagens","damage_taken":0,"relics_obtained":["MutagenicStrength"],"max_hp_gain":0,"max_hp_loss":0,"event_name":"Drug Dealer","floor":20,"gold_loss":0},{"damage_healed":23,"gold_gain":0,"player_choice":"Heal","damage_taken":0,"max_hp_gain":0,"max_hp_loss":0,"event_name":"The Library","floor":22,"gold_loss":0},{"cards_removed":["Strike_B"],"damage_healed":0,"gold_gain":0,"player_choice":"Upgrade and Remove","damage_taken":0,"max_hp_gain":0,"max_hp_loss":0,"event_name":"Designer","floor":27,"gold_loss":90,"cards_upgraded":["Beam Cell"]},{"damage_healed":0,"gold_gain":0,"player_choice":"Ignored","damage_taken":0,"max_hp_gain":0,"max_hp_loss":0,"event_name":"Transmorgrifier","floor":37,"gold_loss":0}],"is_beta":false,"boss_relics":[{"not_picked":["Busted Crown","Ectoplasm"],"picked":"Cursed Key"},{"not_picked":["Black Star","FrozenCore"],"picked":"Fusion Hammer"}],"items_purged_floors":[3],"is_endless":false,"potions_floor_spawned":[1,11,13,14,21,23,28,35],"killed_by":"3 Darklings","ascension_level":7}}