{"host":"mvq3y0vr4azttkc6","time":1609611269,"event":{"mods":["AchievementEnabler","BaseMod","Colored Powertips","Marisa????????","Minty Spire (QoL Compilation)","Replay The Spire","StSLib","The Cursed","The Gatherer"],"gold_per_floor":[14,25,35,49,124,153,7,7,83,83,96,96,110,120,120,120,120],"floor_reached":16,"playtime":3976,"items_purged":[],"score":104,"play_id":"dd43eded-fee1-4be0-9518-ee481cdc0982","local_time":"20210102211429","is_ascension_mode":false,"campfire_choices":[{"floor":8,"key":"REST"},{"data":"TheCursedMod:AntiAging","floor":10,"key":"SMITH"},{"floor":12,"key":"REST"},{"data":"TheCursedMod:CursedWand","floor":15,"key":"SMITH"}],"circlet_count":0,"master_deck":["TheCursedMod:Strike_TheCursed","TheCursedMod:Strike_TheCursed","TheCursedMod:Strike_TheCursed","TheCursedMod:Strike_TheCursed","TheCursedMod:Defend_TheCursed","TheCursedMod:Defend_TheCursed","TheCursedMod:Defend_TheCursed","TheCursedMod:Defend_TheCursed","TheCursedMod:CursedWand+1","TheCursedMod:CleanUpWorkshop","TheCursedMod:Dregs","TheCursedMod:SpreadPlague","TheCursedMod:CursedShiv","TheCursedMod:RapidMovement","TheCursedMod:Neurasthenia","TheCursedMod:AntiAging+1","TheCursedMod:SurpriseAttack","TheCursedMod:CursedBlade","TheCursedMod:CursedShiv"],"relics":["TheCursedMod:BlackMagic101","Incense Burner","Replay:Kaleidoscope","Vajra","Mummified Hand"],"acts_visited":["Exordium"],"potions_floor_usage":[16,16],"damage_taken":[{"damage":0,"enemies":"Cultist","floor":1,"turns":4},{"damage":8,"enemies":"2 Louse","floor":2,"turns":2},{"damage":3,"enemies":"Small Slimes","floor":3,"turns":3},{"damage":3,"enemies":"Exordium Wildlife","floor":4,"turns":6},{"damage":24,"enemies":"3 Sentries","floor":6,"turns":11},{"damage":13,"enemies":"Red Slaver","floor":11,"turns":4},{"damage":1,"enemies":"Looter","floor":13,"turns":4},{"damage":0,"enemies":"Lots of Slimes","floor":14,"turns":3},{"damage":69,"enemies":"Slime Boss","floor":16,"turns":14}],"seed_played":"2646430545006167135","potions_obtained":[{"floor":1,"key":"Weak Potion"},{"floor":4,"key":"Energy Potion"},{"floor":11,"key":"Adrenaline Potion"}],"is_trial":false,"path_per_floor":["M","M","M","M","?","E","$","R","T","R","M","R","M","M","R","B"],"character_chosen":"THE_CURSED","items_purchased":["Vajra"],"campfire_rested":2,"item_purchase_floors":[7],"current_hp_per_floor":[75,67,64,61,50,26,26,48,48,48,38,61,63,63,63,0,0],"gold":120,"neow_bonus":"ONE_RARE_RELIC","is_daily":false,"chose_seed":false,"campfire_upgraded":2,"win_rate":0.0,"timestamp":1609611269,"path_taken":["M","M","M","?","?","E","$","R","T","R","M","R","M","M","R","BOSS"],"items_purchased_type":["Relic"],"build_version":"2020-12-22","purchased_purges":0,"victory":false,"max_hp_per_floor":[75,75,75,75,75,75,75,75,75,75,78,78,81,81,81,84,84],"card_choices":[{"not_picked":["TheCursedMod:Torture","TheCursedMod:Evocation"],"picked":"TheCursedMod:SpreadPlague","floor":1},{"not_picked":["TheCursedMod:CursedMace","TheCursedMod:WearCloak"],"picked":"TheCursedMod:CursedShiv","floor":2},{"not_picked":["TheCursedMod:SoulCrush","TheCursedMod:TacticalStrike"],"picked":"TheCursedMod:RapidMovement","floor":3},{"not_picked":["TheCursedMod:FuryStrike","TheCursedMod:BlessingInDisguise"],"picked":"TheCursedMod:Neurasthenia","floor":4},{"not_picked":["TheCursedMod:SpreadPlague","TheCursedMod:CursedMace"],"picked":"TheCursedMod:AntiAging","floor":6},{"not_picked":["TheCursedMod:FleshFromBone","TheCursedMod:SpreadPlague"],"picked":"TheCursedMod:SurpriseAttack","floor":11},{"not_picked":["TheCursedMod:RavingStaff","TheCursedMod:AshesToAshes"],"picked":"TheCursedMod:CursedBlade","floor":13},{"not_picked":["TheCursedMod:WearCloak","TheCursedMod:CircleOfAmplification"],"picked":"TheCursedMod:CursedShiv","floor":14}],"player_experience":100922,"relics_obtained":[{"floor":6,"key":"Replay:Kaleidoscope"},{"floor":9,"key":"Mummified Hand"}],"event_choices":[{"damage_healed":0,"gold_gain":75,"player_choice":"Gather Gold","damage_taken":11,"max_hp_gain":0,"max_hp_loss":0,"event_name":"World of Goop","floor":5,"gold_loss":0}],"is_beta":false,"boss_relics":[],"items_purged_floors":[],"is_endless":false,"potions_floor_spawned":[1,4,11,14],"killed_by":"Slime Boss","ascension_level":0}}