{"host":"i09pxcjttd31eh4q","time":1609590917,"event":{"mods":["AchievementEnabler","BaseMod","Colored Map","Keyboard Shortcuts","Minty Spire (QoL Compilation)","StSLib","SuperFastMode"],"gold_per_floor":[112,29,29,29,104,133,133,58,58,77,92,120,21,33,33,33,33],"floor_reached":16,"playtime":517,"items_purged":[],"score":266,"play_id":"e5747706-8d51-41c2-9abe-e5122e823507","local_time":"20210102213517","is_ascension_mode":true,"campfire_choices":[{"data":"Eruption","floor":7,"key":"SMITH"},{"data":"Adaptation","floor":15,"key":"SMITH"}],"circlet_count":0,"master_deck":["AscendersBane","Strike_P","Strike_P","Strike_P","Defend_P","Defend_P","Defend_P","Eruption+1","Vigilance","Sanctity","Adaptation+1","BowlingBash","FearNoEvil","CrushJoints","Purity"],"relics":["PureWater","NeowsBlessing","CloakClasp","Damaru","TeardropLocket","Sundial"],"acts_visited":["Exordium"],"potions_floor_usage":[12],"damage_taken":[{"damage":0,"enemies":"Small Slimes","floor":1,"turns":1},{"damage":0,"enemies":"Lagavulin","floor":6,"turns":1},{"damage":0,"enemies":"Jaw Worm","floor":10,"turns":1},{"damage":0,"enemies":"2 Louse","floor":11,"turns":2},{"damage":4,"enemies":"Gremlin Nob","floor":12,"turns":3},{"damage":0,"enemies":"Looter","floor":14,"turns":2},{"damage":20,"enemies":"Hexaghost","floor":16,"turns":9}],"seed_played":"4990394858846951939","potions_obtained":[{"floor":1,"key":"LiquidMemories"}],"is_trial":false,"path_per_floor":["M","$","?","T","?","E","R","?","T","M","M","E","$","M","R","B"],"character_chosen":"WATCHER","items_purchased":["Adaptation","Purity"],"campfire_rested":0,"item_purchase_floors":[2,13],"current_hp_per_floor":[61,61,54,54,43,43,43,43,43,43,43,39,39,39,39,19,19],"gold":33,"neow_bonus":"THREE_ENEMY_KILL","is_daily":false,"chose_seed":false,"campfire_upgraded":2,"win_rate":0.0,"timestamp":1609590917,"path_taken":["M","$","?","?","?","E","R","?","T","M","M","E","?","M","R","BOSS"],"items_purchased_type":["Card","Card"],"build_version":"2020-12-22","purchased_purges":0,"victory":false,"max_hp_per_floor":[68,68,68,68,68,68,68,68,68,68,68,68,68,68,68,68,68],"card_choices":[{"not_picked":["Crescendo","FlyingSleeves"],"picked":"Sanctity","floor":1},{"not_picked":["Meditate","Worship","SashWhip"],"picked":"SKIP","floor":6},{"not_picked":["Protect","LikeWater"],"picked":"BowlingBash","floor":10},{"not_picked":["EmptyFist","Consecrate"],"picked":"FearNoEvil","floor":11},{"not_picked":["Nirvana","EmptyBody"],"picked":"CrushJoints","floor":12},{"not_picked":["Meditate","EmptyMind","FlyingSleeves"],"picked":"SKIP","floor":14}],"player_experience":818200,"relics_obtained":[{"floor":4,"key":"CloakClasp"},{"floor":6,"key":"Damaru"},{"floor":9,"key":"TeardropLocket"},{"floor":12,"key":"Sundial"}],"event_choices":[{"cards_removed":["Defend_P"],"damage_healed":0,"gold_gain":0,"player_choice":"Card Removal","damage_taken":7,"max_hp_gain":0,"max_hp_loss":0,"event_name":"Golden Wing","floor":3,"gold_loss":0},{"damage_healed":0,"gold_gain":75,"player_choice":"Gather Gold","damage_taken":11,"max_hp_gain":0,"max_hp_loss":0,"event_name":"World of Goop","floor":5,"gold_loss":0},{"cards_removed":["Strike_P"],"damage_healed":0,"gold_gain":0,"player_choice":"Card Removal","damage_taken":0,"max_hp_gain":0,"max_hp_loss":0,"event_name":"The Cleric","floor":8,"gold_loss":75}],"is_beta":false,"boss_relics":[],"items_purged_floors":[],"is_endless":false,"potions_floor_spawned":[1],"killed_by":"Hexaghost","ascension_level":20}}