{"host":"1ltt377nc7aury4n","time":1609630117,"event":{"mods":["AchievementEnabler","BaseMod","Best Route Mod","Colored Powertips","Minty Spire (QoL Compilation)","StSLib"],"gold_per_floor":[118,193,209,209,224,258,220,220,220,85,85,50,76,89,89,192,192,210,239,257,257,270,301,301,301,301,301,301],"floor_reached":27,"playtime":2101,"items_purged":["Strike_P"],"score":263,"play_id":"c9a31171-1927-4512-ad56-724a7de278b8","local_time":"20210102182837","is_ascension_mode":true,"campfire_choices":[{"floor":8,"key":"REST"},{"floor":15,"key":"REST"},{"floor":24,"key":"REST"}],"circlet_count":0,"master_deck":["Strike_P","Strike_P","Strike_P","Defend_P","Defend_P","Defend_P","Defend_P","Eruption","Vigilance","CurseOfTheBell","Protect+1","Crescendo+1","FollowUp","EmptyFist","EmptyMind+1","Dark Shackles+1","Establishment","SpiritShield+1","SandsOfTime","Regret"],"relics":["Calling Bell","Smiling Mask","Toxic Egg 2","Pocketwatch","Incense Burner","Eternal Feather","Shuriken","Toy Ornithopter","Oddly Smooth Stone","Cursed Key","Red Mask","Enchiridion","Akabeko","Turnip","Gremlin Horn"],"acts_visited":["Exordium","TheCity"],"potions_floor_usage":[14,19,20,22],"damage_taken":[{"damage":4,"enemies":"Small Slimes","floor":1,"turns":3},{"damage":2,"enemies":"Jaw Worm","floor":3,"turns":4},{"damage":0,"enemies":"2 Louse","floor":5,"turns":2},{"damage":20,"enemies":"Lagavulin","floor":6,"turns":7},{"damage":20,"enemies":"3 Sentries","floor":13,"turns":5},{"damage":9,"enemies":"Large Slime","floor":14,"turns":6},{"damage":9,"enemies":"Slime Boss","floor":16,"turns":10},{"damage":15,"enemies":"3 Byrds","floor":18,"turns":9},{"damage":20,"enemies":"Masked Bandits","floor":19,"turns":7},{"damage":10,"enemies":"2 Thieves","floor":20,"turns":4},{"damage":0,"enemies":"Centurion and Healer","floor":22,"turns":7},{"damage":10,"enemies":"Gremlin Leader","floor":23,"turns":6},{"damage":54,"enemies":"3 Cultists","floor":27,"turns":6}],"seed_played":"4674060076382447789","potions_obtained":[{"floor":13,"key":"Fruit Juice"},{"floor":14,"key":"StancePotion"},{"floor":16,"key":"GamblersBrew"},{"floor":20,"key":"DistilledChaos"},{"floor":23,"key":"Weak Potion"}],"is_trial":false,"path_per_floor":["M","?","M","?","M","E","$","R","T","$","?","?","E","M","R","B",null,"M","?","M","?","M","E","R","?","T","M"],"character_chosen":"WATCHER","items_purchased":["EmptyMind+1","Dark Shackles+1"],"campfire_rested":3,"item_purchase_floors":[7,10],"current_hp_per_floor":[68,57,55,30,30,10,10,40,40,40,40,58,38,39,71,62,77,62,47,42,26,31,21,53,53,53,0,0],"gold":301,"neow_bonus":"BOSS_RELIC","is_daily":false,"chose_seed":false,"campfire_upgraded":0,"win_rate":0.0,"timestamp":1609630117,"path_taken":["M","?","M","?","M","E","$","R","T","$","?","?","E","M","R","BOSS","M","?","M","?","M","E","R","?","T","?"],"items_purchased_type":["Card","Card"],"build_version":"2020-12-22","purchased_purges":1,"victory":false,"max_hp_per_floor":[72,72,72,72,72,72,72,72,72,72,72,72,72,77,77,77,77,77,77,77,77,77,77,77,77,77,77,77],"card_choices":[{"not_picked":["Meditate+1","CrushJoints"],"picked":"Protect+1","floor":1},{"not_picked":["Wireheading","SashWhip"],"picked":"Crescendo+1","floor":3},{"not_picked":["CrushJoints","PathToVictory+1"],"picked":"FollowUp","floor":5},{"not_picked":["CrushJoints","Protect+1"],"picked":"EmptyFist","floor":6},{"not_picked":["DeceiveReality+1","ReachHeaven"],"picked":"Establishment","floor":13},{"not_picked":["Prostrate+1","CrushJoints","EmptyBody+1"],"picked":"SKIP","floor":14},{"not_picked":["Wish+1","Vault+1"],"picked":"SpiritShield+1","floor":16},{"not_picked":["CrushJoints","SignatureMove+1","SashWhip+1"],"picked":"SKIP","floor":18},{"not_picked":["Protect+1","BowlingBash","Consecrate"],"picked":"SKIP","floor":20},{"not_picked":["Crescendo+1","Perseverance+1"],"picked":"SandsOfTime","floor":22},{"not_picked":["Collect+1","SashWhip","LikeWater"],"picked":"SKIP","floor":23}],"player_experience":265474,"relics_obtained":[{"floor":0,"key":"Smiling Mask"},{"floor":0,"key":"Toxic Egg 2"},{"floor":0,"key":"Pocketwatch"},{"floor":6,"key":"Eternal Feather"},{"floor":9,"key":"Shuriken"},{"floor":13,"key":"Oddly Smooth Stone"},{"floor":19,"key":"Red Mask"},{"floor":21,"key":"Enchiridion"},{"floor":23,"key":"Akabeko"},{"floor":26,"key":"Gremlin Horn"}],"event_choices":[{"damage_healed":0,"gold_gain":75,"player_choice":"Gather Gold","damage_taken":11,"max_hp_gain":0,"max_hp_loss":0,"event_name":"World of Goop","floor":2,"gold_loss":0},{"damage_healed":0,"gold_gain":0,"player_choice":"Success","damage_taken":25,"relics_obtained":["Incense Burner"],"max_hp_gain":0,"max_hp_loss":0,"event_name":"Scrap Ooze","floor":4,"gold_loss":0},{"damage_healed":0,"gold_gain":0,"player_choice":"Searched \u00272\u0027 times","damage_taken":0,"relics_obtained":["Toy Ornithopter"],"max_hp_gain":0,"max_hp_loss":0,"event_name":"Dead Adventurer","floor":11,"gold_loss":0},{"damage_healed":18,"gold_gain":0,"player_choice":"Healed","damage_taken":0,"max_hp_gain":0,"max_hp_loss":0,"event_name":"The Cleric","floor":12,"gold_loss":35},{"damage_healed":0,"gold_gain":0,"player_choice":"Fought Bandits","damage_taken":0,"max_hp_gain":0,"max_hp_loss":0,"event_name":"Masked Bandits","floor":19,"gold_loss":0},{"damage_healed":0,"gold_gain":0,"player_choice":"Obtained Book","damage_taken":16,"max_hp_gain":0,"max_hp_loss":0,"event_name":"Cursed Tome","floor":21,"gold_loss":0},{"damage_healed":0,"gold_gain":0,"player_choice":"Gave Potion","damage_taken":0,"relics_obtained":["Turnip"],"max_hp_gain":0,"max_hp_loss":0,"event_name":"WeMeetAgain","floor":25,"gold_loss":0}],"is_beta":false,"boss_relics":[{"not_picked":["Coffee Dripper","SacredBark"],"picked":"Cursed Key"}],"items_purged_floors":[10],"is_endless":false,"potions_floor_spawned":[13,14,16,20,23],"killed_by":"3 Cultists","ascension_level":2}}