{"host":"q5gyi9x7ayauaq2y","time":1609599791,"event":{"mods":["AchievementEnabler","BaseMod","BetterRewards","Colored Map","Colored Powertips","Downfall","GifTheSpireLib","Hero for Fun","Minty Spire (QoL Compilation)","Permanent Neow","Replay The Spire","StSLib","The Bug Knight","The Construct","The Cursed","The Hierophant"],"gold_per_floor":[99,112,112,212,223,223,246,264,276,294,144,160,191,30,48,152,152,77,94,130,144,144,244,316,316,316,316],"floor_reached":25,"playtime":1813,"items_purged":["hexamod:Defend"],"score":203,"play_id":"0521698f-bac6-4a0c-bba9-7d953d15b148","local_time":"20210102150311","is_ascension_mode":false,"campfire_choices":[{"floor":1,"key":"RECALL"},{"data":"hexamod:ExtraCrispy","floor":11,"key":"SMITH"},{"floor":18,"key":"DIG"}],"circlet_count":0,"master_deck":["hexamod:Defend","hexamod:Sear+1","hexamod:Float","hexamod:Rewind","hexamod:ExtraCrispy+1","hexamod:BacktrackSmack","hexamod:FourthSeal","hexamod:EmpoweredFlame","hexamod:ThirdSeal","hexamod:ThermalTransfer","hexamod:HexaLevel","hexamod:HeatMetal","hexamod:FastForward","hexamod:SoulSteal","hexamod:SearingWound","hexamod:GhostOfSpireFuture","hexamod:Firestarter","hexamod:AdvancingGuard","hexamod:FirstSeal","hexamod:NightmareGuise","hexamod:CatchUp+1"],"relics":["hexamod:SpiritBrand","downfall:HeartBlessingRed","downfall:HeartBlessingBlue","ReplayTheSpireMod:Lightbulb","Replay:Drink Me","downfall:HeartBlessingGreen","Bottled Lightning","MutagenicStrength","Darkstone Periapt"],"acts_visited":["Exordium","TheCity"],"potions_floor_usage":[9,13,14,16,16,16,16,16,21,21,23,23],"damage_taken":[{"damage":2,"enemies":"Small Slimes","floor":2,"turns":3},{"damage":0,"enemies":"Jaw Worm","floor":5,"turns":3},{"damage":0,"enemies":"Cultist","floor":8,"turns":3},{"damage":4,"enemies":"Red Slaver","floor":9,"turns":4},{"damage":10,"enemies":"Large Slime","floor":10,"turns":3},{"damage":14,"enemies":"Exordium Thugs","floor":12,"turns":4},{"damage":16,"enemies":"Gremlin Nob","floor":13,"turns":4},{"damage":4,"enemies":"downfall:FleeingMerchant","floor":14,"turns":4},{"damage":8,"enemies":"3 Louse","floor":15,"turns":4},{"damage":2,"enemies":"downfall:Watcher","floor":16,"turns":7},{"damage":13,"enemies":"Spheric Guardian","floor":19,"turns":5},{"damage":10,"enemies":"Cultist and Chosen","floor":21,"turns":5},{"damage":9,"enemies":"downfall:Augmenter","floor":23,"turns":5},{"damage":5,"enemies":"downfall:FleeingMerchant","floor":25,"turns":2}],"seed_played":"-3229769397540703794","potions_obtained":[{"floor":2,"key":"ColorlessPotion"},{"floor":5,"key":"SmokeBomb"},{"floor":10,"key":"BlessingOfTheForge"},{"floor":12,"key":"LifebloodPotion"},{"floor":13,"key":"EntropicBrew"},{"floor":14,"key":"EntropicBrew"},{"floor":20,"key":"ColorlessPotion"},{"floor":20,"key":"Weak Potion"},{"floor":21,"key":"LiquidBronze"}],"is_trial":false,"path_per_floor":["R","M","?","?","M","?","T","M","M","M","R","M","E","$","M","B",null,"R_BF","M","?","M","?","?","T","$"],"character_chosen":"THE_SPIRIT","items_purchased":["hexamod:HeatMetal"],"campfire_rested":0,"item_purchase_floors":[14],"current_hp_per_floor":[70,68,68,68,68,68,68,68,64,54,64,50,34,30,22,20,60,60,47,23,13,13,4,4,0,0,0],"gold":316,"neow_bonus":"UPGRADE_CARD","is_daily":false,"chose_seed":false,"campfire_upgraded":1,"win_rate":0.0,"timestamp":1609599791,"path_taken":["R","M","?","?","M","?","T","M","?","M","R","M","E","?","M","BOSS","R_BF","M","?","M","?","?","T","?"],"items_purchased_type":["Card"],"build_version":"2020-12-22","purchased_purges":1,"victory":false,"max_hp_per_floor":[70,70,70,70,70,70,70,70,70,70,80,80,80,80,80,80,60,60,60,60,60,60,60,60,60,60,60],"card_choices":[{"not_picked":["hexamod:StepThrough","hexamod:Hexaguard"],"picked":"hexamod:Rewind","floor":2},{"not_picked":["hexamod:FastForward","hexamod:NightmareStrike"],"picked":"hexamod:ExtraCrispy","floor":5},{"not_picked":["hexamod:SpectersWail","hexamod:UnleashSpirits"],"picked":"hexamod:BacktrackSmack","floor":8},{"not_picked":["hexamod:RainOfEmbers","hexamod:NightmareGuise"],"picked":"hexamod:FourthSeal","floor":9},{"not_picked":["hexamod:Haunt","hexamod:GhostLash"],"picked":"hexamod:EmpoweredFlame","floor":10},{"not_picked":["hexamod:ShieldOfDarkness","hexamod:SpectralAdrenaline","hexamod:BacktrackSmack"],"picked":"SKIP","floor":12},{"not_picked":["hexamod:Firestarter","hexamod:Haunt"],"picked":"hexamod:ThirdSeal","floor":13},{"not_picked":["hexamod:GhostShield","hexamod:NightmareStrike"],"picked":"hexamod:ThermalTransfer","floor":14},{"not_picked":["hexamod:NightmareGuise","hexamod:SpectersWail"],"picked":"hexamod:HexaLevel","floor":14},{"not_picked":["hexamod:BacktrackSmack","hexamod:SpectralAdrenaline"],"picked":"hexamod:FastForward","floor":15},{"not_picked":["hexamod:BurningTouch","hexamod:GhostLash"],"picked":"hexamod:SoulSteal","floor":15},{"not_picked":["hexamod:TimeOfNeed","hexamod:TurnItUp"],"picked":"hexamod:SearingWound","floor":16},{"not_picked":["hexamod:InspiringFlames","hexamod:ChargedBarrage+1"],"picked":"hexamod:GhostOfSpireFuture","floor":19},{"not_picked":["hexamod:InspiringFlames","hexamod:ShieldOfDarkness"],"picked":"hexamod:Firestarter","floor":20},{"not_picked":["hexamod:Hexaguard+1","hexamod:BacktrackSmack"],"picked":"hexamod:AdvancingGuard","floor":21},{"not_picked":["hexamod:ThermalTransfer","hexamod:Rewind+1"],"picked":"hexamod:CatchUp+1","floor":23}],"player_experience":148918,"relics_obtained":[{"floor":13,"key":"ReplayTheSpireMod:Lightbulb"},{"floor":18,"key":"Bottled Lightning"},{"floor":23,"key":"MutagenicStrength"},{"floor":24,"key":"Darkstone Periapt"}],"event_choices":[{"damage_healed":0,"gold_gain":0,"player_choice":"Ignored","damage_taken":0,"max_hp_gain":0,"max_hp_loss":0,"event_name":"NoteForYourself","floor":6,"gold_loss":0},{"cards_removed":["hexamod:Strike"],"damage_healed":0,"gold_gain":0,"player_choice":"Elegance","damage_taken":0,"max_hp_gain":0,"max_hp_loss":0,"event_name":"Back to Basics","floor":22,"gold_loss":0}],"is_beta":false,"boss_relics":[{"not_picked":["Replay:Bronze Core","Cursed Key"],"picked":"Replay:Drink Me"}],"items_purged_floors":[14],"is_endless":false,"potions_floor_spawned":[2,5,21],"killed_by":"downfall:FleeingMerchant","ascension_level":0}}