{"host":"4lxzgdqpvzyot39g","time":1609563755,"event":{"mods":["Abigail Mod","Act Like it!","Aspiration","BaseMod","Beaked The Cultist","Better Altar","Better Match","Better Note","Better Sensory Stone","Better Skull","Better Third Choice","CCEM","Colored Map","Colored Powertips","Conspire","Displayed Cursed Tome","Dota2Spire","Energized Spire","Friendly Minions","Gensokyo","GifTheSpireLib","Halation","Hallownest","Hermit","Highlight Path","HololiveMod","Hubris","Infinite Spire","Jedi Mod","JesterMod","Mari Mod (Legacy)","Mari\u0027s V1 Patch","MarisaÅiñ∂âJÅ@ñÇóùçπÅj","Minty Spire (QoL Compilation)","Prisma Mod","Quarter Circle Forward PUNCH!","Relic Filter","Replay The Spire","Robot Space Explorer","SCP261 Mod","Small Relic Pack","Spicy Shops","Spikes Relics","StSLib","Stuff the Spire","The Alterego","The Blue Laboratory","The Bug Knight","The Cursed","The Fake Hero","The Servant 0.9.4","The Wild Card","Trackpad","Waifu the Spire","WarShipGirlsR/??è≠èóR mod","vexMod","Åy?ï®?îvÅzREMEMod"],"gold_per_floor":[520,520,401,456,473,502,502,535,608,608,634,646,94,139,139,242,242,259,285,285,1,1,26,26,26,50,66,66,100,119,153,153,252,252,262,262,277,277,287,314,314,349,372,372,382,415,438,451,451,451,451],"floor_reached":50,"playtime":3232,"items_purged":["luka_mod:FlailWildly","luka_mod:Guard"],"score":1076,"play_id":"35dbb2ae-65a1-4e2d-88c2-4349e6229dc8","local_time":"20210102000235","is_ascension_mode":true,"campfire_choices":[{"data":"luka_mod:Erubetie","floor":15.0,"key":"SMITH"},{"data":"luka_mod:StrikeLukaSix","floor":28.0,"key":"SMITH"},{"data":"luka_mod:StrikeLukaTwo","floor":32.0,"key":"SMITH"},{"data":"luka_mod:Daystar","floor":41.0,"key":"SMITH"},{"floor":44.0,"key":"RECALL"},{"data":"luka_mod:AlmaElma","floor":49.0,"key":"SMITH"}],"circlet_count":0,"master_deck":["AscendersBane","luka_mod:StrikeLukaOne","luka_mod:StrikeLukaTwo+1","luka_mod:StrikeLukaThree+1","luka_mod:StrikeLukaFour","luka_mod:StrikeLukaFive+1","luka_mod:StrikeLukaSix+1","luka_mod:Meditation","PrismaMod:IllyaCommandSeal","luka_mod:Salamander","luka_mod:SmallBody","luka_mod:Erubetie+1","luka_mod:Ilias+1","luka_mod:BegIlias","luka_mod:Daystar+1","luka_mod:Salamander","luka_mod:AlmaElma+1","luka_mod:Intense+1","luka_mod:Intense+1","luka_mod:Struggle+1","luka_mod:CriticalHit+1","luka_mod:NeverSurrender+1","luka_mod:Gnome"],"relics":["luka_mod:KeepsakeRing","REME_ComplimentaryCards","NeowsBlessing","Happy Flower","aspiration:DSix","halation:LettersToHer","ReplayTheSpireMod:TigerMarble","Blue Doll","qcfpunch:Unceasing_Flame","trackpad:WondrousWand","PreservedInsect","qcfpunch:Crimson_Sash","Tiny Chest","Dota2Spire:Vanguard","relicPack:OneForAll","Dota2Spire:ShadowBlade","Oddly Smooth Stone","trackpad:Compendium","trackpad:CultistFigurine","Regal Pillow","halation:ForbiddenBikini","aspiration:EmptySkull","ReplayFunnel","Dota2Spire:Desolator","Strawberry","infinitespire:Lychee Nut","aspiration:ChemicalBlood"],"acts_visited":["Gensokyo:Gensokyo","Gensokyo:Gensokyoer","Hallownest:KingdomsEdge"],"potions_floor_usage":[50,50,50,50],"damage_taken":[{"damage":0.0,"enemies":"Gensokyo:Python","floor":1.0,"turns":1.0},{"damage":0.0,"enemies":"Gensokyo:3_Fairies","floor":5.0,"turns":1.0},{"damage":0.0,"enemies":"Gensokyo:Mamizou","floor":6.0,"turns":2.0},{"damage":12.0,"enemies":"Gensokyo:Aya","floor":8.0,"turns":5.0},{"damage":4.0,"enemies":"Gensokyo:Mamizou","floor":11.0,"turns":7.0},{"damage":0.0,"enemies":"Gensokyo:2_Kodama","floor":12.0,"turns":4.0},{"damage":5.0,"enemies":"Gensokyo:Kokoro","floor":16.0,"turns":9.0},{"damage":14.0,"enemies":"Gensokyo:3_Dogs","floor":18.0,"turns":4.0},{"damage":36.0,"enemies":"conspire:MimicChest","floor":19.0,"turns":6.0},{"damage":0.0,"enemies":"Gensokyo:Tenshi","floor":23.0,"turns":3.0},{"damage":7.0,"enemies":"Gensokyo:Chomper","floor":27.0,"turns":3.0},{"damage":0.0,"enemies":"Gensokyo:Reisen","floor":29.0,"turns":3.0},{"damage":4.0,"enemies":"Gensokyo:Wraith","floor":30.0,"turns":4.0},{"damage":16.0,"enemies":"Gensokyo:Koishi","floor":31.0,"turns":5.0},{"damage":16.0,"enemies":"Gensokyo:Eiki","floor":33.0,"turns":7.0},{"damage":0.0,"enemies":"Hallownest:Shield_Heavy","floor":35.0,"turns":4.0},{"damage":22.0,"enemies":"Hallownest:2_Littles","floor":37.0,"turns":4.0},{"damage":11.0,"enemies":"Hallownest:Slobbering_and_Violent","floor":39.0,"turns":6.0},{"damage":0.0,"enemies":"Hallownest:StalkingDevout","floor":40.0,"turns":4.0},{"damage":9.0,"enemies":"Hallownest:eliteHiveKnight","floor":42.0,"turns":5.0},{"damage":0.0,"enemies":"Hallownest:Xero_Hu_Marmu","floor":45.0,"turns":2.0},{"damage":0.0,"enemies":"Hallownest:eliteCollector","floor":46.0,"turns":4.0},{"damage":0.0,"enemies":"Hallownest:2_Great","floor":48.0,"turns":4.0},{"damage":56,"enemies":"Hallownest:BossHollowKnight","floor":50,"turns":4}],"seed_played":"-1042514450427647229","potions_obtained":[{"floor":1.0,"key":"BlessingOfTheForge"},{"floor":8.0,"key":"Explosive Potion"},{"floor":12.0,"key":"Fire Potion"},{"floor":18.0,"key":"Swift Potion"},{"floor":23.0,"key":"jedi:holywater"},{"floor":40.0,"key":"Venom Potion"},{"floor":46.0,"key":"Venom Potion"}],"is_trial":false,"path_per_floor":["M","?","COS","T","M","E","?","E","T","?","E","M","$","?","R","B",null,"M","?","?","$","?","E","?","T","T","M","R","E","M","E","R","B",null,"M","?","M","$","M","E","R","E","T","R","M","E","T","M","R","B"],"character_chosen":"LUKA_CLASS","items_purchased":["luka_mod:Daystar","trackpad:WondrousWand","luka_mod:Intense+1","Dota2Spire:Vanguard"],"campfire_rested":0,"item_purchase_floors":[13,13,21,21],"current_hp_per_floor":[36,36,36,36,36,36,20,30,30,30,39,39,39,29,29,27,32,26,32,32,32,32,40,40,40,40,35,35,40,40,26,26,32,35,40,13,23,23,40,40,40,31,35,35,35,35,35,35,35,0,0],"gold":451,"neow_bonus":"THREE_ENEMY_KILL","is_daily":false,"chose_seed":false,"campfire_upgraded":5,"win_rate":0.0,"timestamp":1609563755,"path_taken":["M","?","COS","?","?","E","?","E","T","?","E","M","?","?","R","BOSS","M","?","?","$","?","E","?","?","T","?","R","E","M","E","R","BOSS","M","?","M","$","?","E","R","E","T","R","M","E","?","M","R","BOSS"],"items_purchased_type":["Card","Relic","Card","Relic"],"build_version":"2020-12-22","purchased_purges":2,"victory":false,"max_hp_per_floor":[40,40,40,40,40,40,40,40,40,40,40,40,40,40,40,40,40,40,40,40,40,40,40,40,40,40,40,40,40,40,40,40,40,40,40,40,40,40,40,40,40,40,47,47,47,35,35,35,35,35,35],"card_choices":[{"not_picked":["luka_mod:IliasesJudgement","luka_mod:Overexert","luka_mod:TouchFluffyTail"],"picked":"SKIP","floor":1.0},{"not_picked":["luka_mod:FlashKill","luka_mod:WaterSlash"],"picked":"luka_mod:Salamander","floor":5.0},{"not_picked":["luka_mod:ThunderThrust","luka_mod:StressRelief"],"picked":"luka_mod:SmallBody","floor":6.0},{"not_picked":["luka_mod:AlicesFist","luka_mod:Granberia"],"picked":"luka_mod:Erubetie","floor":8.0},{"not_picked":["luka_mod:NeverSurrender","luka_mod:AngryLuka"],"picked":"luka_mod:Ilias","floor":8.0},{"not_picked":["luka_mod:Intense","luka_mod:FireSlash","luka_mod:DemonSkullBeheading"],"picked":"SKIP","floor":11.0},{"not_picked":["luka_mod:RestrictedStrike","luka_mod:Intense"],"picked":"luka_mod:BegIlias","floor":12.0},{"not_picked":["luka_mod:Intense","luka_mod:GuardedStrike"],"picked":"luka_mod:Salamander","floor":14.0},{"not_picked":["luka_mod:NinefoldRakshasa","luka_mod:Ilias"],"picked":"luka_mod:AlmaElma","floor":16.0},{"not_picked":["luka_mod:StressRelief","luka_mod:WaterSlash","luka_mod:DemonDecapitation"],"picked":"SKIP","floor":18.0},{"not_picked":["luka_mod:LightningSwordFlash","luka_mod:EarthRumblingDecapitation"],"picked":"luka_mod:Intense+1","floor":23.0},{"not_picked":["luka_mod:EarthSlash+1","luka_mod:FireSlash+1","luka_mod:BladeOfStillWater+1"],"picked":"SKIP","floor":27.0},{"not_picked":["luka_mod:SmallBody+1","luka_mod:EarthSlash+1","luka_mod:BladeOfHowlingWind+1"],"picked":"SKIP","floor":29.0},{"not_picked":["luka_mod:SpoilerDance","luka_mod:VaporizingRebellionSword","luka_mod:DemonSkullBeheading"],"picked":"SKIP","floor":30.0},{"not_picked":["luka_mod:FlashKill","luka_mod:Feel","luka_mod:GuardedStrike"],"picked":"SKIP","floor":31.0},{"not_picked":["luka_mod:WaterSlash","luka_mod:Feel","luka_mod:FireSlash"],"picked":"SKIP","floor":35.0},{"not_picked":["luka_mod:PeacePreach","luka_mod:PrayToIlias"],"picked":"luka_mod:Struggle+1","floor":37.0},{"not_picked":["luka_mod:GuardedStrike","luka_mod:EndlessGuard","luka_mod:HeroicStrike"],"picked":"SKIP","floor":39.0},{"not_picked":["luka_mod:EarthSlash","luka_mod:Optimistic+1"],"picked":"luka_mod:CriticalHit+1","floor":40.0},{"not_picked":["luka_mod:StressRelief","luka_mod:DemonSkullBeheading"],"picked":"luka_mod:NeverSurrender+1","floor":42.0},{"not_picked":["luka_mod:Overexert+1","luka_mod:Optimistic"],"picked":"luka_mod:Gnome","floor":45.0},{"not_picked":["luka_mod:DemonDecapitation","luka_mod:Optimistic+1","luka_mod:HeavenlyDemonRevival+1"],"picked":"SKIP","floor":46.0},{"not_picked":["luka_mod:AlicesGuard+1","luka_mod:IliasesJudgement","luka_mod:GuardedStrike"],"picked":"SKIP","floor":48.0}],"player_experience":1012455,"relics_obtained":[{"floor":6.0,"key":"aspiration:DSix"},{"floor":8.0,"key":"halation:LettersToHer"},{"floor":9.0,"key":"halation:LettersToHer"},{"floor":9.0,"key":"ReplayTheSpireMod:TigerMarble"},{"floor":11.0,"key":"Blue Doll"},{"floor":14.0,"key":"PreservedInsect"},{"floor":19.0,"key":"Tiny Chest"},{"floor":23.0,"key":"Dota2Spire:ShadowBlade"},{"floor":25.0,"key":"halation:LettersToHer"},{"floor":25.0,"key":"Oddly Smooth Stone"},{"floor":26.0,"key":"halation:LettersToHer"},{"floor":26.0,"key":"trackpad:Compendium"},{"floor":29.0,"key":"trackpad:CultistFigurine"},{"floor":31.0,"key":"Regal Pillow"},{"floor":40.0,"key":"ReplayFunnel"},{"floor":42.0,"key":"Dota2Spire:Desolator"},{"floor":43.0,"key":"halation:LettersToHer"},{"floor":43.0,"key":"Strawberry"},{"floor":46.0,"key":"infinitespire:Lychee Nut"},{"floor":47.0,"key":"halation:LettersToHer"},{"floor":47.0,"key":"aspiration:ChemicalBlood"}],"event_choices":[{"damage_healed":0.0,"max_hp_gain":0.0,"max_hp_loss":0.0,"gold_gain":0.0,"event_name":"betterSkull:BetterSkull","player_choice":"UP RE UP ","floor":36.0,"gold_loss":0.0,"damage_taken":33.0,"cards_upgraded":["luka_mod:Ilias","luka_mod:StrikeLukaFive"],"relics_obtained":["aspiration:EmptySkull"]}],"is_beta":false,"boss_relics":[{"not_picked":["Cursed Key","energizedSpire:HugeHouse"],"picked":"qcfpunch:Crimson_Sash"},{"not_picked":["Honey Jar","StuffTheSpire:Kangaroo"],"picked":"halation:ForbiddenBikini"}],"items_purged_floors":[13,21],"is_endless":false,"potions_floor_spawned":[1,8,12,18,23,40,46,48],"killed_by":"Hallownest:BossHollowKnight","ascension_level":10}}