{"host":"a1u4jo6xlg3w0wsm","time":1609573598,"event":{"mods":["BaseMod","Better Third Choice","DeckTracker","Downfall","Hermit","Hubris","Minty Spire (QoL Compilation)","Rare Cards Sparkle","Replay The Spire","StSLib"],"gold_per_floor":[99,25,25,25,475,475,475,475,475,509,523,533,458,458,468,468,468,468],"floor_reached":16,"playtime":736,"items_purged":[],"score":96,"play_id":"f8a8280f-6c30-4b41-8b92-11bab27bb85b","local_time":"20210102204638","is_ascension_mode":false,"campfire_choices":[{"data":"champ:Execute","floor":1,"key":"SMITH"},{"data":"champ:BerserkerStyle","floor":6,"key":"SMITH"},{"data":"champ:HeavySlash","floor":8,"key":"SMITH"},{"floor":13,"key":"REST"}],"circlet_count":0,"master_deck":["champ:Strike","champ:Strike","champ:Strike","champ:Strike+1","champ:Defend+1","champ:Defend","champ:Defend","champ:Defend","champ:Execute+1","champ:Taunt","champ:HeavySlash+1","champ:BerserkerStyle+1","champ:FlashCut+1","champ:FlashCut","Slimebound:Icky","Slimebound:Icky","Slimebound:Icky","Regret","champ:GladiatorsShout","champ:DefensiveStyle","champ:BringItOn","champ:FlashCut"],"relics":["champ:ChampionCrown","downfall:HeartsMalice","Pen Nib","PreservedInsect","downfall:HeartBlessingGreen","champ:LiftRelic"],"acts_visited":["Exordium"],"potions_floor_usage":[16],"damage_taken":[{"damage":0,"enemies":"downfall:FleeingMerchant","floor":2,"turns":1},{"damage":0,"enemies":"Small Slimes","floor":3,"turns":1},{"damage":0,"enemies":"2 Louse","floor":4,"turns":1},{"damage":43,"enemies":"3 Sentries","floor":10,"turns":10},{"damage":14,"enemies":"Cultist","floor":11,"turns":3},{"damage":7,"enemies":"Blue Slaver","floor":12,"turns":3},{"damage":32,"enemies":"Large Slime","floor":15,"turns":7},{"damage":53,"enemies":"downfall:Silent","floor":16,"turns":6}],"seed_played":"-224224131766115682","potions_obtained":[{"floor":11,"key":"Swift Potion"},{"floor":12,"key":"Explosive Potion"},{"floor":15,"key":"PowerPotion"}],"is_trial":false,"path_per_floor":["R","$","M","M","?","R","T","R","?","E","M","M","R","?","M","B"],"character_chosen":"THE_CHAMP","items_purchased":["champ:BerserkerStyle"],"campfire_rested":1,"item_purchase_floors":[2],"current_hp_per_floor":[90,90,90,90,90,90,90,90,90,56,50,43,70,70,46,0,0,0],"gold":468,"neow_bonus":"THREE_ENEMY_KILL","is_daily":false,"chose_seed":false,"campfire_upgraded":3,"win_rate":0.0,"timestamp":1609573598,"path_taken":["R","$","M","M","?","R","T","R","?","E","M","M","R","?","M","BOSS"],"items_purchased_type":["Card"],"build_version":"2020-12-13","purchased_purges":0,"victory":false,"max_hp_per_floor":[90,90,90,90,90,90,90,90,90,90,90,90,90,90,90,90,90,90],"card_choices":[{"not_picked":["champ:BladeFlurry","champ:Haymaker"],"picked":"champ:HeavySlash","floor":2},{"not_picked":["champ:Backstep","champ:PreciseThrust"],"picked":"champ:FlashCut","floor":3},{"not_picked":["champ:FaceSlap","champ:BladeFlurry"],"picked":"champ:FlashCut","floor":4},{"not_picked":["champ:Lariat","champ:PerfectedStrike"],"picked":"champ:GladiatorsShout","floor":10},{"not_picked":["champ:Circumvent","champ:BerserkersShout"],"picked":"champ:DefensiveStyle","floor":11},{"not_picked":["champ:FanOfKnives","champ:GutPunch"],"picked":"champ:BringItOn","floor":12},{"not_picked":["champ:GladiatorStyle","champ:CrownThrow"],"picked":"champ:FlashCut","floor":15}],"player_experience":279630,"relics_obtained":[{"floor":7,"key":"Pen Nib"},{"floor":10,"key":"PreservedInsect"}],"event_choices":[],"is_beta":false,"boss_relics":[],"items_purged_floors":[],"is_endless":false,"potions_floor_spawned":[11,12,15],"killed_by":"downfall:Silent","ascension_level":0}}