{"host":"alk2ftu785mujiir","time":1609615654,"event":{"mods":["BaseMod","Colored Map","Downfall","Minty Spire (QoL Compilation)","StSLib"],"gold_per_floor":[99,99,99,99,99,128,128,128,228,244,194,228,178,278,295,394,394,344,344,344,344,362,372,372,398,414,37,37,48,48,73,85,187,187,137,157,177,177,201,201,201,219,219,23,53,3,19,46,65,65],"floor_reached":51,"playtime":2467,"items_purged":["Slimebound:Strike_Slimebound"],"score":799,"play_id":"52c78d5b-169e-4c9f-85e9-9f1e904d909d","local_time":"20210102142734","is_ascension_mode":false,"campfire_choices":[{"data":"Slimebound:Split","floor":1.0,"key":"SMITH"},{"data":"Slimebound:Recollect","floor":11.0,"key":"SMITH"},{"data":"Slimebound:FinishingTackle","floor":13.0,"key":"SMITH"},{"data":"Slimebound:RallyTheTroops","floor":18.0,"key":"SMITH"},{"floor":28.0,"key":"REST"},{"data":"Slimebound:LevelUp","floor":30.0,"key":"SMITH"},{"data":"Slimebound:MassFeed","floor":35.0,"key":"SMITH"},{"data":"Slimebound:LevelUp","floor":46,"key":"SMITH"}],"circlet_count":0,"master_deck":["Slimebound:Strike_Slimebound","Slimebound:Strike_Slimebound","Slimebound:Tackle","Slimebound:Defend_Slimebound","Slimebound:Defend_Slimebound","Slimebound:Defend_Slimebound","Slimebound:Defend_Slimebound","Slimebound:Split+1","Slimebound:CorrosiveSpit","Slimebound:SplitLeeching","Slimebound:SplitAcid+1","Slimebound:SplitLeeching","Slimebound:SlimeSpikes","Slimebound:Recollect+1","Slimebound:FinishingTackle+1","Slimebound:RallyTheTroops+1","Slimebound:LeadByExample","Slimebound:PressTheAttack+1","Slimebound:RejuvenatingLick+1","Slimebound:RainOfGoop+1","Slimebound:ComboTackle+1","Slimebound:LevelUp+1","Slimebound:RejuvenatingLick","Slimebound:MassFeed+1","Slimebound:GoopSpray","Slimebound:RejuvenatingLick+1","Slimebound:SamplingLick","Slimebound:LevelUp+1","Panacea","Slimebound:Grow+1","Slimebound:LeechEnergy+1"],"relics":["Slimebound:AbsorbEndCombat","downfall:HeartsMalice","Slimebound:GreedOozeRelic","Pear","Sundial","Philosopher\u0027s Stone","downfall:RedIOU","Blood Vial","PreservedInsect","CaptainsWheel","Juzu Bracelet","expansioncontent:StudyCardRelic","HornCleat","Membership Card","Slimebound:AggressiveSlimeRelic","Slimebound:MaxSlimesRelic","Strawberry","ClockworkSouvenir","Blue Candle","Gambling Chip"],"acts_visited":["Exordium","TheCity","TheBeyond"],"potions_floor_usage":[47,50],"damage_taken":[{"damage":0.0,"enemies":"Small Slimes","floor":2.0,"turns":1.0},{"damage":0.0,"enemies":"2 Louse","floor":4.0,"turns":1.0},{"damage":0.0,"enemies":"Cultist","floor":5.0,"turns":1.0},{"damage":27.0,"enemies":"3 Sentries","floor":6.0,"turns":7.0},{"damage":19.0,"enemies":"3 Louse","floor":10.0,"turns":3.0},{"damage":38.0,"enemies":"Lagavulin","floor":12.0,"turns":5.0},{"damage":16.0,"enemies":"2 Fungi Beasts","floor":15.0,"turns":3.0},{"damage":57.0,"enemies":"downfall:Ironclad","floor":16.0,"turns":8.0},{"damage":23.0,"enemies":"Chosen","floor":22.0,"turns":3.0},{"damage":15.0,"enemies":"Snecko","floor":23.0,"turns":4.0},{"damage":67.0,"enemies":"Gremlin Leader","floor":25.0,"turns":7.0},{"damage":31.0,"enemies":"Centurion and Healer","floor":26.0,"turns":5.0},{"damage":31.0,"enemies":"downfall:FleeingMerchant","floor":27.0,"turns":4.0},{"damage":38.0,"enemies":"Shelled Parasite and Fungi","floor":29.0,"turns":4.0},{"damage":51.0,"enemies":"Slavers","floor":31.0,"turns":3.0},{"damage":14.0,"enemies":"Cultist and Chosen","floor":32.0,"turns":4.0},{"damage":28.0,"enemies":"downfall:Defect","floor":33.0,"turns":6.0},{"damage":9.0,"enemies":"3 Shapes","floor":36.0,"turns":3.0},{"damage":6.0,"enemies":"3 Darklings","floor":37.0,"turns":3.0},{"damage":17.0,"enemies":"downfall:FleeingMerchant","floor":39.0,"turns":4.0},{"damage":34,"enemies":"Spire Growth","floor":42,"turns":4},{"damage":53,"enemies":"Reptomancer","floor":45,"turns":3},{"damage":34,"enemies":"Writhing Mass","floor":47,"turns":3},{"damage":17,"enemies":"Giant Head","floor":48,"turns":5},{"damage":8,"enemies":"Sphere and 2 Shapes","floor":49,"turns":3},{"damage":67,"enemies":"downfall:Silent","floor":50,"turns":4}],"seed_played":"-1567465562322922579","potions_obtained":[{"floor":10.0,"key":"Energy Potion"},{"floor":16.0,"key":"Block Potion"},{"floor":19.0,"key":"CultistPotion"},{"floor":23.0,"key":"Energy Potion"},{"floor":45,"key":"AttackPotion"},{"floor":49,"key":"Slimebound:SlimedPotion"}],"is_trial":false,"path_per_floor":["R","M","?","M","M","E","T","?","?","M","R","E","R","?","M","B",null,"R","?","?","?","M","M","T","E","M","$","R","M","R","E","M","B",null,"R","M","M","?","$","?","T","M","?","$","E","R","M","E","M","B",null],"character_chosen":"SLIMEBOUND","items_purchased":["Slimebound:LevelUp","CaptainsWheel","Membership Card","Slimebound:AggressiveSlimeRelic","Slimebound:SamplingLick","Strawberry","ClockworkSouvenir","Panacea"],"campfire_rested":1,"item_purchase_floors":[27,27,39,39,39,44,44,44],"current_hp_per_floor":[60,60,60,60,60,49,59,59,59,58,58,58,58,58,56,43,70,70,70,70,70,65,62,62,29,32,33,54,52,52,15,29,41,70,70,71,74,74,78,78,78,65,65,72,63,63,45,56,64,29],"gold":65,"neow_bonus":"THREE_ENEMY_KILL","is_daily":false,"chose_seed":false,"campfire_upgraded":7,"win_rate":0.0,"timestamp":1609615654,"path_taken":["R","M","?","M","M","E","T","?","?","M","R","E","R","?","M","BOSS","R","?","?","?","M","M","T","E","M","$","R","M","R","E","M","BOSS","R","M","M","?","$","?","T","M","?","$","E","R","M","E","M","BOSS"],"items_purchased_type":["Card","Relic","Relic","Relic","Card","Relic","Relic","Card"],"build_version":"2020-12-22","purchased_purges":1,"victory":true,"max_hp_per_floor":[60,60,60,60,60,60,70,70,70,70,70,70,70,70,70,70,70,70,70,70,70,70,70,70,70,70,70,70,70,70,70,70,70,70,70,74,74,74,78,78,78,78,78,85,85,85,85,85,85,85],"card_choices":[{"not_picked":["Slimebound:LeechingTouch","Slimebound:ProtectTheBoss"],"picked":"Slimebound:SplitLeeching","floor":2.0},{"not_picked":["Slimebound:GrowthPunch","Slimebound:FinishingTackle"],"picked":"Slimebound:SplitAcid","floor":4.0},{"not_picked":["Slimebound:BestDefense","Slimebound:Replication"],"picked":"Slimebound:SplitLeeching","floor":5.0},{"not_picked":["Slimebound:FlameTackle","Slimebound:SplitLeeching"],"picked":"Slimebound:SlimeSpikes","floor":6.0},{"not_picked":["Slimebound:FormOfPuddle","Slimebound:Dissolve"],"picked":"Slimebound:Recollect","floor":10.0},{"not_picked":["Slimebound:ViciousTackle","Slimebound:Grow"],"picked":"Slimebound:FinishingTackle","floor":12.0},{"not_picked":["Slimebound:ViciousTackle","Slimebound:DivideAndConquer","Slimebound:Grow"],"picked":"SKIP","floor":15.0},{"not_picked":["Slimebound:WasteNot","Slimebound:MinionMaster"],"picked":"Slimebound:RallyTheTroops","floor":16.0},{"not_picked":["Slimebound:LeechingTouch+1","Slimebound:DivideAndConquer"],"picked":"Slimebound:PressTheAttack+1","floor":22.0},{"not_picked":["Slimebound:LeechEnergy","Slimebound:Dissolve","Slimebound:DivideAndConquer"],"picked":"SKIP","floor":23.0},{"not_picked":["Slimebound:PressTheAttack","Slimebound:RallyTheTroops"],"picked":"Slimebound:RejuvenatingLick+1","floor":25.0},{"not_picked":["Slimebound:SplitAcid","Slimebound:SplitLeeching"],"picked":"Slimebound:RainOfGoop+1","floor":26.0},{"not_picked":["Slimebound:SlimeBrawl","Slimebound:Recollect+1"],"picked":"Slimebound:ComboTackle+1","floor":27.0},{"not_picked":["Slimebound:LeechingTouch","Slimebound:SplitLeeching","Slimebound:DivideAndConquer"],"picked":"SKIP","floor":29.0},{"not_picked":["Slimebound:Recycling","Slimebound:RollThrough"],"picked":"Slimebound:RejuvenatingLick","floor":31.0},{"not_picked":["Slimebound:SplitLeeching","Slimebound:FlameTackle","Slimebound:Schlurp"],"picked":"SKIP","floor":32.0},{"not_picked":["Slimebound:MassRepurpose","Slimebound:Teamwork"],"picked":"Slimebound:MassFeed","floor":33.0},{"not_picked":["Slimebound:HungryTackle","Slimebound:SplitAcid"],"picked":"Slimebound:GoopSpray","floor":36.0},{"not_picked":["Slimebound:SlimeBrawl","Slimebound:GrowthPunch+1"],"picked":"Slimebound:RejuvenatingLick+1","floor":37.0},{"not_picked":["Slimebound:LeechEnergy","Slimebound:GrowthPunch+1"],"picked":"Slimebound:LevelUp","floor":42},{"not_picked":["Slimebound:PrepareCrush","Slimebound:FlameTackle+1"],"picked":"Slimebound:Grow+1","floor":45},{"not_picked":["Slimebound:Recollect","Slimebound:SplitMire+1"],"picked":"Slimebound:LeechEnergy+1","floor":47},{"not_picked":["Slimebound:RollThrough+1","Slimebound:Schlurp","Slimebound:PressTheAttack+1"],"picked":"SKIP","floor":48},{"not_picked":["Slimebound:RallyTheTroops","Slimebound:SplitMire+1","Slimebound:Chomp"],"picked":"SKIP","floor":49}],"player_experience":1732355,"relics_obtained":[{"floor":6.0,"key":"Boot"},{"floor":7.0,"key":"Pear"},{"floor":12.0,"key":"Sundial"},{"floor":24.0,"key":"Blood Vial"},{"floor":25.0,"key":"PreservedInsect"},{"floor":31.0,"key":"Juzu Bracelet"},{"floor":38.0,"key":"HornCleat"},{"floor":41,"key":"Slimebound:MaxSlimesRelic"},{"floor":45,"key":"Blue Candle"},{"floor":48,"key":"Gambling Chip"}],"event_choices":[{"damage_healed":0.0,"max_hp_gain":0.0,"max_hp_loss":0.0,"gold_gain":0.0,"event_name":"Living Wall","player_choice":"Grow","floor":8.0,"gold_loss":0.0,"damage_taken":0.0,"cards_upgraded":["Slimebound:SplitAcid"]},{"damage_healed":0.0,"max_hp_gain":0.0,"max_hp_loss":0.0,"gold_gain":100.0,"event_name":"Wheel of Change","player_choice":"Gold","floor":14.0,"gold_loss":0.0,"damage_taken":0.0},{"damage_healed":0.0,"max_hp_gain":0.0,"max_hp_loss":0.0,"gold_gain":0.0,"event_name":"The Library","player_choice":"Read","floor":21.0,"gold_loss":0.0,"damage_taken":0.0,"cards_obtained":["Slimebound:LeadByExample"]}],"is_beta":false,"boss_relics":[{"not_picked":["Pandora\u0027s Box","Runic Pyramid"],"picked":"Philosopher\u0027s Stone"},{"not_picked":["SlaversCollar","Fusion Hammer"],"picked":"expansioncontent:StudyCardRelic"}],"items_purged_floors":[39],"is_endless":false,"potions_floor_spawned":[10,16,23,26,29,32,33,45,49],"ascension_level":0}}