{"host":"cyiefo55v5hz1ih5","time":1609570211,"event":{"mods":["2.2 Compatiblity","AchievementEnabler","Arknights The Spire","BaseMod","GifTheSpireLib","Hubris","Minty Spire (QoL Compilation)","Replay The Spire","Spicy Shops","StSLib","The Marked"],"gold_per_floor":[366,366,377,132,132,132,159,159,159,171,188,188,188,88,88,218,218,242,242,242,262,352,352,365,399,399,8,8,42,42,57,57,182,182,207,230,286,332,346,381,381,405,405,405,468,504,524,95,95,95,95,95,34,77,77,77],"floor_reached":55,"playtime":3651,"items_purged":["hubris:Disease","theMarked:Strike","theMarked:Strike","hubris:Wrath","Writhe"],"score":718,"play_id":"4ba5b4ea-1f54-402c-968c-76ad520bb3e7","local_time":"20210102015011","is_ascension_mode":true,"campfire_choices":[{"data":"theMarked:SoldierOfQuellstein","floor":6,"key":"SMITH"},{"floor":8,"key":"RECALL"},{"floor":15,"key":"REST"},{"data":"theMarked:Abjuration","floor":23,"key":"SMITH"},{"floor":28,"key":"REST"},{"floor":32,"key":"REST"},{"floor":41,"key":"REST"},{"floor":44,"key":"REST"},{"data":"theMarked:Parry","floor":52,"key":"SMITH"}],"circlet_count":0,"master_deck":["theMarked:Defend","theMarked:Defend","theMarked:SoldierOfQuellstein+1","theMarked:ParalyzingBlade","theMarked:CreepingChasm+1","theMarked:Parry+1","theMarked:Abjuration+1","theMarked:SoldierOfQuellstein+1","theMarked:FavorableWinds","theMarked:BanishingStrike+1","theMarked:SwordAndMagic+1","Pot Of Greed","Pot Of Greed","theMarked:Improvise","theMarked:HeritageOfTheMarked+1"],"relics":["theMarked:ArtifactOfAir","Boot","Iron Hammer","Golden Idol","Mango","ChewingGum","hubris:Icosahedron","Frozen Egg 2","Meat on the Bone","Membership Card","Oddly Smooth Stone","PreservedInsect","Replay:Mystery Machine","Ancient Tea Set","Kintsugi","hubris:Potato","Grinning Jar","Replay:Towering Pillar of Hats","FossilizedHelix","Thread and Needle","hubris:FunFungus","hubris:PeanutButter","Replay:Rubber Ducky","Bottled Flame"],"acts_visited":["Exordium","TheCity","TheBeyond","TheEnding"],"potions_floor_usage":[16,29,33,37,42,55,55,55],"damage_taken":[{"damage":6,"enemies":"Jaw Worm","floor":1,"turns":4},{"damage":3,"enemies":"2 Louse","floor":3,"turns":2},{"damage":17,"enemies":"3 Sentries","floor":7,"turns":6},{"damage":0,"enemies":"Cultist","floor":10,"turns":3},{"damage":4,"enemies":"Blue Slaver","floor":11,"turns":3},{"damage":52,"enemies":"Hexaghost","floor":16,"turns":11},{"damage":9,"enemies":"Spheric Guardian","floor":18,"turns":5},{"damage":3,"enemies":"Shell Parasite","floor":21,"turns":4},{"damage":18,"enemies":"Snecko","floor":24,"turns":4},{"damage":8,"enemies":"Gremlin Leader","floor":25,"turns":5},{"damage":0,"enemies":"Book of Stabbing","floor":29,"turns":4},{"damage":2,"enemies":"Centurion and Healer","floor":31,"turns":4},{"damage":49,"enemies":"hubris:MusketHawk","floor":33,"turns":9},{"damage":0,"enemies":"3 Shapes","floor":35,"turns":4},{"damage":0,"enemies":"Orb Walker","floor":36,"turns":3},{"damage":24,"enemies":"2 Orb Walkers","floor":37,"turns":6},{"damage":3,"enemies":"Jaw Worm Horde","floor":39,"turns":3},{"damage":28,"enemies":"Nemesis","floor":40,"turns":5},{"damage":20,"enemies":"Maw","floor":42,"turns":7},{"damage":0,"enemies":"Mind Bloom Boss Battle","floor":45,"turns":4},{"damage":0,"enemies":"Reptomancer","floor":46,"turns":4},{"damage":0,"enemies":"3 Darklings","floor":47,"turns":6},{"damage":24,"enemies":"Replay:Hell Engine","floor":50,"turns":9},{"damage":0,"enemies":"Shield and Spear","floor":54,"turns":5},{"damage":99,"enemies":"The Heart","floor":55,"turns":9}],"seed_played":"7836018077223096874","potions_obtained":[{"floor":1,"key":"BlessingOfTheForge"},{"floor":16,"key":"CultistPotion"},{"floor":24,"key":"PowerPotion"},{"floor":31,"key":"Languid Potion"},{"floor":33,"key":"Elixir"},{"floor":36,"key":"FearPotion"},{"floor":40,"key":"AttackPotion"},{"floor":42,"key":"Weak Potion"}],"is_trial":false,"path_per_floor":["M","?","M","$","?","R","E","R","T","M","M","?","T","$","R","B",null,"M","?","?","M","?","R","M","E","T","$","R","E","?","M","R","B",null,"M","M","?","T","M","E","R","M","T","R","?","E","M","$","R","B",null,"R","$","E","B"],"character_chosen":"THE_DEFAULT","items_purchased":["theMarked:ParalyzingBlade","Membership Card","Oddly Smooth Stone","PreservedInsect","Replay:Mystery Machine","hubris:FunFungus","hubris:PeanutButter","theMarked:Improvise","Replay:Rubber Ducky"],"campfire_rested":5,"item_purchase_floors":[4,27,27,27,27,48,48,53,53],"current_hp_per_floor":[64,69,66,66,66,66,49,49,49,49,45,45,59,59,83,31,83,74,74,74,71,59,59,41,33,33,33,57,57,57,55,79,42,83,83,83,59,59,56,40,64,44,44,68,68,68,68,68,83,59,83,83,83,83,0,0],"gold":77,"neow_bonus":"TWO_FIFTY_GOLD","is_daily":false,"chose_seed":false,"campfire_upgraded":3,"win_rate":0.0,"timestamp":1609570211,"path_taken":["M","?","M","$","?","R","E","R","T","?","M","?","?","$","R","BOSS","M","?","?","?","?","R","?","E","T","$","R","E","?","?","R","BOSS","M","M","?","?","M","E","R","M","T","R","?","E","M","$","R","BOSS","R","$","E","BOSS"],"items_purchased_type":["Card","Relic","Relic","Relic","Relic","Relic","Relic","Card","Relic"],"build_version":"2020-12-22","purchased_purges":5,"victory":false,"max_hp_per_floor":[70,75,75,75,75,75,75,75,75,75,75,69,83,83,83,83,83,83,83,83,83,83,83,83,83,83,83,83,83,83,83,83,83,83,83,83,83,83,83,83,83,83,83,83,83,83,83,83,83,83,83,83,83,83,83,83],"card_choices":[{"not_picked":["theMarked:Seal","theMarked:WardOff","theMarked:KeepCalmAndFightOn"],"picked":"SKIP","floor":1},{"not_picked":["theMarked:ChainLightning","theMarked:AttractMetal","theMarked:WardOff"],"picked":"SKIP","floor":3},{"not_picked":["theMarked:WastefulAttack","theMarked:LightningStrikesTwice","theMarked:AttractMetal"],"picked":"SKIP","floor":7},{"not_picked":["theMarked:WastefulDefense","theMarked:Electrify"],"picked":"theMarked:Parry","floor":10},{"not_picked":["theMarked:PowerFlow","theMarked:HeightenedSenses","theMarked:Static"],"picked":"SKIP","floor":11},{"not_picked":["theMarked:Vacuum","theMarked:UnarmedFury"],"picked":"theMarked:Abjuration","floor":16},{"not_picked":["theMarked:Aftermath","theMarked:Electrify","theMarked:ParalyzingBlade+1"],"picked":"SKIP","floor":18},{"not_picked":["theMarked:ResourceFulStrike","theMarked:Convert","theMarked:WastefulDefense"],"picked":"SKIP","floor":21},{"not_picked":["theMarked:HeightenedSenses","theMarked:Seal","theMarked:ResourceFulStrike"],"picked":"SKIP","floor":24},{"not_picked":["theMarked:SwordAndMagic","theMarked:AttractMetal","theMarked:LightningStrikesTwice+1"],"picked":"SKIP","floor":25},{"not_picked":["theMarked:SelfDefenseTraining","theMarked:Static+1","theMarked:MaelstromOfLightning+1"],"picked":"SKIP","floor":29},{"not_picked":["theMarked:WardOff","theMarked:ContemptForTheProud","theMarked:HeightenedSenses+1"],"picked":"SKIP","floor":31},{"not_picked":["theMarked:SummonStrength+1","theMarked:Levitate"],"picked":"theMarked:FavorableWinds","floor":33},{"not_picked":["theMarked:TwofoldDefense","theMarked:Aftermath+1"],"picked":"theMarked:BanishingStrike+1","floor":35},{"not_picked":["theMarked:SwordAndMagic+1","theMarked:PowerFlow","theMarked:WastefulAttack"],"picked":"SKIP","floor":36},{"not_picked":["theMarked:Aftermath+1","theMarked:WardOff+1"],"picked":"theMarked:SwordAndMagic+1","floor":37},{"not_picked":["theMarked:SelfDefenseTraining+1","theMarked:Parkour+1","theMarked:TwofoldDefense+1"],"picked":"SKIP","floor":39},{"not_picked":["theMarked:RepellingDischarge+1","theMarked:SelfDefenseTraining","theMarked:ResourceFulStrike"],"picked":"SKIP","floor":40},{"not_picked":["theMarked:Panic+1","theMarked:WardOff+1","theMarked:MaelstromOfLightning"],"picked":"SKIP","floor":42},{"not_picked":["theMarked:RepellingDischarge","theMarked:WardOff","theMarked:ThrowWeapon"],"picked":"SKIP","floor":46},{"not_picked":["theMarked:ShockingTouch","theMarked:ResourceFulStrike","theMarked:TakeCover"],"picked":"SKIP","floor":47},{"not_picked":["theMarked:MaelstromOfLightning","theMarked:KeepCalmAndFightOn"],"picked":"theMarked:HeritageOfTheMarked+1","floor":54}],"player_experience":656858,"relics_obtained":[{"floor":7,"key":"Boot"},{"floor":9,"key":"Iron Hammer"},{"floor":13,"key":"Mango"},{"floor":25,"key":"Frozen Egg 2"},{"floor":26,"key":"Meat on the Bone"},{"floor":29,"key":"Ancient Tea Set"},{"floor":37,"key":"hubris:Potato"},{"floor":38,"key":"Grinning Jar"},{"floor":40,"key":"Replay:Towering Pillar of Hats"},{"floor":45,"key":"FossilizedHelix"},{"floor":46,"key":"Thread and Needle"},{"floor":54,"key":"Bottled Flame"}],"event_choices":[{"damage_healed":0,"gold_gain":0,"player_choice":"Donut","damage_taken":0,"max_hp_gain":5,"max_hp_loss":0,"event_name":"Big Fish","floor":2,"gold_loss":0},{"damage_healed":0,"gold_gain":0,"player_choice":"1 cards matched","damage_taken":0,"max_hp_gain":0,"max_hp_loss":0,"event_name":"Match and Keep!","floor":5,"gold_loss":0,"cards_obtained":["theMarked:CreepingChasm"]},{"damage_healed":0,"gold_gain":0,"player_choice":"Lose Max HP","damage_taken":0,"relics_obtained":["Golden Idol"],"max_hp_gain":0,"max_hp_loss":6,"event_name":"Golden Idol","floor":12,"gold_loss":0},{"damage_healed":0,"gold_gain":0,"player_choice":"Copied","damage_taken":0,"max_hp_gain":0,"max_hp_loss":0,"event_name":"Duplicator","floor":20,"gold_loss":0,"cards_obtained":["theMarked:SoldierOfQuellstein"]},{"damage_healed":0,"gold_gain":90,"player_choice":"GOLD ","damage_taken":12,"max_hp_gain":0,"max_hp_loss":0,"event_name":"Knowing Skull","floor":22,"potions_obtained":[],"gold_loss":0,"cards_obtained":[]},{"cards_removed":["Clumsy"],"damage_healed":0,"gold_gain":0,"player_choice":"Purged","damage_taken":0,"max_hp_gain":0,"max_hp_loss":0,"event_name":"Purifier","floor":30,"gold_loss":0},{"damage_healed":0,"gold_gain":0,"player_choice":"Fight","damage_taken":0,"max_hp_gain":0,"max_hp_loss":0,"event_name":"Mysterious Sphere","floor":37,"gold_loss":0},{"damage_healed":0,"gold_gain":0,"player_choice":"Fight","damage_taken":0,"max_hp_gain":0,"max_hp_loss":0,"event_name":"MindBloom","floor":45,"gold_loss":0}],"is_beta":false,"boss_relics":[{"not_picked":["hubris:GrandSneckoEye","theMarked:BronzeBlade"],"picked":"ChewingGum"},{"not_picked":["Cursed Key","Empty Cage"],"picked":"Kintsugi"}],"items_purged_floors":[4,14,27,48,48],"is_endless":false,"potions_floor_spawned":[1,16,24,31,33,36,40,42,45,46],"killed_by":"The Heart","ascension_level":1}}