{"host":"37dk0reb6x0du8wx","time":1609593727,"event":{"mods":["BaseMod","Colored Map","DeckTracker","Minty Spire (QoL Compilation)","Quick Restart","StSLib","The Dragon Tamer"],"gold_per_floor":[112,212,222,147,160,160,160,172,172,347,98,98,117,136,136,236,236,256,256,271,288,81,81,92,92,92,92,92,14,31,45,45,150,200,218,218,218,21,41,41,41,41,93,93,93],"floor_reached":44,"playtime":1043,"items_purged":["Strike_G","Doubt","Strike_G"],"score":493,"play_id":"676516c7-d940-406e-a79a-b1df7fba0310","local_time":"20210102222207","is_ascension_mode":true,"campfire_choices":[{"data":"Neutralize","floor":6,"key":"SMITH"},{"data":"Storm of Steel","floor":12,"key":"SMITH"},{"data":"Blade Dance","floor":15,"key":"SMITH"},{"floor":23,"key":"REST"},{"data":"Blade Dance","floor":25,"key":"SMITH"},{"floor":32,"key":"REST"},{"floor":40,"key":"REST"}],"circlet_count":0,"master_deck":["Strike_G","Defend_G","Defend_G","Defend_G","Defend_G","Defend_G","Survivor","Neutralize+1","Deadly Poison","Slice","Slice","Storm of Steel+1","Adrenaline","Blade Dance+1","Deflect","Crippling Poison","Blade Dance+1","Blade Dance","Slice","Slice","Burst","Footwork+1","Accuracy","Blade Dance+1","Storm of Steel+1","Slice+1","Crippling Poison+1"],"relics":["WristBlade","Turnip","Prayer Wheel","Orrery","Calipers","Sling","Pocketwatch","Toxic Egg 2","Tiny House","Art of War"],"acts_visited":["Exordium","TheCity","TheBeyond"],"potions_floor_usage":[18,21,33,33,39,39],"damage_taken":[{"damage":0,"enemies":"2 Louse","floor":1,"turns":4},{"damage":0,"enemies":"Cultist","floor":3,"turns":4},{"damage":1,"enemies":"Small Slimes","floor":5,"turns":4},{"damage":2,"enemies":"Looter","floor":8,"turns":3},{"damage":3,"enemies":"Exordium Wildlife","floor":13,"turns":3},{"damage":0,"enemies":"2 Fungi Beasts","floor":14,"turns":2},{"damage":32,"enemies":"Hexaghost","floor":16,"turns":8},{"damage":9,"enemies":"2 Thieves","floor":18,"turns":3},{"damage":0,"enemies":"3 Byrds","floor":20,"turns":3},{"damage":7,"enemies":"Snecko","floor":21,"turns":4},{"damage":14,"enemies":"Shelled Parasite and Fungi","floor":24,"turns":3},{"damage":2,"enemies":"Cultist and Chosen","floor":30,"turns":2},{"damage":6,"enemies":"3 Cultists","floor":31,"turns":3},{"damage":53,"enemies":"Automaton","floor":33,"turns":6},{"damage":64,"enemies":"3 Darklings","floor":35,"turns":4},{"damage":23,"enemies":"3 Shapes","floor":39,"turns":6},{"damage":36,"enemies":"Transient","floor":44,"turns":5}],"seed_played":"4713759481143947961","potions_obtained":[{"floor":3,"key":"DuplicationPotion"},{"floor":5,"key":"Fire Potion"},{"floor":13,"key":"PowerPotion"},{"floor":30,"key":"DistilledChaos"},{"floor":31,"key":"LiquidBronze"},{"floor":34,"key":"LiquidBronze"}],"is_trial":false,"path_per_floor":["M","?","M","$","M","R","?","M","T","?","$","R","M","M","R","B",null,"M","?","M","M","$","R","M","R","T","?","?","$","M","M","R","B",null,"M","?","?","$","M","R","?","$","T","M"],"character_chosen":"THE_SILENT","items_purchased":["Orrery","Slice","Sling","Accuracy","Regen Potion"],"campfire_rested":3,"item_purchase_floors":[11,22,22,29,38],"current_hp_per_floor":[70,70,70,70,69,69,69,67,67,67,67,67,64,64,64,32,70,61,61,61,54,54,70,56,56,56,56,56,56,54,48,69,16,75,11,11,11,11,2,24,24,24,24,0,0],"gold":93,"neow_bonus":"BOSS_RELIC","is_daily":false,"chose_seed":false,"campfire_upgraded":4,"win_rate":0.0,"timestamp":1609593727,"path_taken":["M","?","?","$","M","R","?","M","T","?","?","R","M","M","R","BOSS","M","?","?","M","$","R","M","R","T","?","?","?","?","M","R","BOSS","M","?","?","$","?","R","?","$","T","?"],"items_purchased_type":["Relic","Card","Relic","Card","Potion"],"build_version":"2020-12-22","purchased_purges":3,"victory":false,"max_hp_per_floor":[70,70,70,70,70,70,70,70,70,70,70,70,70,70,70,70,70,70,70,70,70,70,70,70,70,70,70,70,70,70,70,70,70,75,75,75,75,75,75,75,75,75,75,75,75],"card_choices":[{"not_picked":["Poisoned Stab","PiercingWail","Underhanded Strike"],"picked":"SKIP","floor":1},{"not_picked":["Wraith Form v2","Dagger Spray","Bane"],"picked":"SKIP","floor":3},{"not_picked":["Flying Knee","Skewer"],"picked":"Deadly Poison","floor":5},{"not_picked":["Bane","Dagger Spray"],"picked":"Slice","floor":8},{"not_picked":["Unload","Underhanded Strike"],"picked":"Slice","floor":11},{"not_picked":["Dagger Throw","Acrobatics"],"picked":"Storm of Steel","floor":11},{"not_picked":["Flying Knee","Prepared"],"picked":"Adrenaline","floor":11},{"not_picked":["Caltrops","PiercingWail"],"picked":"Blade Dance","floor":13},{"not_picked":["Outmaneuver","Escape Plan","Dagger Throw"],"picked":"SKIP","floor":13},{"not_picked":["Skewer","Blur"],"picked":"Deflect","floor":14},{"not_picked":["Noxious Fumes","Outmaneuver"],"picked":"Crippling Poison","floor":14},{"not_picked":["Cloak And Dagger","Well Laid Plans+1"],"picked":"Blade Dance","floor":18},{"not_picked":["Flying Knee","Noxious Fumes","Blur+1"],"picked":"SKIP","floor":18},{"not_picked":["Poisoned Stab","PiercingWail"],"picked":"Blade Dance","floor":20},{"not_picked":["Skewer+1","Dagger Throw","Dagger Spray"],"picked":"SKIP","floor":20},{"not_picked":["Tactician","Finisher"],"picked":"Slice","floor":21},{"not_picked":["Well Laid Plans","Bane","Crippling Poison"],"picked":"SKIP","floor":21},{"not_picked":["All Out Attack","Reflex"],"picked":"Burst","floor":24},{"not_picked":["Setup","Well Laid Plans"],"picked":"Footwork","floor":24},{"not_picked":["Well Laid Plans","Backflip+1"],"picked":"Blade Dance+1","floor":30},{"not_picked":["Calculated Gamble+1","Setup+1","Blur+1"],"picked":"SKIP","floor":30},{"not_picked":["Quick Slash","Underhanded Strike","Bane+1"],"picked":"SKIP","floor":31},{"not_picked":["Dagger Throw","Acrobatics+1","Concentrate+1"],"picked":"SKIP","floor":31},{"not_picked":["After Image","Envenom"],"picked":"Storm of Steel+1","floor":33},{"not_picked":["Footwork","Deadly Poison+1"],"picked":"Slice+1","floor":35},{"not_picked":["Finisher","Backflip+1","Dagger Spray+1"],"picked":"SKIP","floor":35},{"not_picked":["Envenom","Tactician+1","Underhanded Strike"],"picked":"SKIP","floor":39},{"not_picked":["Sucker Punch","Skewer","Bane"],"picked":"SKIP","floor":39}],"player_experience":122942,"relics_obtained":[{"floor":9,"key":"Prayer Wheel"},{"floor":26,"key":"Pocketwatch"},{"floor":43,"key":"Art of War"}],"event_choices":[{"damage_healed":0,"gold_gain":100,"player_choice":"Pray","damage_taken":0,"max_hp_gain":0,"max_hp_loss":0,"event_name":"Golden Shrine","floor":2,"gold_loss":0},{"damage_healed":0,"gold_gain":0,"player_choice":"Searched \u00272\u0027 times","damage_taken":0,"relics_obtained":["Turnip"],"max_hp_gain":0,"max_hp_loss":0,"event_name":"Dead Adventurer","floor":7,"gold_loss":0},{"damage_healed":0,"gold_gain":175,"player_choice":"AGREE","damage_taken":0,"max_hp_gain":0,"max_hp_loss":0,"event_name":"Liars Game","floor":10,"gold_loss":0,"cards_obtained":["Doubt"]},{"damage_healed":0,"gold_gain":0,"player_choice":"Gave Potion","damage_taken":0,"relics_obtained":["Calipers"],"max_hp_gain":0,"max_hp_loss":0,"event_name":"WeMeetAgain","floor":19,"gold_loss":0},{"cards_removed":["Strike_G"],"damage_healed":0,"gold_gain":0,"player_choice":"Elegance","damage_taken":0,"max_hp_gain":0,"max_hp_loss":0,"event_name":"Back to Basics","floor":27,"gold_loss":0},{"damage_healed":0,"gold_gain":0,"player_choice":"Opened","damage_taken":0,"relics_obtained":["Toxic Egg 2"],"max_hp_gain":0,"max_hp_loss":0,"event_name":"The Mausoleum","floor":28,"gold_loss":0},{"damage_healed":0,"gold_gain":0,"player_choice":"Ignored","damage_taken":0,"max_hp_gain":0,"max_hp_loss":0,"event_name":"Tomb of Lord Red Mask","floor":36,"gold_loss":0},{"damage_healed":0,"gold_gain":0,"player_choice":"Ignored","damage_taken":0,"max_hp_gain":0,"max_hp_loss":0,"event_name":"SecretPortal","floor":37,"gold_loss":0},{"damage_healed":0,"gold_gain":0,"cards_transformed":["Strike_G"],"player_choice":"Transformed","damage_taken":0,"max_hp_gain":0,"max_hp_loss":0,"event_name":"Transmorgrifier","floor":41,"gold_loss":0,"cards_obtained":["Crippling Poison"]}],"is_beta":false,"boss_relics":[{"not_picked":["Runic Dome","Coffee Dripper","Fusion Hammer"]},{"not_picked":["Velvet Choker","HoveringKite"],"picked":"Tiny House"}],"items_purged_floors":[4,11,38],"is_endless":false,"potions_floor_spawned":[3,5,13,30,31],"killed_by":"Transient","ascension_level":1}}