{"host":"qgru5siit3fz0wh9","time":1609587416,"event":{"mods":["AchievementEnabler","BaseMod","Highlight Path","Minty Spire (QoL Compilation)"],"gold_per_floor":[116,129,129,129,15,46,69,69,69,69,89,123,146,185,185,185,185],"floor_reached":16,"playtime":516,"items_purged":[],"score":174,"play_id":"99a30068-064a-4840-8ec4-b5d2de3e35d7","local_time":"20210102123656","is_ascension_mode":true,"campfire_choices":[{"data":"Darkness","floor":8,"key":"SMITH"},{"floor":15,"key":"REST"}],"circlet_count":0,"master_deck":["Strike_B","Strike_B","Strike_B","Strike_B","Defend_B","Defend_B","Defend_B","Defend_B","Zap","Dualcast+1","Conserve Battery","Turbo","BootSequence","Darkness+1","Melter","Redo","Electrodynamics"],"relics":["Cracked Core","NeowsBlessing","Golden Idol","Singing Bowl","Mummified Hand","Darkstone Periapt"],"acts_visited":["Exordium"],"potions_floor_usage":[12,14,14,14],"damage_taken":[{"damage":0,"enemies":"Small Slimes","floor":1,"turns":1},{"damage":0,"enemies":"Cultist","floor":2,"turns":1},{"damage":0,"enemies":"Gremlin Nob","floor":6,"turns":1},{"damage":4,"enemies":"Jaw Worm","floor":7,"turns":4},{"damage":2,"enemies":"3 Louse","floor":11,"turns":4},{"damage":18,"enemies":"Lagavulin","floor":12,"turns":6},{"damage":3,"enemies":"Blue Slaver","floor":13,"turns":3},{"damage":36,"enemies":"Gremlin Nob","floor":14,"turns":4},{"damage":35,"enemies":"The Guardian","floor":16,"turns":8}],"seed_played":"-2516780563275096427","potions_obtained":[{"floor":2,"key":"ColorlessPotion"},{"floor":7,"key":"LiquidMemories"},{"floor":12,"key":"BlessingOfTheForge"},{"floor":13,"key":"Energy Potion"},{"floor":14,"key":"Ancient Potion"}],"is_trial":false,"path_per_floor":["M","M","?","?","$","E","M","R","T","?","M","E","M","E","R","B"],"character_chosen":"DEFECT","items_purchased":["BootSequence","Darkness"],"campfire_rested":1,"item_purchase_floors":[5,5],"current_hp_per_floor":[75,75,69,69,69,71,69,69,69,69,67,49,48,12,34,0,0],"gold":185,"neow_bonus":"THREE_ENEMY_KILL","is_daily":false,"chose_seed":false,"campfire_upgraded":1,"win_rate":0.0,"timestamp":1609587416,"path_taken":["M","M","?","?","$","E","M","R","T","?","M","E","M","E","R","BOSS"],"items_purchased_type":["Card","Card"],"build_version":"2020-12-22","purchased_purges":0,"victory":false,"max_hp_per_floor":[75,75,69,69,69,71,73,73,73,73,73,73,75,75,75,75,75],"card_choices":[{"not_picked":["Hologram","FTL"],"picked":"Conserve Battery","floor":1},{"not_picked":["Go for the Eyes","FTL"],"picked":"Turbo","floor":2},{"not_picked":["Rebound","Sunder","Coolheaded"],"picked":"Singing Bowl","floor":6},{"not_picked":["Go for the Eyes","Lockon","Sunder"],"picked":"Singing Bowl","floor":7},{"not_picked":["Turbo","Heatsinks"],"picked":"Melter","floor":11},{"not_picked":["Beam Cell","Conserve Battery"],"picked":"Redo","floor":12},{"not_picked":["Gash","Heatsinks","Turbo"],"picked":"Singing Bowl","floor":13},{"not_picked":["Glacier","Blizzard"],"picked":"Electrodynamics","floor":14}],"player_experience":378983,"relics_obtained":[{"floor":6,"key":"Singing Bowl"},{"floor":12,"key":"Mummified Hand"},{"floor":14,"key":"Darkstone Periapt"}],"event_choices":[{"damage_healed":0,"gold_gain":0,"player_choice":"Lose Max HP","damage_taken":0,"relics_obtained":["Golden Idol"],"max_hp_gain":0,"max_hp_loss":6,"event_name":"Golden Idol","floor":3,"gold_loss":0},{"damage_healed":0,"gold_gain":0,"player_choice":"Leave","damage_taken":0,"max_hp_gain":0,"max_hp_loss":0,"event_name":"The Cleric","floor":4,"gold_loss":0},{"damage_healed":0,"gold_gain":0,"player_choice":"Upgraded","damage_taken":0,"max_hp_gain":0,"max_hp_loss":0,"event_name":"Upgrade Shrine","floor":10,"gold_loss":0,"cards_upgraded":["Dualcast"]}],"is_beta":false,"boss_relics":[],"items_purged_floors":[],"is_endless":false,"potions_floor_spawned":[2,7,12,13,14],"killed_by":"The Guardian","ascension_level":4}}