{"host":"raai0vtvcfkt8csp","time":1609608982,"event":{"mods":["2.2 Compatiblity","BaseMod","Beaked The Cultist","Block Reminder","DeckTracker","Defective Defect","GifTheSpireLib","Minty Spire (QoL Compilation)","Quick Restart","Random Character Button","Rare Cards Sparkle","StSLib","Unceasing Turn Reminder"],"gold_per_floor":[112,126,226,243,260,290,308,334,357,392,392,412,446,461,461,560,560,572,592,610,642,642,671,671,697,721,721,350,350,363,396,396,501,501,513,563,563,580,580,580,580],"floor_reached":40,"playtime":2779,"items_purged":[],"score":525,"play_id":"9765a360-375f-4e80-a4d5-cd4729885b6c","local_time":"20210102183622","is_ascension_mode":true,"campfire_choices":[{"data":"beaked:Ceremony","floor":11,"key":"SMITH"},{"data":"beaked:Ceremony","floor":15,"key":"SMITH"},{"floor":24,"key":"REST"},{"floor":29,"key":"REST"},{"floor":32,"key":"RECALL"}],"circlet_count":0,"master_deck":["beaked:Strike_Y+1","beaked:Strike_Y","beaked:Strike_Y","beaked:Strike_Y+1","beaked:Strike_Y","beaked:Strike_Y","beaked:Defend_Y","beaked:Defend_Y","beaked:Defend_Y","beaked:Defend_Y","beaked:Ceremony","beaked:Ceremony+1","beaked:Ceremony+1","beaked:Recite","beaked:Foresight","beaked:Overpower","beaked:Tweet","beaked:MachineSpirit","beaked:AwakenedForm","beaked:StunningBlow","beaked:Foresight","beaked:MimicWarrior","beaked:SurvivalInstinct","beaked:SurvivalInstinct","beaked:MachineEssence","beaked:DigDeep","beaked:Evade","beaked:Foresight","beaked:BraceForImpact+1","beaked:KnowThyFoe","beaked:RitualOfBody","beaked:Resilience","beaked:WarriorEssence","beaked:ScreechingChant","beaked:DigDeep","beaked:Daydream+1","Madness","Madness"],"relics":["beaked:MendingPlumage","Centennial Puzzle","Oddly Smooth Stone","Ancient Tea Set","Tiny Chest","Akabeko","Sozu","Red Mask","StoneCalendar","Smiling Mask","Kunai","Whetstone","Lantern","Matryoshka","Philosopher\u0027s Stone","CaptainsWheel"],"acts_visited":["Exordium","TheCity","TheBeyond"],"potions_floor_usage":[8,19,21,40],"damage_taken":[{"damage":24,"enemies":"Small Slimes","floor":1,"turns":7},{"damage":3,"enemies":"Cultist","floor":2,"turns":5},{"damage":2,"enemies":"2 Louse","floor":4,"turns":5},{"damage":24,"enemies":"Large Slime","floor":5,"turns":7},{"damage":39,"enemies":"3 Sentries","floor":6,"turns":7},{"damage":23,"enemies":"Exordium Wildlife","floor":7,"turns":5},{"damage":13,"enemies":"Lagavulin","floor":8,"turns":5},{"damage":32,"enemies":"3 Sentries","floor":10,"turns":11},{"damage":4,"enemies":"3 Louse","floor":12,"turns":4},{"damage":12,"enemies":"Lagavulin","floor":13,"turns":6},{"damage":16,"enemies":"Large Slime","floor":14,"turns":8},{"damage":54,"enemies":"Hexaghost","floor":16,"turns":13},{"damage":33,"enemies":"Chosen","floor":18,"turns":8},{"damage":43,"enemies":"3 Byrds","floor":19,"turns":4},{"damage":30,"enemies":"Cultist and Chosen","floor":20,"turns":10},{"damage":25,"enemies":"Masked Bandits","floor":21,"turns":7},{"damage":104,"enemies":"Book of Stabbing","floor":23,"turns":9},{"damage":62,"enemies":"Gremlin Leader","floor":25,"turns":7},{"damage":36,"enemies":"Snake Plant","floor":30,"turns":7},{"damage":72,"enemies":"Book of Stabbing","floor":31,"turns":7},{"damage":86,"enemies":"Collector","floor":33,"turns":14},{"damage":24,"enemies":"Orb Walker","floor":35,"turns":6},{"damage":72,"enemies":"Mind Bloom Boss Battle","floor":36,"turns":12},{"damage":17,"enemies":"3 Shapes","floor":38,"turns":7},{"damage":109,"enemies":"Giant Head","floor":40,"turns":9}],"seed_played":"8045577412239464809","potions_obtained":[{"floor":1,"key":"Energy Potion"},{"floor":2,"key":"Fire Potion"},{"floor":6,"key":"EssenceOfSteel"},{"floor":13,"key":"LiquidBronze"}],"is_trial":false,"path_per_floor":["M","M","?","M","M","E","M","E","T","E","R","M","E","M","R","B",null,"M","M","M","?","?","E","R","E","T","T","$","R","M","E","R","B",null,"M","?","?","M","?","E"],"character_chosen":"BEAKED_THE_CULTIST","items_purchased":["Whetstone","beaked:RitualOfBody","Lantern"],"campfire_rested":2,"item_purchase_floors":[28,28,28],"current_hp_per_floor":[42,50,50,50,44,25,24,35,35,34,34,50,45,50,50,23,50,35,25,50,50,50,12,27,18,18,18,18,33,44,41,41,50,50,45,44,38,50,50,0,0],"gold":580,"neow_bonus":"THREE_CARDS","is_daily":false,"chose_seed":false,"campfire_upgraded":2,"win_rate":0.0,"timestamp":1609608982,"path_taken":["M","M","?","M","M","E","M","E","T","E","R","M","E","?","R","BOSS","M","M","M","?","?","E","R","E","T","?","$","R","M","E","R","BOSS","M","?","?","M","?","E"],"items_purchased_type":["Relic","Card","Relic"],"build_version":"2020-12-22","purchased_purges":0,"victory":false,"max_hp_per_floor":[50,50,50,50,50,50,50,50,50,50,50,50,50,50,50,50,50,50,50,50,50,50,50,50,50,50,50,50,50,50,50,50,50,50,50,50,50,50,50,50,50],"card_choices":[{"not_picked":["beaked:Resilience","beaked:Brace"],"picked":"beaked:Recite","floor":0},{"not_picked":["beaked:SacrificialAttack","beaked:Tradeoff"],"picked":"beaked:Foresight","floor":1},{"not_picked":["beaked:TuckingFeathers","beaked:Daydream","beaked:Overexert"],"picked":"SKIP","floor":2},{"not_picked":["beaked:Cower","beaked:SacrificialDive"],"picked":"beaked:Overpower","floor":4},{"not_picked":["beaked:Molting","beaked:Overpower"],"picked":"beaked:Tweet","floor":5},{"not_picked":["beaked:Flinch","beaked:Tweet"],"picked":"beaked:MachineSpirit","floor":6},{"not_picked":["beaked:BloodForTheGods","beaked:BounceBack"],"picked":"beaked:AwakenedForm","floor":7},{"not_picked":["beaked:MimicHuntress","beaked:ShadowFade"],"picked":"beaked:StunningBlow","floor":8},{"not_picked":["beaked:Cower","beaked:Daydream"],"picked":"beaked:Foresight","floor":10},{"not_picked":["beaked:VigorBurst","beaked:Overpower"],"picked":"beaked:MimicWarrior","floor":12},{"not_picked":["beaked:FeelMyPain","beaked:BloodRitual"],"picked":"beaked:SurvivalInstinct","floor":13},{"not_picked":["beaked:Flinch","beaked:Tradeoff"],"picked":"beaked:SurvivalInstinct","floor":14},{"not_picked":["beaked:ScreechingChant","beaked:DarkTribute"],"picked":"beaked:MachineEssence","floor":16},{"not_picked":["beaked:Molting","beaked:Replenish"],"picked":"beaked:DigDeep","floor":18},{"not_picked":["beaked:Tradeoff","beaked:Devastation"],"picked":"beaked:Evade","floor":19},{"not_picked":["beaked:SurvivalInstinct","beaked:Flinch"],"picked":"beaked:Foresight","floor":20},{"not_picked":["beaked:Daydream","beaked:DigDeep"],"picked":"beaked:BraceForImpact+1","floor":21},{"not_picked":["beaked:MimicWarrior","beaked:FakeOut","beaked:Flinch"],"picked":"SKIP","floor":23},{"not_picked":["beaked:RuinSticks","beaked:Cower","beaked:Tradeoff"],"picked":"SKIP","floor":25},{"not_picked":["beaked:HuntressEssence","beaked:WindBringer"],"picked":"beaked:Resilience","floor":30},{"not_picked":["beaked:Tradeoff","beaked:BounceBack"],"picked":"beaked:WarriorEssence","floor":31},{"not_picked":["beaked:Caw","beaked:Sacrifice"],"picked":"beaked:ScreechingChant","floor":33},{"not_picked":["beaked:Redirect","beaked:Overexert"],"picked":"beaked:DigDeep","floor":35},{"not_picked":["beaked:Redirect","beaked:Replenish+1"],"picked":"beaked:Daydream+1","floor":36},{"not_picked":["beaked:TuckingFeathers","beaked:Daydream","beaked:DigDeeper+1"],"picked":"SKIP","floor":38}],"player_experience":640977,"relics_obtained":[{"floor":6,"key":"Centennial Puzzle"},{"floor":8,"key":"Oddly Smooth Stone"},{"floor":9,"key":"Ancient Tea Set"},{"floor":10,"key":"Tiny Chest"},{"floor":13,"key":"Akabeko"},{"floor":21,"key":"Red Mask"},{"floor":23,"key":"StoneCalendar"},{"floor":25,"key":"Smiling Mask"},{"floor":27,"key":"Kunai"},{"floor":31,"key":"Matryoshka"},{"floor":36,"key":"CaptainsWheel"}],"event_choices":[{"damage_healed":0,"gold_gain":100,"player_choice":"Pray","damage_taken":0,"max_hp_gain":0,"max_hp_loss":0,"event_name":"Golden Shrine","floor":3,"gold_loss":0},{"damage_healed":0,"gold_gain":0,"player_choice":"Fought Bandits","damage_taken":0,"max_hp_gain":0,"max_hp_loss":0,"event_name":"Masked Bandits","floor":21,"gold_loss":0},{"damage_healed":0,"gold_gain":0,"player_choice":"Read","damage_taken":0,"max_hp_gain":0,"max_hp_loss":0,"event_name":"The Library","floor":22,"gold_loss":0,"cards_obtained":["beaked:KnowThyFoe"]},{"damage_healed":0,"gold_gain":0,"player_choice":"Fight","damage_taken":0,"max_hp_gain":0,"max_hp_loss":0,"event_name":"MindBloom","floor":36,"gold_loss":0},{"damage_healed":0,"gold_gain":0,"player_choice":"Embrace Madness","damage_taken":6,"max_hp_gain":0,"max_hp_loss":0,"event_name":"Winding Halls","floor":37,"gold_loss":0,"cards_obtained":["Madness","Madness"]},{"damage_healed":0,"gold_gain":0,"player_choice":"Full Heal","damage_taken":0,"max_hp_gain":0,"max_hp_loss":0,"event_name":"Wheel of Change","floor":39,"gold_loss":0}],"is_beta":false,"boss_relics":[{"not_picked":["Tiny House","Fusion Hammer"],"picked":"Sozu"},{"not_picked":["beaked:SacrificeDoll","Velvet Choker"],"picked":"Philosopher\u0027s Stone"}],"items_purged_floors":[],"is_endless":false,"potions_floor_spawned":[1,2,6,7,13,16,21,25,30,36,38],"killed_by":"Giant Head","ascension_level":1}}