{"host":"phniwng9zo19jwdb","time":1609606524,"event":{"mods":["AchievementEnabler","BaseMod","Colored Powertips","Faster Ascension Climbing","GifTheSpireLib","Minty Spire (QoL Compilation)","Permanent Neow","Rare Cards Sparkle","StSLib"],"gold_per_floor":[119,44,62,21,21,33,75,87,147,174,198,243,266,278,278],"floor_reached":14,"playtime":501,"items_purged":[],"score":225,"play_id":"1ab16339-82da-4778-8896-47228d3d94ce","local_time":"20210102175524","is_ascension_mode":true,"campfire_choices":[{"data":"Neutralize","floor":6.0,"key":"SMITH"},{"floor":8.0,"key":"REST"}],"circlet_count":0,"master_deck":["AscendersBane","Strike_G","Defend_G","Defend_G","Defend_G","Defend_G","Defend_G","Survivor","Neutralize+1","Reflex+1","Corpse Explosion+1","Escape Plan+1","Dagger Spray","Infinite Blades","Crippling Poison","Escape Plan","Infinite Blades","Noxious Fumes","Backstab"],"relics":["Astrolabe","MawBank","TungstenRod","Anchor","Pantograph"],"acts_visited":["Exordium"],"potions_floor_usage":[14],"damage_taken":[{"damage":0.0,"enemies":"2 Louse","floor":1.0,"turns":2.0},{"damage":0.0,"enemies":"Jaw Worm","floor":3.0,"turns":5.0},{"damage":20.0,"enemies":"3 Sentries","floor":7.0,"turns":4.0},{"damage":3.0,"enemies":"Small Slimes","floor":10.0,"turns":4.0},{"damage":4.0,"enemies":"Looter","floor":11.0,"turns":4.0},{"damage":0.0,"enemies":"Lagavulin","floor":12.0,"turns":6.0},{"damage":3,"enemies":"Exordium Wildlife","floor":13,"turns":4},{"damage":21,"enemies":"Gremlin Nob","floor":14,"turns":5}],"seed_played":"5239876378993218106","potions_obtained":[{"floor":7.0,"key":"Ancient Potion"},{"floor":10.0,"key":"FearPotion"},{"floor":11.0,"key":"DuplicationPotion"}],"is_trial":false,"path_per_floor":["M","?","M","$","?","R","E","R","T","M","M","E","M","E"],"character_chosen":"THE_SILENT","items_purchased":["Infinite Blades"],"campfire_rested":1,"item_purchase_floors":[4],"current_hp_per_floor":[59,59,59,59,33,33,13,32,32,29,25,25,22,1,1],"gold":278,"neow_bonus":"BOSS_RELIC","is_daily":false,"chose_seed":false,"campfire_upgraded":1,"win_rate":0.0,"timestamp":1609606524,"path_taken":["M","?","M","$","?","R","E","R","T","?","M","E","M","E"],"items_purchased_type":["Card"],"build_version":"2020-12-22","purchased_purges":0,"victory":false,"max_hp_per_floor":[66,66,66,66,66,66,66,66,66,66,66,66,66,66,66],"card_choices":[{"not_picked":["Deadly Poison","Deflect","Finisher"],"picked":"SKIP","floor":1.0},{"not_picked":["Outmaneuver","Reflex"],"picked":"Dagger Spray","floor":3.0},{"not_picked":["Dagger Throw","Sucker Punch"],"picked":"Crippling Poison","floor":7.0},{"not_picked":["Cloak And Dagger","Dagger Spray"],"picked":"Escape Plan","floor":10.0},{"not_picked":["Poisoned Stab","Distraction"],"picked":"Infinite Blades","floor":11.0},{"not_picked":["Night Terror","Cloak And Dagger"],"picked":"Noxious Fumes","floor":12.0},{"not_picked":["Outmaneuver","Flying Knee"],"picked":"Backstab","floor":13}],"player_experience":41156,"relics_obtained":[{"floor":7.0,"key":"TungstenRod"},{"floor":9.0,"key":"Anchor"},{"floor":12.0,"key":"Pantograph"}],"event_choices":[{"cards_removed":["Strike_G"],"damage_healed":0.0,"max_hp_gain":0.0,"max_hp_loss":0.0,"gold_gain":0.0,"event_name":"The Cleric","player_choice":"Card Removal","floor":2.0,"gold_loss":75.0,"damage_taken":0.0},{"damage_healed":0.0,"max_hp_gain":0.0,"max_hp_loss":0.0,"gold_gain":0.0,"event_name":"Scrap Ooze","player_choice":"Success","floor":5.0,"gold_loss":0.0,"damage_taken":26.0,"relics_obtained":["MawBank"]}],"is_beta":false,"boss_relics":[],"items_purged_floors":[],"is_endless":false,"potions_floor_spawned":[7,10,11],"killed_by":"Gremlin Nob","ascension_level":16}}