{"host":"sav7uxregyirlf69","time":1609558553,"event":{"mods":["AchievementEnabler","BaseMod","Colored Map","DeckTracker","Keyboard Shortcuts","Minty Spire (QoL Compilation)","READ ME - Guardian Mod","StSLib","SuperFastMode"],"gold_per_floor":[116,132,57,71,146,146,173,173,173,173,189,59,59,72,72,144,144,163,174,189,189,189],"floor_reached":21,"playtime":433,"items_purged":["Pain"],"score":362,"play_id":"4e5098db-0aa4-41b0-be6a-6229dddf4912","local_time":"20210102123553","is_ascension_mode":true,"campfire_choices":[{"data":"Perfected Strike","floor":6,"key":"SMITH"},{"floor":8,"key":"REST"},{"data":"Bash","floor":13,"key":"SMITH"},{"data":"Pommel Strike","floor":15,"key":"SMITH"}],"circlet_count":0,"master_deck":["AscendersBane","Strike_R","Strike_R","Strike_R","Strike_R","Strike_R","Defend_R","Defend_R","Defend_R","Bash+1","Perfected Strike+1","Power Through","Shrug It Off","Wild Strike","Pommel Strike+1","Pommel Strike","Corruption","Rage+1"],"relics":["Black Blood","Happy Flower","Anchor","Ornamental Fan","WarpedTongs"],"acts_visited":["Exordium","TheCity"],"potions_floor_usage":[7,16,20],"damage_taken":[{"damage":4,"enemies":"2 Louse","floor":1,"turns":4},{"damage":5,"enemies":"Small Slimes","floor":2,"turns":3},{"damage":6,"enemies":"Cultist","floor":4,"turns":3},{"damage":54,"enemies":"3 Sentries","floor":7,"turns":18},{"damage":19,"enemies":"Lots of Slimes","floor":11,"turns":6},{"damage":0,"enemies":"Red Slaver","floor":14,"turns":3},{"damage":22,"enemies":"Hexaghost","floor":16,"turns":9},{"damage":11,"enemies":"Shell Parasite","floor":18,"turns":3},{"damage":35,"enemies":"3 Byrds","floor":19,"turns":6},{"damage":4,"enemies":"Centurion and Healer","floor":20,"turns":6},{"damage":45,"enemies":"3 Cultists","floor":21,"turns":6}],"seed_played":"3279874452570469710","potions_obtained":[{"floor":4,"key":"Block Potion"},{"floor":11,"key":"SteroidPotion"},{"floor":16,"key":"Weak Potion"},{"floor":18,"key":"Weak Potion"},{"floor":20,"key":"SkillPotion"}],"is_trial":false,"path_per_floor":["M","M","?","M","?","R","E","R","T","?","M","$","R","M","R","B",null,"M","M","M","M"],"character_chosen":"IRONCLAD","items_purchased":["Pommel Strike"],"campfire_rested":1,"item_purchase_floors":[12],"current_hp_per_floor":[70,71,71,71,60,60,12,34,34,34,21,21,21,27,27,11,59,60,37,45,0,0],"gold":189,"neow_bonus":"RANDOM_COMMON_RELIC","is_daily":false,"chose_seed":false,"campfire_upgraded":3,"win_rate":0.0,"timestamp":1609558553,"path_taken":["M","M","?","M","?","R","E","R","T","?","?","$","R","M","R","BOSS","M","?","M","M"],"items_purchased_type":["Card"],"build_version":"2020-12-22","purchased_purges":1,"victory":false,"max_hp_per_floor":[75,75,75,75,75,75,75,75,75,75,75,75,75,75,75,75,75,75,75,75,75,75],"card_choices":[{"not_picked":["Twin Strike","Burning Pact"],"picked":"Perfected Strike","floor":1},{"not_picked":["Flex","Clothesline"],"picked":"Power Through","floor":2},{"not_picked":["Hemokinesis","Havoc"],"picked":"Shrug It Off","floor":4},{"not_picked":["Sever Soul","Headbutt","Hemokinesis"],"picked":"SKIP","floor":7},{"not_picked":["Warcry","Blood for Blood"],"picked":"Wild Strike","floor":11},{"not_picked":["Uppercut","Headbutt"],"picked":"Pommel Strike","floor":14},{"not_picked":["Offering","Berserk"],"picked":"Corruption","floor":16},{"not_picked":["True Grit","Cleave+1","Heavy Blade"],"picked":"SKIP","floor":18},{"not_picked":["Pummel+1","Anger","Dropkick"],"picked":"SKIP","floor":19},{"not_picked":["Metallicize","Havoc"],"picked":"Rage+1","floor":20}],"player_experience":1107776,"relics_obtained":[{"floor":7,"key":"Anchor"},{"floor":9,"key":"Ornamental Fan"}],"event_choices":[{"cards_removed":["Defend_R"],"damage_healed":0,"gold_gain":0,"player_choice":"Card Removal","damage_taken":0,"max_hp_gain":0,"max_hp_loss":0,"event_name":"The Cleric","floor":3,"gold_loss":75},{"damage_healed":0,"gold_gain":75,"player_choice":"Gather Gold","damage_taken":11,"max_hp_gain":0,"max_hp_loss":0,"event_name":"World of Goop","floor":5,"gold_loss":0},{"damage_healed":0,"gold_gain":0,"player_choice":"Rummage","damage_taken":0,"relics_obtained":["WarpedTongs"],"max_hp_gain":0,"max_hp_loss":0,"event_name":"Accursed Blacksmith","floor":10,"gold_loss":0,"cards_obtained":["Pain"]}],"is_beta":false,"boss_relics":[{"not_picked":["Mark of Pain","Empty Cage"],"picked":"Black Blood"}],"items_purged_floors":[12],"is_endless":false,"potions_floor_spawned":[4,11,16,18,20],"killed_by":"3 Cultists","ascension_level":20}}