{"host":"6dypmz777xraikqf","time":1609568253,"event":{"mods":["AchievementEnabler","BaseMod","BetterRewards","Colored Map","Colored Powertips","Downfall","Highlight Path","Hubris","Infinite Spire","Minty Spire (QoL Compilation)","Replay The Spire","StSLib"],"gold_per_floor":[119,138,138,151,51,51,66,66,66,66,128,145,156,220,220,235,235],"floor_reached":16,"playtime":825,"items_purged":["infinitespire:NeuralNetwork","Strike_P"],"score":146,"play_id":"5a89569b-6e23-4fef-a3c4-a7180e180e35","local_time":"20210102061733","is_ascension_mode":false,"campfire_choices":[{"data":"infinitespire:NeuralNetwork","floor":6,"key":"SMITH"},{"floor":8,"key":"REST"},{"data":"FollowUp","floor":15,"key":"SMITH"}],"circlet_count":0,"master_deck":["infinitespire:NeuralNetwork+1","Strike_P","Strike_P","Defend_P","Defend_P","Defend_P","Defend_P","Eruption","Vigilance","Replay:Battleflow","Prostrate","Evaluate","CutThroughFate","Voices","Adaptation","FollowUp+1"],"relics":["Strange Spoon","infinitespire:WardingShard","ReplayTheSpireMod:Ring of Challenge","Ring of Panic"],"acts_visited":["Exordium"],"potions_floor_usage":[11,13,16],"damage_taken":[{"damage":7,"enemies":"Small Slimes","floor":1,"turns":3},{"damage":1,"enemies":"Jaw Worm","floor":2,"turns":3},{"damage":3,"enemies":"Cultist","floor":4,"turns":4},{"damage":10,"enemies":"2 Fungi Beasts","floor":7,"turns":5},{"damage":0,"enemies":"Blue Slaver","floor":11,"turns":4},{"damage":5,"enemies":"Lots of Slimes","floor":12,"turns":5},{"damage":2,"enemies":"Looter","floor":13,"turns":3},{"damage":7,"enemies":"Blue Slaver","floor":14,"turns":4},{"damage":54,"enemies":"Slime Boss","floor":16,"turns":7}],"seed_played":"-5506330613354437761","potions_obtained":[{"floor":7,"key":"LifebloodPotion"},{"floor":11,"key":"Adrenaline Potion"},{"floor":14,"key":"Adrenaline Potion"}],"is_trial":false,"path_per_floor":["M","M","?","M","$","R","M","R","T","?","M","M","M","M","R","B"],"character_chosen":"WATCHER","items_purchased":["Strange Spoon"],"campfire_rested":1,"item_purchase_floors":[0],"current_hp_per_floor":[56,55,48,45,45,45,35,56,56,56,56,51,49,42,42,0,0],"gold":235,"neow_bonus":"","is_daily":false,"chose_seed":false,"campfire_upgraded":2,"win_rate":0.0,"timestamp":1609568253,"path_taken":["M","M","?","M","$","R","M","R","T","?","?","M","M","M","R","BOSS"],"items_purchased_type":["Relic"],"build_version":"2020-12-22","purchased_purges":2,"victory":false,"max_hp_per_floor":[72,72,72,72,72,72,72,72,72,72,72,72,72,72,72,72,72],"card_choices":[{"not_picked":["Fasting2","Replay:BluntJabs"],"picked":"Replay:Battleflow","floor":1},{"not_picked":["Protect","Replay:BluntJabs"],"picked":"Prostrate","floor":2},{"not_picked":["Adaptation","EmptyFist"],"picked":"Evaluate","floor":4},{"not_picked":["Evaluate","Replay:BluntJabs"],"picked":"CutThroughFate","floor":7},{"not_picked":["ReachHeaven","WindmillStrike"],"picked":"Adaptation","floor":11},{"not_picked":["Replay:AllIn","Wallop"],"picked":"FollowUp","floor":12},{"not_picked":["Consecrate","LikeWater","Fasting2"],"picked":"SKIP","floor":13},{"not_picked":["EmptyFist","Nirvana","LikeWater"],"picked":"SKIP","floor":14}],"player_experience":61314,"relics_obtained":[{"floor":9,"key":"infinitespire:WardingShard"},{"floor":10,"key":"ReplayTheSpireMod:Ring of Challenge"},{"floor":10,"key":"Ring of Panic"}],"event_choices":[{"cards_removed":["Strike_P"],"damage_healed":0,"gold_gain":0,"player_choice":"Card Removal","damage_taken":7,"max_hp_gain":0,"max_hp_loss":0,"event_name":"Golden Wing","floor":3,"gold_loss":0}],"is_beta":false,"boss_relics":[],"items_purged_floors":[0,5],"is_endless":false,"potions_floor_spawned":[7,11,14],"killed_by":"Slime Boss","ascension_level":0}}