{"host":"982s3gyyw86tgeig","time":1609547321,"event":{"mods":["AchievementEnabler","Act Like it!","Aspiration","BaseMod","Colored Powertips","Evolution","GifTheSpireLib","Hermit","Hubris","Minty Spire (QoL Compilation)","Pale of the Ancients","Rare Cards Sparkle","Relic Stats","Replay The Spire","StSLib","Stuff the Spire","The IronCluck","vexMod"],"gold_per_floor":[116,91,140,159,170,203,203,228,228,239,204,204,204,222,222,327,327,339,339,356,356,356,356],"floor_reached":22,"playtime":1871,"items_purged":[],"score":204,"play_id":"42e51777-caee-4cd1-8127-fb0ef56064c4","local_time":"20210101162841","is_ascension_mode":true,"campfire_choices":[{"floor":7,"key":"REST"},{"floor":15,"key":"REST"}],"circlet_count":0,"master_deck":["Strike_R","Strike_R","Strike_R","Strike_R","Strike_R","Defend_R+1","Defend_R","Defend_R","Defend_R","Bash","Life Link","Armaments","Feed","Shrug It Off","Iron Wave","Feel No Pain","Uppercut","Barricade","Carnage","StuffTheSpire:DeathNote","Run Through"],"relics":["Burning Blood","EVO:Axolotl","aspiration:Nostalgia","Ring of the Snake","Potion Belt","Replay:Mystery Machine","hubris:ToyBattleship","Paper Frog","hubris:Towel","hubris:TerracottaHorce"],"acts_visited":["Exordium","TheCity"],"potions_floor_usage":[16,16,20,22],"damage_taken":[{"damage":10,"enemies":"2 Louse","floor":1,"turns":3},{"damage":11,"enemies":"Jaw Worm","floor":4,"turns":5},{"damage":8,"enemies":"Cultist","floor":5,"turns":5},{"damage":33,"enemies":"Gremlin Nob","floor":6,"turns":4},{"damage":30,"enemies":"Lagavulin","floor":8,"turns":12},{"damage":9,"enemies":"Blue Slaver","floor":10,"turns":6},{"damage":3,"enemies":"2 Fungi Beasts","floor":14,"turns":5},{"damage":30,"enemies":"The Guardian","floor":16,"turns":13},{"damage":40,"enemies":"Spheric Guardian","floor":18,"turns":6},{"damage":29,"enemies":"3 Byrds","floor":20,"turns":8},{"damage":14,"enemies":"Centurion and Healer","floor":22,"turns":3}],"seed_played":"8403266558336351374","potions_obtained":[{"floor":5,"key":"Explosive Potion"},{"floor":10,"key":"PowerPotion"},{"floor":16,"key":"LifebloodPotion"},{"floor":18,"key":"Fire Potion"},{"floor":20,"key":"DuplicationPotion"}],"is_trial":false,"path_per_floor":["M","?","T","M","M","E","R","E","T","M","?","?","?","M","R","B",null,"M","?","M","?","M"],"character_chosen":"IRONCLAD","items_purchased":[],"campfire_rested":2,"item_purchase_floors":[],"current_hp_per_floor":[76,76,76,71,69,42,66,45,45,46,67,67,67,73,90,66,84,50,30,10,10,0,0],"gold":356,"neow_bonus":"NOSTALGIA","is_daily":false,"chose_seed":false,"campfire_upgraded":0,"win_rate":0.0,"timestamp":1609547321,"path_taken":["M","?","?","M","?","E","R","E","T","M","?","?","?","M","R","BOSS","M","?","M","?","M"],"items_purchased_type":[],"build_version":"2020-12-22","purchased_purges":0,"victory":false,"max_hp_per_floor":[80,80,80,80,80,80,80,83,83,87,87,87,87,90,90,90,90,90,90,93,93,93,93],"relic_stats":{"counters":[11,70],"obtain_stats":[{"Potion Belt":3,"aspiration:Nostalgia":0,"hubris:ToyBattleship":8,"EVO:Axolotl":0,"Replay:Mystery Machine":6,"hubris:Towel":13,"Burning Blood":0,"Ring of the Snake":0,"Paper Frog":9,"hubris:TerracottaHorce":17},{"Potion Belt":1,"aspiration:Nostalgia":0,"hubris:ToyBattleship":5,"EVO:Axolotl":0,"Replay:Mystery Machine":4,"hubris:Towel":6,"Burning Blood":0,"Ring of the Snake":0,"Paper Frog":5,"hubris:TerracottaHorce":8},{"Potion Belt":3,"aspiration:Nostalgia":0,"hubris:ToyBattleship":29,"EVO:Axolotl":0,"Replay:Mystery Machine":17,"hubris:Towel":35,"Burning Blood":0,"Ring of the Snake":0,"Paper Frog":29,"hubris:TerracottaHorce":53}],"Burning Blood":60,"Ring of the Snake":[22]},"card_choices":[{"not_picked":["Dual Wield","Body Slam"],"picked":"Life Link","floor":1},{"not_picked":["hubris:ReadiedAction","Cleave"],"picked":"Armaments","floor":4},{"not_picked":["True Grit","Replay:Undeath\u0027s Touch"],"picked":"Feed","floor":5},{"not_picked":["StuffTheSpire:Incineration","Sever Soul"],"picked":"Shrug It Off","floor":6},{"not_picked":["Intimidate","StuffTheSpire:RagingBull"],"picked":"Iron Wave","floor":8},{"not_picked":["Infernal Blade","Dropkick"],"picked":"Feel No Pain","floor":10},{"not_picked":["Clash","StuffTheSpire:RockThrow"],"picked":"Uppercut","floor":14},{"not_picked":["Berserk","Demonic Infusion"],"picked":"Barricade","floor":16},{"not_picked":["StuffTheSpire:Slingshot","ReplayTheSpireMod:Strike From Hell"],"picked":"Carnage","floor":18},{"not_picked":["Pommel Strike","Eclipse"],"picked":"Run Through","floor":20}],"player_experience":47797,"relics_obtained":[{"floor":3,"key":"Potion Belt"},{"floor":6,"key":"Replay:Mystery Machine"},{"floor":8,"key":"hubris:ToyBattleship"},{"floor":9,"key":"Paper Frog"}],"event_choices":[{"damage_healed":21,"gold_gain":0,"player_choice":"Healed","damage_taken":0,"max_hp_gain":0,"max_hp_loss":0,"event_name":"The Cleric","floor":11,"gold_loss":35}],"is_beta":false,"boss_relics":[{"not_picked":["hubris:Stopwatch","Honey Jar"],"picked":"hubris:TerracottaHorce"}],"items_purged_floors":[],"is_endless":false,"potions_floor_spawned":[5,10,16,18,20],"killed_by":"Centurion and Healer","ascension_level":1}}