{"host":"otf1z5955ddlv5pq","time":1609564718,"event":{"mods":["BaseMod","Beaked The Cultist","Better Altar","Better Match","Better Note","Better Sensory Stone","Better Skull","Better Third Choice","Colored Map","Colored Powertips","Downfall","Minty Spire (QoL Compilation)","Rare Cards Sparkle","Replay The Spire","StSLib"],"gold_per_floor":[109,59,75,87,87,112,167,167,167],"floor_reached":8,"playtime":1026,"items_purged":[],"score":84,"play_id":"a147e3cb-4809-4e19-8a50-e4c59489b549","local_time":"20210101211838","is_ascension_mode":true,"campfire_choices":[],"circlet_count":0,"master_deck":["Strike_G","Strike_G","Strike_G","Strike_G","Defend_G","Defend_G","Defend_G","Defend_G","Defend_G","Survivor","Neutralize+1","Sucker Punch","Backflip","Escape Plan","Blur","Infinite Blades"],"relics":["Ring of the Snake","Pear","Tingsha"],"acts_visited":["Exordium"],"potions_floor_usage":[7],"damage_taken":[{"damage":0.0,"enemies":"Jaw Worm","floor":1.0,"turns":6.0},{"damage":0.0,"enemies":"2 Louse","floor":3.0,"turns":3.0},{"damage":0.0,"enemies":"Cultist","floor":4.0,"turns":4.0},{"damage":7.0,"enemies":"3 Sentries","floor":6.0,"turns":7.0},{"damage":45,"enemies":"Lagavulin Event","floor":7,"turns":12},{"damage":39,"enemies":"Gremlin Nob","floor":8,"turns":5}],"seed_played":"-3453274591431500825","potions_obtained":[{"floor":1.0,"key":"FearPotion"},{"floor":4.0,"key":"PowerPotion"}],"is_trial":false,"path_per_floor":["M","?","M","M","?","E","?","E"],"character_chosen":"THE_SILENT","items_purchased":[],"campfire_rested":0,"item_purchase_floors":[],"current_hp_per_floor":[70,70,70,70,75,78,33,0,0],"gold":167,"neow_bonus":"UPGRADE_CARD","is_daily":false,"chose_seed":false,"campfire_upgraded":0,"win_rate":0.0,"timestamp":1609564718,"path_taken":["M","?","M","M","?","E","?","E"],"items_purchased_type":[],"build_version":"2020-12-22","purchased_purges":0,"victory":false,"max_hp_per_floor":[70,70,70,70,75,85,85,85,85],"card_choices":[{"not_picked":["Endless Agony","Catalyst"],"picked":"Sucker Punch","floor":1.0},{"not_picked":["Expertise","Finisher"],"picked":"Backflip","floor":3.0},{"not_picked":["Leg Sweep","Hidden Blade"],"picked":"Escape Plan","floor":4.0},{"not_picked":["Well Laid Plans","Sucker Punch"],"picked":"Blur","floor":6.0},{"not_picked":["Dagger Throw","PiercingWail"],"picked":"Infinite Blades","floor":7}],"player_experience":1151458,"relics_obtained":[{"floor":6.0,"key":"Pear"},{"floor":7,"key":"Tingsha"}],"event_choices":[{"cards_removed":["Strike_G"],"damage_healed":0.0,"max_hp_gain":0.0,"max_hp_loss":0.0,"gold_gain":0.0,"event_name":"The Cleric","player_choice":"Card Removal","floor":2.0,"gold_loss":50.0,"damage_taken":0.0},{"damage_healed":0.0,"max_hp_gain":5.0,"max_hp_loss":0.0,"gold_gain":0.0,"event_name":"Big Fish","player_choice":"Donut","floor":5.0,"gold_loss":0.0,"damage_taken":0.0},{"damage_healed":0,"gold_gain":0,"player_choice":"Searched \u00271\u0027 times","damage_taken":0,"max_hp_gain":0,"max_hp_loss":0,"event_name":"Dead Adventurer","floor":7,"gold_loss":0}],"is_beta":false,"boss_relics":[],"items_purged_floors":[],"is_endless":false,"potions_floor_spawned":[1,4],"killed_by":"Gremlin Nob","ascension_level":1}}