{"host":"ixqzyafodex1tsi5","time":1609564901,"event":{"mods":["ATMod(°¢èªMod)","AchievementEnabler","Act Like it!","BaseMod","Gensokyo","GifTheSpireLib","Lobotomy","LobotomyExtend","Minty Spire (QoL Compilation)","Relic Stats","Replay The Spire","RumiaBox-Â¶Ã×æ«µÄÉñÃØºÐ×Ó","Spicy Shops","StSLib","The Cursed","[IsaacMod]ÒÔÈö¼âËþ","¡¾¹¦ÄÜMod¡¿»ìãçÖ®»·ÐÞ¸´²¹¶¡","¡¾ÒÅÎï¿¨ÅÆ¡¿REMEMod"],"gold_per_floor":[272,283,293,13,13,13,13,22,104,180,180,99,88,104,104,155,155,104,70,4075,4075,4150,4150,4150],"floor_reached":23,"playtime":1307,"items_purged":["ExtractionCode","SpecialBullet","SpecialBullet"],"score":506,"play_id":"417ef3cb-0546-43d5-81f9-0ac48b37bfa4","local_time":"20210102132141","is_ascension_mode":true,"campfire_choices":[],"circlet_count":0,"master_deck":["BigBird","Mercenary","SpecialBullet","SpecialBullet","SpecialBullet","SpecialBullet","SpecialBullet","SpecialBullet","AT_PowerWithin","REME_CopyPotion","SecurityCode","Twilight","Noise","ReplayTheSpireMod:IOU","ReplayTheSpireMod:IOU","ReplayTheSpireMod:IOU","ReplayTheSpireMod:IOU","ReplayTheSpireMod:IOU","ReplayTheSpireMod:IOU","Gensokyo:CrescentMoonSlash","ReplayTheSpireMod:IOU","ReplayTheSpireMod:IOU","ReplayTheSpireMod:IOU","ReplayTheSpireMod:IOU","ReplayTheSpireMod:IOU","ReplayTheSpireMod:IOU","ReplayTheSpireMod:IOU","ReplayTheSpireMod:IOU","ReplayTheSpireMod:IOU","ReplayTheSpireMod:IOU","ReplayTheSpireMod:IOU","ReplayTheSpireMod:IOU","ReplayTheSpireMod:IOU","ReplayTheSpireMod:IOU","ReplayTheSpireMod:IOU","ReplayTheSpireMod:IOU","Moonlight+1","ReplayTheSpireMod:IOU","ReplayTheSpireMod:IOU","Dramatic Entrance+1","Ecstasy+1","GoldRush+1","BigBadWolf","ReplayTheSpireMod:IOU","ReplayTheSpireMod:IOU","ReplayTheSpireMod:IOU","ReplayTheSpireMod:IOU","ReplayTheSpireMod:IOU","ReplayTheSpireMod:IOU","ReplayTheSpireMod:IOU","ReplayTheSpireMod:IOU","ReplayTheSpireMod:IOU","ReplayTheSpireMod:IOU","ReplayTheSpireMod:IOU","ReplayTheSpireMod:IOU","ReplayTheSpireMod:IOU","ReplayTheSpireMod:IOU","Twilight+1","Mind Blast+1","ReplayTheSpireMod:IOU","ReplayTheSpireMod:IOU","ReplayTheSpireMod:IOU","ReplayTheSpireMod:IOU","ReplayTheSpireMod:IOU","ReplayTheSpireMod:IOU","ReplayTheSpireMod:IOU","ReplayTheSpireMod:IOU","ReplayTheSpireMod:IOU","ReplayTheSpireMod:IOU","ReplayTheSpireMod:IOU","ReplayTheSpireMod:IOU","ReplayTheSpireMod:IOU","ReplayTheSpireMod:IOU","ReplayTheSpireMod:IOU","ReplayTheSpireMod:IOU","ReplayTheSpireMod:IOU","ReplayTheSpireMod:IOU","ReplayTheSpireMod:IOU","ReplayTheSpireMod:IOU","ReplayTheSpireMod:IOU","ReplayTheSpireMod:IOU","ReplayTheSpireMod:IOU","ReplayTheSpireMod:IOU","ReplayTheSpireMod:IOU","ReplayTheSpireMod:IOU","ReplayTheSpireMod:IOU","ReplayTheSpireMod:IOU","ReplayTheSpireMod:IOU","ReplayTheSpireMod:IOU","BloodyDesire+1"],"relics":["CogitoBucket","RabbitCall","REME_ComplimentaryCards","HushsDoor","AT_ATBox","GuppysTail","LetterFromLob","Replay:Wax Seal","MagicDraw2","Shuriken","TheBattery","Quantum Egg","Gaze_r","ShedSkin_r","InspiredRelic","MagicDraw4","NineVolt","TheAbacus","Bronze Scales","Shovel","Meat on the Bone","Ccalipers","Pen Nib","Divine Protection","Toolbox","Lee\u0027s Waffle","PillsDrop","WantedRequest","Black Star","Theresia","LastBattle","BFFS","ReplayTheSpireMod:TigerMarble","TheBible","D6","Frozen Eye","Membership Card","SteamSale","BelialBook","Bag of Marbles","Akabeko","Lamp_r","Orichalcum","Letter Opener"],"acts_visited":["Gensokyo:Gensokyo","Gensokyo:Gensokyoer"],"potions_floor_usage":[16],"damage_taken":[{"damage":0,"enemies":"Gensokyo:Python","floor":1,"turns":2},{"damage":8,"enemies":"Gensokyo:2_Kodama","floor":2,"turns":2},{"damage":5,"enemies":"Gensokyo:Gryphon","floor":3,"turns":2},{"damage":24,"enemies":"Gensokyo:Gryphon","floor":6,"turns":4},{"damage":13,"enemies":"Gensokyo:LivingMonolith","floor":12,"turns":4},{"damage":0,"enemies":"Gensokyo:3_Kodama","floor":14,"turns":1},{"damage":13,"enemies":"Gensokyo:Yukari","floor":16,"turns":10},{"damage":3,"enemies":"Gensokyo:3_Dogs","floor":18,"turns":5},{"damage":4,"enemies":"Gensokyo:Chomper","floor":19,"turns":3},{"damage":0,"enemies":"Hiden Room Battle","floor":22,"turns":1},{"damage":0,"enemies":"Gensokyo:Reisen","floor":23,"turns":1}],"seed_played":"-1855064686626254854","potions_obtained":[{"floor":2,"key":"SkillPotion"},{"floor":16,"key":"BlessingOfTheForge"}],"is_trial":false,"path_per_floor":["M","M","M","$","?","?","?","$","T","T","R","M","$","M","R","B",null,"M","M","$","?","?","E"],"character_chosen":"Angela","items_purchased":["Replay:Wax Seal","MagicDraw2","Shuriken","TheBattery","Quantum Egg","MagicDraw4","NineVolt","TheAbacus","Bronze Scales","Shovel","Ccalipers","Pen Nib","Divine Protection","Toolbox","Lee\u0027s Waffle","PillsDrop","Moonlight+1","Dramatic Entrance+1","LastBattle","BFFS","ReplayTheSpireMod:TigerMarble","TheBible","D6","Frozen Eye","Membership Card","SteamSale","BelialBook","Bag of Marbles","Akabeko","Twilight+1","Mind Blast+1"],"campfire_rested":0,"item_purchase_floors":[4,4,4,4,4,8,8,8,8,8,13,13,13,13,13,13,13,13,20,20,20,20,20,20,20,20,20,20,20,20,20],"current_hp_per_floor":[63,63,63,63,54,15,15,15,15,15,15,28,70,73,73,60,73,73,73,73,73,73,0,0],"gold":4150,"neow_bonus":"THREE_RARE_CARDS","is_daily":false,"chose_seed":false,"campfire_upgraded":0,"win_rate":0.0,"timestamp":1609564901,"path_taken":["M","M","M","$","?","?","?","?","T","?","R","?","$","M","R","BOSS","M","M","$","?","?","E"],"items_purchased_type":["Relic","Relic","Relic","Relic","Relic","Relic","Relic","Relic","Relic","Relic","Relic","Relic","Relic","Relic","Relic","Relic","Card","Card","Relic","Relic","Relic","Relic","Relic","Relic","Relic","Relic","Relic","Relic","Relic","Card","Card"],"build_version":"2020-12-22","purchased_purges":3,"victory":false,"max_hp_per_floor":[63,63,63,63,63,63,63,63,63,63,63,63,70,73,73,73,73,73,73,73,73,73,73,73],"relic_stats":{"Lee\u0027s Waffle":42,"TheAbacus":[6],"Shovel":0,"counters":[12,36],"Shuriken":[4],"Bronze Scales":[51],"Pen Nib":[3],"Black Star":0,"Letter Opener":[0],"Orichalcum":[0],"obtain_stats":[{"RabbitCall":0,"GuppysTail":0,"Divine Protection":13,"AT_ATBox":0,"NineVolt":8,"TheBattery":4,"MagicDraw4":8,"MagicDraw2":4,"BFFS":20,"Frozen Eye":20,"Lamp_r":22,"CogitoBucket":0,"TheAbacus":8,"Shovel":8,"Ccalipers":13,"PillsDrop":13,"Toolbox":13,"Replay:Wax Seal":4,"WantedRequest":16,"KeepersGift":0,"Lee\u0027s Waffle":13,"Quantum Egg":4,"BelialBook":20,"Pen Nib":13,"Letter Opener":22,"LastBattle":20,"Orichalcum":22,"SteamSale":20,"Akabeko":20,"Gaze_r":6,"D6":20,"TheBible":20,"Shuriken":4,"Bronze Scales":8,"LetterFromLob":1,"Black Star":17,"ReplayTheSpireMod:TigerMarble":20,"Bag of Marbles":20,"Membership Card":20,"HushsDoor":0,"InspiredRelic":6,"Theresia":18,"ShedSkin_r":6,"REME_ComplimentaryCards":0,"Meat on the Bone":9},{"RabbitCall":0,"GuppysTail":0,"Divine Protection":5,"AT_ATBox":0,"NineVolt":4,"TheBattery":3,"MagicDraw4":4,"MagicDraw2":3,"BFFS":10,"Frozen Eye":10,"Lamp_r":11,"CogitoBucket":0,"TheAbacus":4,"Shovel":4,"Ccalipers":5,"PillsDrop":5,"Toolbox":5,"Replay:Wax Seal":3,"WantedRequest":7,"KeepersGift":0,"Lee\u0027s Waffle":5,"Quantum Egg":3,"BelialBook":10,"Pen Nib":5,"Letter Opener":11,"LastBattle":10,"Orichalcum":11,"SteamSale":10,"Akabeko":10,"Gaze_r":4,"D6":10,"TheBible":10,"Shuriken":3,"Bronze Scales":4,"LetterFromLob":1,"Black Star":7,"ReplayTheSpireMod:TigerMarble":10,"Bag of Marbles":10,"Membership Card":10,"HushsDoor":0,"InspiredRelic":4,"Theresia":9,"ShedSkin_r":4,"REME_ComplimentaryCards":0,"Meat on the Bone":4},{"RabbitCall":0,"GuppysTail":0,"Divine Protection":14,"AT_ATBox":0,"NineVolt":10,"TheBattery":6,"MagicDraw4":10,"MagicDraw2":6,"BFFS":34,"Frozen Eye":34,"Lamp_r":35,"CogitoBucket":0,"TheAbacus":10,"Shovel":10,"Ccalipers":14,"PillsDrop":14,"Toolbox":14,"Replay:Wax Seal":6,"WantedRequest":25,"KeepersGift":0,"Lee\u0027s Waffle":14,"Quantum Egg":6,"BelialBook":34,"Pen Nib":14,"Letter Opener":35,"LastBattle":34,"Orichalcum":35,"SteamSale":34,"Akabeko":34,"Gaze_r":10,"D6":34,"TheBible":34,"Shuriken":6,"Bronze Scales":10,"LetterFromLob":2,"Black Star":25,"ReplayTheSpireMod:TigerMarble":34,"Bag of Marbles":34,"Membership Card":34,"HushsDoor":0,"InspiredRelic":10,"Theresia":31,"ShedSkin_r":10,"REME_ComplimentaryCards":0,"Meat on the Bone":10}],"Meat on the Bone":12},"card_choices":[{"not_picked":[],"picked":"Bomb","floor":0},{"not_picked":["DaCapo","TheSmile"],"picked":"Twilight","floor":0},{"not_picked":["Loneliness"],"picked":"Noise","floor":1},{"not_picked":["RapturousDream","Pleasure"],"picked":"SKIP","floor":1},{"not_picked":["WristCuter","SolemnVow"],"picked":"SKIP","floor":2},{"not_picked":["CherryBlossoms","VoidDream"],"picked":"Mercenary","floor":3},{"not_picked":["FeatherOfHonor","GreenStem"],"picked":"SKIP","floor":3},{"not_picked":["Porccubus","CherryBlossoms","UniverseFragment"],"picked":"Singing Bowl","floor":12},{"not_picked":["Tough","Soda","Logging"],"picked":"SKIP","floor":12},{"not_picked":["DreamingCurrent","Bloodbath"],"picked":"BigBird","floor":14},{"not_picked":["Noise+1","CherryBlossom+1"],"picked":"Ecstasy+1","floor":14},{"not_picked":["OldLady","UniverseFragment","Yin"],"picked":"Singing Bowl","floor":16},{"not_picked":["Mimicry+1","Twilight+1"],"picked":"GoldRush+1","floor":16},{"not_picked":["SpiderBud","Porccubus","VoidDream"],"picked":"Singing Bowl","floor":18},{"not_picked":["Horn+1","Diffraction+1","CrimsonScar+1"],"picked":"SKIP","floor":18},{"not_picked":["SpiderBud","LaLuna"],"picked":"BigBadWolf","floor":19},{"not_picked":["SomewhereSpear+1","Penitence+1","TodaysExpression+1"],"picked":"SKIP","floor":19},{"not_picked":["SingingMachine","GalaxyChild","Bloodbath"],"picked":"Singing Bowl","floor":22},{"not_picked":["CUTE+1","Regret_ego+1"],"picked":"BloodyDesire+1","floor":22}],"player_experience":185631,"relics_obtained":[{"floor":1,"key":"LetterFromLob"},{"floor":9,"key":"Meat on the Bone"},{"floor":22,"key":"Orichalcum"},{"floor":22,"key":"Letter Opener"}],"event_choices":[{"damage_healed":0,"gold_gain":0,"player_choice":"Fight","damage_taken":0,"max_hp_gain":0,"max_hp_loss":0,"event_name":"HidenRoomEvent","floor":22,"gold_loss":0}],"is_beta":false,"boss_relics":[{"not_picked":["AT_TrinityForce","Honey Jar"],"picked":"Black Star"},{"not_picked":[]}],"items_purged_floors":[4,20,20],"is_endless":false,"potions_floor_spawned":[2,16],"killed_by":"Gensokyo:Reisen","ascension_level":3}}