{"host":"16bdbdkejmwbwkj8","time":1609607430,"event":{"mods":["BaseMod","Colored Map","Downfall","Minty Spire (QoL Compilation)","StSLib"],"gold_per_floor":[99,111,286,304,304,5,31,45,74,24,50,50,62,162,173,276,276,276,291,291,308,323,323,347,347,347,347,380,400,400,400,412,514,514,514,526,526,18,68,68,139,152,163,3,3,13,13,24,34,34],"floor_reached":51,"playtime":4627,"items_purged":["Regret"],"score":727,"play_id":"fc74aead-355b-45a0-b50a-bd2dfcdaa465","local_time":"20210102121030","is_ascension_mode":false,"campfire_choices":[{"data":"Slimebound:CorrosiveSpit","floor":1,"key":"SMITH"},{"data":"Slimebound:OozeBath","floor":12,"key":"SMITH"},{"data":"Slimebound:MassFeed","floor":18,"key":"SMITH"},{"floor":23,"key":"REST"},{"data":"Slimebound:Split","floor":26,"key":"SMITH"},{"floor":30,"key":"REST"},{"floor":35,"key":"RECALL"},{"floor":40,"key":"REST"},{"floor":47,"key":"REST"}],"circlet_count":0,"master_deck":["Slimebound:Strike_Slimebound+1","Slimebound:Strike_Slimebound+1","Slimebound:Strike_Slimebound+1","Slimebound:Tackle+1","Slimebound:Defend_Slimebound+1","Slimebound:Defend_Slimebound+1","Slimebound:Defend_Slimebound+1","Slimebound:Defend_Slimebound+1","Slimebound:Split+1","Slimebound:CorrosiveSpit+1","Slimebound:MegaLick+1","Doubt","Slimebound:SplitMire+1","Slimebound:OozeBath+1","Slimebound:RainOfGoop+1","Slimebound:SlimeTap","Slimebound:SlimeSpikes","Slimebound:Grow","Slimebound:ItLooksTasty+1","Slimebound:LeechingTouch","Slimebound:SplitBruiser+1","Slimebound:MassFeed+1","Slimebound:LeechEnergy+1","Slimebound:SlimeSpikes","Slimebound:SplitLeeching","Slimebound:SlimeBarrage","Slimebound:SplitMire","Slimebound:LevelUp","Slimebound:MinionMaster","Slimebound:SpikyOuterGoop+1","Slimebound:LivingWall","expansioncontent:AwakenDeath","Slimebound:Overexert","Slimebound:SlimeSpikes","Slimebound:SplitBruiser","Slimebound:SplitAcid","Slimebound:Gluttony+1","Slimebound:SplitBruiser+1","Slimebound:LevelUp","Slimebound:LeechLife","Slimebound:SplitBruiser","Slimebound:SplitMire+1","Slimebound:LevelUp+1"],"relics":["Slimebound:AbsorbEndCombat","White Beast Statue","Strawberry","Bag of Preparation","SlaversCollar","Whetstone","War Paint","Fusion Hammer","Red Mask","downfall:RedIOUUpgrade","Sling","Du-Vu Doll","Mercury Hourglass","Regal Pillow","Vajra","Pen Nib"],"acts_visited":["Exordium","TheCity","TheBeyond"],"potions_floor_usage":[9,13,16,16,28,28,28,28,28,33,33,33,36,42,43,44,50],"damage_taken":[{"damage":4,"enemies":"2 Louse","floor":2,"turns":3},{"damage":11,"enemies":"Jaw Worm","floor":4,"turns":4},{"damage":19,"enemies":"downfall:FleeingMerchant","floor":6,"turns":4},{"damage":16,"enemies":"Small Slimes","floor":8,"turns":3},{"damage":35,"enemies":"Gremlin Nob","floor":9,"turns":4},{"damage":14,"enemies":"downfall:FleeingMerchant","floor":10,"turns":4},{"damage":20,"enemies":"Lagavulin","floor":11,"turns":6},{"damage":18,"enemies":"Gremlin Gang","floor":13,"turns":4},{"damage":8,"enemies":"Red Slaver","floor":15,"turns":2},{"damage":27,"enemies":"downfall:Watcher","floor":16,"turns":5},{"damage":25,"enemies":"3 Byrds","floor":19,"turns":5},{"damage":39,"enemies":"Spheric Guardian","floor":21,"turns":4},{"damage":33,"enemies":"Snake Plant","floor":22,"turns":4},{"damage":46,"enemies":"Book of Stabbing","floor":28,"turns":5},{"damage":36,"enemies":"Centurion and Healer","floor":29,"turns":5},{"damage":22,"enemies":"Snecko","floor":32,"turns":3},{"damage":59,"enemies":"downfall:Silent","floor":33,"turns":6},{"damage":29,"enemies":"Orb Walker","floor":36,"turns":4},{"damage":23,"enemies":"downfall:FleeingMerchant","floor":38,"turns":4},{"damage":19,"enemies":"Mind Bloom Boss Battle","floor":39,"turns":5},{"damage":28,"enemies":"3 Darklings","floor":42,"turns":4},{"damage":49,"enemies":"Spire Growth","floor":43,"turns":4},{"damage":16,"enemies":"downfall:FleeingMerchant","floor":44,"turns":4},{"damage":32,"enemies":"Transient","floor":46,"turns":5},{"damage":45,"enemies":"Maw","floor":48,"turns":5},{"damage":34,"enemies":"Jaw Worm Horde","floor":49,"turns":4},{"damage":62,"enemies":"downfall:Ironclad","floor":50,"turns":8}],"seed_played":"1922991051759573586","potions_obtained":[{"floor":4,"key":"sneckomod:MuddlingPotion"},{"floor":8,"key":"Guardian:BlockOnCardUsePotion"},{"floor":9,"key":"DistilledChaos"},{"floor":10,"key":"EntropicBrew"},{"floor":11,"key":"Energy Potion"},{"floor":13,"key":"LiquidMemories"},{"floor":15,"key":"champ:CounterPotion"},{"floor":16,"key":"FearPotion"},{"floor":19,"key":"Energy Potion"},{"floor":28,"key":"Block Potion"},{"floor":29,"key":"DuplicationPotion"},{"floor":31,"key":"FearPotion"},{"floor":31,"key":"ColorlessPotion"},{"floor":32,"key":"EntropicBrew"},{"floor":36,"key":"LiquidMemories"},{"floor":42,"key":"Regen Potion"},{"floor":43,"key":"Dexterity Potion"},{"floor":44,"key":"Explosive Potion"}],"is_trial":false,"path_per_floor":["R","M","?","M","?","$","T","M","E","$","E","R","M","?","M","B",null,"R","M","?","M","M","R","T","?","R","?","E","M","R","?","M","B",null,"R","M","?","$","?","R","T","M","M","$","T","M","R","M","M","B",null],"character_chosen":"SLIMEBOUND","items_purchased":["White Beast Statue","Slimebound:RainOfGoop","Slimebound:Grow","expansioncontent:AwakenDeath","Slimebound:Overexert","Slimebound:SlimeSpikes","Sling","Slimebound:LevelUp","Regal Pillow","Vajra","Slimebound:LeechLife"],"campfire_rested":4,"item_purchase_floors":[6,6,10,38,38,38,38,44,44,44,44],"current_hp_per_floor":[66,66,66,61,61,56,56,48,38,40,36,36,36,36,42,39,73,73,62,62,43,30,53,53,53,53,53,45,39,62,62,62,39,77,77,70,70,75,75,77,77,69,43,47,47,68,81,75,65,41],"gold":34,"neow_bonus":"TEN_PERCENT_HP_BONUS","is_daily":false,"chose_seed":false,"campfire_upgraded":4,"win_rate":0.0,"timestamp":1609607430,"path_taken":["R","M","?","M","?","$","T","M","E","$","E","R","M","?","M","BOSS","R","M","?","M","M","R","T","?","R","?","E","?","R","?","M","BOSS","R","M","?","$","?","R","T","M","M","$","?","M","R","?","M","BOSS"],"items_purchased_type":["Relic","Card","Card","Card","Card","Card","Relic","Card","Relic","Relic","Card"],"build_version":"2020-12-22","purchased_purges":1,"victory":true,"max_hp_per_floor":[66,66,66,66,66,66,66,66,73,73,73,73,73,73,73,73,73,73,73,73,73,77,77,77,77,77,77,77,77,77,77,77,77,77,77,77,77,77,77,77,77,81,81,81,81,81,81,81,81,81],"card_choices":[{"not_picked":["Slimebound:FinishingTackle","Slimebound:ComboTackle"],"picked":"Slimebound:MegaLick","floor":2},{"not_picked":["Slimebound:PressTheAttack","Slimebound:ForwardTackle"],"picked":"Slimebound:SplitMire","floor":4},{"not_picked":["Slimebound:SplitMire","Slimebound:GrowthPunch"],"picked":"Slimebound:OozeBath","floor":6},{"not_picked":["Slimebound:Replication","Slimebound:SplitLeeching"],"picked":"Slimebound:Nibble","floor":8},{"not_picked":["Slimebound:SplitMire","Slimebound:RainOfGoop"],"picked":"Slimebound:SlimeTap","floor":9},{"not_picked":["Slimebound:ComboTackle","Slimebound:DisruptingSlam"],"picked":"Slimebound:SlimeSpikes","floor":10},{"not_picked":["Slimebound:SlimeSpikes","Slimebound:SamplingLick"],"picked":"Slimebound:ItLooksTasty","floor":11},{"not_picked":["Slimebound:SplitLeeching","Slimebound:Schlurp"],"picked":"Slimebound:LeechingTouch","floor":13},{"not_picked":["Slimebound:Equalize","Slimebound:Prepare"],"picked":"Slimebound:SplitBruiser","floor":15},{"not_picked":["Slimebound:MassRepurpose","Slimebound:WasteNot"],"picked":"Slimebound:MassFeed","floor":16},{"not_picked":["Slimebound:ComboTackle+1","Slimebound:ViciousTackle"],"picked":"Slimebound:LeechEnergy+1","floor":19},{"not_picked":["Slimebound:ComboTackle","Slimebound:FinishingTackle"],"picked":"Slimebound:SlimeSpikes","floor":21},{"not_picked":["Slimebound:FlameTackle","Slimebound:SamplingLick"],"picked":"Slimebound:SplitLeeching","floor":22},{"not_picked":["Slimebound:MassFeed","Slimebound:DisruptingSlam"],"picked":"Slimebound:SlimeBarrage","floor":28},{"not_picked":["Slimebound:Schlurp","Slimebound:SlimeSpikes+1"],"picked":"Slimebound:SplitMire","floor":29},{"not_picked":["Slimebound:SplitBruiser+1","Slimebound:Schlurp"],"picked":"Slimebound:LevelUp","floor":32},{"not_picked":["Slimebound:MassRepurpose","Slimebound:DouseInSlime"],"picked":"Slimebound:MinionMaster","floor":33},{"not_picked":["Slimebound:Chomp+1","Slimebound:ViciousTackle"],"picked":"Slimebound:SpikyOuterGoop+1","floor":36},{"not_picked":["Slimebound:LeechEnergy","Slimebound:SlimeTap+1"],"picked":"Slimebound:LivingWall","floor":38},{"not_picked":["Slimebound:LeechingTouch","Slimebound:RollThrough+1"],"picked":"Slimebound:SplitBruiser","floor":39},{"not_picked":["Slimebound:ViciousTackle+1","Slimebound:FlameTackle"],"picked":"Slimebound:SplitAcid","floor":42},{"not_picked":["Slimebound:FirmFortitude+1","Slimebound:LeechingTouch+1"],"picked":"Slimebound:Gluttony+1","floor":43},{"not_picked":["Slimebound:SlimeBrawl+1","Slimebound:RollThrough"],"picked":"Slimebound:SplitBruiser+1","floor":44},{"not_picked":["Slimebound:Nibble","Slimebound:SamplingLick+1"],"picked":"Slimebound:SplitBruiser","floor":46},{"not_picked":["Slimebound:PressTheAttack+1","Slimebound:OozeBath"],"picked":"Slimebound:SplitMire+1","floor":48},{"not_picked":["Slimebound:ViciousTackle","Slimebound:RejuvenatingLick+1"],"picked":"Slimebound:LevelUp+1","floor":49}],"player_experience":81458,"relics_obtained":[{"floor":7,"key":"Happy Flower"},{"floor":9,"key":"Strawberry"},{"floor":11,"key":"Bag of Preparation"},{"floor":24,"key":"Whetstone"},{"floor":28,"key":"War Paint"},{"floor":39,"key":"Du-Vu Doll"},{"floor":41,"key":"Mercury Hourglass"},{"floor":45,"key":"Pen Nib"}],"event_choices":[{"damage_healed":0,"gold_gain":0,"player_choice":"Simplicity","damage_taken":0,"max_hp_gain":0,"max_hp_loss":0,"event_name":"Back to Basics","floor":20,"gold_loss":0,"cards_upgraded":["Slimebound:Strike_Slimebound","Slimebound:Strike_Slimebound","Slimebound:Strike_Slimebound","Slimebound:Defend_Slimebound","Slimebound:Defend_Slimebound","Slimebound:Defend_Slimebound"]},{"damage_healed":0,"gold_gain":0,"player_choice":"Upgraded","damage_taken":0,"max_hp_gain":0,"max_hp_loss":0,"event_name":"Upgrade Shrine","floor":27,"gold_loss":0,"cards_upgraded":["Slimebound:RainOfGoop"]},{"damage_healed":0,"gold_gain":0,"player_choice":"Got Potions","damage_taken":0,"max_hp_gain":0,"max_hp_loss":0,"event_name":"Lab","floor":31,"gold_loss":0}],"is_beta":false,"boss_relics":[{"not_picked":["Sozu","Calling Bell"],"picked":"SlaversCollar"},{"not_picked":["Snecko Eye","Coffee Dripper"],"picked":"Fusion Hammer"}],"items_purged_floors":[38],"is_endless":false,"potions_floor_spawned":[4,8,9,10,11,13,15,16,19,21,22,28,29,32,33,36,38,39,42,43,44,46,48,49],"ascension_level":0}}