{"host":"kev6uqotw4tlyx8l","time":1609606928,"event":{"mods":["Act Like it!","Aspiration","BaseMod","Colored Powertips","Dota2Spire","Downfall","Hallownest","Infinite Spire","Marisa????????","Minty Spire (QoL Compilation)","Quick Restart","Remilia??????","Replay The Spire","StSLib","The Cursed","The Marked","The Mystic","The Servant 0.9.4"],"gold_per_floor":[114,131,7,7,7,17,28,28,28,28,78,78,120,120,120,255,255,275,275,289,319,332,332,367,367,367],"floor_reached":25,"playtime":496,"items_purged":["Injury"],"score":223,"play_id":"36b6883d-01fc-4268-9621-36eb149e6c10","local_time":"20210103000208","is_ascension_mode":false,"campfire_choices":[{"data":"BlazeAway","floor":10,"key":"SMITH"},{"data":"GrandCross","floor":12,"key":"SMITH"},{"floor":15,"key":"REST"},{"floor":23,"key":"REST"}],"circlet_count":0,"master_deck":["Strike_MRS","Strike_MRS","Strike_MRS","Strike_MRS","Defend_MRS","Defend_MRS","Defend_MRS+1","Defend_MRS","MasterSpark","UpSweep","Pain","Hallucinations","SporeBomb","DeepEcoloBomb","TreasureHunter+1","GrandCross+1","BlazeAway+1","Robbery+1","ShootingEcho+1","DoubleSpark+1","CollectingQuirk+1","FairyDestructionRay+1","DoubleSpark+1","MilkyWay","PowerUp","NonDirectionalLaser+1"],"relics":["BewitchedHakkero","Philosopher\u0027s Stone","Molten Egg 2","infinitespire:Beetle Shell","Dota2Spire:Desolator","Prayer Wheel","aspiration:HatOfInfinitePower"],"acts_visited":["Exordium","TheCity"],"potions_floor_usage":[7,16,16,21,24],"damage_taken":[{"damage":4,"enemies":"Small Slimes","floor":1,"turns":3},{"damage":0,"enemies":"Cultist","floor":2,"turns":2},{"damage":0,"enemies":"2 Louse","floor":6,"turns":1},{"damage":8,"enemies":"Exordium Wildlife","floor":7,"turns":2},{"damage":19,"enemies":"Lagavulin","floor":11,"turns":4},{"damage":0,"enemies":"2 Fungi Beasts","floor":13,"turns":2},{"damage":56,"enemies":"The Guardian","floor":16,"turns":5},{"damage":11,"enemies":"Chosen","floor":18,"turns":2},{"damage":3,"enemies":"Spheric Guardian","floor":20,"turns":3},{"damage":6,"enemies":"Snake Plant","floor":21,"turns":2},{"damage":26,"enemies":"Shelled Parasite and Fungi","floor":22,"turns":2},{"damage":47,"enemies":"Book of Stabbing","floor":24,"turns":3},{"damage":4,"enemies":"Centurion and Healer","floor":25,"turns":1}],"seed_played":"-202390479301959797","potions_obtained":[{"floor":1,"key":"Dota2Spire:Clarity"},{"floor":2,"key":"SkillPotion"},{"floor":11,"key":"SmokeBomb"},{"floor":13,"key":"champ:CounterPotion"},{"floor":22,"key":"Death Potion"}],"is_trial":false,"path_per_floor":["M","M","$","?","?","M","M","?","T","R","E","R","M","?","R","B",null,"M","AVR","M","M","M","R","E","M"],"character_chosen":"MARISA","items_purchased":["TreasureHunter","GrandCross"],"campfire_rested":2,"item_purchase_floors":[3,3],"current_hp_per_floor":[71,71,71,56,56,56,48,73,73,73,54,54,54,47,69,13,75,64,64,61,55,29,51,4,0,0],"gold":367,"neow_bonus":"CURSED_BOSS_RELIC","is_daily":false,"chose_seed":false,"campfire_upgraded":2,"win_rate":0.0,"timestamp":1609606928,"path_taken":["M","M","$","?","?","M","M","?","T","R","E","R","M","?","R","BOSS","M","AVR","?","M","M","R","E","M"],"items_purchased_type":["Card","Card"],"build_version":"2020-12-22","purchased_purges":1,"victory":false,"max_hp_per_floor":[75,75,75,75,75,75,75,75,75,75,75,75,75,75,75,75,75,75,75,75,75,75,75,75,75,75],"card_choices":[{"not_picked":["Acceleration","EnergyRecoil"],"picked":"SporeBomb","floor":1},{"not_picked":["ManaConvection","Acceleration"],"picked":"DeepEcoloBomb","floor":2},{"not_picked":["DarkMatter","SporeBomb"],"picked":"BlazeAway","floor":6},{"not_picked":["AsteroidBelt","GravityBeat+1"],"picked":"Robbery+1","floor":7},{"not_picked":["SprinkleStarSeal","LuminesStrike+1"],"picked":"ShootingEcho+1","floor":11},{"not_picked":["ChargingUp","GravityBeat+1"],"picked":"DoubleSpark+1","floor":13},{"not_picked":["AbsoluteMagnitude+1","SatelliteIllusion"],"picked":"CollectingQuirk+1","floor":16},{"not_picked":["EventHorizon","Occultation+1"],"picked":"FairyDestructionRay+1","floor":18},{"not_picked":["WitchOfGreed","MilkyWay"],"picked":"DoubleSpark+1","floor":20},{"not_picked":["GravityBeat+1","EventHorizon"],"picked":"MilkyWay","floor":20},{"not_picked":["ShootingEcho+1","Singularity"],"picked":"PowerUp","floor":22},{"not_picked":["OpenUniverse","DoubleSpark+1"],"picked":"NonDirectionalLaser+1","floor":22},{"not_picked":["OortCloud","WitchLeyline+1","Orbital"],"picked":"SKIP","floor":24}],"player_experience":61748,"relics_obtained":[{"floor":9,"key":"infinitespire:Beetle Shell"},{"floor":11,"key":"Dota2Spire:Desolator"},{"floor":24,"key":"aspiration:HatOfInfinitePower"}],"event_choices":[{"damage_healed":0,"gold_gain":0,"player_choice":"Entered Light","damage_taken":15,"max_hp_gain":0,"max_hp_loss":0,"event_name":"Shining Light","floor":4,"gold_loss":0,"cards_upgraded":["TreasureHunter","Defend_MRS"]},{"damage_healed":25,"gold_gain":0,"player_choice":"Banana","damage_taken":0,"max_hp_gain":0,"max_hp_loss":0,"event_name":"Big Fish","floor":8,"gold_loss":0},{"damage_healed":0,"gold_gain":0,"player_choice":"Damaged","damage_taken":7,"max_hp_gain":0,"max_hp_loss":0,"event_name":"Wheel of Change","floor":14,"gold_loss":0}],"is_beta":false,"boss_relics":[{"not_picked":["Sozu","Calling Bell"],"picked":"BewitchedHakkero"}],"items_purged_floors":[19],"is_endless":false,"potions_floor_spawned":[1,2,11,13,21,22],"killed_by":"Centurion and Healer","ascension_level":0}}