{"host":"c59zqhrgluvxuu0k","time":1609614663,"event":{"mods":["BaseMod","Better Altar","Better Third Choice","BetterRewards","Colored Map","Colored Powertips","Curses Come First","Downfall","Duelist Mod","Friendly Minions","Hermit","Hubris","Minty Spire (QoL Compilation)","Replay The Spire","Shop Mod","Spicy Shops","StSLib","The Administrix","The Blackbeard","The Caster","The Cursed","The Death Knight","The Dragon Tamer","The Druid","The Jungle","The Marked","The Runesmith","The Wild Card","TheVacant"],"gold_per_floor":[118,63,63,63,77,103,132,107,133,10,10,135,146,160,160,258,258,271,287,287,364,381,406,156,174,174,192,220,220,220,236,236,337,337,351,365,27,39,53,85,85,135,135,155,185,185,198,212,212,212,212,212,35,64,64],"floor_reached":56,"playtime":6364,"items_purged":["Parasite","hubris:Despair"],"score":1469,"play_id":"93611da4-48d9-40e3-a5e5-fa5972ab4a44","local_time":"20210102121103","is_ascension_mode":false,"campfire_choices":[{"data":"theVacant:Reconnect","floor":11,"key":"SMITH"},{"data":"theVacant:Crunch","floor":15,"key":"SMITH"},{"floor":29,"key":"RECALL"},{"data":"theVacant:VoidForm","floor":32,"key":"SMITH"},{"data":"Discovery","floor":41,"key":"SMITH"},{"data":"theVacant:Prevent","floor":46,"key":"SMITH"},{"data":"theVacant:SpiritOrb","floor":49,"key":"SMITH"},{"data":"theVacant:PitOfDespair","floor":52,"key":"SMITH"}],"circlet_count":0,"master_deck":["theVacant:VacantStarterStrike","theVacant:VacantStarterStrike","theVacant:VacantStarterStrike","theVacant:VacantStarterStrike","theVacant:VacantStarterDefend","theVacant:VacantStarterDefend","theVacant:VacantStarterDefend","theVacant:VacantStarterDefend","theVacant:Release","theVacant:Crunch+1","theVacant:Carve","theVacant:Fling","theVacant:Fling","theWildCard:Scathach","theVacant:EyePoke","theVacant:PitOfDespair+1","theVacant:Anguish","theVacant:Reconnect+1","Poisoned Strike","Forethought","Discovery+1","theVacant:Gloom+1","theVacant:VoidForm+1","CurseOfTheBell","theVacant:Recover+1","theVacant:Recover+1","ReplayTheSpireMod:Faulty Equipment","theVacant:CursedBlast+1","theVacant:VoidEmbrace+1","theVacant:Immaterialize+1","theVacant:Recover","GremboGang","theVacant:ShutAway+1","Clumsy","theVacant:Barrage","theVacant:TheAnvil+1","theVacant:TwistFate+1","theVacant:Prevent+1","theVacant:EmptyShield+1","theVacant:Soothe+1","Discovery+1","theVacant:BellToll+1","theVacant:Husk+1","theVacant:HolyWater+1","theVacant:Yeet+1","theVacant:SurpriseAttack","theVacant:SpiritOrb+1","theVacant:Hex+1","Writhe","theVacant:Husk","theVacant:SurpriseAttack+1"],"relics":["theVacant:BrassGoblet","NeowsBlessing","hubris:Icosahedron","ReplayTheSpireMod:Lightbulb","Odd Mushroom","Replay:Wax Seal","Juzu Bracelet","ReplayTheSpireMod:ShopPack","hubris:SlimyHat","Replay:Grab Bag","hubris:VirtuousBlindfold","Cursed Key","Calling Bell","expansioncontent:StudyCardRelic","Boot","DeathKnight:SindragosasSkull","Durian","Bottled Lightning","Iron Hammer","Ice Cream","hubris:RunicObelisk","HandDrill","Bronze Scales","BranchBurnRelic","hubris:FunFungus","ReplayFunnel","ReplayTheSpireMod:CursedCoin","Runesmith:AutoHammer","hubris:Spice"],"acts_visited":["Exordium","TheCity","TheBeyond","TheEnding"],"potions_floor_usage":[7,16,18,23,23,23,27,31,44,54,55,55,55],"damage_taken":[{"damage":0,"enemies":"2 Louse","floor":1,"turns":1},{"damage":0,"enemies":"Small Slimes","floor":5,"turns":1},{"damage":0,"enemies":"Replay:BlueRogue","floor":6,"turns":1},{"damage":17,"enemies":"The Mushroom Lair","floor":7,"turns":5},{"damage":16,"enemies":"Lagavulin","floor":8,"turns":5},{"damage":11,"enemies":"3 Sentries","floor":12,"turns":7},{"damage":4,"enemies":"Jaw Worm","floor":13,"turns":3},{"damage":0,"enemies":"Looter","floor":14,"turns":2},{"damage":7,"enemies":"Fading Forest","floor":16,"turns":11},{"damage":10,"enemies":"3 Byrds","floor":18,"turns":3},{"damage":3,"enemies":"Shell Parasite","floor":19,"turns":3},{"damage":0,"enemies":"Sentry and Sphere","floor":22,"turns":3},{"damage":33,"enemies":"Slavers","floor":23,"turns":6},{"damage":7,"enemies":"Centurion and Healer","floor":25,"turns":4},{"damage":6,"enemies":"3 Cultists","floor":27,"turns":5},{"damage":6,"enemies":"Book of Stabbing","floor":28,"turns":4},{"damage":15,"enemies":"Snake Plant","floor":31,"turns":3},{"damage":4,"enemies":"hubris:MusketHawk","floor":33,"turns":5},{"damage":16,"enemies":"3 Shapes","floor":35,"turns":4},{"damage":0,"enemies":"3 Darklings","floor":36,"turns":3},{"damage":0,"enemies":"Maw","floor":38,"turns":5},{"damage":9,"enemies":"Jaw Worm Horde","floor":39,"turns":3},{"damage":0,"enemies":"Nemesis","floor":40,"turns":6},{"damage":0,"enemies":"Mind Bloom Boss Battle","floor":42,"turns":6},{"damage":0,"enemies":"3 Darklings","floor":44,"turns":3},{"damage":0,"enemies":"R_Hoarder","floor":45,"turns":5},{"damage":3,"enemies":"4 Shapes","floor":47,"turns":5},{"damage":0,"enemies":"Maw","floor":48,"turns":7},{"damage":0,"enemies":"Time Eater","floor":50,"turns":9},{"damage":2,"enemies":"Shield and Spear","floor":54,"turns":4},{"damage":34,"enemies":"The Heart","floor":55,"turns":8}],"seed_played":"-8189818071299055700","potions_obtained":[{"floor":5,"key":"DeathKnight:RimePotion"},{"floor":12,"key":"Doom Potion"},{"floor":13,"key":"Dexterity Potion"},{"floor":14,"key":"Explosive Potion"},{"floor":16,"key":"BlessingOfTheForge"},{"floor":19,"key":"SneckoOil"},{"floor":23,"key":"Reflective Coating"},{"floor":27,"key":"Fire Potion"},{"floor":28,"key":"DeathKnight:RimePotion"},{"floor":31,"key":"Reflective Coating"},{"floor":36,"key":"GamblersBrew"},{"floor":44,"key":"LiquidBronze"},{"floor":45,"key":"Slimebound:ThreeZeroPotion"},{"floor":47,"key":"Toxic Potion"},{"floor":54,"key":"SpeedPotion"}],"is_trial":false,"path_per_floor":["M","$","?","?","M","E","?","E","T","$","R","E","M","M","R","B",null,"M","M","?","?","M","E","?","M","T","M","E","R","?","M","R","B",null,"M","M","$","M","M","E","R","?","T","M","E","R","M","M","R","B",null,"R","$","E","B",null],"character_chosen":"THE_VACANT","items_purchased":["theVacant:Fling","ReplayTheSpireMod:ShopPack","HandDrill","Bronze Scales","Discovery","ReplayTheSpireMod:CursedCoin","Runesmith:AutoHammer","theVacant:Husk"],"campfire_rested":0,"item_purchase_floors":[2,10,37,37,37,53,53,53],"current_hp_per_floor":[80,80,80,80,80,80,63,47,47,47,47,36,32,32,32,25,82,72,69,69,69,73,47,47,50,50,70,73,73,49,34,34,46,82,73,82,82,82,77,82,82,82,82,82,82,82,82,82,82,82,82,82,82,88,76],"gold":64,"neow_bonus":"THREE_ENEMY_KILL","is_daily":false,"chose_seed":false,"campfire_upgraded":7,"win_rate":0.0,"timestamp":1609614663,"path_taken":["M","$","?","?","M","E","?","E","T","$","R","E","M","M","R","BOSS","M","M","?","?","M","E","?","M","T","M","E","R","?","M","R","BOSS","M","M","$","M","M","E","R","?","T","M","E","R","M","M","R","BOSS","R","$","E","BOSS"],"items_purchased_type":["Card","Relic","Relic","Relic","Card","Relic","Relic","Card"],"build_version":"2020-12-22","purchased_purges":2,"victory":true,"max_hp_per_floor":[80,80,80,80,80,80,80,80,80,77,77,77,77,77,77,77,82,82,82,82,82,82,82,82,82,82,82,82,82,82,82,82,82,82,82,82,82,82,82,82,82,82,82,82,82,82,82,82,82,82,82,82,82,90,90],"card_choices":[{"not_picked":["theVacant:Whip","theVacant:ShutAway"],"picked":"theVacant:Carve","floor":1},{"not_picked":["theVacant:Soothe","theVacant:CursedBlast"],"picked":"theVacant:EyePoke","floor":5},{"not_picked":["theVacant:CursedBlast","theVacant:Cower"],"picked":"theVacant:PitOfDespair","floor":6},{"not_picked":["theVacant:Soothe","theVacant:GraveDigger"],"picked":"theVacant:Anguish","floor":7},{"not_picked":["theVacant:Threat","theVacant:WaitInWrath"],"picked":"theVacant:Reconnect","floor":8},{"not_picked":["ReplayUltimateDefense","ReplayTheSpireMod:Brewmster"],"picked":"Poisoned Strike","floor":10},{"not_picked":["expansioncontent:Torchfire","Replay:SS_fish_3"],"picked":"Forethought","floor":10},{"not_picked":["Replay:SS_forest_6","expansioncontent:YouAreMine"],"picked":"Discovery","floor":10},{"not_picked":["theVacant:BattleScars","theVacant:Throttle","theVacant:EyePoke"],"picked":"SKIP","floor":12},{"not_picked":["theVacant:GraveDigger","theVacant:Jab","theVacant:Spinshield"],"picked":"SKIP","floor":13},{"not_picked":["theVacant:Fling","theVacant:EyePoke"],"picked":"theVacant:Gloom","floor":14},{"not_picked":["theVacant:FromNothing","theVacant:FiendFrost"],"picked":"theVacant:VoidForm","floor":16},{"not_picked":["theVacant:Soothe+1","theVacant:ShutAway"],"picked":"theVacant:Recover+1","floor":18},{"not_picked":["theVacant:OnSecondThought","theVacant:Showdown"],"picked":"theVacant:Recover+1","floor":19},{"not_picked":["theVacant:Barrage","theVacant:Whip+1"],"picked":"theVacant:CursedBlast+1","floor":21},{"not_picked":["theVacant:Thoughtseize","theVacant:CleanseSoul"],"picked":"theVacant:VoidEmbrace","floor":21},{"not_picked":["theVacant:Whip+1","theVacant:Necromancy"],"picked":"theVacant:Immaterialize+1","floor":22},{"not_picked":["theVacant:ShriekingBlast","theVacant:FiendFrost"],"picked":"theVacant:Recover","floor":23},{"not_picked":["theVacant:GraveDigger","theVacant:BattleScars"],"picked":"theVacant:ShutAway+1","floor":25},{"not_picked":["theVacant:ShriekingBlast+1","theVacant:Cower"],"picked":"theVacant:Barrage","floor":27},{"not_picked":["theVacant:FranticBlow+1","theVacant:CursedBlast+1"],"picked":"theVacant:TheAnvil","floor":28},{"not_picked":["theVacant:ShriekingBlast","theVacant:GraveDigger"],"picked":"theVacant:TwistFate+1","floor":31},{"not_picked":["theVacant:DeathSpiral","theVacant:DimensionTear"],"picked":"theVacant:Prevent","floor":33},{"not_picked":["theVacant:OnSecondThought","theVacant:GraveWave"],"picked":"theVacant:EmptyShield+1","floor":35},{"not_picked":["theVacant:FranticBlow","theVacant:Fling+1"],"picked":"theVacant:Soothe+1","floor":36},{"not_picked":["theVacant:ShriekingBlast+1","theVacant:OnSecondThought+1"],"picked":"theVacant:BellToll+1","floor":38},{"not_picked":["theVacant:TwistFate","theVacant:Voidstone"],"picked":"theVacant:Husk+1","floor":39},{"not_picked":["theVacant:Spinshield","theVacant:Enrage"],"picked":"theVacant:HolyWater+1","floor":40},{"not_picked":["theVacant:SpiritOrb","theVacant:Jab+1"],"picked":"theVacant:Yeet+1","floor":44},{"not_picked":["theVacant:Soothe+1","theVacant:GraveWave+1"],"picked":"theVacant:SurpriseAttack","floor":45},{"not_picked":["theVacant:Yeet+1","theVacant:GraveDigger"],"picked":"theVacant:SpiritOrb","floor":47},{"not_picked":["theVacant:VoidEmbrace+1","theVacant:GraveDigger+1"],"picked":"theVacant:Hex+1","floor":48},{"not_picked":["theVacant:Whip+1","theVacant:Reconnect"],"picked":"theVacant:SurpriseAttack+1","floor":54}],"player_experience":2225084,"relics_obtained":[{"floor":6,"key":"ReplayTheSpireMod:Lightbulb"},{"floor":7,"key":"Odd Mushroom"},{"floor":8,"key":"Replay:Wax Seal"},{"floor":9,"key":"Juzu Bracelet"},{"floor":12,"key":"hubris:SlimyHat"},{"floor":17,"key":"Boot"},{"floor":17,"key":"DeathKnight:SindragosasSkull"},{"floor":17,"key":"Durian"},{"floor":23,"key":"Bottled Lightning"},{"floor":26,"key":"Iron Hammer"},{"floor":28,"key":"Ice Cream"},{"floor":40,"key":"Dead Branch"},{"floor":42,"key":"hubris:FunFungus"},{"floor":45,"key":"ReplayFunnel"},{"floor":54,"key":"hubris:Spice"}],"event_choices":[{"damage_healed":0,"gold_gain":0,"player_choice":"Fought Mushrooms","damage_taken":0,"max_hp_gain":0,"max_hp_loss":0,"event_name":"Mushrooms","floor":7,"gold_loss":0},{"damage_healed":0,"gold_gain":0,"player_choice":"Fight","damage_taken":0,"max_hp_gain":0,"max_hp_loss":0,"event_name":"MindBloom","floor":42,"gold_loss":0}],"is_beta":false,"boss_relics":[{"not_picked":["hubris:Stopwatch","ChewingGum"],"picked":"Replay:Grab Bag"},{"not_picked":["Ectoplasm","Sozu"],"picked":"hubris:VirtuousBlindfold"},{"not_picked":["ReplayTheSpireMod:Onyx Gauntlets","hubris:GrandSneckoEye"],"picked":"Cursed Key"},{"not_picked":["SlaversCollar","Runic Pyramid"],"picked":"Calling Bell"},{"not_picked":["Snecko Eye","hubris:HollowSoul"],"picked":"expansioncontent:StudyCardRelic"},{"not_picked":["Busted Crown","hubris:CrackedHourglass"],"picked":"hubris:RunicObelisk"}],"items_purged_floors":[10,53],"is_endless":false,"potions_floor_spawned":[5,12,13,14,16,19,23,27,28,31,36,39,44,45,47,54],"ascension_level":0}}