{"host":"08t08ld674si40tv","time":1609599656,"event":{"mods":["AchievementEnabler","BaseMod","Colored Map","Minty Spire (QoL Compilation)","StSLib","SuperFastMode"],"gold_per_floor":[114,114,131,146,146,146,166,178,204,162,173,173,201,126,126,197,197,211,211,223,223,258,258,288,308,332,347,357,200,200,226,226,226,226,240,240,140,140,160,186,203,217,217,247,259,259,287,334,334,334,334,334,334,2486,2513,2513],"floor_reached":57,"playtime":1948,"items_purged":["Strike_G","Bane","Bullet Time+1"],"score":3389,"play_id":"efbffadf-b8e0-46fe-b1b4-7a8b606c4945","local_time":"20210103000056","is_ascension_mode":true,"campfire_choices":[{"data":"Acrobatics","floor":6.0,"key":"SMITH"},{"data":"Skewer","floor":12.0,"key":"SMITH"},{"data":"Terror","floor":15.0,"key":"SMITH"},{"floor":23.0,"key":"RECALL"},{"floor":32.0,"key":"REST"}],"circlet_count":0,"master_deck":["AscendersBane","Defend_G","Survivor","Neutralize","Backflip+1","Acrobatics+1","Cloak And Dagger+1","Terror+1","Skewer+1","Tactician+1","Corpse Explosion","Heel Hook+1","Reflex","Dash+1","Escape Plan+1","Footwork","After Image+1","Adrenaline","Prepared+1"],"relics":["Ring of the Snake","Akabeko","Chemical X","Tiny Chest","Fusion Hammer","Red Mask","Vajra","Snake Skull","Lee\u0027s Waffle","Matryoshka","Kunai","Coffee Dripper","Strawberry","War Paint","Ancient Tea Set","Turnip","MealTicket","Whetstone","The Courier","Bronze Scales","Gremlin Horn","CaptainsWheel","Centennial Puzzle","Art of War","Bottled Tornado","Pear","Bag of Marbles","Boot","Calipers","Happy Flower","Nunchaku","Blue Candle","Blood Vial","Torii","Mango","Lantern","Ice Cream","Pen Nib","Orichalcum","Sundial","Gambling Chip","Toy Ornithopter","Oddly Smooth Stone","Bottled Flame","Shuriken","Pantograph","Bag of Preparation","Bird Faced Urn","StrikeDummy","Mercury Hourglass","InkBottle","Bottled Lightning","White Beast Statue","Mummified Hand","Eternal Feather","The Specimen","Pocketwatch","Tingsha","Tough Bandages","Ginger","Incense Burner"],"acts_visited":["Exordium","TheCity","TheBeyond","TheEnding"],"potions_floor_usage":[51,56,56],"damage_taken":[{"damage":2.0,"enemies":"2 Louse","floor":1.0,"turns":4.0},{"damage":3.0,"enemies":"Cultist","floor":3.0,"turns":4.0},{"damage":0.0,"enemies":"Small Slimes","floor":4.0,"turns":5.0},{"damage":0.0,"enemies":"Looter","floor":7.0,"turns":3.0},{"damage":0.0,"enemies":"3 Louse","floor":8.0,"turns":2.0},{"damage":0.0,"enemies":"Large Slime","floor":11.0,"turns":3.0},{"damage":8.0,"enemies":"Gremlin Nob","floor":13.0,"turns":3.0},{"damage":10.0,"enemies":"The Guardian","floor":16.0,"turns":4.0},{"damage":0.0,"enemies":"Chosen","floor":18.0,"turns":1.0},{"damage":0.0,"enemies":"2 Thieves","floor":20.0,"turns":1.0},{"damage":0.0,"enemies":"Masked Bandits","floor":22.0,"turns":2.0},{"damage":1.0,"enemies":"Book of Stabbing","floor":24.0,"turns":3.0},{"damage":6.0,"enemies":"Centurion and Healer","floor":25.0,"turns":3.0},{"damage":10.0,"enemies":"Shelled Parasite and Fungi","floor":27.0,"turns":3.0},{"damage":0.0,"enemies":"Snake Plant","floor":28.0,"turns":2.0},{"damage":24.0,"enemies":"Slavers","floor":31.0,"turns":3.0},{"damage":36.0,"enemies":"Collector","floor":33.0,"turns":7.0},{"damage":0,"enemies":"Orb Walker","floor":35,"turns":1},{"damage":0,"enemies":"3 Darklings","floor":39,"turns":1},{"damage":0,"enemies":"Nemesis","floor":40,"turns":3},{"damage":0,"enemies":"Transient","floor":41,"turns":6},{"damage":0,"enemies":"4 Shapes","floor":42,"turns":1},{"damage":0,"enemies":"Giant Head","floor":44,"turns":4},{"damage":0,"enemies":"Maw","floor":45,"turns":4},{"damage":0,"enemies":"Reptomancer","floor":47,"turns":2},{"damage":49,"enemies":"Donu and Deca","floor":50,"turns":4},{"damage":3,"enemies":"Awakened One","floor":51,"turns":10},{"damage":0,"enemies":"Shield and Spear","floor":55,"turns":1},{"damage":0,"enemies":"The Heart","floor":56,"turns":5}],"seed_played":"-7022186282411829341","potions_obtained":[{"floor":3.0,"key":"SkillPotion"},{"floor":4.0,"key":"Weak Potion"},{"floor":11.0,"key":"EntropicBrew"},{"floor":16.0,"key":"Dexterity Potion"},{"floor":20.0,"key":"LiquidBronze"},{"floor":28.0,"key":"LiquidMemories"}],"is_trial":false,"path_per_floor":["M","?","M","M","?","R","M","M","T","$","M","R","E","$","R","B",null,"M","?","M","?","?","R","E","M","T","M","M","$","T","E","R","B",null,"M","?","$","?","M","E","M","M","T","E","M","R","E","T","R","B","B",null,"R","$","E","B",null],"character_chosen":"THE_SILENT","items_purchased":["Skewer","Lee\u0027s Waffle","Bronze Scales","Gremlin Horn","CaptainsWheel","Centennial Puzzle","Art of War","Bottled Tornado","Pear","Bag of Marbles","Boot","Calipers","Happy Flower","Nunchaku","Blue Candle","Blood Vial","Torii","Mango","Lantern","Ice Cream","Pen Nib","Orichalcum","Sundial","Gambling Chip","Toy Ornithopter","Oddly Smooth Stone","Bottled Flame","Shuriken","Pantograph","Bag of Preparation","Bird Faced Urn","StrikeDummy","Mercury Hourglass","InkBottle","Bottled Lightning","White Beast Statue","Mummified Hand","Eternal Feather","The Specimen","Pocketwatch","Tingsha","Tough Bandages","Ginger","BlessingOfTheForge"],"campfire_rested":1,"item_purchase_floors":[10,29,54,54,54,54,54,54,54,54,54,54,54,54,54,54,54,54,54,54,54,54,54,54,54,54,54,54,54,54,54,54,54,54,54,54,54,54,54,54,54,54,54,54],"current_hp_per_floor":[57,37,34,34,34,34,34,34,34,34,34,34,26,26,26,16,54,54,54,54,54,54,54,53,47,47,37,37,73,73,49,70,34,63,63,63,63,63,63,70,70,70,70,70,70,70,70,70,70,21,18,65,65,104,104,104],"gold":2513,"neow_bonus":"ONE_RANDOM_RARE_CARD","is_daily":false,"chose_seed":false,"campfire_upgraded":3,"win_rate":0.0,"timestamp":1609599656,"path_taken":["M","?","M","M","?","R","M","?","T","$","M","R","E","$","R","BOSS","M","?","M","?","?","R","E","M","T","M","M","$","?","E","R","BOSS","M","?","$","?","M","E","?","M","T","E","M","R","E","?","R","BOSS","BOSS","R","$","E","BOSS"],"items_purchased_type":["Card","Relic","Relic","Relic","Relic","Relic","Relic","Relic","Relic","Relic","Relic","Relic","Relic","Relic","Relic","Relic","Relic","Relic","Relic","Relic","Relic","Relic","Relic","Relic","Relic","Relic","Relic","Relic","Relic","Relic","Relic","Relic","Relic","Relic","Relic","Relic","Relic","Relic","Relic","Relic","Relic","Relic","Relic","Potion"],"build_version":"2020-12-22","purchased_purges":3,"victory":true,"max_hp_per_floor":[66,66,66,66,66,66,66,66,66,66,66,66,66,66,66,66,66,66,66,66,66,66,66,66,66,66,66,66,73,73,73,73,73,73,73,73,73,73,73,80,80,80,80,80,80,80,80,80,80,80,80,80,80,104,104,104],"card_choices":[{"not_picked":["PiercingWail","Bane"],"picked":"Backflip","floor":1.0},{"not_picked":["Flying Knee","Poisoned Stab"],"picked":"Acrobatics","floor":3.0},{"not_picked":["Bullet Time","Prepared"],"picked":"Cloak And Dagger","floor":4.0},{"not_picked":["Backflip","Sucker Punch"],"picked":"Dagger Spray","floor":7.0},{"not_picked":["Calculated Gamble","Flying Knee"],"picked":"Terror","floor":8.0},{"not_picked":["Cloak And Dagger","Bane","Skewer"],"picked":"SKIP","floor":11.0},{"not_picked":["Outmaneuver","Deadly Poison"],"picked":"Tactician","floor":13.0},{"not_picked":["Glass Knife","Storm of Steel"],"picked":"Corpse Explosion","floor":16.0},{"not_picked":["Distraction","Catalyst","PiercingWail"],"picked":"SKIP","floor":18.0},{"not_picked":["Deflect","Infinite Blades"],"picked":"Reflex","floor":20.0},{"not_picked":["Quick Slash","Dodge and Roll"],"picked":"Dash","floor":22.0},{"not_picked":["Grand Finale","Deadly Poison+1","Poisoned Stab"],"picked":"SKIP","floor":24.0},{"not_picked":["Dagger Throw","Dagger Spray"],"picked":"Escape Plan","floor":25.0},{"not_picked":["Deadly Poison","Outmaneuver"],"picked":"Footwork","floor":27.0},{"not_picked":["Blade Dance","Dagger Spray"],"picked":"After Image","floor":28.0},{"not_picked":["Prepared","Deflect","Deadly Poison"],"picked":"SKIP","floor":31.0},{"not_picked":["Prepared","Deflect","Deadly Poison"],"picked":"SKIP","floor":31.0},{"not_picked":["Well Laid Plans","Bouncing Flask","Deadly Poison"],"picked":"SKIP","floor":35},{"not_picked":["Dodge and Roll+1","Choke","Dagger Throw"],"picked":"SKIP","floor":39},{"not_picked":["Deflect+1","Poisoned Stab","Setup"],"picked":"SKIP","floor":40},{"not_picked":["Deadly Poison+1","Dagger Spray"],"picked":"Prepared+1","floor":41},{"not_picked":["Cloak And Dagger+1","Underhanded Strike+1","Endless Agony"],"picked":"SKIP","floor":42},{"not_picked":["Flechettes+1","Calculated Gamble","Outmaneuver"],"picked":"SKIP","floor":44},{"not_picked":["Poisoned Stab","Slice","Dagger Spray"],"picked":"SKIP","floor":45},{"not_picked":["Dodge and Roll","Reflex","Poisoned Stab"],"picked":"SKIP","floor":47},{"not_picked":["Flechettes","Slice+1","Deflect"],"picked":"SKIP","floor":55}],"player_experience":197725,"relics_obtained":[{"floor":9.0,"key":"Akabeko"},{"floor":13.0,"key":"Tiny Chest"},{"floor":22.0,"key":"Red Mask"},{"floor":24.0,"key":"Vajra"},{"floor":26.0,"key":"Snake Skull"},{"floor":30.0,"key":"Matryoshka"},{"floor":31.0,"key":"Kunai"},{"floor":40,"key":"Strawberry"},{"floor":43,"key":"War Paint"},{"floor":44,"key":"Ancient Tea Set"},{"floor":47,"key":"Turnip"},{"floor":48,"key":"MealTicket"},{"floor":48,"key":"Whetstone"},{"floor":55,"key":"Incense Burner"}],"event_choices":[{"damage_healed":0.0,"max_hp_gain":0.0,"max_hp_loss":0.0,"gold_gain":0.0,"event_name":"Shining Light","player_choice":"Entered Light","floor":2.0,"gold_loss":0.0,"damage_taken":20.0,"cards_upgraded":["Backflip","Bullet Time"]},{"damage_healed":0.0,"max_hp_gain":0.0,"max_hp_loss":0.0,"gold_gain":0.0,"event_name":"Accursed Blacksmith","player_choice":"Forge","floor":5.0,"gold_loss":0.0,"damage_taken":0.0,"cards_upgraded":["Cloak And Dagger"]},{"damage_healed":0.0,"max_hp_gain":0.0,"max_hp_loss":0.0,"gold_gain":0.0,"cards_transformed":["Strike_G","Defend_G"],"event_name":"Drug Dealer","player_choice":"Became Test Subject","floor":19.0,"gold_loss":0.0,"damage_taken":0.0,"cards_obtained":["Heel Hook","Bane"]},{"damage_healed":0.0,"max_hp_gain":0.0,"max_hp_loss":0.0,"gold_gain":0.0,"event_name":"Vampires","player_choice":"Ignored","floor":21.0,"gold_loss":0.0,"damage_taken":0.0},{"damage_healed":0.0,"max_hp_gain":0.0,"max_hp_loss":0.0,"gold_gain":0.0,"event_name":"Masked Bandits","player_choice":"Fought Bandits","floor":22.0,"gold_loss":0.0,"damage_taken":0.0},{"cards_removed":["Dagger Spray"],"damage_healed":0,"gold_gain":0,"player_choice":"Removed Attack","damage_taken":0,"max_hp_gain":0,"max_hp_loss":0,"event_name":"Falling","floor":36,"gold_loss":0},{"damage_healed":0,"gold_gain":0,"player_choice":"Upgraded","damage_taken":0,"max_hp_gain":0,"max_hp_loss":0,"event_name":"Upgrade Shrine","floor":38,"gold_loss":0,"cards_upgraded":["After Image"]}],"is_beta":false,"boss_relics":[{"not_picked":["Snecko Eye","Astrolabe"],"picked":"Fusion Hammer"},{"not_picked":["Cursed Key","HoveringKite"],"picked":"Coffee Dripper"}],"items_purged_floors":[14,37,54],"is_endless":false,"potions_floor_spawned":[3,4,11,16,20,24,28,35,42,45,47,55],"ascension_level":20}}