{"host":"yyl3r9ibd7qwlswm","time":1609593931,"event":{"mods":["BaseMod","Minty Spire (QoL Compilation)","Quick Restart","StSLib","The Servant 0.9.4"],"gold_per_floor":[116,116,191,191,203,203,238,254,254,254,284,297,315,330,330,405,405,424,443,454,188,188,213,213,225,249,262,262,297,397,415,415,415,415],"floor_reached":33,"playtime":1025,"items_purged":[],"score":973,"play_id":"d2d92df4-5cea-4247-84b6-a7a81131d07d","local_time":"20210102212531","daily_mods":["SealedDeck","Vintage","Heirloom","Uncertain Future"],"is_ascension_mode":true,"campfire_choices":[{"data":"Dagger Spray","floor":6,"key":"SMITH"},{"data":"Prepared","floor":10,"key":"SMITH"},{"data":"Riddle With Holes","floor":15,"key":"SMITH"},{"floor":28,"key":"REST"},{"data":"Trip","floor":32,"key":"SMITH"}],"circlet_count":0,"master_deck":["AscendersBane","Prepared+1","Heel Hook","Bane","Riddle With Holes+1","Poisoned Stab","Backstab","Slice","Dagger Spray+1","Underhanded Strike","Noxious Fumes","Backflip","A Thousand Cuts","Trip+1","Writhe","Envenom+1","Dagger Throw","Deflect"],"relics":["Ring of the Snake","Torii","CaptainsWheel","Darkstone Periapt","Pen Nib","Paper Crane","Peace Pipe","Smiling Mask","Anchor","StrikeDummy","Toy Ornithopter","WristBlade","Frozen Egg 2","Potion Belt","Regal Pillow","Lee\u0027s Waffle","MealTicket","PreservedInsect","Happy Flower","Oddly Smooth Stone","Boot","Juzu Bracelet","Ginger","InkBottle","Omamori"],"acts_visited":["Exordium","TheCity"],"potions_floor_usage":[7,7,11,13,17,30,33],"damage_taken":[{"damage":12,"enemies":"Jaw Worm","floor":1,"turns":2},{"damage":0,"enemies":"Small Slimes","floor":5,"turns":1},{"damage":0,"enemies":"Lagavulin","floor":7,"turns":3},{"damage":0,"enemies":"Cultist","floor":8,"turns":2},{"damage":0,"enemies":"Gremlin Nob","floor":11,"turns":2},{"damage":0,"enemies":"2 Fungi Beasts","floor":12,"turns":2},{"damage":0,"enemies":"3 Louse","floor":13,"turns":2},{"damage":0,"enemies":"Blue Slaver","floor":14,"turns":1},{"damage":19,"enemies":"Hexaghost","floor":16,"turns":6},{"damage":1,"enemies":"2 Thieves","floor":18,"turns":2},{"damage":0,"enemies":"Chosen","floor":19,"turns":3},{"damage":1,"enemies":"Centurion and Healer","floor":20,"turns":2},{"damage":43,"enemies":"Gremlin Leader","floor":23,"turns":5},{"damage":6,"enemies":"3 Cultists","floor":25,"turns":4},{"damage":0,"enemies":"Snecko","floor":27,"turns":2},{"damage":16,"enemies":"Slavers","floor":29,"turns":3},{"damage":0,"enemies":"Colosseum Slavers","floor":30,"turns":2},{"damage":0,"enemies":"Colosseum Nobs","floor":30,"turns":2},{"damage":15,"enemies":"Centurion and Healer","floor":31,"turns":3},{"damage":32,"enemies":"Collector","floor":33,"turns":3}],"seed_played":"2415669383428631115","potions_obtained":[{"floor":4,"key":"EssenceOfSteel"},{"floor":4,"key":"Energy Potion"},{"floor":5,"key":"Strength Potion"},{"floor":8,"key":"Swift Potion"},{"floor":12,"key":"Energy Potion"},{"floor":16,"key":"Fruit Juice"},{"floor":20,"key":"SpeedPotion"},{"floor":25,"key":"Dexterity Potion"},{"floor":29,"key":"Energy Potion"}],"is_trial":true,"path_per_floor":["M","$","?","?","M","R","E","M","T","R","E","M","M","M","R","B",null,"M","M","M","$","?","E","?","M","T","M","R","E","?","M","R","B"],"character_chosen":"THE_SILENT","items_purchased":["Lee\u0027s Waffle","Trip"],"campfire_rested":1,"item_purchase_floors":[21,21],"current_hp_per_floor":[47,47,36,36,36,36,36,36,36,36,36,36,36,36,36,17,64,63,63,62,78,84,41,17,11,11,11,52,36,41,26,26,0,0],"gold":415,"neow_bonus":"","is_daily":false,"chose_seed":false,"campfire_upgraded":4,"win_rate":0.0,"timestamp":1609593931,"path_taken":["M","$","?","?","M","R","E","?","T","R","E","M","M","M","R","BOSS","M","M","M","$","?","E","?","M","T","M","R","E","?","M","R","BOSS"],"items_purchased_type":["Relic","Card"],"build_version":"2020-12-22","purchased_purges":0,"victory":false,"max_hp_per_floor":[66,66,66,66,66,66,66,66,66,66,66,66,66,66,66,66,71,71,71,71,78,84,84,89,89,89,89,89,89,89,89,89,89,89],"card_choices":[{"not_picked":["Eviscerate","Prepared","PiercingWail"],"picked":"SKIP","floor":7},{"not_picked":["Prepared","Heel Hook"],"picked":"Backflip","floor":11},{"not_picked":["Unload","Grand Finale"],"picked":"A Thousand Cuts","floor":16},{"not_picked":["Outmaneuver","Eviscerate"],"picked":"Envenom+1","floor":23},{"not_picked":["Bane","Footwork+1"],"picked":"Dagger Throw","floor":29},{"not_picked":["Slice","Deadly Poison"],"picked":"Deflect","floor":30}],"player_experience":201938,"relics_obtained":[{"floor":1,"key":"CaptainsWheel"},{"floor":5,"key":"Darkstone Periapt"},{"floor":7,"key":"Pen Nib"},{"floor":8,"key":"Paper Crane"},{"floor":9,"key":"Peace Pipe"},{"floor":11,"key":"Smiling Mask"},{"floor":12,"key":"Anchor"},{"floor":13,"key":"StrikeDummy"},{"floor":14,"key":"Toy Ornithopter"},{"floor":18,"key":"Frozen Egg 2"},{"floor":19,"key":"Potion Belt"},{"floor":20,"key":"Regal Pillow"},{"floor":23,"key":"PreservedInsect"},{"floor":25,"key":"Happy Flower"},{"floor":26,"key":"Oddly Smooth Stone"},{"floor":27,"key":"Boot"},{"floor":29,"key":"Juzu Bracelet"},{"floor":30,"key":"Ginger"},{"floor":30,"key":"InkBottle"},{"floor":31,"key":"Omamori"}],"event_choices":[{"damage_healed":0,"gold_gain":75,"player_choice":"Gather Gold","damage_taken":11,"max_hp_gain":0,"max_hp_loss":0,"event_name":"World of Goop","floor":3,"gold_loss":0},{"damage_healed":0,"gold_gain":0,"player_choice":"Got Potions","damage_taken":0,"max_hp_gain":0,"max_hp_loss":0,"event_name":"Lab","floor":4,"gold_loss":0},{"damage_healed":0,"gold_gain":0,"player_choice":"Opened","damage_taken":0,"relics_obtained":["MealTicket"],"max_hp_gain":0,"max_hp_loss":0,"event_name":"The Mausoleum","floor":22,"gold_loss":0,"cards_obtained":["Writhe"]},{"damage_healed":0,"gold_gain":0,"player_choice":"Shed Blood","damage_taken":29,"max_hp_gain":5,"max_hp_loss":0,"event_name":"Forgotten Altar","floor":24,"gold_loss":0},{"damage_healed":0,"gold_gain":0,"player_choice":"Fight","damage_taken":0,"max_hp_gain":0,"max_hp_loss":0,"event_name":"Colosseum","floor":30,"gold_loss":0},{"damage_healed":0,"gold_gain":0,"player_choice":"Fought Nobs","damage_taken":0,"max_hp_gain":0,"max_hp_loss":0,"event_name":"Colosseum","floor":30,"gold_loss":0}],"is_beta":false,"boss_relics":[{"not_picked":["Snecko Eye","Runic Dome"],"picked":"WristBlade"}],"items_purged_floors":[],"is_endless":true,"potions_floor_spawned":[5,8,12,16,20,25,29,30],"killed_by":"Collector","ascension_level":20}}