{"host":"i09pxcjttd31eh4q","time":1609594110,"event":{"mods":["AchievementEnabler","BaseMod","Colored Map","Keyboard Shortcuts","Minty Spire (QoL Compilation)","StSLib","SuperFastMode"],"gold_per_floor":[114,114,132,57,69,69,100,100,125,125,151,208,227,50,50,122,122,134,50,70,70,82,82,95,95,95,110,124,124,159,159,159,237,237,253,173,189,204,258,293,293,304,327,354,354,379,379,279,279,279,279,279,279,32,67,67],"floor_reached":57,"playtime":2075,"items_purged":["Strike_P","Strike_P","Defend_P","Study"],"score":2876,"play_id":"83ffb004-f32e-426e-80ac-65b6f6617c9a","local_time":"20210102222830","is_ascension_mode":true,"campfire_choices":[{"data":"Eruption","floor":6.0,"key":"SMITH"},{"floor":8.0,"key":"REST"},{"data":"MentalFortress","floor":15.0,"key":"SMITH"},{"data":"Adaptation","floor":23.0,"key":"SMITH"},{"data":"MentalFortress","floor":25.0,"key":"SMITH"},{"data":"Vault","floor":29.0,"key":"SMITH"},{"floor":32.0,"key":"REST"},{"floor":41.0,"key":"RECALL"},{"floor":45.0,"key":"REST"},{"data":"FearNoEvil","floor":49.0,"key":"SMITH"},{"data":"Tantrum","floor":53.0,"key":"SMITH"}],"circlet_count":0,"master_deck":["AscendersBane","Strike_P+1","Defend_P","Defend_P","Eruption+1","Vigilance+1","EmptyFist+1","Scrawl+1","MentalFortress+1","Tantrum+1","FearNoEvil+1","MentalFortress+1","Vault+1","Adaptation+1","Parasite","Adaptation"],"relics":["PureWater","NeowsBlessing","War Paint","Regal Pillow","GoldenEye","HornCleat","Empty Cage","The Courier","TungstenRod","MutagenicStrength","CloakClasp","Blue Candle","Vajra","Thread and Needle","Ornamental Fan"],"acts_visited":["Exordium","TheCity","TheBeyond","TheEnding"],"potions_floor_usage":[56,56],"damage_taken":[{"damage":0.0,"enemies":"2 Louse","floor":1.0,"turns":1.0},{"damage":0.0,"enemies":"Jaw Worm","floor":3.0,"turns":1.0},{"damage":0.0,"enemies":"Small Slimes","floor":5.0,"turns":2.0},{"damage":32.0,"enemies":"Gremlin Nob","floor":7.0,"turns":4.0},{"damage":5.0,"enemies":"Lagavulin","floor":11.0,"turns":6.0},{"damage":12.0,"enemies":"3 Sentries","floor":12.0,"turns":4.0},{"damage":0.0,"enemies":"Looter","floor":13.0,"turns":1.0},{"damage":10.0,"enemies":"The Guardian","floor":16.0,"turns":9.0},{"damage":0.0,"enemies":"Spheric Guardian","floor":18.0,"turns":4.0},{"damage":0.0,"enemies":"3 Byrds","floor":20.0,"turns":5.0},{"damage":1.0,"enemies":"Snake Plant","floor":22.0,"turns":5.0},{"damage":3.0,"enemies":"Centurion and Healer","floor":24.0,"turns":4.0},{"damage":0.0,"enemies":"3 Cultists","floor":27.0,"turns":4.0},{"damage":0.0,"enemies":"Snake Plant","floor":28.0,"turns":5.0},{"damage":36.0,"enemies":"Slavers","floor":30.0,"turns":4.0},{"damage":0.0,"enemies":"Automaton","floor":33.0,"turns":9.0},{"damage":0.0,"enemies":"3 Darklings","floor":35.0,"turns":4.0},{"damage":0.0,"enemies":"Orb Walker","floor":37.0,"turns":3.0},{"damage":0.0,"enemies":"Sphere and 2 Shapes","floor":38.0,"turns":6.0},{"damage":17.0,"enemies":"2 Orb Walkers","floor":39.0,"turns":6.0},{"damage":0.0,"enemies":"Reptomancer","floor":40.0,"turns":3.0},{"damage":0.0,"enemies":"Writhing Mass","floor":42.0,"turns":7.0},{"damage":16.0,"enemies":"Nemesis","floor":44.0,"turns":4.0},{"damage":0.0,"enemies":"Mind Bloom Boss Battle","floor":46.0,"turns":7.0},{"damage":1.0,"enemies":"Awakened One","floor":50.0,"turns":7.0},{"damage":23.0,"enemies":"Time Eater","floor":51.0,"turns":13.0},{"damage":0.0,"enemies":"Shield and Spear","floor":55.0,"turns":3.0},{"damage":51,"enemies":"The Heart","floor":56,"turns":9}],"seed_played":"1303978415866916005","potions_obtained":[{"floor":5.0,"key":"LiquidBronze"},{"floor":11.0,"key":"FearPotion"},{"floor":12.0,"key":"Ambrosia"},{"floor":20.0,"key":"SneckoOil"},{"floor":24.0,"key":"ColorlessPotion"},{"floor":30.0,"key":"EntropicBrew"},{"floor":35.0,"key":"Weak Potion"},{"floor":37.0,"key":"PowerPotion"},{"floor":39.0,"key":"Dexterity Potion"},{"floor":44.0,"key":"PowerPotion"}],"is_trial":false,"path_per_floor":["M","?","M","$","M","R","E","R","T","?","E","?","M","$","R","B",null,"M","$","M","?","M","R","M","R","T","M","M","R","E","?","R","B",null,"M","$","M","M","?","E","R","M","T","E","R","?","?","$","R","B","B",null,"R","$","E","B",null],"character_chosen":"WATCHER","items_purchased":["FearNoEvil","MentalFortress","Adaptation","Study","Adaptation"],"campfire_rested":3,"item_purchase_floors":[14,14,19,54,54],"current_hp_per_floor":[61,41,41,41,41,41,9,29,29,34,29,17,17,17,17,7,57,57,57,57,57,56,56,53,53,53,53,53,53,17,17,53,53,68,68,68,68,68,51,51,51,51,51,35,71,71,69,69,69,68,45,63,63,63,63,12],"gold":67,"neow_bonus":"THREE_ENEMY_KILL","is_daily":false,"chose_seed":false,"campfire_upgraded":7,"win_rate":0.0,"timestamp":1609594110,"path_taken":["M","?","M","$","M","R","E","R","T","?","E","?","M","$","R","BOSS","M","$","M","?","M","R","M","R","T","M","M","R","E","?","R","BOSS","M","$","M","M","?","E","R","M","T","E","R","?","?","$","R","BOSS","BOSS","R","$","E","BOSS"],"items_purchased_type":["Card","Card","Card","Card","Card"],"build_version":"2020-12-22","purchased_purges":4,"victory":true,"max_hp_per_floor":[68,68,68,68,68,68,68,68,68,73,73,73,73,73,73,73,73,73,73,73,73,73,73,73,73,73,73,73,73,73,73,73,73,73,73,73,73,73,73,73,73,73,73,73,73,73,69,69,69,69,69,69,69,69,69,69],"card_choices":[{"not_picked":["Consecrate","JustLucky"],"picked":"EmptyFist","floor":1.0},{"not_picked":["CutThroughFate","JustLucky","CrushJoints"],"picked":"SKIP","floor":3.0},{"not_picked":["ClearTheMind","EmptyFist"],"picked":"Scrawl","floor":5.0},{"not_picked":["EmptyMind","BowlingBash"],"picked":"MentalFortress","floor":7.0},{"not_picked":["CutThroughFate","Collect"],"picked":"Tantrum","floor":11.0},{"not_picked":["EmptyBody","SashWhip","CarveReality"],"picked":"SKIP","floor":13.0},{"not_picked":["Brilliance","SpiritShield"],"picked":"Vault","floor":16.0},{"not_picked":["DeceiveReality","FlyingSleeves","Perseverance"],"picked":"SKIP","floor":18.0},{"not_picked":["EmptyFist","SashWhip","BowlingBash"],"picked":"SKIP","floor":20.0},{"not_picked":["PathToVictory","BowlingBash","ThirdEye"],"picked":"SKIP","floor":22.0},{"not_picked":["Nirvana","Evaluate","WindmillStrike"],"picked":"SKIP","floor":24.0},{"not_picked":["JustLucky","Swivel","Conclude"],"picked":"SKIP","floor":27.0},{"not_picked":["MentalFortress","Tantrum","CrushJoints"],"picked":"SKIP","floor":28.0},{"not_picked":["FlurryOfBlows","DeusExMachina","Protect"],"picked":"SKIP","floor":30.0},{"not_picked":["ClearTheMind+1","CarveReality","ThirdEye"],"picked":"SKIP","floor":35.0},{"not_picked":["EmptyBody","JustLucky","Collect"],"picked":"SKIP","floor":37.0},{"not_picked":["FollowUp+1","SashWhip","MentalFortress+1"],"picked":"SKIP","floor":38.0},{"not_picked":["ClearTheMind","Sanctity+1","EmptyBody"],"picked":"SKIP","floor":40.0},{"not_picked":["ForeignInfluence","Wireheading","Perseverance"],"picked":"SKIP","floor":42.0},{"not_picked":["MasterReality","Wireheading","FlurryOfBlows"],"picked":"SKIP","floor":44.0},{"not_picked":["MasterReality","Wireheading","FlurryOfBlows"],"picked":"SKIP","floor":44.0},{"not_picked":["MasterReality","PathToVictory","JustLucky"],"picked":"SKIP","floor":55.0}],"player_experience":818847,"relics_obtained":[{"floor":7.0,"key":"War Paint"},{"floor":9.0,"key":"Regal Pillow"},{"floor":11.0,"key":"GoldenEye"},{"floor":12.0,"key":"HornCleat"},{"floor":26.0,"key":"The Courier"},{"floor":30.0,"key":"TungstenRod"},{"floor":39.0,"key":"CloakClasp"},{"floor":40.0,"key":"Blue Candle"},{"floor":44.0,"key":"Vajra"},{"floor":46.0,"key":"Thread and Needle"},{"floor":55.0,"key":"Ornamental Fan"}],"event_choices":[{"damage_healed":0.0,"max_hp_gain":0.0,"max_hp_loss":0.0,"gold_gain":0.0,"event_name":"Shining Light","player_choice":"Entered Light","floor":2.0,"gold_loss":0.0,"damage_taken":20.0,"cards_upgraded":["EmptyFist","Strike_P"]},{"damage_healed":0.0,"max_hp_gain":5.0,"max_hp_loss":0.0,"gold_gain":0.0,"event_name":"Big Fish","player_choice":"Donut","floor":10.0,"gold_loss":0.0,"damage_taken":0.0},{"damage_healed":0.0,"max_hp_gain":0.0,"max_hp_loss":0.0,"gold_gain":30.0,"event_name":"Dead Adventurer","player_choice":"Searched \u00273\u0027 times","floor":12.0,"gold_loss":0.0,"damage_taken":0.0},{"damage_healed":0.0,"max_hp_gain":0.0,"max_hp_loss":0.0,"gold_gain":0.0,"event_name":"Cursed Tome","player_choice":"Ignored","floor":21.0,"gold_loss":0.0,"damage_taken":0.0},{"damage_healed":0.0,"max_hp_gain":0.0,"max_hp_loss":0.0,"gold_gain":0.0,"event_name":"Drug Dealer","player_choice":"Inject Mutagens","floor":31.0,"gold_loss":0.0,"damage_taken":0.0,"relics_obtained":["MutagenicStrength"]},{"damage_healed":0.0,"max_hp_gain":0.0,"max_hp_loss":0.0,"gold_gain":0.0,"event_name":"Mysterious Sphere","player_choice":"Fight","floor":39.0,"gold_loss":0.0,"damage_taken":0.0},{"damage_healed":0.0,"max_hp_gain":0.0,"max_hp_loss":0.0,"gold_gain":0.0,"event_name":"MindBloom","player_choice":"Fight","floor":46.0,"gold_loss":0.0,"damage_taken":0.0},{"damage_healed":0.0,"max_hp_gain":0.0,"max_hp_loss":4.0,"gold_gain":0.0,"event_name":"Winding Halls","player_choice":"Max HP","floor":47.0,"gold_loss":0.0,"damage_taken":0.0}],"is_beta":false,"boss_relics":[{"not_picked":["Philosopher\u0027s Stone","Busted Crown"],"picked":"Empty Cage"},{"not_picked":["Calling Bell","Runic Dome","Velvet Choker"]}],"items_purged_floors":[4,36,48,54],"is_endless":false,"potions_floor_spawned":[5,11,12,13,20,24,30,35,37,39,44],"ascension_level":20}}