{"host":"rylkjufw9dlhr07b","time":1609605070,"event":{"mods":["AchievementEnabler","BaseMod","Better Note","BetterRewards","Hubris","Minty Spire (QoL Compilation)","Quick Restart","Replay The Spire","StSLib"],"gold_per_floor":[115,115,72,90,90,122,167,167,167,167,167,182,182,198,198,293,293,306,7,7,20,20,20,31,31,31,31,31,63,63,78,78,273,273,293,293,305,305,305,405,405],"floor_reached":40,"playtime":2382,"items_purged":["Looming Evil"],"score":1228,"play_id":"9fd6d166-7dbb-48cf-9cff-ac96b61c3f75","local_time":"20210102173110","is_ascension_mode":true,"campfire_choices":[{"floor":8.0,"key":"REST"},{"data":"Footwork","floor":10.0,"key":"SMITH"},{"floor":15.0,"key":"REST"},{"data":"Glass Knife","floor":23.0,"key":"SMITH"},{"data":"Venomology","floor":25.0,"key":"SMITH"},{"floor":30.0,"key":"REST"},{"data":"Crippling Poison","floor":32.0,"key":"SMITH"}],"circlet_count":0,"master_deck":["AscendersBane","Feed+1","Strike_G","Strike_G","Strike_G","Strike_G","Strike_G","Defend_G","Defend_G","Defend_G","Defend_G","Defend_G+1","Survivor","Neutralize","ReplayTheSpireMod:Scrap Shanks","Underhanded Strike","Underhanded Strike","Cloak And Dagger","Dagger Spray","Slice","Footwork+1","Bane","Crippling Poison+1","Venomology+1","Glass Knife+1","Sucker Punch","Footwork","Heel Hook","Dagger Throw","Backflip+1","Accuracy","Bullet Time","Dash","Dagger Throw","Madness","Madness","Venomology+1"],"relics":["Ring of the Snake","Mercury Hourglass","Unceasing Top","Pondfish Scales","hubris:Icosahedron","Gremlin Horn","Orichalcum","hubris:BottledRain","Vampiric Spirits","ReplayTheSpireMod:Ring of Challenge","Honey Jar","Cauldron","The Courier","Replay:Kaleidoscope","WristBlade"],"acts_visited":["Exordium","TheCity","TheBeyond"],"potions_floor_usage":[40,40,40],"damage_taken":[{"damage":0.0,"enemies":"Small Slimes","floor":1.0,"turns":3.0},{"damage":0.0,"enemies":"2 Louse","floor":4.0,"turns":2.0},{"damage":25.0,"enemies":"Lagavulin","floor":6.0,"turns":7.0},{"damage":0.0,"enemies":"Jaw Worm","floor":12.0,"turns":2.0},{"damage":3.0,"enemies":"3 Louse","floor":14.0,"turns":3.0},{"damage":55.0,"enemies":"Fading Forest","floor":16.0,"turns":11.0},{"damage":15.0,"enemies":"Spheric Guardian","floor":18.0,"turns":4.0},{"damage":0.0,"enemies":"Chosen","floor":21.0,"turns":6.0},{"damage":0.0,"enemies":"Snake Plant","floor":22.0,"turns":1.0},{"damage":13.0,"enemies":"Cultist and Chosen","floor":24.0,"turns":7.0},{"damage":46.0,"enemies":"Book of Stabbing","floor":29.0,"turns":8.0},{"damage":6.0,"enemies":"Shelled Parasite and Fungi","floor":31.0,"turns":3.0},{"damage":24.0,"enemies":"Pondfish","floor":33.0,"turns":10.0},{"damage":25.0,"enemies":"3 Darklings","floor":35.0,"turns":8.0},{"damage":3.0,"enemies":"Orb Walker","floor":37.0,"turns":3.0},{"damage":80,"enemies":"Giant Head","floor":40,"turns":9}],"seed_played":"5667103268784358041","potions_obtained":[{"floor":1.0,"key":"Ancient Potion"},{"floor":12.0,"key":"DistilledChaos"},{"floor":18.0,"key":"GhostInAJar"},{"floor":19.0,"key":"CultistPotion"},{"floor":19.0,"key":"LifebloodPotion"},{"floor":19.0,"key":"AttackPotion"},{"floor":19.0,"key":"Ancient Potion"},{"floor":19.0,"key":"SmokeBomb"},{"floor":29.0,"key":"LiquidMemories"},{"floor":31.0,"key":"Cursed Concoction"}],"is_trial":false,"path_per_floor":["M","?","?","M","T","E","?","R","T","R","?","M","?","M","R","B",null,"M","$","?","M","M","R","M","R","T","?","?","E","R","M","R","B",null,"M","?","M","?","?","E"],"character_chosen":"THE_SILENT","items_purchased":["Mercury Hourglass","Unceasing Top","ReplayTheSpireMod:Scrap Shanks","Pondfish Scales","Underhanded Strike","Cauldron","Footwork"],"campfire_rested":3,"item_purchase_floors":[0,0,0,0,0,19,19],"current_hp_per_floor":[31,31,31,35,35,10,10,33,33,33,33,39,39,37,61,20,67,56,56,50,58,59,59,81,81,81,81,81,39,68,96,96,80,100,75,75,73,60,60,0,0],"gold":405,"neow_bonus":"","is_daily":false,"chose_seed":false,"campfire_upgraded":4,"win_rate":0.0,"timestamp":1609605070,"path_taken":["M","?","?","M","?","E","?","R","T","R","?","?","?","M","R","BOSS","M","$","?","?","M","R","M","R","T","?","?","E","R","?","R","BOSS","M","?","M","?","?","E"],"items_purchased_type":["Relic","Relic","Card","Relic","Card","Relic","Card"],"build_version":"2020-12-22","purchased_purges":1,"victory":false,"max_hp_per_floor":[74,74,74,78,78,78,78,78,78,78,78,82,82,82,82,82,82,86,86,86,90,90,90,94,94,94,94,94,98,98,102,102,106,106,106,106,106,106,106,106,106],"card_choices":[{"not_picked":["Poisoned Stab","Well Laid Plans"],"picked":"Cloak And Dagger","floor":1.0},{"not_picked":["Acrobatics","ReplayTheSpireMod:Scrap Shanks"],"picked":"Dagger Spray","floor":4.0},{"not_picked":["Toxin Wave","ReplayTheSpireMod:Scrap Shanks"],"picked":"Slice","floor":6.0},{"not_picked":["Hidden Blade","Poisoned Stab"],"picked":"Footwork","floor":7.0},{"not_picked":["Expertise","Flying Knee"],"picked":"Bane","floor":7.0},{"not_picked":["Replay:Poison Smokescreen","Poisoned Stab"],"picked":"Crippling Poison","floor":12.0},{"not_picked":["Prepared","Dagger Throw"],"picked":"Venomology","floor":14.0},{"not_picked":["Burst","Poison Darts"],"picked":"Glass Knife","floor":16.0},{"not_picked":["Dodge and Roll","Leg Sweep","Acrobatics"],"picked":"Sucker Punch","floor":18.0},{"not_picked":["Hidden Blade","PiercingWail+1","Underhanded Strike"],"picked":"Heel Hook","floor":21.0},{"not_picked":["Deflect","hubris:SlightOfHand","Replay:Poison Smokescreen"],"picked":"Dagger Throw","floor":24.0},{"not_picked":["Replay:Poison Smokescreen+1","Burst","Bane+1"],"picked":"Backflip+1","floor":29.0},{"not_picked":["Prepared","Dagger Spray","Bane"],"picked":"Accuracy","floor":31.0},{"not_picked":["Unload","Envenom","Adrenaline"],"picked":"Bullet Time","floor":33.0},{"not_picked":["Underhanded Strike+1","Acrobatics","Distraction"],"picked":"Dash","floor":35.0},{"not_picked":["Well Laid Plans+1","Predator","Replay:Poison Smokescreen+1"],"picked":"Dagger Throw","floor":37.0}],"player_experience":508703,"relics_obtained":[{"floor":5.0,"key":"Gremlin Horn"},{"floor":6.0,"key":"Orichalcum"},{"floor":7.0,"key":"hubris:BottledRain"},{"floor":9.0,"key":"Vampiric Spirits"},{"floor":13.0,"key":"ReplayTheSpireMod:Ring of Challenge"},{"floor":26.0,"key":"The Courier"},{"floor":29.0,"key":"Replay:Kaleidoscope"}],"event_choices":[{"damage_healed":0.0,"max_hp_gain":0.0,"max_hp_loss":0.0,"gold_gain":0.0,"event_name":"World of Goop","player_choice":"Left Gold","floor":3.0,"gold_loss":43.0,"damage_taken":0.0},{"damage_healed":0.0,"max_hp_gain":0.0,"max_hp_loss":0.0,"gold_gain":0.0,"event_name":"Knowing Skull","player_choice":"","floor":20.0,"potions_obtained":[],"gold_loss":0.0,"damage_taken":6.0,"cards_obtained":[]},{"damage_healed":0.0,"max_hp_gain":0.0,"max_hp_loss":0.0,"gold_gain":0.0,"event_name":"betterNote:BetterNote","player_choice":"Ignored","floor":27.0,"gold_loss":0.0,"damage_taken":0.0,"cards_obtained":["Feed"]},{"cards_removed":["ReplayTheSpireMod:Splinters"],"damage_healed":0.0,"max_hp_gain":0.0,"max_hp_loss":0.0,"gold_gain":0.0,"event_name":"Purifier","player_choice":"Purged","floor":28.0,"gold_loss":0.0,"damage_taken":0.0},{"damage_healed":0.0,"max_hp_gain":0.0,"max_hp_loss":0.0,"gold_gain":0.0,"event_name":"Winding Halls","player_choice":"Embrace Madness","floor":38.0,"gold_loss":0.0,"damage_taken":13.0,"cards_obtained":["Madness","Madness"]},{"damage_healed":0.0,"max_hp_gain":0.0,"max_hp_loss":0.0,"gold_gain":0.0,"event_name":"Duplicator","player_choice":"Copied","floor":39.0,"gold_loss":0.0,"damage_taken":0.0,"cards_obtained":["Venomology"]}],"is_beta":false,"boss_relics":[{"not_picked":["SacredBark","Ectoplasm"],"picked":"Honey Jar"},{"not_picked":["hubris:CrackedHourglass","hubris:HollowSoul"],"picked":"WristBlade"}],"items_purged_floors":[19],"is_endless":false,"potions_floor_spawned":[1,12,18,29,31],"killed_by":"Giant Head","ascension_level":10}}