{"host":"q02cc4pwktl28ehx","time":1609585958,"event":{"mods":["Arknights The Spire","BaseMod","Dota2Spire","Googly Eyes","Minty Spire (QoL Compilation)","MostiFishMod","Reimu（博丽灵梦）","RumiaBox-露米娅的神秘盒子","Ryuuou龙王","StSLib","TestMod","Waifu the Spire","[IsaacMod]以撒尖塔","【遗物卡牌】REMEMod"],"gold_per_floor":[114,164,194,194,344,382,420,454,454,454,465,497,534,569,569,373,373,401,316,316,316,335,369,408,437,437,470,475,509,537,575,575,661,661,674,564,603,603,603,1639,1717,1717,1717,2752,1322,2356,2830,4860,4860,5866,7868,7868,7868,6951,6981,8004],"floor_reached":57,"playtime":2082,"items_purged":["ats:Ambush+1"],"score":4585,"play_id":"ae78d444-78b5-4cdc-9b98-6533b3402830","local_time":"20210102191238","daily_mods":["Draft","Vintage","Heirloom","Time Dilation","Flight","DeadlyEvents","Elite Swarm"],"is_ascension_mode":true,"campfire_choices":[{"floor":10,"key":"REST"},{"data":"ats:Ambush","floor":15,"key":"SMITH"},{"data":"ats:Neurotoxin","floor":32,"key":"SMITH"},{"floor":42,"key":"RECALL"},{"data":"ats:Disruption Kick","floor":49,"key":"SMITH"},{"floor":53,"key":"REST"}],"circlet_count":0,"master_deck":["AscendersBane","ats:Consecutive Shot Auto+1","ats:Part Time Job+1","ats:Red Shift+1","ats:Powerful Strike+1","ats:Apocalypse+1","ats:Flexible Camouflage+1","ats:Explosion Area Strengthen+1","ats:Explosion Area Strengthen+1","ats:Overload+1","ats:Poison Spread+1","ats:Leaping Hammer+1","ats:Flexible Camouflage+1","ats:Poison Spread+1","ats:Consecutive Shot Auto+1","testmod-DisillusionmentEcho+1","ats:Neurotoxin+1","Doubt","ats:Ambush+1","ats:Ambush+1","Ryuuou:NotRegret+1","ats:Disruption Kick+1","Apotheosis+1","ats:Powerful Strike","ats:Red Shift"],"relics":["ats:Sanity","HushsDoor","REME_ComplimentaryCards","Ginger","RhineCircuit","DeathBook","testmod-InfectionSource","ats:Hidden Killer","SynthV:TestCard","MagicDraw1","Dota2Spire:LotusOrb","testmod-Acrobat","ats:Originium","Mercury Hourglass","Toxic Egg 2","testmod-LifeArmor","PureWhite:ReiMu","UnicornStump","Bottled Lightning","testmod-Déjàvu","testmod-HarvestTotem","GuppysTail","SatanicBible","GodSword5","War Paint","Nloth\u0027s Gift","GuppysPaw","MealTicket","Tea:ReiMu","GuppysHead","Bird Faced Urn","GodSword4","MagicDraw4","Dota2Spire:MaskOfMadness","ats:Spiritual Recovery","testmod-Brilliant","BookofShadows","Baka2","Dota2Spire:RefresherOrb","ZombieArmy","GodSword1","Juzu Bracelet","testmod-ConstraintPeriapt","Dota2Spire:EtherealBlade","DoctorsRemote","PillsDrop","Darkstone Periapt","BirthdayGift-Icosahedron","LastBattle","Anchor","testmod-OneHitWonder","Nunchaku","Chaos","Kunai","Happy Flower","Frozen Eye"],"acts_visited":["Exordium","TheCity","TheBeyond","TheEnding"],"potions_floor_usage":[],"damage_taken":[{"damage":0,"enemies":"Cultist","floor":1,"turns":2},{"damage":35,"enemies":"Hiden Room Battle","floor":2,"turns":5},{"damage":0,"enemies":"Jaw Worm","floor":3,"turns":2},{"damage":0,"enemies":"3 Sentries","floor":6,"turns":3},{"damage":0,"enemies":"Gremlin Nob","floor":7,"turns":3},{"damage":20,"enemies":"3 Sentries","floor":8,"turns":4},{"damage":0,"enemies":"Gremlin Nob","floor":11,"turns":3},{"damage":20,"enemies":"3 Sentries","floor":12,"turns":3},{"damage":0,"enemies":"Gremlin Nob","floor":13,"turns":3},{"damage":0,"enemies":"3 Sentries","floor":14,"turns":1},{"damage":0,"enemies":"Slime Boss","floor":16,"turns":3},{"damage":9,"enemies":"Chosen","floor":18,"turns":4},{"damage":0,"enemies":"Spheric Guardian","floor":22,"turns":3},{"damage":18,"enemies":"Gremlin Leader","floor":23,"turns":4},{"damage":66,"enemies":"Slavers","floor":24,"turns":5},{"damage":31,"enemies":"REME_1_Revenger","floor":25,"turns":4},{"damage":0,"enemies":"Slavers","floor":27,"turns":3},{"damage":18,"enemies":"Book of Stabbing","floor":28,"turns":3},{"damage":0,"enemies":"Gremlin Leader","floor":29,"turns":3},{"damage":0,"enemies":"Slavers","floor":30,"turns":3},{"damage":5,"enemies":"Gremlin Leader","floor":31,"turns":3},{"damage":25,"enemies":"Automaton","floor":33,"turns":4},{"damage":0,"enemies":"3 Darklings","floor":35,"turns":2},{"damage":5,"enemies":"Giant Head","floor":37,"turns":3},{"damage":2,"enemies":"Nemesis","floor":40,"turns":3},{"damage":0,"enemies":"Giant Head","floor":44,"turns":2},{"damage":0,"enemies":"Nemesis","floor":46,"turns":1},{"damage":0,"enemies":"Giant Head","floor":47,"turns":2},{"damage":0,"enemies":"Nemesis","floor":48,"turns":1},{"damage":0,"enemies":"Donu and Deca","floor":50,"turns":1},{"damage":0,"enemies":"Time Eater","floor":51,"turns":1},{"damage":0,"enemies":"Shield and Spear","floor":55,"turns":1},{"damage":25,"enemies":"Delirium","floor":56,"turns":3}],"seed_played":"-6156579702995780537","potions_obtained":[{"floor":2,"key":"ZuzhouPotion:ReiMu"},{"floor":6,"key":"SneckoOil"},{"floor":12,"key":"ats:Emergency Sanity Potion"}],"is_trial":true,"path_per_floor":["M","?","M","?","?","E","E","E","T","R","E","E","E","E","R","B",null,"M","?","?","T","M","E","E","E","T","E","E","E","E","E","R","B",null,"M","?","E","?","?","E","T","R","T","E","$","E","E","E","R","B","B",null,"R","$","E","B",null],"character_chosen":"DOCTOR_CLASS","items_purchased":["GuppysTail","SatanicBible","Darkstone Periapt","BirthdayGift-Icosahedron","LastBattle","Chaos","Kunai","Happy Flower","Apotheosis+1","ats:Powerful Strike","ats:Red Shift"],"campfire_rested":2,"item_purchase_floors":[17,17,45,45,45,54,54,54,54,54,54],"current_hp_per_floor":[64,31,31,1,1,11,19,4,4,34,40,20,29,29,29,32,186,177,177,177,177,177,175,109,90,90,122,141,163,185,186,186,166,186,186,186,181,181,186,185,185,185,185,186,186,186,186,186,186,186,186,186,186,186,186,184],"gold":8004,"neow_bonus":"","is_daily":false,"chose_seed":false,"campfire_upgraded":3,"win_rate":0.0,"timestamp":1609585958,"path_taken":["M","?","?","?","?","E","E","E","T","R","E","E","E","E","R","BOSS","M","?","?","?","?","E","E","E","T","E","?","E","E","E","R","BOSS","M","?","?","?","?","E","?","R","T","E","$","E","E","E","R","BOSS","BOSS","R","$","E","BOSS"],"items_purchased_type":["Relic","Relic","Relic","Relic","Relic","Card","Relic","Relic","Card","Card","Card"],"build_version":"2020-12-22","purchased_purges":1,"victory":true,"max_hp_per_floor":[71,101,101,101,101,101,100,100,100,100,100,100,103,103,103,103,186,186,186,186,186,186,186,186,186,186,186,186,186,186,186,186,186,186,186,186,186,186,186,186,186,186,186,186,186,186,186,186,186,186,186,186,186,186,186,186],"card_choices":[{"not_picked":[],"picked":"ChaosCard","floor":0},{"not_picked":["ats:Assault Order","ats:Childhood Dance"],"picked":"ats:Consecutive Shot Auto","floor":0},{"not_picked":["ats:Beaten Up","ats:Encircling Forest"],"picked":"ats:Part Time Job","floor":0},{"not_picked":["ats:LN2 Cannon","ats:Flexible Camouflage"],"picked":"ats:Red Shift","floor":0},{"not_picked":["ats:Shell Defense","ats:Childhood Dance"],"picked":"ats:Powerful Strike","floor":0},{"not_picked":["ats:Revitalization","ats:Part Time Job"],"picked":"ats:Apocalypse","floor":0},{"not_picked":["ats:Cat Scratch","ats:Chain Hook"],"picked":"ats:Flexible Camouflage","floor":0},{"not_picked":["ats:Mental Burst","ats:Shadow Raid"],"picked":"ats:Explosion Area Strengthen","floor":0},{"not_picked":["ats:Counter Healing Mode","ats:Flexible Camouflage"],"picked":"ats:Explosion Area Strengthen","floor":0},{"not_picked":["ats:Shell Defense","ats:Ignite"],"picked":"ats:Overload","floor":0},{"not_picked":["ats:Healing Strengthening","ats:Hammer On"],"picked":"ats:Poison Spread","floor":0},{"not_picked":["ats:Shell Defense","ats:Fractured Body"],"picked":"ats:Leaping Hammer","floor":0},{"not_picked":["ats:Revitalization","ats:Ignite"],"picked":"ats:Flexible Camouflage","floor":0},{"not_picked":["ats:Hammer On","ats:Neurotoxin"],"picked":"ats:Ambush","floor":0},{"not_picked":["ats:Mental Burst","ats:Shell Defense"],"picked":"ats:Poison Spread","floor":0},{"not_picked":["ats:LN2 Cannon","ats:Curse Doll"],"picked":"ats:Consecutive Shot Auto","floor":0},{"not_picked":["ats:Chain Hook","ats:Shell Defense","ats:Leaping Hammer","ats:Thorns"],"picked":"ats:Neurotoxin","floor":2},{"not_picked":["ats:True Silver Slash","ats:Calcification","ats:Nebulous Foxfire","ats:Echo Reverb"],"picked":"ats:Ambush","floor":6},{"not_picked":["ats:Calcification+1","ats:Fractured Body+1","ats:Volcano","ats:Roar Of Ursus","ats:True Silver Slash"],"picked":"SKIP","floor":7},{"not_picked":["ats:Dogmatic Field","ats:True Silver Slash","ats:Rat Pack+1","ats:Disruption Kick"],"picked":"ats:Ambush","floor":8},{"not_picked":["ats:Soul Rend","ats:Wolf Pack","ats:Volcano","ats:Durian+1","ats:Echo Reverb+1"],"picked":"SKIP","floor":11},{"not_picked":["ats:Wolf Pack","ats:Nebulous Foxfire+1","ats:Shadow Assault","ats:Calcification+1","ats:Dogmatic Field"],"picked":"SKIP","floor":12},{"not_picked":["ats:Rat Pack+1","ats:True Silver Slash","ats:Dogmatic Field","ats:Wolf Pack","ats:Volcano"],"picked":"SKIP","floor":13},{"not_picked":["ats:Rat Pack+1","ats:Dogmatic Field","ats:Durian+1","ats:Echo Reverb+1","ats:Roar Of Ursus"],"picked":"SKIP","floor":14},{"not_picked":["ats:Rat Pack+1","ats:Disruption Kick","ats:Fractured Body+1","ats:Ambush","ats:Durian+1"],"picked":"SKIP","floor":23},{"not_picked":["ats:Durian+1","ats:Rat Pack+1","ats:Ambush","ats:Fractured Body+1","ats:Dogmatic Field"],"picked":"SKIP","floor":24},{"not_picked":["ats:Disruption Kick","ats:Rat Pack+1","ats:Durian+1","ats:Ambush","ats:Shadow Assault"],"picked":"SKIP","floor":25},{"not_picked":["ats:Nebulous Foxfire+1","ats:Volcano","ats:Disruption Kick","ats:True Silver Slash","ats:Shadow Assault"],"picked":"SKIP","floor":27},{"not_picked":["ats:Echo Reverb+1","ats:Durian+1","ats:Wolf Pack","ats:Fractured Body+1","ats:Disruption Kick"],"picked":"SKIP","floor":28},{"not_picked":["ats:Nebulous Foxfire+1","ats:Soul Rend","ats:Calcification+1","ats:Disruption Kick","ats:Fractured Body+1"],"picked":"SKIP","floor":29},{"not_picked":["ats:Dogmatic Field","ats:Wolf Pack","ats:Echo Reverb+1","ats:Nebulous Foxfire+1","ats:True Silver Slash"],"picked":"SKIP","floor":30},{"not_picked":["ats:Soul Rend","ats:True Silver Slash","ats:Rat Pack+1","ats:Ambush","ats:Wolf Pack"],"picked":"SKIP","floor":31},{"not_picked":["ats:Volcano","ats:Shadow Assault","ats:Rat Pack+1","ats:Calcification+1","ats:Fractured Body+1"],"picked":"SKIP","floor":37},{"not_picked":["ats:Durian+1","ats:Volcano","ats:Wolf Pack","ats:Shadow Assault","ats:Disruption Kick"],"picked":"SKIP","floor":40},{"not_picked":["ats:Ambush","ats:Echo Reverb+1","ats:Wolf Pack","ats:True Silver Slash","ats:Rat Pack+1"],"picked":"SKIP","floor":44},{"not_picked":["ats:Wolf Pack","ats:Soul Rend","ats:Ambush","ats:Fractured Body+1","ats:Nebulous Foxfire+1"],"picked":"SKIP","floor":46},{"not_picked":["ats:Shadow Assault","ats:Dogmatic Field","ats:Wolf Pack","ats:Nebulous Foxfire+1","ats:Echo Reverb+1"],"picked":"SKIP","floor":47},{"not_picked":["ats:Rat Pack+1","ats:Nebulous Foxfire+1","ats:True Silver Slash","ats:Ambush","ats:Shadow Assault"],"picked":"SKIP","floor":48},{"not_picked":["ats:Fractured Body+1","ats:Roar Of Ursus","ats:Soul Rend","ats:Echo Reverb+1","ats:Shadow Assault"],"picked":"SKIP","floor":55}],"player_experience":107897,"relics_obtained":[{"floor":1,"key":"ats:Hidden Killer"},{"floor":1,"key":"Baka"},{"floor":1,"key":"SynthV:TestCard"},{"floor":2,"key":"MagicDraw1"},{"floor":2,"key":"Dota2Spire:LotusOrb"},{"floor":3,"key":"testmod-Acrobat"},{"floor":6,"key":"ats:Originium"},{"floor":6,"key":"Mercury Hourglass"},{"floor":7,"key":"ats:Originium"},{"floor":7,"key":"Toxic Egg 2"},{"floor":8,"key":"ats:Originium"},{"floor":8,"key":"testmod-LifeArmor"},{"floor":11,"key":"PureWhite:ReiMu"},{"floor":12,"key":"UnicornStump"},{"floor":13,"key":"Bottled Lightning"},{"floor":14,"key":"testmod-Déjàvu"},{"floor":18,"key":"GodSword5"},{"floor":21,"key":"GuppysPaw"},{"floor":22,"key":"MealTicket"},{"floor":23,"key":"Tea:ReiMu"},{"floor":24,"key":"GuppysHead"},{"floor":25,"key":"Bird Faced Urn"},{"floor":26,"key":"GodSword4"},{"floor":27,"key":"MagicDraw4"},{"floor":28,"key":"Dota2Spire:MaskOfMadness"},{"floor":29,"key":"ats:Spiritual Recovery"},{"floor":30,"key":"testmod-Brilliant"},{"floor":31,"key":"BookofShadows"},{"floor":31,"key":"Baka2"},{"floor":35,"key":"ZombieArmy"},{"floor":37,"key":"GodSword1"},{"floor":40,"key":"testmod-ConstraintPeriapt"},{"floor":41,"key":"Dota2Spire:EtherealBlade"},{"floor":43,"key":"DoctorsRemote"},{"floor":44,"key":"PillsDrop"},{"floor":46,"key":"Anchor"},{"floor":47,"key":"testmod-OneHitWonder"},{"floor":48,"key":"Nunchaku"},{"floor":55,"key":"Frozen Eye"}],"event_choices":[{"damage_healed":0,"gold_gain":0,"player_choice":"Fight","damage_taken":0,"max_hp_gain":0,"max_hp_loss":0,"event_name":"HidenRoomEvent","floor":2,"gold_loss":0},{"damage_healed":0,"gold_gain":0,"player_choice":"Entered Light","damage_taken":30,"max_hp_gain":0,"max_hp_loss":0,"event_name":"Shining Light","floor":4,"gold_loss":0,"cards_upgraded":["ats:Consecutive Shot Auto","ats:Overload"]},{"damage_healed":0,"gold_gain":150,"player_choice":"AGREE","damage_taken":0,"max_hp_gain":0,"max_hp_loss":0,"event_name":"Liars Game","floor":5,"gold_loss":0,"cards_obtained":["Doubt"]},{"damage_healed":0,"gold_gain":0,"player_choice":"Obtained Relic","damage_taken":0,"relics_obtained":["War Paint"],"max_hp_gain":0,"max_hp_loss":0,"event_name":"Addict","floor":19,"gold_loss":85},{"damage_healed":0,"gold_gain":0,"player_choice":"Traded Relic","damage_taken":0,"relics_obtained":["Nloth\u0027s Gift"],"max_hp_gain":0,"max_hp_loss":0,"event_name":"N\u0027loth","floor":20,"relics_lost":["DaveBox"],"gold_loss":0},{"cards_removed":["ats:Ambush"],"damage_healed":0,"gold_gain":0,"player_choice":"Upgrade and Remove","damage_taken":0,"max_hp_gain":0,"max_hp_loss":0,"event_name":"Designer","floor":36,"gold_loss":110,"cards_upgraded":["ats:Explosion Area Strengthen"]},{"damage_healed":0,"gold_gain":0,"player_choice":"Swap Relic","damage_taken":0,"relics_obtained":["Juzu Bracelet"],"max_hp_gain":0,"max_hp_loss":0,"event_name":"给自己的盒子","floor":38,"relics_lost":["testmod-TestBox"],"gold_loss":0}],"is_beta":false,"boss_relics":[{"not_picked":["REME_DemonsWealth","SlaversCollar"],"picked":"testmod-HarvestTotem"},{"not_picked":[]},{"not_picked":["ats:Sanity Plus","Snecko Eye"],"picked":"Dota2Spire:RefresherOrb"},{"not_picked":[]}],"items_purged_floors":[45],"is_endless":false,"potions_floor_spawned":[2,6,12,14,16,18,22,24,33,35,48],"ascension_level":20}}