{"host":"28bpuzdckreop5i0","time":1609552491,"event":{"mods":["Act Like it!","Aspiration","BaseMod","Beaked The Cultist","Best Route Mod","BetterRewards","Challenge The Spire","Conspire","Defuse TimeMaze Blight","Downfall","Energized Spire","GifTheSpireLib","Googly Eyes","Hubris","Infinite Spire","Lobotomy","Mimic Mod","Minty Spire (QoL Compilation)","Relic Stats","Shop Mod","Spicy Shops","StSLib","Stuff the Spire","The Awakened One except there are too many feathers","The Construct","The Cursed","The Disciple","The Hierophant","The IronCluck","The Jungle","Thieving Mod","Transform Curses","Wandering Minibosses","slay the spire mod where everything is the same but ironclad has a cowboy hat"],"gold_per_floor":[111,111,131,143,48,78,89,89,89,89,105,180,5,20,20,122,122,141,141,45,45,56,56,56,56],"floor_reached":24,"playtime":1342,"items_purged":["Writhe"],"score":196,"play_id":"0cead52a-dd8d-4e68-a94f-88d9adbf64c3","local_time":"20210101195451","is_ascension_mode":false,"campfire_choices":[{"floor":8,"key":"REST"},{"floor":10,"key":"REST"},{"floor":15,"key":"REST"},{"floor":23,"key":"REST"}],"circlet_count":0,"master_deck":["Survivor","Neutralize","conspire:PoisonWeapons","StuffTheSpire:Innocence","Deadly Poison","conspire:Banana","Noxious Fumes","Malaise","PiercingWail","Terror","Blur","Blade Dance","Reflex","infinitespire:Neurotoxin","Bouncing Flask","Bouncing Flask","StuffTheSpire:MirrorStance","Tools of the Trade"],"relics":["Ring of the Snake","aspiration:Nostalgia","hierophant:PropheticMaskRelic","Pen Nib","infinitespire:Bottled Soul","Membership Card","Pandora\u0027s Box","aspiration:SneckoTail","hubris:Icosahedron"],"acts_visited":["Exordium","TheCity"],"potions_floor_usage":[11,16,24,24,24],"damage_taken":[{"damage":0,"enemies":"Jaw Worm","floor":1,"turns":3},{"damage":0,"enemies":"Small Slimes","floor":3,"turns":4},{"damage":10,"enemies":"2 Louse","floor":4,"turns":5},{"damage":36,"enemies":"Gremlin Nob","floor":6,"turns":5},{"damage":2,"enemies":"Large Slime","floor":7,"turns":9},{"damage":8,"enemies":"Exordium Thugs","floor":11,"turns":6},{"damage":4,"enemies":"2 Fungi Beasts","floor":14,"turns":4},{"damage":49,"enemies":"Slime Boss","floor":16,"turns":12},{"damage":10,"enemies":"Chosen","floor":18,"turns":5},{"damage":67,"enemies":"conspire:FuzzyDice","floor":22,"turns":7},{"damage":38,"enemies":"Cultist and Chosen","floor":24,"turns":5}],"seed_played":"1711627856116921501","potions_obtained":[{"floor":1,"key":"ThievingMod:ThievingPotion"},{"floor":6,"key":"Energy Potion"},{"floor":11,"key":"AttackPotion"},{"floor":16,"key":"sneckomod:MuddlingPotion"},{"floor":18,"key":"Slimebound:ThreeZeroPotion"},{"floor":22,"key":"Poison Potion"}],"is_trial":false,"path_per_floor":["M","?","M","M","$","E","M","R","T","R","M","?","$","M","R","B",null,"M","?","$","?","M","R","M"],"character_chosen":"THE_SILENT","items_purchased":["conspire:Banana","Membership Card","Noxious Fumes","aspiration:SneckoTail"],"campfire_rested":4,"item_purchase_floors":[5,13,13,20],"current_hp_per_floor":[70,63,63,53,53,18,17,38,38,59,52,41,41,38,60,12,75,66,66,66,66,1,24,0,0],"gold":56,"neow_bonus":"NOSTALGIA","is_daily":false,"chose_seed":false,"campfire_upgraded":0,"win_rate":0.0,"timestamp":1609552491,"path_taken":["M","?","M","M","$","E","M","R","T","R","M","?","$","M","R","BOSS","M","?","$","?","M","R","M"],"items_purchased_type":["Card","Relic","Card","Relic"],"build_version":"2020-12-22","purchased_purges":1,"victory":false,"max_hp_per_floor":[70,70,70,70,70,71,72,72,72,72,73,73,73,74,74,75,75,76,76,76,76,78,78,79,79],"relic_stats":{"counters":[11,65],"Pandora\u0027s Box":["PiercingWail","Terror","Blur","Blade Dance","Reflex","infinitespire:Neurotoxin","Bouncing Flask","Bouncing Flask","StuffTheSpire:MirrorStance","Tools of the Trade"],"Pen Nib":[7],"obtain_stats":[{"hubris:Icosahedron":21,"aspiration:SneckoTail":20,"aspiration:Nostalgia":0,"infinitespire:Bottled Soul":9,"hierophant:PropheticMaskRelic":0,"Pandora\u0027s Box":17,"Pen Nib":6,"Membership Card":13,"Ring of the Snake":0},{"hubris:Icosahedron":9,"aspiration:SneckoTail":9,"aspiration:Nostalgia":0,"infinitespire:Bottled Soul":5,"hierophant:PropheticMaskRelic":0,"Pandora\u0027s Box":8,"Pen Nib":4,"Membership Card":6,"Ring of the Snake":0},{"hubris:Icosahedron":53,"aspiration:SneckoTail":53,"aspiration:Nostalgia":0,"infinitespire:Bottled Soul":26,"hierophant:PropheticMaskRelic":0,"Pandora\u0027s Box":48,"Pen Nib":17,"Membership Card":32,"Ring of the Snake":0}],"Ring of the Snake":[22]},"card_choices":[{"not_picked":["Slice","Flying Knee"],"picked":"conspire:PoisonWeapons","floor":1},{"not_picked":["PiercingWail","StuffTheSpire:Python"],"picked":"Deadly Poison","floor":3},{"not_picked":["StuffTheSpire:MirrorStance","Underhanded Strike","Deadly Poison"],"picked":"SKIP","floor":4},{"not_picked":["Expertise","Deflect","Calculated Gamble"],"picked":"SKIP","floor":6},{"not_picked":["Riddle With Holes","Dagger Throw","StuffTheSpire:Injection"],"picked":"SKIP","floor":7},{"not_picked":["Cloak And Dagger","Choke","Reflex"],"picked":"SKIP","floor":11},{"not_picked":["StuffTheSpire:Incantation","hubris:SlightOfHand","Quick Slash"],"picked":"SKIP","floor":14},{"not_picked":["Adrenaline","Phantasmal Killer"],"picked":"Malaise","floor":16},{"not_picked":["Quick Slash+1","Well Laid Plans","Underhanded Strike"],"picked":"SKIP","floor":18},{"not_picked":["StuffTheSpire:BumpUp","Quick Slash","Dagger Spray"],"picked":"SKIP","floor":22},{"not_picked":["StuffTheSpire:BumpUp","Quick Slash","Dagger Spray"],"picked":"SKIP","floor":22}],"player_experience":918431,"relics_obtained":[{"floor":6,"key":"Pen Nib"},{"floor":9,"key":"infinitespire:Bottled Soul"}],"event_choices":[{"damage_healed":0,"gold_gain":75,"player_choice":"Gather Gold","damage_taken":11,"max_hp_gain":0,"max_hp_loss":0,"event_name":"World of Goop","floor":12,"gold_loss":0}],"is_beta":false,"boss_relics":[{"not_picked":["energizedSpire:StickyHand","Busted Crown"],"picked":"Pandora\u0027s Box"}],"items_purged_floors":[20],"is_endless":false,"potions_floor_spawned":[1,6,11,16,18,22],"killed_by":"Cultist and Chosen","ascension_level":0}}