{"host":"p7j7o00jacnw7qzt","time":1609568188,"event":{"mods":["BaseMod","Colored Map","Colored Powertips","DeckTracker","Highlight Path","Minty Spire (QoL Compilation)","Relic Stats"],"gold_per_floor":[10,24,39,50,125,125,160,178,178,213,225,268,280,312,324,411,423,450,462,490,515,83,83,83,83],"floor_reached":24,"playtime":959,"items_purged":["Strike_R"],"score":536,"play_id":"13d70d28-5b1f-43d2-8763-d9ffae81f54a","local_time":"20210102011628","is_ascension_mode":true,"campfire_choices":[{"data":"Apotheosis","floor":6.0,"key":"SMITH"},{"data":"Burning Pact","floor":11.0,"key":"SMITH"},{"data":"1","floor":15.0,"key":"LIFT"},{"data":"2","floor":23.0,"key":"LIFT"}],"circlet_count":0,"master_deck":["AscendersBane","Strike_R","Strike_R","Strike_R","Defend_R","Defend_R","Defend_R","Defend_R","Bash","Apotheosis+1","Body Slam","Sword Boomerang","Fire Breathing","Burning Pact+1","Sentinel","Offering","Feed","Evolve","Feel No Pain+1"],"relics":["Burning Blood","Orichalcum","MawBank","Girya","SacredBark","Nloth\u0027s Gift","Frozen Egg 2"],"acts_visited":["Exordium","TheCity"],"potions_floor_usage":[],"damage_taken":[{"damage":5.0,"enemies":"Jaw Worm","floor":1.0,"turns":6.0},{"damage":3.0,"enemies":"2 Louse","floor":2.0,"turns":3.0},{"damage":0.0,"enemies":"Small Slimes","floor":3.0,"turns":3.0},{"damage":6.0,"enemies":"Red Slaver","floor":4.0,"turns":4.0},{"damage":28.0,"enemies":"3 Sentries","floor":7.0,"turns":9.0},{"damage":1.0,"enemies":"2 Fungi Beasts","floor":8.0,"turns":3.0},{"damage":2.0,"enemies":"Gremlin Nob","floor":10.0,"turns":3.0},{"damage":23.0,"enemies":"Lagavulin","floor":12.0,"turns":7.0},{"damage":5.0,"enemies":"Large Slime","floor":14.0,"turns":7.0},{"damage":6.0,"enemies":"Slime Boss","floor":16.0,"turns":5.0},{"damage":6.0,"enemies":"3 Byrds","floor":18.0,"turns":1.0},{"damage":6.0,"enemies":"Chosen","floor":20.0,"turns":5.0},{"damage":30.0,"enemies":"Snake Plant","floor":21.0,"turns":8.0},{"damage":59,"enemies":"3 Cultists","floor":24,"turns":5}],"seed_played":"-6979437038160159914","potions_obtained":[{"floor":7.0,"key":"SteroidPotion"},{"floor":8.0,"key":"LiquidBronze"},{"floor":10.0,"key":"PowerPotion"},{"floor":18.0,"key":"Weak Potion"}],"is_trial":false,"path_per_floor":["M","M","M","M","?","R","E","M","T","E","R","E","?","M","R","B",null,"M","?","M","M","$","R","M"],"character_chosen":"IRONCLAD","items_purchased":["Frozen Egg 2","Feel No Pain+1"],"campfire_rested":0,"item_purchase_floors":[22,22],"current_hp_per_floor":[69,72,75,75,64,64,42,47,47,51,51,34,27,28,28,28,63,63,63,67,47,47,47,0,0],"gold":83,"neow_bonus":"RANDOM_COLORLESS_2","is_daily":false,"chose_seed":false,"campfire_upgraded":2,"win_rate":0.0,"timestamp":1609568188,"path_taken":["M","M","M","M","?","R","E","M","T","E","R","E","?","M","R","BOSS","M","?","M","M","$","R","M"],"items_purchased_type":["Relic","Card"],"build_version":"2020-12-22","purchased_purges":1,"victory":false,"max_hp_per_floor":[75,75,75,75,75,75,75,75,75,75,75,75,75,75,75,75,75,75,75,79,83,83,83,87,87],"relic_stats":{"counters":[14,69],"Nloth\u0027s Gift":0,"Orichalcum":[102],"MawBank":144,"obtain_stats":[{"Girya":12,"Self Forming Clay":9,"SacredBark":17,"Nloth\u0027s Gift":19,"Orichalcum":7,"Frozen Egg 2":22,"MawBank":10,"Burning Blood":0},{"Girya":8,"Self Forming Clay":6,"SacredBark":10,"Nloth\u0027s Gift":11,"Orichalcum":5,"Frozen Egg 2":13,"MawBank":7,"Burning Blood":0},{"Girya":38,"Self Forming Clay":28,"SacredBark":50,"Nloth\u0027s Gift":51,"Orichalcum":25,"Frozen Egg 2":64,"MawBank":31,"Burning Blood":0}],"Burning Blood":75},"card_choices":[{"not_picked":["Magnetism","Master of Strategy"],"picked":"Apotheosis","floor":0.0},{"not_picked":["Twin Strike","Dual Wield"],"picked":"Body Slam","floor":1.0},{"not_picked":["Wild Strike","Perfected Strike","Iron Wave"],"picked":"SKIP","floor":2.0},{"not_picked":["Demon Form","Flex"],"picked":"Sword Boomerang","floor":3.0},{"not_picked":["Cleave","Perfected Strike","Heavy Blade"],"picked":"SKIP","floor":4.0},{"not_picked":["Thunderclap","Wild Strike"],"picked":"Fire Breathing","floor":7.0},{"not_picked":["Armaments","Sword Boomerang","Warcry"],"picked":"SKIP","floor":8.0},{"not_picked":["Pommel Strike","Carnage"],"picked":"Burning Pact","floor":10.0},{"not_picked":["Flex","Ghostly Armor"],"picked":"Sentinel","floor":12.0},{"not_picked":["Heavy Blade","Twin Strike"],"picked":"Offering","floor":14.0},{"not_picked":["Bludgeon","Corruption"],"picked":"Feed","floor":16.0},{"not_picked":["Sword Boomerang","Wild Strike","Flex"],"picked":"SKIP","floor":18.0},{"not_picked":["Anger","Pommel Strike"],"picked":"Evolve","floor":20.0},{"not_picked":["Sword Boomerang+1","Blood for Blood","Cleave"],"picked":"SKIP","floor":21.0}],"player_experience":923997,"relics_obtained":[{"floor":7.0,"key":"Orichalcum"},{"floor":9.0,"key":"Self Forming Clay"},{"floor":10.0,"key":"MawBank"},{"floor":12.0,"key":"Girya"}],"event_choices":[{"damage_healed":0.0,"max_hp_gain":0.0,"max_hp_loss":0.0,"gold_gain":75.0,"event_name":"World of Goop","player_choice":"Gather Gold","floor":5.0,"gold_loss":0.0,"damage_taken":11.0},{"cards_removed":["Strike_R"],"damage_healed":0.0,"max_hp_gain":0.0,"max_hp_loss":0.0,"gold_gain":0.0,"event_name":"Golden Wing","player_choice":"Card Removal","floor":13.0,"gold_loss":0.0,"damage_taken":7.0},{"damage_healed":0.0,"max_hp_gain":0.0,"max_hp_loss":0.0,"gold_gain":0.0,"event_name":"N\u0027loth","player_choice":"Traded Relic","floor":19.0,"relics_lost":["Self Forming Clay"],"gold_loss":0.0,"damage_taken":0.0,"relics_obtained":["Nloth\u0027s Gift"]}],"is_beta":false,"boss_relics":[{"not_picked":["Velvet Choker","Pandora\u0027s Box"],"picked":"SacredBark"}],"items_purged_floors":[22],"is_endless":false,"potions_floor_spawned":[7,8,10,14,16,18],"killed_by":"3 Cultists","ascension_level":20}}