{"host":"9n6i2vl93jt4o42q","time":1609546485,"event":{"mods":["BaseMod","Minty Spire (QoL Compilation)","Relic Stats"],"gold_per_floor":[115,129,129,204,215,215,245,264,264,0,15,15,28,38,38,110,110,129,154,154,29,29,29,29,45,99,99,112,128,128,145,145,145,145],"floor_reached":33,"playtime":2286,"items_purged":["Strike_R","Shame"],"score":486,"play_id":"ad2729b0-9c0b-435d-8ecc-243f14d0a503","local_time":"20210102011445","is_ascension_mode":true,"campfire_choices":[{"floor":6.0,"key":"REST"},{"data":"Disarm","floor":15.0,"key":"SMITH"},{"data":"True Grit","floor":23.0,"key":"SMITH"},{"floor":32.0,"key":"REST"}],"circlet_count":0,"master_deck":["AscendersBane","Strike_R","Strike_R","Strike_R","Strike_R","Defend_R","Defend_R","Defend_R","Defend_R","Bash","Cleave","Battle Trance","Iron Wave","Inflame","Disarm+1","Shrug It Off","Pommel Strike","Twin Strike","Headbutt","Seeing Red","Berserk","True Grit+1","Flex","Necronomicurse","Decay","Flame Barrier","Fiend Fire"],"relics":["Burning Blood","Happy Flower","Potion Belt","InkBottle","Orichalcum","Runic Pyramid","Red Mask","Strawberry","Necronomicon"],"acts_visited":["Exordium","TheCity"],"potions_floor_usage":[],"damage_taken":[{"damage":3.0,"enemies":"2 Louse","floor":1.0,"turns":2.0},{"damage":0.0,"enemies":"Small Slimes","floor":2.0,"turns":3.0},{"damage":1.0,"enemies":"Cultist","floor":5.0,"turns":3.0},{"damage":35.0,"enemies":"Lagavulin","floor":7.0,"turns":6.0},{"damage":7.0,"enemies":"2 Fungi Beasts","floor":8.0,"turns":2.0},{"damage":5.0,"enemies":"Blue Slaver","floor":11.0,"turns":5.0},{"damage":0.0,"enemies":"Large Slime","floor":13.0,"turns":4.0},{"damage":6.0,"enemies":"Gremlin Gang","floor":14.0,"turns":6.0},{"damage":16.0,"enemies":"Hexaghost","floor":16.0,"turns":8.0},{"damage":12.0,"enemies":"Chosen","floor":18.0,"turns":3.0},{"damage":20.0,"enemies":"Masked Bandits","floor":19.0,"turns":4.0},{"damage":0.0,"enemies":"3 Byrds","floor":25.0,"turns":6.0},{"damage":16.0,"enemies":"Centurion and Healer","floor":28.0,"turns":5.0},{"damage":6.0,"enemies":"Chosen and Byrds","floor":29.0,"turns":6.0},{"damage":6.0,"enemies":"Sentry and Sphere","floor":31.0,"turns":3.0},{"damage":69,"enemies":"Collector","floor":33,"turns":6}],"seed_played":"986866017611193884","potions_obtained":[{"floor":2.0,"key":"SteroidPotion"},{"floor":7.0,"key":"SteroidPotion"},{"floor":11.0,"key":"Explosive Potion"},{"floor":12.0,"key":"BloodPotion"},{"floor":12.0,"key":"ElixirPotion"},{"floor":13.0,"key":"BlessingOfTheForge"},{"floor":16.0,"key":"Strength Potion"},{"floor":18.0,"key":"AttackPotion"},{"floor":28.0,"key":"Weak Potion"}],"is_trial":false,"path_per_floor":["M","M","?","?","M","R","E","M","T","$","M","?","M","M","R","B",null,"M","?","?","$","?","R","?","M","T","?","M","M","?","M","R","B"],"character_chosen":"IRONCLAD","items_purchased":["Shrug It Off","Pommel Strike","Regen Potion","Flex"],"campfire_rested":2,"item_purchase_floors":[10,10,10,21],"current_hp_per_floor":[71,75,30,19,24,46,17,16,16,16,17,32,38,53,53,43,67,61,47,54,54,33,33,33,39,39,39,29,29,29,29,53,0,0],"gold":145,"neow_bonus":"RANDOM_COMMON_RELIC","is_daily":false,"chose_seed":false,"campfire_upgraded":2,"win_rate":0.0,"timestamp":1609546485,"path_taken":["M","M","?","?","M","R","E","M","T","$","M","?","M","M","R","BOSS","M","?","?","$","?","R","?","?","T","?","M","?","?","M","R","BOSS"],"items_purchased_type":["Card","Card","Potion","Card"],"build_version":"2020-12-22","purchased_purges":2,"victory":false,"max_hp_per_floor":[75,75,75,75,75,75,75,75,75,75,75,75,75,75,75,75,75,75,75,82,82,82,82,82,82,82,82,82,82,82,82,82,82,82],"relic_stats":{"Happy Flower":[24],"counters":[16,72],"Necronomicon":[10],"Orichalcum":[156],"obtain_stats":[{"Potion Belt":3,"Happy Flower":0,"Strawberry":20,"Red Mask":19,"Necronomicon":22,"Orichalcum":9,"Burning Blood":0,"InkBottle":7,"Runic Pyramid":17},{"Potion Belt":2,"Happy Flower":0,"Strawberry":11,"Red Mask":11,"Necronomicon":11,"Orichalcum":5,"Burning Blood":0,"InkBottle":4,"Runic Pyramid":9},{"Potion Belt":5,"Happy Flower":0,"Strawberry":46,"Red Mask":46,"Necronomicon":46,"Orichalcum":16,"Burning Blood":0,"InkBottle":14,"Runic Pyramid":39}],"Burning Blood":88,"InkBottle":[12]},"card_choices":[{"not_picked":["Rupture","Shrug It Off"],"picked":"Cleave","floor":1.0},{"not_picked":["True Grit","Blood for Blood"],"picked":"Battle Trance","floor":2.0},{"not_picked":["Perfected Strike","Dark Embrace"],"picked":"Iron Wave","floor":5.0},{"not_picked":["Twin Strike","Dropkick"],"picked":"Inflame","floor":7.0},{"not_picked":["Corruption","Perfected Strike"],"picked":"Disarm","floor":8.0},{"not_picked":["Havoc","Heavy Blade"],"picked":"Twin Strike","floor":11.0},{"not_picked":["Perfected Strike","Body Slam"],"picked":"Headbutt","floor":13.0},{"not_picked":["Clothesline","Evolve"],"picked":"Seeing Red","floor":14.0},{"not_picked":["Brutality","Immolate"],"picked":"Berserk","floor":16.0},{"not_picked":["Hemokinesis","Sentinel","Shrug It Off"],"picked":"SKIP","floor":18.0},{"not_picked":["Twin Strike","Rampage"],"picked":"True Grit","floor":19.0},{"not_picked":["Iron Wave","Searing Blow"],"picked":"Flame Barrier","floor":25.0},{"not_picked":["Warcry","Evolve","Perfected Strike"],"picked":"SKIP","floor":28.0},{"not_picked":["Wild Strike","Fire Breathing","Flex"],"picked":"SKIP","floor":29.0},{"not_picked":["Havoc+1","Entrench","Body Slam"],"picked":"SKIP","floor":31.0}],"player_experience":2040070,"relics_obtained":[{"floor":7.0,"key":"InkBottle"},{"floor":9.0,"key":"Orichalcum"},{"floor":19.0,"key":"Red Mask"},{"floor":22.0,"key":"Necronomicon"}],"event_choices":[{"damage_healed":0.0,"max_hp_gain":0.0,"max_hp_loss":0.0,"gold_gain":0.0,"event_name":"Scrap Ooze","player_choice":"Success","floor":3.0,"gold_loss":0.0,"damage_taken":45.0,"relics_obtained":["Potion Belt"]},{"damage_healed":0.0,"max_hp_gain":0.0,"max_hp_loss":0.0,"gold_gain":75.0,"event_name":"World of Goop","player_choice":"Gather Gold","floor":4.0,"gold_loss":0.0,"damage_taken":11.0},{"damage_healed":0.0,"max_hp_gain":0.0,"max_hp_loss":0.0,"gold_gain":0.0,"event_name":"Lab","player_choice":"Got Potions","floor":12.0,"gold_loss":0.0,"damage_taken":0.0},{"damage_healed":0.0,"max_hp_gain":0.0,"max_hp_loss":0.0,"gold_gain":0.0,"event_name":"Masked Bandits","player_choice":"Fought Bandits","floor":19.0,"gold_loss":0.0,"damage_taken":0.0},{"damage_healed":0.0,"max_hp_gain":0.0,"max_hp_loss":0.0,"gold_gain":0.0,"event_name":"Addict","player_choice":"Stole Relic","floor":20.0,"gold_loss":0.0,"damage_taken":0.0,"relics_obtained":["Strawberry"],"cards_obtained":["Shame"]},{"damage_healed":0.0,"max_hp_gain":0.0,"max_hp_loss":0.0,"gold_gain":0.0,"event_name":"Cursed Tome","player_choice":"Obtained Book","floor":22.0,"gold_loss":0.0,"damage_taken":21.0},{"damage_healed":0.0,"max_hp_gain":0.0,"max_hp_loss":0.0,"gold_gain":0.0,"event_name":"Forgotten Altar","player_choice":"Smashed Altar","floor":24.0,"gold_loss":0.0,"damage_taken":0.0,"cards_obtained":["Decay"]},{"damage_healed":0.0,"max_hp_gain":0.0,"max_hp_loss":0.0,"gold_gain":0.0,"event_name":"Match and Keep!","player_choice":"1 cards matched","floor":27.0,"gold_loss":0.0,"damage_taken":0.0,"cards_obtained":["Fiend Fire"]},{"damage_healed":0.0,"max_hp_gain":0.0,"max_hp_loss":0.0,"gold_gain":0.0,"event_name":"Vampires","player_choice":"Ignored","floor":30.0,"gold_loss":0.0,"damage_taken":0.0}],"is_beta":false,"boss_relics":[{"not_picked":["SlaversCollar","Runic Dome"],"picked":"Runic Pyramid"}],"items_purged_floors":[10,21],"is_endless":false,"potions_floor_spawned":[2,7,11,13,16,18,28],"killed_by":"Collector","ascension_level":19}}