{"host":"37dk0reb6x0du8wx","time":1609594253,"event":{"mods":["BaseMod","Colored Map","DeckTracker","Minty Spire (QoL Compilation)","Quick Restart","StSLib","The Dragon Tamer"],"gold_per_floor":[109,109,109,109,122,122,138,58,58,58,69,89,117,130,130,130,130],"floor_reached":16,"playtime":524,"items_purged":[],"score":107,"play_id":"7df33d2d-b41c-4c0f-84b6-2a80223ebf6f","local_time":"20210102223053","is_ascension_mode":true,"campfire_choices":[{"data":"Deadly Poison","floor":6,"key":"SMITH"},{"data":"Deadly Poison","floor":10,"key":"SMITH"},{"floor":15,"key":"REST"}],"circlet_count":0,"master_deck":["Strike_G","Strike_G","Defend_G","Defend_G","Defend_G","Defend_G","Defend_G","Survivor","Neutralize","Deadly Poison+1","Deadly Poison+1","Footwork","Deflect","Deadly Poison"],"relics":["Ring of the Snake","Tiny Chest","Ornamental Fan","The Specimen"],"acts_visited":["Exordium"],"potions_floor_usage":[16,16],"damage_taken":[{"damage":0,"enemies":"Jaw Worm","floor":1,"turns":5},{"damage":0,"enemies":"Small Slimes","floor":5,"turns":4},{"damage":1,"enemies":"2 Louse","floor":7,"turns":3},{"damage":7,"enemies":"Blue Slaver","floor":11,"turns":4},{"damage":0,"enemies":"2 Fungi Beasts","floor":12,"turns":3},{"damage":6,"enemies":"Lagavulin","floor":13,"turns":5},{"damage":6,"enemies":"Large Slime","floor":14,"turns":8},{"damage":54,"enemies":"Slime Boss","floor":16,"turns":13}],"seed_played":"9178940309045221979","potions_obtained":[{"floor":5,"key":"Block Potion"},{"floor":11,"key":"SneckoOil"},{"floor":12,"key":"Swift Potion"}],"is_trial":false,"path_per_floor":["M","?","?","?","M","R","M","$","T","R","M","M","E","M","R","B"],"character_chosen":"THE_SILENT","items_purchased":["Footwork"],"campfire_rested":1,"item_purchase_floors":[8],"current_hp_per_floor":[70,70,52,45,45,45,44,44,44,44,37,37,31,25,46,0,0],"gold":130,"neow_bonus":"REMOVE_CARD","is_daily":false,"chose_seed":false,"campfire_upgraded":2,"win_rate":0.0,"timestamp":1609594253,"path_taken":["M","?","?","?","M","R","M","?","T","R","M","M","E","M","R","BOSS"],"items_purchased_type":["Card"],"build_version":"2020-12-22","purchased_purges":0,"victory":false,"max_hp_per_floor":[70,70,70,70,70,70,70,70,70,70,70,70,70,70,70,70,70],"card_choices":[{"not_picked":["Outmaneuver","Endless Agony"],"picked":"Deadly Poison","floor":1},{"not_picked":["Riddle With Holes","Dodge and Roll","PiercingWail"],"picked":"SKIP","floor":5},{"not_picked":["Dodge and Roll","Poisoned Stab"],"picked":"Deadly Poison","floor":7},{"not_picked":["Acrobatics","Dagger Throw"],"picked":"Deflect","floor":11},{"not_picked":["Accuracy","Setup","Blade Dance"],"picked":"SKIP","floor":12},{"not_picked":["Deflect","Underhanded Strike"],"picked":"Deadly Poison","floor":13},{"not_picked":["Underhanded Strike","Quick Slash","Predator"],"picked":"SKIP","floor":14}],"player_experience":122942,"relics_obtained":[{"floor":9,"key":"Ornamental Fan"},{"floor":13,"key":"The Specimen"}],"event_choices":[{"cards_removed":["Strike_G"],"damage_healed":0,"gold_gain":0,"player_choice":"Forget","damage_taken":0,"max_hp_gain":0,"max_hp_loss":0,"event_name":"Living Wall","floor":2,"gold_loss":0},{"damage_healed":0,"gold_gain":0,"player_choice":"Success","damage_taken":18,"relics_obtained":["Tiny Chest"],"max_hp_gain":0,"max_hp_loss":0,"event_name":"Scrap Ooze","floor":3,"gold_loss":0},{"cards_removed":["Strike_G"],"damage_healed":0,"gold_gain":0,"player_choice":"Card Removal","damage_taken":7,"max_hp_gain":0,"max_hp_loss":0,"event_name":"Golden Wing","floor":4,"gold_loss":0}],"is_beta":false,"boss_relics":[],"items_purged_floors":[],"is_endless":false,"potions_floor_spawned":[5,11,12],"killed_by":"Slime Boss","ascension_level":1}}