{"host":"sav7uxregyirlf69","time":1609551179,"event":{"mods":["AchievementEnabler","BaseMod","Colored Map","DeckTracker","Keyboard Shortcuts","Minty Spire (QoL Compilation)","READ ME - Guardian Mod","StSLib","SuperFastMode"],"gold_per_floor":[117,134,145,70,70,70,82,82,82,82,82,113,113,125,125,125,125],"floor_reached":16,"playtime":253,"items_purged":["Strike_G"],"score":200,"play_id":"65489d51-83bc-4d84-8433-29ca67e0f6d8","local_time":"20210102103259","is_ascension_mode":true,"campfire_choices":[{"data":"Tactician","floor":6,"key":"SMITH"},{"data":"Terror","floor":8,"key":"SMITH"},{"data":"Neutralize","floor":10,"key":"SMITH"},{"floor":15,"key":"REST"}],"circlet_count":0,"master_deck":["AscendersBane","Strike_G","Strike_G","Strike_G","Defend_G","Defend_G","Defend_G","Defend_G","Survivor","Neutralize+1","Tactician+1","Quick Slash","Dagger Throw","Terror+1","Reflex","Neutralize","Crippling Poison"],"relics":["Ring of the Snake","MealTicket","Darkstone Periapt"],"acts_visited":["Exordium"],"potions_floor_usage":[12],"damage_taken":[{"damage":0,"enemies":"Cultist","floor":1,"turns":4},{"damage":2,"enemies":"Small Slimes","floor":2,"turns":5},{"damage":1,"enemies":"2 Louse","floor":3,"turns":3},{"damage":0,"enemies":"Looter","floor":7,"turns":3},{"damage":40,"enemies":"3 Sentries","floor":12,"turns":17},{"damage":13,"enemies":"Red Slaver","floor":14,"turns":4},{"damage":30,"enemies":"The Guardian","floor":16,"turns":5}],"seed_played":"-8556645717257054842","potions_obtained":[{"floor":1,"key":"EssenceOfSteel"},{"floor":2,"key":"Block Potion"}],"is_trial":false,"path_per_floor":["M","M","M","$","?","R","M","R","T","R","?","E","?","M","R","B"],"character_chosen":"THE_SILENT","items_purchased":[],"campfire_rested":1,"item_purchase_floors":[],"current_hp_per_floor":[59,57,56,56,56,56,56,56,56,56,61,21,21,8,27,0,0],"gold":125,"neow_bonus":"REMOVE_TWO","is_daily":false,"chose_seed":false,"campfire_upgraded":3,"win_rate":0.0,"timestamp":1609551179,"path_taken":["M","M","?","$","?","R","M","R","T","R","?","E","?","?","R","BOSS"],"items_purchased_type":[],"build_version":"2020-12-22","purchased_purges":1,"victory":false,"max_hp_per_floor":[60,60,60,60,60,60,60,60,60,60,65,65,65,65,65,65,65],"card_choices":[{"not_picked":["Blur","Dagger Throw"],"picked":"Tactician","floor":1},{"not_picked":["Cloak And Dagger","Riddle With Holes"],"picked":"Quick Slash","floor":2},{"not_picked":["Distraction","Bane"],"picked":"Dagger Throw","floor":3},{"not_picked":["Cloak And Dagger","Expertise"],"picked":"Terror","floor":7},{"not_picked":["Deadly Poison","Night Terror"],"picked":"Reflex","floor":12},{"not_picked":["Quick Slash","Prepared"],"picked":"Crippling Poison","floor":14}],"player_experience":1104780,"relics_obtained":[{"floor":9,"key":"MealTicket"},{"floor":12,"key":"Darkstone Periapt"}],"event_choices":[{"damage_healed":0,"gold_gain":0,"player_choice":"Leave","damage_taken":0,"max_hp_gain":0,"max_hp_loss":0,"event_name":"The Cleric","floor":5,"gold_loss":0},{"damage_healed":0,"gold_gain":0,"player_choice":"Donut","damage_taken":0,"max_hp_gain":5,"max_hp_loss":0,"event_name":"Big Fish","floor":11,"gold_loss":0},{"damage_healed":0,"gold_gain":0,"player_choice":"1 cards matched","damage_taken":0,"max_hp_gain":0,"max_hp_loss":0,"event_name":"Match and Keep!","floor":13,"gold_loss":0,"cards_obtained":["Neutralize"]}],"is_beta":false,"boss_relics":[],"items_purged_floors":[4],"is_endless":false,"potions_floor_spawned":[1,2,3],"killed_by":"The Guardian","ascension_level":20}}