{"host":"yvdgzergn2kyeby3","time":1609622025,"event":{"mods":["Astrologer","Bard","BaseMod","Beaked The Cultist","Colored Map","Gremlin Mod","Hermit","Marisa????????","Minty Spire (QoL Compilation)","READ ME - Guardian Mod","Somnambulant","StSLib","The Animator","The Blackbeard","The Bladedancer","The Bug Knight","The Clintock","The Construct","The Cursed","The Disciple","The Elementalist","The Florist","The Hierophant","The Mystic","The Necromancer","The Poker Player","The Runesmith","The Senshi","The Servant 0.9.4","The Spell Scribe"],"gold_per_floor":[114,114,114,140,140,140,182,210,262,308,320,320,346,379,379,511,511,537,78,108,108,108],"floor_reached":21,"playtime":1497,"items_purged":[],"score":166,"play_id":"a960e6cb-6a69-4a9b-8ed2-765c6239e298","local_time":"20210102131345","is_ascension_mode":false,"campfire_choices":[{"floor":6,"key":"RECALL"},{"floor":12,"key":"REST"},{"floor":15,"key":"REST"}],"circlet_count":0,"master_deck":["hierophant:Strike_Hierophant","hierophant:Strike_Hierophant","hierophant:Strike_Hierophant","hierophant:Punish","hierophant:Defend_Hierophant","hierophant:Defend_Hierophant","hierophant:Defend_Hierophant","hierophant:Defend_Hierophant","hierophant:ChurchCoffers","hierophant:Doubloon+1","hierophant:RecallFunds","hierophant:Smite","hierophant:Batter","hierophant:PristineSoul","hierophant:Alms","hierophant:MorningPrayer","hierophant:MintersHammer","hierophant:OrnateBuckler+1","hierophant:Community","hierophant:RepressedViolence+1"],"relics":["hierophant:PropheticMaskRelic","NeowsBlessing","Golden Idol","Pen Nib","Runesmith:AutoHammer","construct:WeddingRing","Membership Card","Calipers","Shuriken"],"acts_visited":["Exordium","TheCity"],"potions_floor_usage":[10,16,16],"damage_taken":[{"damage":0,"enemies":"Small Slimes","floor":1,"turns":1},{"damage":0,"enemies":"Jaw Worm","floor":4,"turns":1},{"damage":0,"enemies":"3 Sentries","floor":7,"turns":2},{"damage":3,"enemies":"2 Louse","floor":8,"turns":2},{"damage":37,"enemies":"Lagavulin","floor":10,"turns":8},{"damage":6,"enemies":"Large Slime","floor":11,"turns":3},{"damage":3,"enemies":"Gremlin Gang","floor":13,"turns":3},{"damage":6,"enemies":"3 Louse","floor":14,"turns":2},{"damage":26,"enemies":"Slime Boss","floor":16,"turns":14},{"damage":9,"enemies":"3 Byrds","floor":18,"turns":5},{"damage":10,"enemies":"Chosen","floor":20,"turns":7},{"damage":0,"enemies":"Snake Plant","floor":21,"turns":1}],"seed_played":"12750537474122482","potions_obtained":[{"floor":1,"key":"Explosive Potion"},{"floor":8,"key":"Dexterity Potion"},{"floor":13,"key":"Energy Potion"},{"floor":14,"key":"Swift Potion"},{"floor":18,"key":"SkillPotion"}],"is_trial":false,"path_per_floor":["M","?","$","M","?","R","E","M","T","E","M","R","M","M","R","B",null,"M","$","M","M"],"character_chosen":"HIEROPHANT","items_purchased":["Membership Card","Calipers","hierophant:Community","Shuriken"],"campfire_rested":2,"item_purchase_floors":[19,19,19,19],"current_hp_per_floor":[75,57,57,57,50,50,50,47,47,10,4,26,23,17,39,13,75,66,66,56,56,56],"gold":108,"neow_bonus":"THREE_ENEMY_KILL","is_daily":false,"chose_seed":false,"campfire_upgraded":0,"win_rate":0.0,"timestamp":1609622025,"path_taken":["M","?","$","M","?","R","E","?","T","E","M","R","M","M","R","BOSS","M","$","M","M"],"items_purchased_type":["Relic","Relic","Card","Relic"],"build_version":"2020-12-22","purchased_purges":0,"victory":false,"max_hp_per_floor":[75,75,75,75,75,75,75,75,75,75,75,75,75,75,75,75,75,75,75,75,75,75],"card_choices":[{"not_picked":["hierophant:Empathy","hierophant:Smite"],"picked":"hierophant:RecallFunds","floor":1},{"not_picked":["hierophant:Purify","hierophant:HolyVerse","hierophant:RustyCrate"],"picked":"SKIP","floor":4},{"not_picked":["hierophant:HolyVerse","hierophant:Zeal"],"picked":"hierophant:Smite","floor":7},{"not_picked":["hierophant:ConvertCurrency","hierophant:Mercenaries"],"picked":"hierophant:Batter","floor":8},{"not_picked":["hierophant:SealAway","hierophant:Exaltation","hierophant:HolyVerse"],"picked":"SKIP","floor":10},{"not_picked":["hierophant:FlamingChariot","hierophant:Shelter"],"picked":"hierophant:PristineSoul","floor":11},{"not_picked":["hierophant:MorningPrayer","hierophant:Shelter"],"picked":"hierophant:Alms","floor":13},{"not_picked":["hierophant:SealAway","hierophant:FlamingChariot"],"picked":"hierophant:MorningPrayer","floor":14},{"not_picked":["hierophant:AuricForm","hierophant:Kindle"],"picked":"hierophant:MintersHammer","floor":16},{"not_picked":["hierophant:Prophecy+1","hierophant:SolarFlare"],"picked":"hierophant:OrnateBuckler+1","floor":18},{"not_picked":["hierophant:HolyVerse","hierophant:SealAway"],"picked":"hierophant:RepressedViolence+1","floor":20}],"player_experience":683727,"relics_obtained":[{"floor":7,"key":"Pen Nib"},{"floor":10,"key":"Runesmith:AutoHammer"}],"event_choices":[{"damage_healed":0,"gold_gain":0,"player_choice":"Take Damage","damage_taken":18,"relics_obtained":["Golden Idol"],"max_hp_gain":0,"max_hp_loss":0,"event_name":"Golden Idol","floor":2,"gold_loss":0},{"cards_removed":["hierophant:Strike_Hierophant"],"damage_healed":0,"gold_gain":0,"player_choice":"Card Removal","damage_taken":7,"max_hp_gain":0,"max_hp_loss":0,"event_name":"Golden Wing","floor":5,"gold_loss":0}],"is_beta":false,"boss_relics":[{"not_picked":["Fusion Hammer","Cursed Key"],"picked":"construct:WeddingRing"}],"items_purged_floors":[],"is_endless":false,"potions_floor_spawned":[1,8,13,14,18],"killed_by":"Snake Plant","ascension_level":0}}