{"host":"zrerxgu8lagrk16e","time":1609618863,"event":{"mods":["AchievementEnabler","BaseMod","Better Altar","Better Match","Better Note","Better Sensory Stone","Better Skull","Better Third Choice","Colored Map","Colored Powertips","Minty Spire (QoL Compilation)","Permanent Neow","Quick Restart","Relic Stats","StSLib","Waifu the Spire","slay the spire mod where everything is the same but ironclad has a cowboy hat"],"gold_per_floor":[109,384,47,47,58,93,112,112,112,130,130,157,6,31,31,131,131,155,167,179,191,214,253,265,293,332,344,383,31,65,65,65,65,65],"floor_reached":33,"playtime":2121,"items_purged":["Regret"],"score":482,"play_id":"b3850b1a-938b-41e0-8e5f-cf8f1871667e","local_time":"20210102152103","is_ascension_mode":true,"campfire_choices":[{"data":"ClearTheMind","floor":11.0,"key":"SMITH"},{"data":"BowlingBash","floor":15.0,"key":"SMITH"},{"floor":24.0,"key":"DIG"},{"floor":27.0,"key":"RECALL"},{"data":"Establishment","floor":32,"key":"SMITH"}],"circlet_count":0,"master_deck":["Strike_P","Strike_P","Strike_P","Strike_P","Defend_P","Defend_P","Defend_P","Defend_P","Eruption","Vigilance","Vault+1","ClearTheMind+1","FlurryOfBlows","Wireheading","BowlingBash+1","Consecrate","EmptyMind","ThirdEye+1","WindmillStrike","FlyingSleeves","ConjureBlade+1","CurseOfTheBell","Consecrate","Shame","Writhe","Necronomicurse","Indignation+1","SandsOfTime+1","Perseverance+1","BattleHymn","BattleHymn","Establishment+1"],"relics":["PureWater","Melange","Ornamental Fan","Pen Nib","Toxic Egg 2","Anchor","Akabeko","Peace Pipe","Calling Bell","MawBank","Eternal Feather","Thread and Needle","Shovel","Dead Branch","Necronomicon","Toy Ornithopter","Potion Belt","Tiny Chest","Lantern","Bag of Marbles","Juzu Bracelet"],"acts_visited":["TheCity"],"potions_floor_usage":[28,28,30,33,33],"damage_taken":[{"damage":6.0,"enemies":"Cultist","floor":1.0,"turns":4.0},{"damage":7.0,"enemies":"Jaw Worm","floor":5.0,"turns":4.0},{"damage":0.0,"enemies":"Lagavulin","floor":6.0,"turns":4.0},{"damage":3.0,"enemies":"2 Louse","floor":7.0,"turns":3.0},{"damage":2.0,"enemies":"Looter","floor":10.0,"turns":3.0},{"damage":2.0,"enemies":"3 Sentries","floor":12.0,"turns":5.0},{"damage":3.0,"enemies":"Lagavulin","floor":14.0,"turns":6.0},{"damage":25.0,"enemies":"The Guardian","floor":16.0,"turns":12.0},{"damage":0.0,"enemies":"Chosen","floor":18.0,"turns":4.0},{"damage":13.0,"enemies":"Spheric Guardian","floor":22.0,"turns":4.0},{"damage":0.0,"enemies":"Gremlin Leader","floor":23.0,"turns":5.0},{"damage":5.0,"enemies":"Centurion and Healer","floor":25.0,"turns":4.0},{"damage":6,"enemies":"Book of Stabbing","floor":28,"turns":5},{"damage":0,"enemies":"Gremlin Leader","floor":30,"turns":1},{"damage":125,"enemies":"Collector","floor":33,"turns":7}],"seed_played":"4026774790339600774","potions_obtained":[{"floor":1.0,"key":"BlessingOfTheForge"},{"floor":5.0,"key":"PowerPotion"},{"floor":12.0,"key":"Explosive Potion"},{"floor":16.0,"key":"Block Potion"},{"floor":25.0,"key":"Fire Potion"},{"floor":28,"key":"Ancient Potion"}],"is_trial":false,"path_per_floor":["M","?","$","T","M","E","M","?","T","M","R","E","$","E","R","B",null,"M","?","?","?","M","E","R","M","T","R","E","$","E","$","R","B"],"character_chosen":"WATCHER","items_purchased":["FlurryOfBlows","Melange","Wireheading","Akabeko","Lantern","Bag of Marbles","BattleHymn"],"campfire_rested":0,"item_purchase_floors":[3,3,3,13,29,29,29],"current_hp_per_floor":[66,66,66,66,59,59,56,56,56,54,54,52,52,49,49,24,72,72,72,72,56,43,43,58,53,53,68,71,71,72,72,72,0,0],"gold":65,"neow_bonus":"ONE_RANDOM_RARE_CARD","is_daily":false,"chose_seed":false,"campfire_upgraded":3,"win_rate":0.0,"timestamp":1609618863,"path_taken":["M","?","$","?","?","E","M","?","T","M","R","E","?","E","R","BOSS","M","?","?","?","M","E","R","M","T","R","E","$","E","$","R","BOSS"],"items_purchased_type":["Card","Relic","Card","Relic","Relic","Relic","Card"],"build_version":"2020-12-22","purchased_purges":1,"victory":false,"max_hp_per_floor":[72,72,72,72,72,72,72,72,72,72,72,72,72,72,72,72,72,72,72,72,72,72,72,72,72,72,72,72,72,72,72,72,72,72],"relic_stats":{"counters":[15,71],"Dead Branch":[21],"Melange":[45],"Eternal Feather":30,"Pen Nib":[10],"Juzu Bracelet":0,"MawBank":144,"Peace Pipe":0,"Shovel":1,"Ornamental Fan":[88],"Tiny Chest":0,"Necronomicon":[6],"obtain_stats":[{"Potion Belt":24,"Lantern":29,"Dead Branch":20,"Melange":3,"Eternal Feather":17,"Thread and Needle":17,"Pen Nib":6,"Juzu Bracelet":30,"MawBank":17,"Akabeko":13,"Peace Pipe":14,"Calling Bell":17,"Anchor":12,"Shovel":19,"Ornamental Fan":4,"Tiny Chest":28,"Necronomicon":21,"Bag of Marbles":29,"PureWater":0,"Toxic Egg 2":9,"Toy Ornithopter":23},{"Potion Belt":11,"Lantern":13,"Dead Branch":9,"Melange":1,"Eternal Feather":8,"Thread and Needle":8,"Pen Nib":3,"Juzu Bracelet":14,"MawBank":8,"Akabeko":6,"Peace Pipe":7,"Calling Bell":8,"Anchor":6,"Shovel":9,"Ornamental Fan":1,"Tiny Chest":13,"Necronomicon":9,"Bag of Marbles":13,"PureWater":0,"Toxic Egg 2":4,"Toy Ornithopter":11},{"Potion Belt":54,"Lantern":63,"Dead Branch":45,"Melange":4,"Eternal Feather":41,"Thread and Needle":41,"Pen Nib":12,"Juzu Bracelet":64,"MawBank":41,"Akabeko":23,"Peace Pipe":29,"Calling Bell":41,"Anchor":23,"Shovel":45,"Ornamental Fan":4,"Tiny Chest":63,"Necronomicon":45,"Bag of Marbles":63,"PureWater":0,"Toxic Egg 2":15,"Toy Ornithopter":54}],"Toy Ornithopter":20},"card_choices":[{"not_picked":["Wireheading","Prostrate"],"picked":"ClearTheMind","floor":1.0},{"not_picked":["Prostrate","Evaluate"],"picked":"BowlingBash","floor":5.0},{"not_picked":["CutThroughFate","EmptyFist"],"picked":"Consecrate","floor":6.0},{"not_picked":["JustLucky","FlyingSleeves"],"picked":"EmptyMind","floor":7.0},{"not_picked":["ClearTheMind+1","CrushJoints"],"picked":"ThirdEye+1","floor":10.0},{"not_picked":["EmptyFist","Vault+1"],"picked":"WindmillStrike","floor":12.0},{"not_picked":["PathToVictory+1","CutThroughFate"],"picked":"FlyingSleeves","floor":14.0},{"not_picked":["Ragnarok","Vault+1"],"picked":"ConjureBlade+1","floor":16.0},{"not_picked":["EmptyMind+1","BowlingBash"],"picked":"Consecrate","floor":18.0},{"not_picked":["SignatureMove","ThirdEye+1"],"picked":"Indignation+1","floor":22.0},{"not_picked":["Protect+1","FlurryOfBlows"],"picked":"SandsOfTime+1","floor":23.0},{"not_picked":["WheelKick","Protect+1"],"picked":"Perseverance+1","floor":25.0},{"not_picked":["FearNoEvil+1","Perseverance+1"],"picked":"BattleHymn","floor":28},{"not_picked":["Meditate+1","ThirdEye+1"],"picked":"Establishment","floor":30}],"player_experience":143353,"relics_obtained":[{"floor":4.0,"key":"Ornamental Fan"},{"floor":6.0,"key":"Pen Nib"},{"floor":9.0,"key":"Toxic Egg 2"},{"floor":12.0,"key":"Anchor"},{"floor":14.0,"key":"Peace Pipe"},{"floor":17.0,"key":"MawBank"},{"floor":17.0,"key":"Eternal Feather"},{"floor":17.0,"key":"Thread and Needle"},{"floor":21.0,"key":"Necronomicon"},{"floor":23.0,"key":"Toy Ornithopter"},{"floor":24.0,"key":"Potion Belt"},{"floor":28,"key":"Tiny Chest"},{"floor":30,"key":"Juzu Bracelet"}],"event_choices":[{"damage_healed":0.0,"max_hp_gain":0.0,"max_hp_loss":0.0,"gold_gain":275.0,"event_name":"Golden Shrine","player_choice":"Desecrate","floor":2.0,"gold_loss":0.0,"damage_taken":0.0,"cards_obtained":["Regret"]},{"damage_healed":0.0,"max_hp_gain":0.0,"max_hp_loss":0.0,"gold_gain":0.0,"event_name":"Upgrade Shrine","player_choice":"Upgraded","floor":8.0,"gold_loss":0.0,"damage_taken":0.0,"cards_upgraded":["Vault"]},{"damage_healed":0.0,"max_hp_gain":0.0,"max_hp_loss":0.0,"gold_gain":0.0,"event_name":"Addict","player_choice":"Stole Relic","floor":19.0,"gold_loss":0.0,"damage_taken":0.0,"relics_obtained":["Shovel"],"cards_obtained":["Shame"]},{"damage_healed":0.0,"max_hp_gain":0.0,"max_hp_loss":0.0,"gold_gain":0.0,"event_name":"The Mausoleum","player_choice":"Opened","floor":20.0,"gold_loss":0.0,"damage_taken":0.0,"relics_obtained":["Dead Branch"],"cards_obtained":["Writhe"]},{"damage_healed":0.0,"max_hp_gain":0.0,"max_hp_loss":0.0,"gold_gain":0.0,"event_name":"Cursed Tome","player_choice":"Obtained Book","floor":21.0,"gold_loss":0.0,"damage_taken":16.0}],"is_beta":false,"boss_relics":[{"not_picked":["Empty Cage","Velvet Choker"],"picked":"Calling Bell"}],"items_purged_floors":[3],"is_endless":false,"potions_floor_spawned":[1,5,12,16,25,28],"killed_by":"Collector","ascension_level":3}}