{"host":"q0qnzbgdx8oqogg9","time":1609552746,"event":{"mods":["BaseMod","Minty Spire (QoL Compilation)","Slay-I","StSLib"],"gold_per_floor":[114,130,149,169,188,188,198,225,225,225,250,264,4,24,24,121,121,133,152,170,170,85,113,113,128,152,152,77,97,110,110,110,110,110],"floor_reached":33,"playtime":1085,"items_purged":["Strike_R"],"score":325,"play_id":"f22224de-0772-44c6-a8f4-a18387d6aaeb","local_time":"20210101205906","is_ascension_mode":true,"campfire_choices":[{"data":"Panacea","floor":6,"key":"SMITH"},{"data":"Armaments","floor":10,"key":"SMITH"},{"data":"Bash","floor":15,"key":"SMITH"},{"data":"Carnage","floor":24,"key":"SMITH"},{"floor":27,"key":"REST"},{"data":"Metallicize","floor":32,"key":"SMITH"}],"circlet_count":0,"master_deck":["Strike_R","Strike_R","Strike_R","Strike_R","Defend_R","Defend_R","Defend_R","Defend_R","Bash+1","Panacea+1","Wild Strike","Carnage+1","Anger","Cleave","Armaments+1","Double Tap","Shrug It Off","Immolate","CurseOfTheBell","Power Through","Metallicize+1","Rage+1"],"relics":["Burning Blood","Meat on the Bone","Pear","Blood Vial","Mummified Hand","Calling Bell","Orichalcum","Self Forming Clay","Dead Branch","MutagenicStrength","Molten Egg 2","Kunai","MealTicket"],"acts_visited":["Exordium","TheCity"],"potions_floor_usage":[11,20,23,29,30,33],"damage_taken":[{"damage":1,"enemies":"Cultist","floor":1,"turns":4},{"damage":2,"enemies":"Jaw Worm","floor":2,"turns":3},{"damage":8,"enemies":"Small Slimes","floor":3,"turns":3},{"damage":0,"enemies":"Exordium Wildlife","floor":4,"turns":3},{"damage":5,"enemies":"3 Louse","floor":5,"turns":3},{"damage":1,"enemies":"Exordium Thugs","floor":7,"turns":4},{"damage":16,"enemies":"Gremlin Nob","floor":8,"turns":3},{"damage":17,"enemies":"3 Sentries","floor":11,"turns":5},{"damage":1,"enemies":"2 Fungi Beasts","floor":12,"turns":2},{"damage":8,"enemies":"Blue Slaver","floor":14,"turns":3},{"damage":44,"enemies":"Slime Boss","floor":16,"turns":12},{"damage":17,"enemies":"2 Thieves","floor":18,"turns":3},{"damage":20,"enemies":"Spheric Guardian","floor":19,"turns":5},{"damage":5,"enemies":"3 Cultists","floor":20,"turns":4},{"damage":11,"enemies":"Slavers","floor":23,"turns":4},{"damage":62,"enemies":"Cultist and Chosen","floor":25,"turns":9},{"damage":23,"enemies":"Centurion and Healer","floor":29,"turns":8},{"damage":4,"enemies":"Shelled Parasite and Fungi","floor":30,"turns":2},{"damage":58,"enemies":"Automaton","floor":33,"turns":8}],"seed_played":"-1410099464762495753","potions_obtained":[{"floor":1,"key":"Ancient Potion"},{"floor":5,"key":"LiquidMemories"},{"floor":11,"key":"Energy Potion"},{"floor":12,"key":"ColorlessPotion"},{"floor":16,"key":"AttackPotion"},{"floor":23,"key":"Energy Potion"},{"floor":25,"key":"GamblersBrew"},{"floor":30,"key":"BlessingOfTheForge"}],"is_trial":false,"path_per_floor":["M","M","M","M","M","R","M","E","T","R","E","M","$","M","R","B",null,"M","M","M","?","?","E","R","M","T","R","$","M","M","?","R","B"],"character_chosen":"IRONCLAD","items_purchased":["Mummified Hand"],"campfire_rested":1,"item_purchase_floors":[13],"current_hp_per_floor":[80,80,78,80,80,80,80,70,80,80,69,76,76,76,76,52,90,79,67,70,70,70,67,67,25,25,52,67,52,56,56,56,0,0],"gold":110,"neow_bonus":"RANDOM_COLORLESS","is_daily":false,"chose_seed":false,"campfire_upgraded":5,"win_rate":0.0,"timestamp":1609552746,"path_taken":["M","M","M","M","M","R","M","E","T","R","E","?","?","M","R","BOSS","M","M","M","?","?","E","R","M","T","R","?","M","?","?","R","BOSS"],"items_purchased_type":["Relic"],"build_version":"2020-12-22","purchased_purges":1,"victory":false,"max_hp_per_floor":[80,80,80,80,80,80,80,80,90,90,90,90,90,90,90,90,90,90,90,90,90,90,90,90,90,90,90,90,90,90,90,90,90,90],"card_choices":[{"not_picked":["Trip","PanicButton"],"picked":"Panacea","floor":0},{"not_picked":["Twin Strike","Flex"],"picked":"Wild Strike","floor":1},{"not_picked":["Havoc","Pommel Strike"],"picked":"Carnage","floor":2},{"not_picked":["Dual Wield","Shrug It Off"],"picked":"Anger","floor":3},{"not_picked":["Disarm","Thunderclap"],"picked":"Cleave","floor":4},{"not_picked":["Pommel Strike","Iron Wave","Sword Boomerang"],"picked":"SKIP","floor":5},{"not_picked":["Bloodletting","Warcry"],"picked":"Armaments","floor":7},{"not_picked":["Clash","Corruption"],"picked":"Double Tap","floor":8},{"not_picked":["Uppercut","Clash","Seeing Red"],"picked":"SKIP","floor":11},{"not_picked":["Warcry","Searing Blow"],"picked":"Shrug It Off","floor":12},{"not_picked":["Rage","Thunderclap","Rampage"],"picked":"SKIP","floor":14},{"not_picked":["Limit Break","Berserk"],"picked":"Immolate","floor":16},{"not_picked":["Rage","Searing Blow"],"picked":"Power Through","floor":18},{"not_picked":["Thunderclap+1","Bloodletting","Clothesline"],"picked":"SKIP","floor":19},{"not_picked":["Cleave","Iron Wave"],"picked":"Metallicize","floor":20},{"not_picked":["Anger+1","Flex","Second Wind"],"picked":"SKIP","floor":23},{"not_picked":["Pummel+1","Anger+1"],"picked":"Rage+1","floor":25},{"not_picked":["Thunderclap+1","Anger+1","Warcry+1"],"picked":"SKIP","floor":29},{"not_picked":["Offering","Clash+1","Body Slam+1"],"picked":"SKIP","floor":30}],"player_experience":195110,"relics_obtained":[{"floor":8,"key":"Meat on the Bone"},{"floor":9,"key":"Pear"},{"floor":11,"key":"Blood Vial"},{"floor":17,"key":"Orichalcum"},{"floor":17,"key":"Self Forming Clay"},{"floor":17,"key":"Dead Branch"},{"floor":23,"key":"Kunai"},{"floor":26,"key":"MealTicket"}],"event_choices":[{"damage_healed":0,"gold_gain":0,"player_choice":"Inject Mutagens","damage_taken":0,"relics_obtained":["MutagenicStrength"],"max_hp_gain":0,"max_hp_loss":0,"event_name":"Drug Dealer","floor":21,"gold_loss":0},{"damage_healed":0,"gold_gain":0,"player_choice":"Obtained Relic","damage_taken":0,"relics_obtained":["Molten Egg 2"],"max_hp_gain":0,"max_hp_loss":0,"event_name":"Addict","floor":22,"gold_loss":85},{"damage_healed":0,"gold_gain":0,"player_choice":"Ignored","damage_taken":0,"max_hp_gain":0,"max_hp_loss":0,"event_name":"Ghosts","floor":31,"gold_loss":0}],"is_beta":false,"boss_relics":[{"not_picked":["Runic Dome","Runic Pyramid"],"picked":"Calling Bell"}],"items_purged_floors":[28],"is_endless":false,"potions_floor_spawned":[1,5,11,12,14,16,19,23,25,30],"killed_by":"Automaton","ascension_level":3}}