{"host":"y3h3n3f7seyagppx","time":1609562937,"event":{"mods":["BaseMod","Colored Map","Colored Powertips","DeckTracker","Minty Spire (QoL Compilation)","Random Character Button","Rare Cards Sparkle","Relic Sorter","Relic Stats","StSLib"],"gold_per_floor":[114,130,140,65,78,110,110,136,136,170,181,181,181,197,197,275,275,290,290,306,12,23,51,51,81,81,81,97,113,38,38,38,112,112,126,41,86,106,119,119,149,149,149,174,174,202,217,252,252,252,252,252,252,13,41,41,41],"floor_reached":56,"playtime":6767,"items_purged":["Strike_R","Pain","Strike_R+1"],"score":2230,"play_id":"b56357f5-8297-4c22-80c4-d5d0aac905d6","local_time":"20210101234857","is_ascension_mode":true,"campfire_choices":[{"data":"The Bomb","floor":7,"key":"SMITH"},{"data":"Immolate","floor":12,"key":"SMITH"},{"data":"Bash","floor":15,"key":"SMITH"},{"floor":24,"key":"REST"},{"data":"Demon Form","floor":27,"key":"SMITH"},{"data":"Power Through","floor":32,"key":"SMITH"},{"data":"Fiend Fire","floor":40,"key":"SMITH"},{"floor":42,"key":"RECALL"},{"data":"Uppercut","floor":49,"key":"SMITH"},{"data":"1","floor":53,"key":"LIFT"}],"circlet_count":0,"master_deck":["AscendersBane","Strike_R+1","Strike_R+1","Strike_R+1","Defend_R+1","Defend_R+1","Defend_R+1","Defend_R+1","Bash+1","The Bomb+1","Pommel Strike","Immolate+1","Demon Form+1","Power Through+1","Double Tap+1","True Grit+1","Warcry+1","Barricade","Shrug It Off+1","Fiend Fire+1","Heavy Blade+1","Flame Barrier+1","Limit Break+1","Offering+1","True Grit+1","Uppercut+1","Dark Shackles+1","Burning Pact+1"],"relics":["Burning Blood","Boot","Centennial Puzzle","Meat on the Bone","Strawberry","Cursed Key","Membership Card","War Paint","Toxic Egg 2","Ice Cream","Snecko Eye","Girya","Bottled Lightning","Lantern","Red Skull","Shuriken","Art of War","Vajra","Kunai"],"acts_visited":["Exordium","TheCity","TheBeyond","TheEnding"],"potions_floor_usage":[10,14,20,20,25,38,46,56,56],"damage_taken":[{"damage":0,"enemies":"Cultist","floor":1,"turns":3},{"damage":14,"enemies":"Jaw Worm","floor":2,"turns":4},{"damage":4,"enemies":"2 Louse","floor":3,"turns":4},{"damage":7,"enemies":"Exordium Thugs","floor":5,"turns":3},{"damage":15,"enemies":"3 Sentries","floor":6,"turns":5},{"damage":10,"enemies":"Lagavulin","floor":10,"turns":5},{"damage":13,"enemies":"Lots of Slimes","floor":11,"turns":2},{"damage":0,"enemies":"Large Slime","floor":14,"turns":3},{"damage":33,"enemies":"Slime Boss","floor":16,"turns":5},{"damage":16,"enemies":"Spheric Guardian","floor":18,"turns":4},{"damage":33,"enemies":"3 Byrds","floor":20,"turns":4},{"damage":13,"enemies":"Sentry and Sphere","floor":22,"turns":3},{"damage":28,"enemies":"Slavers","floor":23,"turns":3},{"damage":30,"enemies":"Book of Stabbing","floor":25,"turns":4},{"damage":4,"enemies":"Snecko","floor":28,"turns":3},{"damage":1,"enemies":"Centurion and Healer","floor":29,"turns":3},{"damage":0,"enemies":"Champ","floor":33,"turns":12},{"damage":11,"enemies":"Orb Walker","floor":35,"turns":2},{"damage":30,"enemies":"2 Orb Walkers","floor":37,"turns":5},{"damage":0,"enemies":"3 Shapes","floor":38,"turns":3},{"damage":3,"enemies":"3 Darklings","floor":39,"turns":2},{"damage":13,"enemies":"Nemesis","floor":41,"turns":3},{"damage":8,"enemies":"Giant Head","floor":44,"turns":4},{"damage":31,"enemies":"Reptomancer","floor":46,"turns":5},{"damage":0,"enemies":"Jaw Worm Horde","floor":47,"turns":3},{"damage":21,"enemies":"Nemesis","floor":48,"turns":7},{"damage":44,"enemies":"Time Eater","floor":50,"turns":7},{"damage":6,"enemies":"Donu and Deca","floor":51,"turns":6},{"damage":34,"enemies":"Shield and Spear","floor":55,"turns":8},{"damage":50,"enemies":"The Heart","floor":56,"turns":6}],"seed_played":"195810723441940485","potions_obtained":[{"floor":1,"key":"FearPotion"},{"floor":2,"key":"Weak Potion"},{"floor":11,"key":"Explosive Potion"},{"floor":16,"key":"EssenceOfSteel"},{"floor":25,"key":"SmokeBomb"},{"floor":29,"key":"BloodPotion"},{"floor":33,"key":"BloodPotion"},{"floor":38,"key":"Explosive Potion"},{"floor":41,"key":"LiquidMemories"},{"floor":46,"key":"LiquidMemories"}],"is_trial":false,"path_per_floor":["M","M","M","$","M","E","R","T","T","E","M","R","?","M","R","B",null,"M","?","M","$","M","E","R","E","T","R","M","M","$","?","R","B",null,"M","$","?","M","M","R","E","R","T","E","?","E","M","E","R","B","B",null,"R","$","E","B"],"character_chosen":"IRONCLAD","items_purchased":["Membership Card","War Paint","Energy Potion","Power Through","Shrug It Off+1","Flame Barrier+1","Dark Shackles+1","Art of War","Vajra","Burning Pact+1"],"campfire_rested":1,"item_purchase_floors":[21,21,21,21,30,36,54,54,54,54],"current_hp_per_floor":[68,60,62,62,61,52,52,52,52,55,48,48,25,43,43,28,63,53,49,34,34,39,29,51,39,39,39,53,58,58,58,58,64,72,67,67,55,75,75,75,68,68,68,66,66,67,71,56,56,30,42,64,64,64,48,0,0],"gold":41,"neow_bonus":"RANDOM_COLORLESS_2","is_daily":false,"chose_seed":false,"campfire_upgraded":7,"win_rate":0.0,"timestamp":1609562937,"path_taken":["M","?","M","$","M","E","R","?","T","E","?","R","?","M","R","BOSS","M","?","M","?","?","E","R","E","T","R","M","M","$","?","R","BOSS","M","$","?","M","M","R","E","R","T","E","?","E","M","E","R","BOSS","BOSS","R","$","E","BOSS"],"items_purchased_type":["Relic","Relic","Potion","Card","Card","Card","Card","Relic","Relic","Card"],"build_version":"2020-12-22","purchased_purges":3,"victory":false,"max_hp_per_floor":[68,68,68,68,68,68,68,68,68,75,75,75,75,75,75,75,75,75,75,75,75,75,75,75,75,75,75,75,75,75,75,75,75,75,75,75,75,75,75,75,75,75,75,75,71,71,71,71,71,71,71,71,71,71,71,71,71],"relic_stats":{"Centennial Puzzle":[63],"counters":[30,131],"Shuriken":[6],"Snecko Eye":[112,123,119,96],"Art of War":[2],"Kunai":[2],"War Paint":["Defend_R","Defend_R"],"Boot":[22],"Cursed Key":1,"obtain_stats":[{"Ice Cream":25,"Girya":37,"Lantern":44,"Vajra":54,"War Paint":21,"Boot":6,"Cursed Key":17,"Burning Blood":0,"Centennial Puzzle":8,"Shuriken":48,"Strawberry":10,"Snecko Eye":34,"Art of War":54,"Membership Card":21,"Bottled Lightning":41,"Kunai":55,"Toxic Egg 2":23,"Red Skull":46,"Meat on the Bone":9},{"Ice Cream":14,"Girya":19,"Lantern":23,"Vajra":28,"War Paint":11,"Boot":5,"Cursed Key":9,"Burning Blood":0,"Centennial Puzzle":5,"Shuriken":26,"Strawberry":6,"Snecko Eye":17,"Art of War":28,"Membership Card":11,"Bottled Lightning":22,"Kunai":29,"Toxic Egg 2":13,"Red Skull":24,"Meat on the Bone":5},{"Ice Cream":52,"Girya":77,"Lantern":89,"Vajra":117,"War Paint":42,"Boot":19,"Cursed Key":34,"Burning Blood":0,"Centennial Puzzle":19,"Shuriken":104,"Strawberry":24,"Snecko Eye":70,"Art of War":117,"Membership Card":42,"Bottled Lightning":85,"Kunai":125,"Toxic Egg 2":48,"Red Skull":94,"Meat on the Bone":19}],"Burning Blood":163,"Meat on the Bone":144},"card_choices":[{"not_picked":["Apotheosis","Violence"],"picked":"The Bomb","floor":0},{"not_picked":["Disarm","Clothesline"],"picked":"Pommel Strike","floor":1},{"not_picked":["Iron Wave","Twin Strike","Dual Wield"],"picked":"SKIP","floor":2},{"not_picked":["Havoc","Heavy Blade","Headbutt"],"picked":"SKIP","floor":3},{"not_picked":["Havoc","Heavy Blade","Headbutt"],"picked":"SKIP","floor":3},{"not_picked":["True Grit","Havoc","Cleave"],"picked":"SKIP","floor":5},{"not_picked":["Thunderclap","Flex","Dark Embrace"],"picked":"SKIP","floor":6},{"not_picked":["Entrench","Hemokinesis"],"picked":"Immolate","floor":10},{"not_picked":["Flex","Heavy Blade","Iron Wave"],"picked":"SKIP","floor":11},{"not_picked":["Pummel","Headbutt","Thunderclap"],"picked":"SKIP","floor":14},{"not_picked":["Reaper","Bludgeon"],"picked":"Demon Form","floor":16},{"not_picked":["Clash","Body Slam","Havoc"],"picked":"SKIP","floor":18},{"not_picked":["Perfected Strike","Sword Boomerang","Headbutt"],"picked":"SKIP","floor":20},{"not_picked":["Pommel Strike","Warcry","Perfected Strike"],"picked":"SKIP","floor":22},{"not_picked":["Havoc+1","Reckless Charge"],"picked":"Double Tap+1","floor":23},{"not_picked":["Armaments+1","Shrug It Off+1"],"picked":"True Grit+1","floor":25},{"not_picked":["Combust","Perfected Strike"],"picked":"Warcry+1","floor":28},{"not_picked":["Iron Wave","Twin Strike"],"picked":"Barricade","floor":29},{"not_picked":["Barricade","Bludgeon"],"picked":"Fiend Fire","floor":33},{"not_picked":["Clothesline","Body Slam"],"picked":"Heavy Blade+1","floor":35},{"not_picked":["Inflame+1","Clash+1"],"picked":"Limit Break+1","floor":37},{"not_picked":["Searing Blow","Iron Wave","Twin Strike+1"],"picked":"SKIP","floor":38},{"not_picked":["Carnage","Inflame","Twin Strike+1"],"picked":"SKIP","floor":39},{"not_picked":["Havoc+1","Dark Embrace"],"picked":"Offering+1","floor":41},{"not_picked":["Warcry+1","Anger"],"picked":"True Grit+1","floor":44},{"not_picked":["Seeing Red+1","Body Slam+1"],"picked":"Uppercut","floor":46},{"not_picked":["Iron Wave","Heavy Blade","Blood for Blood"],"picked":"SKIP","floor":47},{"not_picked":["Seeing Red+1","Hemokinesis","Perfected Strike"],"picked":"SKIP","floor":48},{"not_picked":["Thunderclap+1","Double Tap+1","Bloodletting+1"],"picked":"SKIP","floor":55}],"player_experience":20303511,"relics_obtained":[{"floor":6,"key":"Boot"},{"floor":8,"key":"Centennial Puzzle"},{"floor":9,"key":"Meat on the Bone"},{"floor":10,"key":"Strawberry"},{"floor":23,"key":"Toxic Egg 2"},{"floor":25,"key":"Ice Cream"},{"floor":37,"key":"Girya"},{"floor":41,"key":"Bottled Lightning"},{"floor":44,"key":"Lantern"},{"floor":46,"key":"Red Skull"},{"floor":48,"key":"Shuriken"},{"floor":55,"key":"Kunai"}],"event_choices":[{"damage_healed":0,"gold_gain":0,"player_choice":"Entered Light","damage_taken":23,"max_hp_gain":0,"max_hp_loss":0,"event_name":"Shining Light","floor":13,"gold_loss":0,"cards_upgraded":["Strike_R","Defend_R"]},{"damage_healed":0,"gold_gain":0,"player_choice":"Bought 0 Potions","damage_taken":0,"max_hp_gain":0,"max_hp_loss":0,"event_name":"The Woman in Blue","floor":19,"gold_loss":0},{"damage_healed":0,"gold_gain":0,"player_choice":"Simplicity","damage_taken":0,"max_hp_gain":0,"max_hp_loss":0,"event_name":"Back to Basics","floor":31,"gold_loss":0,"cards_upgraded":["Strike_R","Strike_R","Strike_R","Defend_R"]},{"damage_healed":0,"gold_gain":0,"player_choice":"Fight","damage_taken":0,"max_hp_gain":0,"max_hp_loss":0,"event_name":"Mysterious Sphere","floor":37,"gold_loss":0},{"damage_healed":0,"gold_gain":0,"player_choice":"Max HP","damage_taken":0,"max_hp_gain":0,"max_hp_loss":4,"event_name":"Winding Halls","floor":45,"gold_loss":0}],"is_beta":false,"boss_relics":[{"not_picked":["Astrolabe","Fusion Hammer"],"picked":"Cursed Key"},{"not_picked":["Busted Crown","Runic Dome"],"picked":"Snecko Eye"}],"items_purged_floors":[4,30,36],"is_endless":false,"potions_floor_spawned":[1,2,11,16,25,29,33,38,41,46,48],"killed_by":"The Heart","ascension_level":20}}