{"host":"xz7n3qy1zq36rzpg","time":1609603821,"event":{"mods":["BaseMod","Colored Map","Colored Powertips","Highlight Path","Minty Spire (QoL Compilation)","Quick Restart","Shop Mod"],"gold_per_floor":[114,114,114,39,56,56,86,97,97,113,113,138,138,157,157,254,254,271,271,297,15,42,42,53,53,80,80,100,100,113,140,140,236,236,249,299,317,147,147,181,193,220,268,283,301,301,315,331,331,331],"floor_reached":51,"playtime":4081,"items_purged":["Regret","Strike_R","Doubt"],"score":840,"play_id":"51b26cb0-2097-404f-853b-be4706c3e014","local_time":"20210102171021","is_ascension_mode":true,"campfire_choices":[{"data":"Bash","floor":6.0,"key":"SMITH"},{"floor":11.0,"key":"REST"},{"data":"1","floor":15.0,"key":"LIFT"},{"data":"Barricade","floor":23.0,"key":"SMITH"},{"floor":25.0,"key":"REST"},{"floor":32,"key":"REST"},{"data":"2","floor":49,"key":"LIFT"}],"circlet_count":0,"master_deck":["Strike_R","Strike_R","Defend_R","Defend_R","Bash+1","Warcry","Headbutt","Iron Wave","Infernal Blade","Shrug It Off","Reaper+1","Reaper+1","Exhume","Pommel Strike+1","Barricade+1","Shrug It Off","Shrug It Off","Rampage+1","Wild Strike+1","Injury","Clothesline+1","Flame Barrier","Feel No Pain+1","Demon Form","Limit Break","Headbutt+1","Pummel+1","Sword Boomerang+1","Cleave+1","Body Slam+1","True Grit","Clumsy","Flex+1"],"relics":["SlaversCollar","Darkstone Periapt","Akabeko","Oddly Smooth Stone","Molten Egg 2","Girya","Cursed Key","Red Mask","ClockworkSouvenir","Centennial Puzzle","Dream Catcher","Vajra","InkBottle","Sozu","Gambling Chip","StoneCalendar","Du-Vu Doll","Bag of Marbles"],"acts_visited":["TheBeyond"],"potions_floor_usage":[31,33],"damage_taken":[{"damage":4.0,"enemies":"Small Slimes","floor":1.0,"turns":4.0},{"damage":0.0,"enemies":"Jaw Worm","floor":5.0,"turns":3.0},{"damage":25.0,"enemies":"3 Sentries","floor":7.0,"turns":7.0},{"damage":0.0,"enemies":"Cultist","floor":8.0,"turns":3.0},{"damage":40.0,"enemies":"Gremlin Gang","floor":10.0,"turns":6.0},{"damage":16.0,"enemies":"Gremlin Nob","floor":12.0,"turns":3.0},{"damage":6.0,"enemies":"Exordium Wildlife","floor":14.0,"turns":4.0},{"damage":49.0,"enemies":"The Guardian","floor":16.0,"turns":9.0},{"damage":12.0,"enemies":"3 Byrds","floor":18.0,"turns":6.0},{"damage":44.0,"enemies":"Masked Bandits","floor":20.0,"turns":4.0},{"damage":24.0,"enemies":"Spheric Guardian","floor":24.0,"turns":6.0},{"damage":23.0,"enemies":"Shelled Parasite and Fungi","floor":28.0,"turns":8.0},{"damage":18.0,"enemies":"Snake Plant","floor":30.0,"turns":3.0},{"damage":22,"enemies":"Slavers","floor":31,"turns":5},{"damage":33,"enemies":"Collector","floor":33,"turns":12},{"damage":31,"enemies":"3 Darklings","floor":35,"turns":7},{"damage":18,"enemies":"Mind Bloom Boss Battle","floor":36,"turns":6},{"damage":11,"enemies":"3 Shapes","floor":37,"turns":5},{"damage":57,"enemies":"Giant Head","floor":40,"turns":8},{"damage":13,"enemies":"Spire Growth","floor":41,"turns":5},{"damage":48,"enemies":"Reptomancer","floor":42,"turns":6},{"damage":2,"enemies":"Maw","floor":44,"turns":6},{"damage":3,"enemies":"4 Shapes","floor":45,"turns":2},{"damage":13,"enemies":"Sphere and 2 Shapes","floor":47,"turns":5},{"damage":7,"enemies":"Transient","floor":48,"turns":5},{"damage":18,"enemies":"Awakened One","floor":50,"turns":6}],"seed_played":"2575378285358205097","potions_obtained":[{"floor":10.0,"key":"AttackPotion"},{"floor":12.0,"key":"SkillPotion"},{"floor":14.0,"key":"Strength Potion"},{"floor":18.0,"key":"LiquidBronze"},{"floor":28.0,"key":"PowerPotion"},{"floor":31,"key":"DistilledChaos"}],"is_trial":false,"path_per_floor":["M","?","T","$","M","R","E","M","T","M","R","E","?","M","R","B",null,"M","?","?","$","T","R","M","R","T","?","M","?","M","E","R","B",null,"M","?","M","$","?","E","M","E","T","M","M","?","M","M","R","B",null],"character_chosen":"IRONCLAD","items_purchased":["Rampage+1","ClockworkSouvenir","Cleave+1"],"campfire_rested":3,"item_purchase_floors":[21,21,38],"current_hp_per_floor":[76,82,82,82,82,82,57,57,57,17,42,26,26,52,52,29,86,86,86,42,42,48,48,25,52,58,58,42,42,39,48,77,98,98,90,85,97,97,97,58,63,35,41,58,104,99,86,94,94,76],"gold":331,"neow_bonus":"BOSS_RELIC","is_daily":false,"chose_seed":false,"campfire_upgraded":2,"win_rate":0.0,"timestamp":1609603821,"path_taken":["M","?","?","$","?","R","E","M","T","?","R","E","?","M","R","BOSS","M","?","?","$","?","R","M","R","T","?","?","?","M","E","R","BOSS","M","?","M","$","?","E","M","E","T","M","?","?","M","M","R","BOSS"],"items_purchased_type":["Card","Relic","Card"],"build_version":"2020-12-22","purchased_purges":3,"victory":true,"max_hp_per_floor":[80,86,86,86,86,86,86,86,86,86,86,86,86,86,86,86,86,86,86,86,86,92,92,92,92,98,98,98,98,98,98,98,98,98,98,98,98,98,98,98,98,98,104,104,104,99,99,99,99,99],"card_choices":[{"not_picked":["Sword Boomerang","Carnage"],"picked":"Warcry","floor":1.0},{"not_picked":["Twin Strike","Pummel"],"picked":"Headbutt","floor":5.0},{"not_picked":["Flex","Havoc"],"picked":"Iron Wave","floor":7.0},{"not_picked":["Iron Wave","Demon Form"],"picked":"Infernal Blade","floor":8.0},{"not_picked":["Sever Soul+1","Anger+1"],"picked":"Shrug It Off","floor":10.0},{"not_picked":["Sword Boomerang+1","Heavy Blade+1"],"picked":"Reaper+1","floor":12.0},{"not_picked":["True Grit","Sword Boomerang+1"],"picked":"Reaper+1","floor":14.0},{"not_picked":["Offering","Reaper+1"],"picked":"Exhume","floor":16.0},{"not_picked":["Flex","Combust"],"picked":"Pommel Strike+1","floor":18.0},{"not_picked":["Twin Strike+1","Perfected Strike+1"],"picked":"Shrug It Off","floor":20.0},{"not_picked":["Reckless Charge+1","True Grit"],"picked":"Wild Strike+1","floor":24.0},{"not_picked":["Anger+1","True Grit"],"picked":"Clothesline+1","floor":28.0},{"not_picked":["Wild Strike+1","Shrug It Off"],"picked":"Flame Barrier","floor":30},{"not_picked":["Shrug It Off","Seeing Red"],"picked":"Feel No Pain+1","floor":31},{"not_picked":["Ghostly Armor","Armaments"],"picked":"Demon Form","floor":32},{"not_picked":["Offering","Reaper+1"],"picked":"Limit Break","floor":33},{"not_picked":["Iron Wave+1","Havoc+1"],"picked":"Headbutt+1","floor":35},{"not_picked":["Pommel Strike+1","Twin Strike+1"],"picked":"Pummel+1","floor":36},{"not_picked":["Spot Weakness+1","Thunderclap+1"],"picked":"Sword Boomerang+1","floor":37},{"not_picked":["Pummel+1","Disarm+1"],"picked":"Body Slam+1","floor":40},{"not_picked":["Anger+1","Sever Soul+1","Headbutt+1"],"picked":"SKIP","floor":41},{"not_picked":["Battle Trance+1","Warcry"],"picked":"True Grit","floor":42},{"not_picked":["Hemokinesis+1","Anger+1","Dark Embrace+1"],"picked":"SKIP","floor":44},{"not_picked":["Power Through+1","Dual Wield","Armaments"],"picked":"SKIP","floor":45},{"not_picked":["Twin Strike+1","Feel No Pain"],"picked":"Flex+1","floor":47},{"not_picked":["Burning Pact","Clash+1","Armaments+1"],"picked":"SKIP","floor":48}],"player_experience":273979,"relics_obtained":[{"floor":3.0,"key":"Akabeko"},{"floor":7.0,"key":"Oddly Smooth Stone"},{"floor":9.0,"key":"Molten Egg 2"},{"floor":12.0,"key":"Girya"},{"floor":20.0,"key":"Red Mask"},{"floor":22.0,"key":"Centennial Puzzle"},{"floor":26.0,"key":"Dream Catcher"},{"floor":31,"key":"InkBottle"},{"floor":36,"key":"Gambling Chip"},{"floor":40,"key":"StoneCalendar"},{"floor":42,"key":"Du-Vu Doll"},{"floor":43,"key":"Bag of Marbles"}],"event_choices":[{"damage_healed":0.0,"max_hp_gain":0.0,"max_hp_loss":0.0,"gold_gain":0.0,"event_name":"Big Fish","player_choice":"Box","floor":2.0,"gold_loss":0.0,"damage_taken":0.0,"relics_obtained":["Darkstone Periapt"],"cards_obtained":["Regret"]},{"cards_removed":["Strike_R"],"damage_healed":0.0,"max_hp_gain":0.0,"max_hp_loss":0.0,"gold_gain":0.0,"event_name":"Living Wall","player_choice":"Forget","floor":13.0,"gold_loss":0.0,"damage_taken":0.0},{"damage_healed":0.0,"max_hp_gain":0.0,"max_hp_loss":0.0,"gold_gain":0.0,"cards_transformed":["Strike_R","Defend_R"],"event_name":"Drug Dealer","player_choice":"Became Test Subject","floor":19.0,"gold_loss":0.0,"damage_taken":0.0,"cards_obtained":["Barricade","Shrug It Off"]},{"damage_healed":0.0,"max_hp_gain":0.0,"max_hp_loss":0.0,"gold_gain":0.0,"event_name":"Masked Bandits","player_choice":"Fought Bandits","floor":20.0,"gold_loss":0.0,"damage_taken":0.0},{"damage_healed":0.0,"max_hp_gain":0.0,"max_hp_loss":0.0,"gold_gain":0.0,"event_name":"The Mausoleum","player_choice":"Opened","floor":27.0,"gold_loss":0.0,"damage_taken":0.0,"relics_obtained":["Vajra"]},{"damage_healed":0.0,"max_hp_gain":0.0,"max_hp_loss":0.0,"gold_gain":0.0,"event_name":"Vampires","player_choice":"Ignored","floor":29.0,"gold_loss":0.0,"damage_taken":0.0},{"damage_healed":0,"gold_gain":0,"player_choice":"Fight","damage_taken":0,"max_hp_gain":0,"max_hp_loss":0,"event_name":"MindBloom","floor":36,"gold_loss":0},{"cards_removed":["Defend_R"],"damage_healed":0,"gold_gain":0,"player_choice":"Offered Basic","damage_taken":0,"max_hp_gain":0,"max_hp_loss":0,"event_name":"Bonfire Elementals","floor":39,"gold_loss":0},{"damage_healed":0,"gold_gain":0,"player_choice":"Max HP","damage_taken":0,"max_hp_gain":0,"max_hp_loss":5,"event_name":"Winding Halls","floor":46,"gold_loss":0}],"is_beta":false,"boss_relics":[{"not_picked":["Fusion Hammer","Ectoplasm"],"picked":"Cursed Key"},{"not_picked":["Astrolabe","Philosopher\u0027s Stone"],"picked":"Sozu"}],"items_purged_floors":[4,21,38],"is_endless":false,"potions_floor_spawned":[10,12,14,18,28,31,36,37,41,44,45],"ascension_level":3}}