{"host":"wcdwdpnxbe04tinu","time":1609551432,"event":{"mods":["Aspiration","BaseMod","Downfall","Minty Spire (QoL Compilation)","Relic Sorter","StSLib"],"gold_per_floor":[99,112,212,232,66,101,125,139,174,198,214,229,20,20,38,134,134,59,73,73,58,70,97,97,97,97,22,22,37,137,148,163,268,268,193,212,212,227,240,240,240,240],"floor_reached":40,"playtime":2365,"items_purged":["champ:Strike"],"score":529,"play_id":"4171ae94-d704-4606-9049-3ad47cdc89a7","local_time":"20210101193712","is_ascension_mode":true,"campfire_choices":[{"data":"champ:Taunt","floor":1,"key":"SMITH"},{"data":"champ:AdrenalArmor","floor":18,"key":"SMITH"},{"floor":25,"key":"RECALL"},{"data":"champ:FocusedBerserking","floor":27,"key":"SMITH"},{"data":"champ:CrookedStrike","floor":35,"key":"SMITH"}],"circlet_count":0,"master_deck":["champ:Strike","champ:Strike+1","champ:Strike+1","champ:Defend","champ:Defend","champ:Defend","champ:Defend","champ:Execute","champ:Taunt+1","champ:RecklessLeap","champ:AdrenalArmor+1","champ:CrookedStrike+1","champ:BerserkersShout","champ:FocusedBerserking+1","champ:LastStand","champ:Shatter","champ:AdrenalArmor","expansioncontent:Chronoboost"],"relics":["champ:ChampionCrown","Lantern","champ:BerserkersGuideToSlaughter","Whetstone","Smiling Mask","Oddly Smooth Stone","Coffee Dripper","downfall:HeartBlessingGreen","InkBottle","Pear","downfall:HeartBlessingRed","Black Star","downfall:HeartBlessingBlue"],"acts_visited":["Exordium","TheCity","TheBeyond"],"potions_floor_usage":[12,16,26,40,40],"damage_taken":[{"damage":9,"enemies":"Jaw Worm","floor":2,"turns":3},{"damage":20,"enemies":"Cultist","floor":4,"turns":4},{"damage":20,"enemies":"downfall:FleeingMerchant","floor":5,"turns":4},{"damage":62,"enemies":"3 Sentries","floor":6,"turns":8},{"damage":7,"enemies":"2 Louse","floor":8,"turns":2},{"damage":62,"enemies":"Lagavulin","floor":9,"turns":8},{"damage":31,"enemies":"Exordium Thugs","floor":11,"turns":4},{"damage":21,"enemies":"Gremlin Gang","floor":12,"turns":4},{"damage":22,"enemies":"downfall:FleeingMerchant","floor":13,"turns":4},{"damage":25,"enemies":"3 Louse","floor":15,"turns":3},{"damage":90,"enemies":"downfall:Watcher","floor":16,"turns":13},{"damage":55,"enemies":"3 Byrds","floor":19,"turns":7},{"damage":30,"enemies":"downfall:FleeingMerchant","floor":21,"turns":4},{"damage":65,"enemies":"Cultist and Chosen","floor":22,"turns":8},{"damage":62,"enemies":"Gremlin Leader","floor":23,"turns":7},{"damage":58,"enemies":"Slavers","floor":26,"turns":5},{"damage":27,"enemies":"Snake Plant","floor":29,"turns":5},{"damage":42,"enemies":"Centurion and Healer","floor":31,"turns":5},{"damage":31,"enemies":"Snecko","floor":32,"turns":4},{"damage":68,"enemies":"downfall:Ironclad","floor":33,"turns":9},{"damage":34,"enemies":"Orb Walker","floor":36,"turns":4},{"damage":34,"enemies":"3 Shapes","floor":38,"turns":6},{"damage":124,"enemies":"3 Darklings","floor":39,"turns":9},{"damage":130,"enemies":"Nemesis","floor":40,"turns":13}],"seed_played":"7508265965799514190","potions_obtained":[{"floor":4,"key":"Guardian:BlockOnCardUsePotion"},{"floor":8,"key":"AttackPotion"},{"floor":11,"key":"champ:UltimateStancePotion"},{"floor":12,"key":"Dexterity Potion"},{"floor":22,"key":"SmokeBomb"},{"floor":31,"key":"PowerPotion"}],"is_trial":false,"path_per_floor":["R","M","?","M","$","E","T","M","E","T","M","M","$","?","M","B",null,"R","M","?","$","M","E","T","R","E","R","?","M","?","M","M","B",null,"R","M","?","M","M","E"],"character_chosen":"THE_CHAMP","items_purchased":["champ:BerserkersGuideToSlaughter","Oddly Smooth Stone"],"campfire_rested":0,"item_purchase_floors":[5,13],"current_hp_per_floor":[90,86,86,76,76,52,52,62,42,42,41,43,48,48,53,29,95,95,87,87,90,64,54,64,64,43,43,43,45,45,53,60,65,105,115,105,105,107,71,0,0,0],"gold":240,"neow_bonus":"RANDOM_COMMON_RELIC","is_daily":false,"chose_seed":false,"campfire_upgraded":4,"win_rate":0.0,"timestamp":1609551432,"path_taken":["R","M","?","?","$","E","T","M","E","?","M","M","$","?","M","BOSS","R","M","?","?","?","E","T","R","E","R","?","M","?","M","M","BOSS","R","M","?","M","M","E"],"items_purchased_type":["Relic","Relic"],"build_version":"2020-12-22","purchased_purges":1,"victory":false,"max_hp_per_floor":[90,90,90,90,90,90,90,90,90,90,90,90,90,90,90,95,95,95,95,95,95,95,95,105,105,105,105,105,105,105,105,105,105,105,115,115,115,115,115,115,115,115],"card_choices":[{"not_picked":["champ:ArenaPreparation","champ:CalledShot","champ:ShieldSigil"],"picked":"SKIP","floor":2},{"not_picked":["champ:RageSigil","champ:GladiatorsShout"],"picked":"champ:RecklessLeap","floor":4},{"not_picked":["champ:GladiatorsShout","champ:StanceDance"],"picked":"champ:AdrenalArmor","floor":5},{"not_picked":["champ:Balance","champ:CheapShot","champ:SkillfulDodge"],"picked":"SKIP","floor":6},{"not_picked":["champ:GutPunch","champ:PerfectedStrike"],"picked":"champ:CrookedStrike","floor":8},{"not_picked":["champ:EnchantCrown","champ:IronFortress"],"picked":"champ:BerserkersShout","floor":9},{"not_picked":["champ:FlashCut","champ:CalledShot","champ:DeathBlow"],"picked":"SKIP","floor":11},{"not_picked":["champ:IronFortress","champ:ShieldSigil","champ:FalseCounter"],"picked":"SKIP","floor":12},{"not_picked":["champ:PerfectedStrike","champ:Lariat"],"picked":"champ:FocusedBerserking","floor":13},{"not_picked":["champ:StanceDance","champ:FanOfKnives"],"picked":"champ:FightOn","floor":15},{"not_picked":["champ:CrookedStrike","champ:EnGarde+1","champ:ShieldSigil"],"picked":"SKIP","floor":19},{"not_picked":["champ:RageSigil","champ:CalledShot+1","champ:DefensiveShout"],"picked":"SKIP","floor":21},{"not_picked":["champ:BringItOn","champ:TornadoPunch","champ:FanOfKnives+1"],"picked":"SKIP","floor":22},{"not_picked":["champ:FlashCut","champ:PerfectedStrike"],"picked":"champ:Shatter","floor":23},{"not_picked":["champ:ViciousMockery","champ:DeathBlow"],"picked":"champ:AdrenalArmor","floor":29},{"not_picked":["champ:BringItOn","champ:RisingSlash","champ:FocusedGladiator"],"picked":"SKIP","floor":31},{"not_picked":["champ:DefensiveStyle+1","champ:AdrenalArmor","champ:Aggression"],"picked":"SKIP","floor":32},{"not_picked":["champ:RageSigil+1","champ:Backstep+1","champ:BerserkersShout"],"picked":"SKIP","floor":36},{"not_picked":["expansioncontent:Sear","expansioncontent:Collect"],"picked":"expansioncontent:Chronoboost","floor":37},{"not_picked":["champ:Aggression+1","champ:DefensiveShout","champ:BerserkersShout+1"],"picked":"SKIP","floor":38},{"not_picked":["champ:FalseCounter","champ:FanOfKnives","champ:IronFortress+1"],"picked":"SKIP","floor":39}],"player_experience":544848,"relics_obtained":[{"floor":6,"key":"Whetstone"},{"floor":9,"key":"Smiling Mask"},{"floor":10,"key":"aspiration:Lifesprig"},{"floor":23,"key":"InkBottle"},{"floor":24,"key":"Pear"}],"event_choices":[],"is_beta":false,"boss_relics":[{"not_picked":["aspiration:PoetsPen_weak","aspiration:RunicSpoon"],"picked":"Coffee Dripper"},{"not_picked":["aspiration:SecretTechniqueScroll","champ:ChampionCrownUpgraded"],"picked":"Black Star"}],"items_purged_floors":[13],"is_endless":false,"potions_floor_spawned":[4,8,11,12,15,22,23,31,32],"killed_by":"Nemesis","ascension_level":3}}