{"host":"usrgk25etjl0nf5i","time":1609619642,"event":{"mods":["2.2 Compatiblity","BaseMod","Downfall","Hubris","Minty Spire (QoL Compilation)","StSLib","SuperFastMode"],"gold_per_floor":[110,185,185,185,195,223,2,33,57,57,57],"floor_reached":10,"playtime":245,"items_purged":[],"score":111,"play_id":"f035e49e-e06f-41a1-ac74-f10fd5476418","local_time":"20210102123402","is_ascension_mode":true,"campfire_choices":[],"circlet_count":0,"master_deck":["AscendersBane","Strike_B","Strike_B","Strike_B","Strike_B","Defend_B","Defend_B","Defend_B","Defend_B","Zap","Dualcast","Lockon","Leap","Core Surge","Defragment","Machine Learning"],"relics":["Cracked Core","Potion Belt","hubris:Towel","hubris:SphereOfDissonance","Chemical X","Cables","Boot"],"acts_visited":["Exordium"],"potions_floor_usage":[6,8,8],"damage_taken":[{"damage":0,"enemies":"2 Louse","floor":1,"turns":2},{"damage":7,"enemies":"Small Slimes","floor":5,"turns":3},{"damage":17,"enemies":"Lagavulin","floor":6,"turns":7},{"damage":16,"enemies":"3 Sentries","floor":8,"turns":5},{"damage":31,"enemies":"Lagavulin","floor":10,"turns":3}],"seed_played":"3513890577303836821","potions_obtained":[{"floor":1,"key":"SneckoOil"},{"floor":5,"key":"LiquidMemories"},{"floor":6,"key":"EssenceOfDarkness"}],"is_trial":false,"path_per_floor":["M","?","?","?","M","E","$","E","T","E"],"character_chosen":"DEFECT","items_purchased":["Chemical X","Defragment"],"campfire_rested":0,"item_purchase_floors":[7,7],"current_hp_per_floor":[75,64,61,61,54,37,37,21,21,0,0],"gold":57,"neow_bonus":"TEN_PERCENT_HP_BONUS","is_daily":false,"chose_seed":false,"campfire_upgraded":0,"win_rate":0.0,"timestamp":1609619642,"path_taken":["M","?","?","?","M","E","$","E","T","E"],"items_purchased_type":["Relic","Card"],"build_version":"2020-12-22","purchased_purges":0,"victory":false,"max_hp_per_floor":[82,82,82,82,82,82,82,82,82,82,82],"card_choices":[{"not_picked":["Leap","Steam"],"picked":"Lockon","floor":1},{"not_picked":["Steam","Beam Cell"],"picked":"Leap","floor":5},{"not_picked":["White Noise","Doom and Gloom"],"picked":"Core Surge","floor":6},{"not_picked":["Aggregate","hubris:PowerSurge"],"picked":"Machine Learning","floor":8}],"player_experience":614277,"relics_obtained":[{"floor":6,"key":"hubris:SphereOfDissonance"},{"floor":8,"key":"Cables"},{"floor":9,"key":"Boot"}],"event_choices":[{"damage_healed":0,"gold_gain":75,"player_choice":"Gather Gold","damage_taken":11,"max_hp_gain":0,"max_hp_loss":0,"event_name":"World of Goop","floor":2,"gold_loss":0},{"damage_healed":0,"gold_gain":0,"player_choice":"Success","damage_taken":3,"relics_obtained":["Potion Belt"],"max_hp_gain":0,"max_hp_loss":0,"event_name":"Scrap Ooze","floor":3,"gold_loss":0}],"is_beta":false,"boss_relics":[],"items_purged_floors":[],"is_endless":false,"potions_floor_spawned":[1,5,6],"killed_by":"Lagavulin","ascension_level":10}}