{"host":"0azimyi6n3ugndj4","time":1609550538,"event":{"mods":["2.2 Compatiblity","BaseMod","Bestiary","Conspire","Curses Come First","Defuse TimeMaze Blight","Hermit","Hyrulean Relics","Infinite Spire","Minty Spire (QoL Compilation)","Relic Stats","Replay The Spire","StSLib","SuperFastMode","The Cursed","Uncapped","¡¼?Úª?ø«¡½REMEMod"],"gold_per_floor":[117,137,137,147,160,160,190,190,190,234,259,277,277],"floor_reached":12,"playtime":287,"items_purged":[],"score":88,"play_id":"930c6178-64b8-461b-90e1-f9358b31c627","local_time":"20210102102218","is_ascension_mode":false,"campfire_choices":[{"floor":6,"key":"RECALL"}],"circlet_count":0,"master_deck":["TheCursedMod:Strike_TheCursed","TheCursedMod:Strike_TheCursed","TheCursedMod:Strike_TheCursed","TheCursedMod:Strike_TheCursed","TheCursedMod:Defend_TheCursed","TheCursedMod:Defend_TheCursed","TheCursedMod:Defend_TheCursed","TheCursedMod:Defend_TheCursed","TheCursedMod:CursedWand","TheCursedMod:CleanUpWorkshop","TheCursedMod:Dregs","TheCursedMod:SurpriseAttack","TheCursedMod:HellsGateOpen","TheCursedMod:CursedAmulet","TheCursedMod:CursedStaff","TheCursedMod:SurpriseAttack","TheCursedMod:RavingStaff"],"relics":["TheCursedMod:BlackMagic101","REME_ComplimentaryCards","NeowsBlessing","Replay:PocketPolymizer","Replay:Bandana","ReplayTheSpireMod:Lightbulb"],"acts_visited":["Exordium"],"potions_floor_usage":[12,12],"damage_taken":[{"damage":0,"enemies":"2 Louse","floor":1,"turns":1},{"damage":0,"enemies":"Cultist","floor":2,"turns":1},{"damage":0,"enemies":"Jaw Worm","floor":4,"turns":1},{"damage":12,"enemies":"3 Louse","floor":5,"turns":3},{"damage":12,"enemies":"Gremlin Nob","floor":7,"turns":4},{"damage":44,"enemies":"Lagavulin","floor":10,"turns":7},{"damage":7,"enemies":"3 Sentries","floor":12,"turns":4}],"seed_played":"-72122114802051957","potions_obtained":[{"floor":5,"key":"BlessingOfTheForge"},{"floor":7,"key":"SteroidPotion"}],"is_trial":false,"path_per_floor":["M","M","?","M","M","R","E","PTL","PTL","E","T","E"],"character_chosen":"THE_CURSED","items_purchased":[],"campfire_rested":0,"item_purchase_floors":[],"current_hp_per_floor":[75,75,75,75,63,63,51,51,51,7,7,0,0],"gold":277,"neow_bonus":"THREE_ENEMY_KILL","is_daily":false,"chose_seed":false,"campfire_upgraded":0,"win_rate":0.0,"timestamp":1609550538,"path_taken":["M","M","?","?","M","R","E","PTL","PTL","E","T","E"],"items_purchased_type":[],"build_version":"2020-12-22","purchased_purges":0,"victory":false,"max_hp_per_floor":[75,75,75,75,75,75,75,75,75,75,75,75,75],"relic_stats":{"counters":[7,21],"obtain_stats":[{"TheCursedMod:BlackMagic101":0,"Replay:Bandana":7,"Replay:PocketPolymizer":3,"NeowsBlessing":0,"ReplayTheSpireMod:Lightbulb":10,"REME_ComplimentaryCards":0},{"TheCursedMod:BlackMagic101":0,"Replay:Bandana":5,"Replay:PocketPolymizer":2,"NeowsBlessing":0,"ReplayTheSpireMod:Lightbulb":6,"REME_ComplimentaryCards":0},{"TheCursedMod:BlackMagic101":0,"Replay:Bandana":10,"Replay:PocketPolymizer":2,"NeowsBlessing":0,"ReplayTheSpireMod:Lightbulb":17,"REME_ComplimentaryCards":0}]},"card_choices":[{"not_picked":["TheCursedMod:Stretching","TheCursedMod:TacticalStrike"],"picked":"TheCursedMod:VitalStrike","floor":1},{"not_picked":["TheCursedMod:SoulCrush","TheCursedMod:SoulReap"],"picked":"TheCursedMod:SurpriseAttack","floor":2},{"not_picked":["TheCursedMod:VitalStrike","TheCursedMod:Evocation"],"picked":"TheCursedMod:HellsGateOpen","floor":4},{"not_picked":["TheCursedMod:HellfireBreathing","TheCursedMod:DoubleShield"],"picked":"TheCursedMod:CursedAmulet","floor":5},{"not_picked":["TheCursedMod:ManaCirculation","TheCursedMod:VitalStrike"],"picked":"TheCursedMod:SurpriseAttack","floor":7},{"not_picked":["TheCursedMod:CursedAmulet","TheCursedMod:WearCloak"],"picked":"TheCursedMod:RavingStaff","floor":10}],"player_experience":1497596,"relics_obtained":[{"floor":7,"key":"Replay:Bandana"},{"floor":10,"key":"ReplayTheSpireMod:Lightbulb"}],"event_choices":[{"cards_removed":["TheCursedMod:VitalStrike"],"damage_healed":0,"gold_gain":0,"player_choice":"Gave Card","damage_taken":0,"relics_obtained":["Replay:PocketPolymizer"],"max_hp_gain":0,"max_hp_loss":0,"event_name":"WeMeetAgain","floor":3,"gold_loss":0}],"is_beta":false,"boss_relics":[],"items_purged_floors":[],"is_endless":false,"potions_floor_spawned":[5,7,10],"killed_by":"3 Sentries","ascension_level":0}}