{"host":"opgesw7sb5n0ordz","time":1609575799,"event":{"mods":["BaseMod","Better Note","Colored Powertips","Minty Spire (QoL Compilation)","Relic Stats","Shedinja","StSLib","Unceasing Turn Reminder"],"gold_per_floor":[111,122,297,297,267,267,285,15,15,39,4,18,18,18,18,142,142,163,163,178,91,91,133,33,66,111,111,111],"floor_reached":27,"playtime":1223,"items_purged":["Doubt","Shedinja:Scratch"],"score":373,"play_id":"777e8454-a727-4b63-8710-f9be7acc0c5c","local_time":"20210102032319","is_ascension_mode":true,"campfire_choices":[{"data":"Metamorphosis","floor":6,"key":"SMITH"},{"data":"Shedinja:FocusSash","floor":13,"key":"SMITH"},{"data":"Shedinja:DoubleTeam","floor":15,"key":"SMITH"}],"circlet_count":0,"master_deck":["Shedinja:Scratch","Shedinja:Scratch","Shedinja:Scratch","Shedinja:Endure","Shedinja:Endure","Shedinja:Endure","Shedinja:Endure","Shedinja:Endure","Shedinja:FocusSash+1","Shedinja:FocusSash","Metamorphosis+1","Shedinja:StruggleBug","Shedinja:Mimic","Shedinja:WillOWisp","Shedinja:DoubleTeam+1","Shedinja:ShadowSneak","Shedinja:GigaDrain","Shedinja:Substitute","Shedinja:WillOWisp","Shedinja:PhantomForce","Shedinja:StruggleBug","Shedinja:BugBuzz","Enlightenment","Shedinja:Trick","Shedinja:Toxic","Shedinja:ArtifactCard+1"],"relics":["Shedinja:WonderGuard","Golden Idol","Sundial","Runic Pyramid","Letter Opener","Singing Bowl","Oddly Smooth Stone"],"acts_visited":["Exordium","TheCity"],"potions_floor_usage":[7,10,10,12,19,23,23,27],"damage_taken":[{"damage":0,"enemies":"Cultist","floor":1,"turns":5},{"damage":0,"enemies":"Small Slimes","floor":2,"turns":3},{"damage":0,"enemies":"2 Louse","floor":7,"turns":5},{"damage":0,"enemies":"Looter","floor":10,"turns":5},{"damage":0,"enemies":"Exordium Thugs","floor":12,"turns":8},{"damage":0,"enemies":"Hexaghost","floor":16,"turns":11},{"damage":0,"enemies":"Shell Parasite","floor":18,"turns":8},{"damage":0,"enemies":"3 Byrds","floor":20,"turns":8},{"damage":0,"enemies":"Slavers","floor":23,"turns":9},{"damage":0,"enemies":"Book of Stabbing","floor":25,"turns":8},{"damage":9,"enemies":"Centurion and Healer","floor":27,"turns":1}],"seed_played":"2809729224866268674","potions_obtained":[{"floor":1,"key":"GamblersBrew"},{"floor":5,"key":"FearPotion"},{"floor":5,"key":"GamblersBrew"},{"floor":10,"key":"DuplicationPotion"},{"floor":19,"key":"ColorlessPotion"},{"floor":19,"key":"Dexterity Potion"},{"floor":19,"key":"Fruit Juice"},{"floor":20,"key":"Block Potion"}],"is_trial":false,"path_per_floor":["M","M","?","?","?","R","M","$","T","M","?","M","R","?","R","B",null,"M","?","M","$","?","E","$","E","T","M"],"character_chosen":"THE_DEFAULT","items_purchased":["Shedinja:DoubleTeam","Shedinja:ShadowSneak","Enlightenment"],"campfire_rested":0,"item_purchase_floors":[8,8,21],"current_hp_per_floor":[1,1,1,1,1,1,1,1,1,1,1,1,1,1,1,1,1,1,1,1,1,1,1,1,1,1,0,0],"gold":111,"neow_bonus":"RANDOM_COLORLESS_2","is_daily":false,"chose_seed":false,"campfire_upgraded":3,"win_rate":0.0,"timestamp":1609575799,"path_taken":["M","M","?","?","?","R","?","$","T","M","?","M","R","?","R","BOSS","M","?","?","?","?","E","?","E","T","?"],"items_purchased_type":["Card","Card","Card"],"build_version":"2020-12-22","purchased_purges":2,"victory":false,"max_hp_per_floor":[1,1,1,1,1,1,1,1,1,1,1,1,1,1,1,1,1,1,1,1,1,1,1,1,1,1,1,1],"relic_stats":{"Singing Bowl":0,"counters":[11,71],"Golden Idol":57,"Sundial":[4],"Letter Opener":[15],"obtain_stats":[{"Singing Bowl":25,"Golden Idol":4,"Sundial":9,"Oddly Smooth Stone":26,"Shedinja:WonderGuard":0,"Letter Opener":23,"Runic Pyramid":17},{"Singing Bowl":10,"Golden Idol":2,"Sundial":3,"Oddly Smooth Stone":10,"Shedinja:WonderGuard":0,"Letter Opener":9,"Runic Pyramid":6},{"Singing Bowl":70,"Golden Idol":8,"Sundial":13,"Oddly Smooth Stone":70,"Shedinja:WonderGuard":0,"Letter Opener":62,"Runic Pyramid":37}]},"card_choices":[{"not_picked":["Magnetism","Mayhem"],"picked":"Metamorphosis","floor":0},{"not_picked":["Shedinja:NightSlash","Shedinja:ShadowBall"],"picked":"Shedinja:StruggleBug","floor":1},{"not_picked":["Shedinja:Thief","Shedinja:GigaDrain"],"picked":"Shedinja:Mimic","floor":2},{"not_picked":["Shedinja:MetalClaw","Shedinja:Harden"],"picked":"Shedinja:WillOWisp","floor":7},{"not_picked":["Shedinja:Harden","Shedinja:MetalClaw"],"picked":"Shedinja:GigaDrain","floor":10},{"not_picked":["Shedinja:SuckerPunch","Shedinja:LumBerry"],"picked":"Shedinja:WillOWisp","floor":12},{"not_picked":["Shedinja:Protect","Shedinja:HYPERBEAM"],"picked":"Shedinja:PhantomForce","floor":16},{"not_picked":["Shedinja:FurySwipes","Shedinja:ShadowBall"],"picked":"Shedinja:StruggleBug","floor":18},{"not_picked":["Shedinja:PowerBelt","Shedinja:NightSlash"],"picked":"Shedinja:BugBuzz","floor":20},{"not_picked":["Shedinja:MindReader","Shedinja:XScissor"],"picked":"Shedinja:Toxic","floor":23},{"not_picked":["Shedinja:ShadowClaw+1","Shedinja:Ether"],"picked":"Shedinja:ArtifactCard+1","floor":25}],"player_experience":683547,"relics_obtained":[{"floor":9,"key":"Sundial"},{"floor":23,"key":"Letter Opener"},{"floor":25,"key":"Singing Bowl"},{"floor":26,"key":"Oddly Smooth Stone"}],"event_choices":[{"damage_healed":0,"gold_gain":175,"player_choice":"AGREE","damage_taken":0,"max_hp_gain":0,"max_hp_loss":0,"event_name":"Liars Game","floor":3,"gold_loss":0,"cards_obtained":["Doubt"]},{"damage_healed":0,"gold_gain":0,"player_choice":"Take Damage","damage_taken":0,"relics_obtained":["Golden Idol"],"max_hp_gain":0,"max_hp_loss":0,"event_name":"Golden Idol","floor":4,"gold_loss":0},{"damage_healed":0,"gold_gain":0,"player_choice":"Bought 2 Potions","damage_taken":0,"max_hp_gain":0,"max_hp_loss":0,"event_name":"The Woman in Blue","floor":5,"gold_loss":0},{"damage_healed":0,"gold_gain":0,"player_choice":"Got Potions","damage_taken":0,"max_hp_gain":0,"max_hp_loss":0,"event_name":"Lab","floor":19,"gold_loss":0},{"damage_healed":0,"gold_gain":0,"player_choice":"Read","damage_taken":0,"max_hp_gain":0,"max_hp_loss":0,"event_name":"The Library","floor":22,"gold_loss":0,"cards_obtained":["Shedinja:Trick"]}],"is_beta":false,"boss_relics":[{"not_picked":["Busted Crown","SacredBark"],"picked":"Runic Pyramid"}],"items_purged_floors":[8,24],"is_endless":false,"potions_floor_spawned":[1,10,20],"killed_by":"Centurion and Healer","ascension_level":2}}