{"host":"464ef02pwgdzxxwi","time":1609573770,"event":{"mods":["AchievementEnabler","BaseMod","Colored Map","Colored Powertips","DeckTracker","Downfall","Highlight Path","Hubris","Infinite Spire","Minty Spire (QoL Compilation)","Quick Restart","Replay The Spire","StSLib","SuperFastMode"],"gold_per_floor":[111,30,30,30,30,47,66,66,66,66,89,89,59,59,59,69,69,169,169,181,196,210,210,210,210],"floor_reached":24,"playtime":835,"items_purged":["Strike_G"],"score":184,"play_id":"44c211d3-f059-4bb0-a55e-42d55329f0b6","local_time":"20210102084930","is_ascension_mode":false,"campfire_choices":[{"data":"ReplayTheSpireMod:Scrap Shanks","floor":8.0,"key":"SMITH"},{"floor":12.0,"key":"REST"},{"floor":15.0,"key":"REST"},{"data":"Infinite Blades","floor":17.0,"key":"SMITH"}],"circlet_count":0,"master_deck":["Strike_G+1","Strike_G","Strike_G","Strike_G","Defend_G+1","Defend_G","Defend_G+1","Defend_G","Defend_G","Survivor+1","Neutralize","Accuracy+1","ReplayTheSpireMod:Scrap Shanks+1","Infinite Blades+1","Hidden Blade","Accuracy"],"relics":["Ring of the Snake","hubris:Icosahedron","Gremlin Food","SlaversCollar","War Paint","Sozu"],"acts_visited":["Exordium","TheCity"],"potions_floor_usage":[22],"damage_taken":[{"damage":5.0,"enemies":"2 Louse","floor":1.0,"turns":4.0},{"damage":0.0,"enemies":"Cultist","floor":6.0,"turns":4.0},{"damage":1.0,"enemies":"Jaw Worm","floor":7.0,"turns":5.0},{"damage":0.0,"enemies":"Looter","floor":13.0,"turns":4.0},{"damage":3.0,"enemies":"Large Slime","floor":16.0,"turns":7.0},{"damage":53.0,"enemies":"Hexaghost","floor":18.0,"turns":14.0},{"damage":20.0,"enemies":"Spheric Guardian","floor":20.0,"turns":5.0},{"damage":31.0,"enemies":"3 Byrds","floor":21.0,"turns":6.0},{"damage":14,"enemies":"Cultist and Chosen","floor":22,"turns":6},{"damage":12,"enemies":"Snecko","floor":24,"turns":3}],"seed_played":"-1565340996283156709","potions_obtained":[{"floor":0.0,"key":"Languid Potion"},{"floor":0.0,"key":"Block Potion"},{"floor":0.0,"key":"Death Potion"},{"floor":20.0,"key":"Explosive Potion"}],"is_trial":false,"path_per_floor":["M","$","PTL","PTL","?","M","M","R","?","?","T","R","M","?","R","M","R","B",null,"M","M","M","AVR","M"],"character_chosen":"THE_SILENT","items_purchased":["Accuracy"],"campfire_rested":2,"item_purchase_floors":[2],"current_hp_per_floor":[65,65,65,65,65,65,64,64,64,64,64,70,70,70,70,67,67,14,70,50,19,5,5,0,0],"gold":210,"neow_bonus":"THREE_SMALL_POTIONS","is_daily":false,"chose_seed":false,"campfire_upgraded":2,"win_rate":0.0,"timestamp":1609573770,"path_taken":["M","$","PTL","PTL","?","?","M","R","?","?","T","R","M","?","R","M","R","BOSS","M","M","?","AVR","M"],"items_purchased_type":["Card"],"build_version":"2020-12-22","purchased_purges":1,"victory":false,"max_hp_per_floor":[70,70,70,70,70,70,70,70,70,70,70,70,70,70,70,70,70,70,70,70,70,70,70,70,70],"card_choices":[{"not_picked":["Slice","Sucker Punch","ReplayTheSpireMod:Exploit Weakness"],"picked":"SKIP","floor":1.0},{"not_picked":["Underhanded Strike","Dagger Spray","Poisoned Stab"],"picked":"SKIP","floor":6.0},{"not_picked":["Catalyst","Poisoned Stab"],"picked":"ReplayTheSpireMod:Scrap Shanks","floor":7.0},{"not_picked":["Outmaneuver","Slice","Flying Knee"],"picked":"SKIP","floor":13.0},{"not_picked":["Hidden Blade","Well Laid Plans"],"picked":"Infinite Blades","floor":16.0},{"not_picked":["Slice+1","Quick Slash","Deadly Poison"],"picked":"SKIP","floor":20.0},{"not_picked":["Acrobatics+1","Endless Agony"],"picked":"Hidden Blade","floor":21.0},{"not_picked":["Blade Dance","Replay:Poison Smokescreen"],"picked":"Accuracy","floor":22}],"player_experience":195024,"relics_obtained":[{"floor":11.0,"key":"Gremlin Food"}],"event_choices":[{"damage_healed":0.0,"max_hp_gain":0.0,"max_hp_loss":0.0,"gold_gain":0.0,"event_name":"Upgrade Shrine","player_choice":"Upgraded","floor":5.0,"gold_loss":0.0,"damage_taken":0.0,"cards_upgraded":["Accuracy"]},{"damage_healed":0.0,"max_hp_gain":0.0,"max_hp_loss":0.0,"gold_gain":0.0,"event_name":"NoteForYourself","player_choice":"Ignored","floor":14.0,"gold_loss":0.0,"damage_taken":0.0}],"is_beta":false,"boss_relics":[{"not_picked":["Replay:Wanted Poster","hubris:RunicObelisk"],"picked":"SlaversCollar"}],"items_purged_floors":[23],"is_endless":false,"potions_floor_spawned":[1,6,7,20],"killed_by":"Snecko","ascension_level":0}}