{"host":"dd2mx3pm3ovi0t1n","time":1609612108,"event":{"mods":["2.2 Compatiblity","AchievementEnabler","Aspiration","BaseMod","Beaked The Cultist","Better Altar","Better Match","Better Note","Better Sensory Stone","Better Skull","Better Third Choice","BetterRewards","Colored Map","Colored Powertips","Conspire","Defuse TimeMaze Blight","Downfall","Energized Spire","Friendly Minions","GifTheSpireLib","Glutton Mod","Gold Saver","Halation","Hermit","Highlight Path","HololiveMod","Hubris","Infinite Spire","Jedi Mod","Jorbs\u0027s Wanderer Trilogy","KomeijiMod","Marisa????????","Marked Mod","Minty Spire (QoL Compilation)","Permanent Neow","Quick Restart","Replay The Spire","Robot Space Explorer","Shop Mod","Spicy Shops","Spikes Relics","StSLib","Stuff the Spire","SuperFastMode","TestMod","The Construct","The Cursed","The Disciple","The Hierophant","The Necromancer","The Runesmith","The Sage","The Servant 0.9.4","Uncapped","Wandering Minibosses","Yuri Mod","vexMod","????"],"gold_per_floor":[813,813,785,795,745,770,770,770,797,797,0,23,44,70,70,179,179,208,208],"floor_reached":18,"playtime":819,"items_purged":["Defend_Remirira"],"score":160,"play_id":"ed220a8b-d2ae-48ab-95c6-58b420031cfd","local_time":"20210102102828","is_ascension_mode":false,"campfire_choices":[{"floor":8.0,"key":"REST"},{"data":"Absorbed","floor":15,"key":"SMITH"}],"circlet_count":0,"master_deck":["Strike_Remiria","Strike_Remiria","Strike_Remiria+1","Defend_Remirira+1","Absorbed","Scratch","Strike_Komeiji","Absorbed+1","Warpath","ServantFlier","FateEnsemble","ScarletDestiny","TricksterDevil","TricksterDevil","FateSonata","FateCollect+1"],"relics":["UnsealingCross","testmod-TestBox","testmod-Temperance","betterThird:SlimedRelic","hubris:DisguiseKit","halation:IllGainedPizza","hubris:Icosahedron","jedi:gremlinknob","Meat on the Bone","MerchantsRug","Replay:Mystery Machine"],"acts_visited":["Exordium","TheCity"],"potions_floor_usage":[16,16],"damage_taken":[{"damage":7.0,"enemies":"Small Slimes","floor":1.0,"turns":3.0},{"damage":5.0,"enemies":"Jaw Worm","floor":4.0,"turns":2.0},{"damage":28.0,"enemies":"3 Sentries","floor":6.0,"turns":7.0},{"damage":5.0,"enemies":"conspire:RoseBush","floor":12.0,"turns":2.0},{"damage":1,"enemies":"2 Fungi Beasts","floor":13,"turns":3},{"damage":19,"enemies":"Slime Boss","floor":16,"turns":6},{"damage":22,"enemies":"conspire:FuzzyDice","floor":18,"turns":6}],"seed_played":"2574329556439784255","potions_obtained":[{"floor":1.0,"key":"Fire Potion"},{"floor":6.0,"key":"champ:CounterPotion"},{"floor":12.0,"key":"LiquidMemories"},{"floor":18,"key":"SpeedPotion"}],"is_trial":false,"path_per_floor":["M","?","?","M","?","E","?","R","T","?","$","M","M","T","R","B",null,"M"],"character_chosen":"RemiriaScarlet","items_purchased":["halation:Thesaurus","Meat on the Bone","MerchantsRug","FateEnsemble","ScarletDestiny"],"campfire_rested":1,"item_purchase_floors":[11,11,11,11,11],"current_hp_per_floor":[93,73,62,57,57,29,29,59,59,59,59,54,53,53,53,56,100,81,81],"gold":208,"neow_bonus":"ONE_RARE_RELIC","is_daily":false,"chose_seed":false,"campfire_upgraded":1,"win_rate":0.0,"timestamp":1609612108,"path_taken":["M","?","?","M","?","E","?","R","T","?","$","?","M","?","R","BOSS","M"],"items_purchased_type":["Relic","Relic","Relic","Card","Card"],"build_version":"2020-12-22","purchased_purges":1,"victory":false,"max_hp_per_floor":[100,100,100,100,100,100,100,100,100,100,100,100,100,100,100,100,100,100,100],"card_choices":[{"not_picked":["CombatMeter","VampireKiss_Remiria"],"picked":"Warpath","floor":1.0},{"not_picked":["CruelSlaughter","Cripple"],"picked":"RocketKickup","floor":4.0},{"not_picked":["Cripple","StigmaNizer"],"picked":"ServantFlier","floor":6.0},{"not_picked":["Rewrite","FateCollect","beaked:MaddeningMurmurs"],"picked":"TricksterDevil","floor":12.0},{"not_picked":["Reaper_Remiria","RocketKickup","beaked:Windmill"],"picked":"TricksterDevil","floor":13},{"not_picked":["RedtheNightlessCastle","Coercion","beaked:FullHouse"],"picked":"FateSonata","floor":16},{"not_picked":["SealingFear","PartStrengthen","beaked:Resilience"],"picked":"FateCollect+1","floor":18}],"player_experience":487228,"relics_obtained":[{"floor":6.0,"key":"halation:AfternoonTea"},{"floor":9.0,"key":"halation:IllGainedPizza"},{"floor":14,"key":"Replay:Mystery Machine"}],"event_choices":[{"damage_healed":93.0,"max_hp_gain":0.0,"max_hp_loss":100.0,"gold_gain":0.0,"event_name":"betterThird:BetterShining","player_choice":"Upgrade","floor":2.0,"gold_loss":0.0,"damage_taken":20.0,"cards_upgraded":["Strike_Remiria","Defend_Remirira"]},{"damage_healed":0.0,"max_hp_gain":0.0,"max_hp_loss":0.0,"gold_gain":0.0,"event_name":"betterThird:BetterGoop","player_choice":"Slimed","floor":3.0,"gold_loss":28.0,"damage_taken":11.0},{"cards_removed":["Strike_Remiria"],"damage_healed":0.0,"max_hp_gain":0.0,"max_hp_loss":0.0,"gold_gain":0.0,"event_name":"The Cleric","player_choice":"Card Removal","floor":5.0,"gold_loss":50.0,"damage_taken":0.0}],"is_beta":false,"boss_relics":[{"not_picked":["Velvet Choker","jedi:battlestandard"],"picked":"UnsealingCross"}],"items_purged_floors":[11],"is_endless":false,"potions_floor_spawned":[1,6,12,18],"killed_by":"conspire:FuzzyDice","ascension_level":0}}