{"host":"e1d4pmcf31bpmsqo","time":1609557267,"event":{"mods":["BaseMod","Better Note","Better Third Choice","Colored Powertips","Disable Question Mark Monsters","Minty Spire (QoL Compilation)","Relic Stats","StSLib"],"gold_per_floor":[112,112,129,142,12,12,46,65,115,148,148,164,196,209,209,281,281,294,294,294,294,344,344,59,90,90,102,162,162,162],"floor_reached":29,"playtime":955,"items_purged":[],"score":716,"play_id":"bf809a12-4201-414a-ba8b-cb3079e903c1","local_time":"20210102141427","is_ascension_mode":true,"campfire_choices":[{"data":"Fasting2","floor":6.0,"key":"SMITH"},{"data":"Eruption","floor":15,"key":"SMITH"},{"data":"Tantrum","floor":23,"key":"SMITH"}],"circlet_count":0,"master_deck":["AscendersBane","Strike_P","Defend_P","Defend_P","Eruption+1","Vigilance","EmptyFist","FollowUp","Fasting2+1","JustLucky","FearNoEvil","FearNoEvil","BowlingBash","Prostrate","FlurryOfBlows","DeusExMachina","MentalFortress+1","BattleHymn+1","Wish+1","EmptyBody","Tantrum+1","Ragnarok","WreathOfFlame+1","Fasting2","Weave","Wireheading","Weave+1"],"relics":["SlaversCollar","White Beast Statue","Pen Nib","Regal Pillow","Meat on the Bone","Astrolabe","OrangePellets","Oddly Smooth Stone","Bag of Preparation","PreservedInsect"],"acts_visited":["Exordium","TheCity"],"potions_floor_usage":[14,18,22,25,27,28,29],"damage_taken":[{"damage":0.0,"enemies":"Cultist","floor":1.0,"turns":3.0},{"damage":0.0,"enemies":"Small Slimes","floor":3.0,"turns":4.0},{"damage":2.0,"enemies":"Jaw Worm","floor":4.0,"turns":3.0},{"damage":8.0,"enemies":"Gremlin Nob","floor":7.0,"turns":3.0},{"damage":9.0,"enemies":"Large Slime","floor":8.0,"turns":4.0},{"damage":10.0,"enemies":"3 Sentries","floor":10.0,"turns":5.0},{"damage":4.0,"enemies":"Blue Slaver","floor":12.0,"turns":3.0},{"damage":0,"enemies":"Gremlin Nob","floor":13,"turns":2},{"damage":16,"enemies":"Exordium Thugs","floor":14,"turns":3},{"damage":0,"enemies":"Slime Boss","floor":16,"turns":3},{"damage":13,"enemies":"2 Thieves","floor":18,"turns":4},{"damage":0,"enemies":"Spheric Guardian","floor":22,"turns":3},{"damage":21,"enemies":"Book of Stabbing","floor":25,"turns":3},{"damage":3,"enemies":"3 Cultists","floor":27,"turns":4},{"damage":33,"enemies":"Gremlin Leader","floor":28,"turns":4},{"damage":14,"enemies":"Shelled Parasite and Fungi","floor":29,"turns":2}],"seed_played":"3947872810299898981","potions_obtained":[{"floor":1.0,"key":"Block Potion"},{"floor":7.0,"key":"Regen Potion"},{"floor":8.0,"key":"CultistPotion"},{"floor":12.0,"key":"Fire Potion"},{"floor":14,"key":"SteroidPotion"},{"floor":18,"key":"DistilledChaos"},{"floor":22,"key":"Fire Potion"},{"floor":25,"key":"SkillPotion"},{"floor":27,"key":"DistilledChaos"},{"floor":28,"key":"SneckoOil"}],"is_trial":false,"path_per_floor":["M","?","M","M","$","R","E","M","T","E","?","M","E","M","R","B",null,"M","?","?","?","M","R","$","E","T","M","E","M"],"character_chosen":"WATCHER","items_purchased":["Fasting2","JustLucky","OrangePellets","Fasting2","Weave"],"campfire_rested":0,"item_purchase_floors":[5,5,24,24,24],"current_hp_per_floor":[61,61,61,59,59,59,51,42,42,32,32,28,28,24,24,36,60,47,47,47,47,47,47,47,38,38,35,14,0,0],"gold":162,"neow_bonus":"BOSS_RELIC","is_daily":false,"chose_seed":false,"campfire_upgraded":3,"win_rate":0.0,"timestamp":1609557267,"path_taken":["M","?","M","M","?","R","E","M","T","E","?","?","E","M","R","BOSS","M","?","?","?","M","R","?","E","T","M","E","M"],"items_purchased_type":["Card","Card","Relic","Card","Card"],"build_version":"2020-12-22","purchased_purges":0,"victory":false,"max_hp_per_floor":[68,68,68,68,68,68,68,68,68,68,68,68,68,68,68,68,68,68,68,68,68,68,68,68,68,68,68,68,68,68],"relic_stats":{"OrangePellets":[4],"Regal Pillow":0,"counters":[16,53],"Astrolabe":["MentalFortress","BattleHymn","Wish"],"Pen Nib":[9],"PreservedInsect":0,"Bag of Preparation":[6],"obtain_stats":[{"SlaversCollar":0,"OrangePellets":24,"Regal Pillow":10,"Astrolabe":17,"Oddly Smooth Stone":25,"Pen Nib":9,"PreservedInsect":28,"Bag of Preparation":26,"PureWater":0,"White Beast Statue":7,"Meat on the Bone":13},{"SlaversCollar":0,"OrangePellets":12,"Regal Pillow":6,"Astrolabe":10,"Oddly Smooth Stone":13,"Pen Nib":5,"PreservedInsect":15,"Bag of Preparation":13,"PureWater":0,"White Beast Statue":4,"Meat on the Bone":8},{"SlaversCollar":0,"OrangePellets":40,"Regal Pillow":22,"Astrolabe":33,"Oddly Smooth Stone":43,"Pen Nib":17,"PreservedInsect":51,"Bag of Preparation":43,"PureWater":0,"White Beast Statue":13,"Meat on the Bone":27}],"Meat on the Bone":48},"card_choices":[{"not_picked":["Swivel","SandsOfTime"],"picked":"EmptyFist","floor":1.0},{"not_picked":["CutThroughFate","JustLucky"],"picked":"FollowUp","floor":3.0},{"not_picked":["SashWhip","PathToVictory","CutThroughFate"],"picked":"SKIP","floor":4.0},{"not_picked":["Sanctity","Protect"],"picked":"FearNoEvil","floor":7.0},{"not_picked":["Adaptation","Omniscience"],"picked":"FearNoEvil","floor":8.0},{"not_picked":["Wallop","Protect"],"picked":"BowlingBash","floor":10.0},{"not_picked":["EmptyBody","LikeWater"],"picked":"Prostrate","floor":12.0},{"not_picked":["Sanctity","EmptyFist","BowlingBash"],"picked":"SKIP","floor":13},{"not_picked":["PathToVictory","ForeignInfluence"],"picked":"FlurryOfBlows","floor":14},{"not_picked":["SpiritShield","Ragnarok"],"picked":"DeusExMachina","floor":16},{"not_picked":["Worship","WindmillStrike"],"picked":"EmptyBody","floor":18},{"not_picked":["CrushJoints","PathToVictory+1"],"picked":"WreathOfFlame+1","floor":22},{"not_picked":["WreathOfFlame","InnerPeace","WheelKick"],"picked":"SKIP","floor":25},{"not_picked":["Crescendo","SandsOfTime"],"picked":"Wireheading","floor":27},{"not_picked":["BowlingBash","Tantrum"],"picked":"Weave+1","floor":28}],"player_experience":1001605,"relics_obtained":[{"floor":7.0,"key":"White Beast Statue"},{"floor":9.0,"key":"Pen Nib"},{"floor":10.0,"key":"Regal Pillow"},{"floor":13,"key":"Meat on the Bone"},{"floor":25,"key":"Oddly Smooth Stone"},{"floor":26,"key":"Bag of Preparation"},{"floor":28,"key":"PreservedInsect"}],"event_choices":[{"damage_healed":0.0,"max_hp_gain":0.0,"max_hp_loss":0.0,"gold_gain":0.0,"event_name":"Match and Keep!","player_choice":"0 cards matched","floor":2.0,"gold_loss":0.0,"damage_taken":0.0,"cards_obtained":[]},{"damage_healed":0.0,"max_hp_gain":0.0,"max_hp_loss":0.0,"gold_gain":0.0,"event_name":"Lab","player_choice":"Got Potions","floor":11.0,"gold_loss":0.0,"damage_taken":0.0},{"damage_healed":0,"gold_gain":0,"cards_transformed":["Defend_P","Strike_P"],"player_choice":"Became Test Subject","damage_taken":0,"max_hp_gain":0,"max_hp_loss":0,"event_name":"Drug Dealer","floor":19,"gold_loss":0,"cards_obtained":["Tantrum","Ragnarok"]},{"damage_healed":0,"gold_gain":0,"player_choice":"Ignored","damage_taken":0,"max_hp_gain":0,"max_hp_loss":0,"event_name":"Ghosts","floor":20,"gold_loss":0},{"damage_healed":0,"gold_gain":0,"player_choice":"Ignored","damage_taken":0,"max_hp_gain":0,"max_hp_loss":0,"event_name":"Vampires","floor":21,"gold_loss":0}],"is_beta":false,"boss_relics":[{"not_picked":["Busted Crown","Snecko Eye"],"picked":"Astrolabe"}],"items_purged_floors":[],"is_endless":false,"potions_floor_spawned":[1,7,8,10,12,13,14,16,18,22,25,27,28],"killed_by":"Shelled Parasite and Fungi","ascension_level":20}}