{"host":"g01l53quoe6lrer0","time":1609598575,"event":{"mods":["2.2 Compatiblity","AchievementEnabler","BaseMod","Colored Map","Highlight Path","Keyboard Shortcuts","Minty Spire (QoL Compilation)","Permanent Neow","Quick Restart","StSLib","SuperFastMode","everything is the same but u backflip on backflip"],"gold_per_floor":[415,428,428,438,0,0,26,26,26,54,54,83,83,99,99,99,99],"floor_reached":16,"playtime":372,"items_purged":["Shame"],"score":130,"play_id":"eb688fce-8216-4aa1-9ec7-0267ef7ce481","local_time":"20210102234255","is_ascension_mode":true,"campfire_choices":[{"data":"Bash","floor":6,"key":"SMITH"},{"data":"Perfected Strike","floor":11,"key":"SMITH"},{"data":"Perfected Strike","floor":15,"key":"SMITH"}],"circlet_count":0,"master_deck":["Strike_R","Strike_R","Strike_R","Strike_R","Strike_R","Defend_R","Defend_R","Defend_R","Defend_R+1","Bash+1","True Grit","Power Through+1","Regret","Feel No Pain","Perfected Strike","Perfected Strike+1","Corruption+1","Seeing Red","Perfected Strike+1"],"relics":["Burning Blood","Old Coin","Sundial","Charon\u0027s Ashes","Kunai","Blue Candle","War Paint","Odd Mushroom"],"acts_visited":["Exordium"],"potions_floor_usage":[7,16],"damage_taken":[{"damage":14,"enemies":"Jaw Worm","floor":1,"turns":3},{"damage":4,"enemies":"Small Slimes","floor":2,"turns":4},{"damage":2,"enemies":"2 Louse","floor":4,"turns":4},{"damage":32,"enemies":"Gremlin Nob","floor":7,"turns":5},{"damage":20,"enemies":"3 Sentries","floor":10,"turns":7},{"damage":1,"enemies":"The Mushroom Lair","floor":12,"turns":3},{"damage":11,"enemies":"Blue Slaver","floor":14,"turns":3},{"damage":26,"enemies":"Slime Boss","floor":16,"turns":8}],"seed_played":"8686249924936203184","potions_obtained":[{"floor":1,"key":"HeartOfIron"},{"floor":2,"key":"SpeedPotion"},{"floor":14,"key":"ColorlessPotion"}],"is_trial":false,"path_per_floor":["M","M","?","M","$","R","E","$","T","E","R","?","?","M","R","B"],"character_chosen":"IRONCLAD","items_purchased":["Charon\u0027s Ashes","Perfected Strike"],"campfire_rested":0,"item_purchase_floors":[5,5],"current_hp_per_floor":[72,74,74,78,78,78,52,52,52,38,38,43,43,38,38,12,12],"gold":99,"neow_bonus":"ONE_RARE_RELIC","is_daily":false,"chose_seed":false,"campfire_upgraded":3,"win_rate":0.0,"timestamp":1609598575,"path_taken":["M","M","?","M","$","R","E","$","T","E","R","?","?","M","R","BOSS"],"items_purchased_type":["Relic","Card"],"build_version":"2020-12-22","purchased_purges":1,"victory":false,"max_hp_per_floor":[80,80,80,80,80,80,80,80,80,80,80,80,80,80,80,80,80],"card_choices":[{"not_picked":["Hemokinesis","Perfected Strike"],"picked":"True Grit","floor":1},{"not_picked":["Shrug It Off","Burning Pact"],"picked":"Power Through","floor":2},{"not_picked":["Heavy Blade","Power Through"],"picked":"Feel No Pain","floor":4},{"not_picked":["Body Slam","Ghostly Armor"],"picked":"Perfected Strike","floor":7},{"not_picked":["Hemokinesis","Combust"],"picked":"Corruption","floor":10},{"not_picked":["Sword Boomerang","Metallicize"],"picked":"Seeing Red","floor":12},{"not_picked":["Havoc","Combust"],"picked":"Perfected Strike","floor":14}],"player_experience":26547,"relics_obtained":[{"floor":7,"key":"Kunai"},{"floor":9,"key":"Blue Candle"},{"floor":10,"key":"War Paint"},{"floor":12,"key":"Odd Mushroom"}],"event_choices":[{"damage_healed":0,"gold_gain":0,"player_choice":"Box","damage_taken":0,"relics_obtained":["Sundial"],"max_hp_gain":0,"max_hp_loss":0,"event_name":"Big Fish","floor":3,"gold_loss":0,"cards_obtained":["Regret"]},{"damage_healed":0,"gold_gain":0,"player_choice":"Fought Mushrooms","damage_taken":0,"max_hp_gain":0,"max_hp_loss":0,"event_name":"Mushrooms","floor":12,"gold_loss":0},{"damage_healed":0,"gold_gain":0,"player_choice":"Grow","damage_taken":0,"max_hp_gain":0,"max_hp_loss":0,"event_name":"Living Wall","floor":13,"gold_loss":0,"cards_upgraded":["Corruption"]}],"is_beta":false,"boss_relics":[],"items_purged_floors":[5],"is_endless":false,"potions_floor_spawned":[1,2,14],"killed_by":"Slime Boss","ascension_level":4}}