{"host":"1cd1aqaox6jesai3","time":1609574860,"event":{"mods":["Act Like it!","Astrologer","Bartender","BaseMod","Colored Powertips","Downfall","Hallownest","Mimic Mod","Minty Spire (QoL Compilation)","StSLib","The Bug Knight","The Construct","The Factory"],"gold_per_floor":[99,99,549,549,549,549,576,576,501,517,545,557,569,566,597,609,609,609],"floor_reached":16,"playtime":755,"items_purged":[],"score":94,"play_id":"41a94593-1824-4715-9807-315efe5cc13f","local_time":"20210102030740","is_ascension_mode":false,"campfire_choices":[{"data":"hexamod:Float","floor":1,"key":"SMITH"},{"data":"1","floor":6,"key":"LIFT"},{"data":"2","floor":9,"key":"LIFT"},{"data":"3","floor":13,"key":"LIFT"}],"circlet_count":0,"master_deck":["hexamod:Strike","hexamod:Strike","hexamod:Strike","hexamod:Strike","hexamod:Defend","hexamod:Defend","hexamod:Defend","hexamod:Defend","hexamod:Sear","hexamod:Float+1","hexamod:GhostOfSpirePast","Slimebound:Icky","Slimebound:Icky","Slimebound:Icky","hexamod:StepThrough","hexamod:EmpoweredFlame","hexamod:VolcanoVisage","hexamod:ThirdSeal","hexamod:DynamicBlow","hexamod:Incineration","hexamod:GhostOfSpirePast"],"relics":["hexamod:SpiritBrand","downfall:HeartsMalice","Girya","downfall:HeartBlessingBlue","MawBank"],"acts_visited":["Exordium"],"potions_floor_usage":[16,16,16],"damage_taken":[{"damage":0,"enemies":"Jaw Worm","floor":2,"turns":1},{"damage":0,"enemies":"2 Louse","floor":5,"turns":1},{"damage":0,"enemies":"Small Slimes","floor":8,"turns":1},{"damage":20,"enemies":"Large Slime","floor":10,"turns":6},{"damage":34,"enemies":"Lagavulin","floor":11,"turns":7},{"damage":0,"enemies":"downfall:FleeingMerchant","floor":14,"turns":4},{"damage":5,"enemies":"2 Fungi Beasts","floor":15,"turns":4},{"damage":23,"enemies":"downfall:Silent","floor":16,"turns":3}],"seed_played":"4892272359475093393","potions_obtained":[{"floor":10,"key":"PowerPotion"},{"floor":11,"key":"CultistPotion"},{"floor":15,"key":"Fire Potion"}],"is_trial":false,"path_per_floor":["R","M","?","T","M","R","T","M","R","M","E","?","R","$","M","B"],"character_chosen":"THE_SPIRIT","items_purchased":[],"campfire_rested":0,"item_purchase_floors":[],"current_hp_per_floor":[70,70,70,70,70,70,70,70,80,60,26,26,26,26,21,0,0,0],"gold":609,"neow_bonus":"THREE_ENEMY_KILL","is_daily":false,"chose_seed":false,"campfire_upgraded":1,"win_rate":0.0,"timestamp":1609574860,"path_taken":["R","M","?","?","M","R","T","M","R","M","E","?","R","$","M","BOSS"],"items_purchased_type":[],"build_version":"2020-12-22","purchased_purges":0,"victory":false,"max_hp_per_floor":[70,70,70,70,70,70,70,70,80,80,80,80,80,80,80,80,80,80],"card_choices":[{"not_picked":["hexamod:ThermalTransfer","hexamod:SpectralAdrenaline"],"picked":"hexamod:GhostOfSpirePast","floor":2},{"not_picked":["hexamod:Again","hexamod:SwordOfDarkness"],"picked":"hexamod:StepThrough","floor":5},{"not_picked":["hexamod:RetreatToShadows","hexamod:NightmareGuise"],"picked":"hexamod:EmpoweredFlame","floor":8},{"not_picked":["hexamod:NightmareStrike","hexamod:ShieldOfDarkness"],"picked":"hexamod:BurningTouch","floor":10},{"not_picked":["hexamod:AdvancingGuard","hexamod:Firestarter"],"picked":"hexamod:VolcanoVisage","floor":11},{"not_picked":["hexamod:ThermalTransfer","hexamod:BacktrackSmack"],"picked":"hexamod:DynamicBlow","floor":14},{"not_picked":["hexamod:GhostLash","hexamod:HeatShield"],"picked":"hexamod:Incineration","floor":14},{"not_picked":["hexamod:FastForward","hexamod:NightmareStrike"],"picked":"hexamod:GhostOfSpirePast","floor":15},{"not_picked":["hexamod:GhostLash","hexamod:InspiringFlames","hexamod:GhostShield"],"picked":"SKIP","floor":15}],"player_experience":139885,"relics_obtained":[{"floor":4,"key":"Girya"},{"floor":11,"key":"MawBank"}],"event_choices":[],"is_beta":false,"boss_relics":[],"items_purged_floors":[],"is_endless":false,"potions_floor_spawned":[10,11,15],"killed_by":"downfall:Silent","ascension_level":0}}