{"host":"oigynbtg272c19pw","time":1609580869,"event":{"mods":["BaseMod","Colored Map","Minty Spire (QoL Compilation)","Relic Stats","StSLib"],"gold_per_floor":[118,118,131,155,155,155,196,4,51,96,96,120,120,143,143,248,248,272,222,256,290,290,290],"floor_reached":22,"playtime":1075,"items_purged":["Strike_G"],"score":388,"play_id":"fb7978d8-8c8d-44d9-bc42-f2ad87ee20b4","local_time":"20210102104749","is_ascension_mode":true,"campfire_choices":[{"data":"Apotheosis","floor":6.0,"key":"SMITH"},{"floor":11.0,"key":"REST"},{"floor":15.0,"key":"REST"}],"circlet_count":0,"master_deck":["AscendersBane","Strike_G","Strike_G","Strike_G","Strike_G","Defend_G","Defend_G","Defend_G","Defend_G","Defend_G","Survivor","Neutralize","Apotheosis+1","Catalyst","Sucker Punch","Poisoned Stab","All Out Attack","Riddle With Holes","Crippling Poison","Well Laid Plans","Blur","Tactician","Malaise","Reflex","Acrobatics","Deadly Poison"],"relics":["Ring of the Snake","Golden Idol","MealTicket","Strawberry","CeramicFish","Potion Belt","Philosopher\u0027s Stone"],"acts_visited":["Exordium","TheCity"],"potions_floor_usage":[20,21],"damage_taken":[{"damage":2.0,"enemies":"Small Slimes","floor":1.0,"turns":4.0},{"damage":4.0,"enemies":"2 Louse","floor":3.0,"turns":4.0},{"damage":0.0,"enemies":"Cultist","floor":4.0,"turns":4.0},{"damage":38.0,"enemies":"3 Sentries","floor":7.0,"turns":9.0},{"damage":36.0,"enemies":"Gremlin Nob","floor":10.0,"turns":5.0},{"damage":0.0,"enemies":"2 Fungi Beasts","floor":12.0,"turns":4.0},{"damage":25.0,"enemies":"Slime Boss","floor":16.0,"turns":8.0},{"damage":22.0,"enemies":"Shell Parasite","floor":18.0,"turns":7.0},{"damage":1,"enemies":"3 Byrds","floor":20,"turns":5},{"damage":22,"enemies":"Centurion and Healer","floor":21,"turns":9},{"damage":18,"enemies":"Shelled Parasite and Fungi","floor":22,"turns":2}],"seed_played":"-5467435055632643995","potions_obtained":[{"floor":3.0,"key":"FairyPotion"},{"floor":7.0,"key":"ColorlessPotion"},{"floor":10.0,"key":"Dexterity Potion"},{"floor":12.0,"key":"Dexterity Potion"},{"floor":20,"key":"LiquidMemories"},{"floor":21,"key":"SteroidPotion"}],"is_trial":false,"path_per_floor":["M","?","M","M","?","R","E","$","T","E","R","M","?","T","R","B",null,"M","?","M","M","M"],"character_chosen":"THE_SILENT","items_purchased":["Crippling Poison","Well Laid Plans"],"campfire_rested":2,"item_purchase_floors":[8,8],"current_hp_per_floor":[57,54,50,50,50,50,12,27,34,18,36,36,41,41,60,35,58,36,36,35,13,0,0],"gold":290,"neow_bonus":"RANDOM_COLORLESS_2","is_daily":false,"chose_seed":false,"campfire_upgraded":1,"win_rate":0.0,"timestamp":1609580869,"path_taken":["M","?","M","M","?","R","E","$","T","E","R","?","?","?","R","BOSS","M","?","M","M","M"],"items_purchased_type":["Card","Card"],"build_version":"2020-12-13","purchased_purges":1,"victory":false,"max_hp_per_floor":[60,54,54,54,54,54,54,54,61,61,61,61,66,66,66,66,66,66,66,66,66,66,66],"relic_stats":{"counters":[11,61],"Golden Idol":58,"CeramicFish":54,"MealTicket":15,"obtain_stats":[{"Potion Belt":14,"Golden Idol":2,"Strawberry":9,"CeramicFish":10,"MealTicket":7,"Philosopher\u0027s Stone":17,"Ring of the Snake":0},{"Potion Belt":6,"Golden Idol":1,"Strawberry":4,"CeramicFish":5,"MealTicket":4,"Philosopher\u0027s Stone":7,"Ring of the Snake":0},{"Potion Belt":30,"Golden Idol":4,"Strawberry":21,"CeramicFish":26,"MealTicket":21,"Philosopher\u0027s Stone":38,"Ring of the Snake":0}],"Ring of the Snake":[22]},"card_choices":[{"not_picked":["Sadistic Nature","HandOfGreed"],"picked":"Apotheosis","floor":0.0},{"not_picked":["Escape Plan","Tactician"],"picked":"Catalyst","floor":1.0},{"not_picked":["Outmaneuver","Dagger Throw"],"picked":"Sucker Punch","floor":3.0},{"not_picked":["Bane","Expertise"],"picked":"Poisoned Stab","floor":4.0},{"not_picked":["Endless Agony","Slice"],"picked":"Riddle With Holes","floor":7.0},{"not_picked":["Slice","Quick Slash"],"picked":"Blur","floor":10.0},{"not_picked":["Deflect","Noxious Fumes"],"picked":"Tactician","floor":12.0},{"not_picked":["Tools of the Trade","Doppelganger"],"picked":"Malaise","floor":16.0},{"not_picked":["Dodge and Roll","Deadly Poison"],"picked":"Reflex","floor":18.0},{"not_picked":["Bane","Dagger Spray+1"],"picked":"Acrobatics","floor":20},{"not_picked":["Dagger Throw","Acrobatics"],"picked":"Deadly Poison","floor":21}],"player_experience":1330955,"relics_obtained":[{"floor":7.0,"key":"MealTicket"},{"floor":9.0,"key":"Strawberry"},{"floor":10.0,"key":"CeramicFish"},{"floor":14.0,"key":"Potion Belt"}],"event_choices":[{"damage_healed":0.0,"max_hp_gain":0.0,"max_hp_loss":6.0,"gold_gain":0.0,"event_name":"Golden Idol","player_choice":"Lose Max HP","floor":2.0,"gold_loss":0.0,"damage_taken":0.0,"relics_obtained":["Golden Idol"]},{"damage_healed":0.0,"max_hp_gain":0.0,"max_hp_loss":0.0,"gold_gain":0.0,"event_name":"Match and Keep!","player_choice":"1 cards matched","floor":5.0,"gold_loss":0.0,"damage_taken":0.0,"cards_obtained":["All Out Attack"]},{"damage_healed":0.0,"max_hp_gain":5.0,"max_hp_loss":0.0,"gold_gain":0.0,"event_name":"Big Fish","player_choice":"Donut","floor":13.0,"gold_loss":0.0,"damage_taken":0.0},{"damage_healed":0.0,"max_hp_gain":0.0,"max_hp_loss":0.0,"gold_gain":0.0,"event_name":"The Joust","player_choice":"Bet on Murderer","floor":19.0,"gold_loss":50.0,"damage_taken":0.0}],"is_beta":false,"boss_relics":[{"not_picked":["Runic Pyramid","Calling Bell"],"picked":"Philosopher\u0027s Stone"}],"items_purged_floors":[8],"is_endless":false,"potions_floor_spawned":[3,7,10,12,20,21],"killed_by":"Shelled Parasite and Fungi","ascension_level":20}}