{"host":"e8tokx78z9vc2suo","time":1609597128,"event":{"mods":["Act Like it!","Aspiration","BaseMod","Colored Powertips","Conspire","Gensokyo","Hallownest","HololiveMod","KinomotoSakuraMod(木之本樱)","Koishi","Lobotomy","LobotomyExtend","Marisa（F雨　魔理沙）","Minty Spire (QoL Compilation)","MostiFishMod","Pale of the Ancients","Prisma Mod","Reimu（博丽灵梦）","Remilia（蕾米莉亚）","Replay The Spire","RumiaBox-露米娅的神秘盒子","SIMod","StSLib","TestMod","The Administrix","The Animator","The Bug Knight","Yakumo Yukari mod","Youmu（魂魄妖梦）","vexMod","【遗物卡牌】REMEMod"],"gold_per_floor":[112,112,7,7,18,18,31,31,54,69,85,112,124,124,124,224,224,244,244,261,273,273,304,304,314,314,329,345,345,345,365,365,466,466,476,476,489,489,64,92,92,121,121,181,196,196,231,249,249,249,249,249,98,130,130],"floor_reached":56,"playtime":2934,"items_purged":["Strike_RM"],"score":1524,"play_id":"36147bef-35da-48d1-be27-fe27faa13860","local_time":"20210102221848","is_ascension_mode":false,"campfire_choices":[{"data":"TwelveNightmare","floor":6,"key":"SMITH"},{"floor":15,"key":"RECALL"},{"data":"MastersStateliness","floor":24,"key":"SMITH"},{"data":"KillingBlow","floor":32,"key":"SMITH"},{"data":"ChaoticDestiny","floor":41,"key":"SMITH"},{"data":"Catalyst","floor":49,"key":"SMITH"},{"data":"Atom Bomb","floor":52,"key":"SMITH"}],"circlet_count":0,"master_deck":["LongBird","BlueStar","Woodsman","DespairKnight","Mercenary","Septette","VoidDream","LeisurelyOfLord+1","TwelveNightmare+1","RedRainbow","Pain","NightLord+1","PunishingBird","VampirishNight","MHz","MastersStateliness","OSAHOGD","TricksterDevil","EquivalentExchange","SnowQueen","BlasphemousPunishment","NightDance+1","SpiderBud","MastersStateliness+1","CharismaGuard","BlasphemousPunishment","ReincarnationDial+1","KillingBlow+1","Gensokyo:ShootingStar","ChaoticDestiny+1","BombardNight","ScarletDream","Catalyst+1","Dash","Atom Bomb+1","Regret","BlasphemousPunishment","FitfulNightmare","BloodyTrap","ScarletSymphony+1","ReplayTheSpireMod:Splinters","HellCatastrophe","BloodAndWine+1","KillingBlow+1","ScarletMeister+1","TricksterDevil","TricksterDevil","HeartBreak","KillingBlow","ForecastOfChange","BlackArmy","BlasphemousPunishment+1","NothingThere","BlasphemousPunishment+1"],"relics":["ScarletHat","testmod-TestBox","DaveBox","REME_ComplimentaryCards","testmod-HarvestTotem","SentryEyes","CogitoBucket","RabbitCall","SynthV:TestCard","War Paint","Gensokyo:LunaticRedEyes","LuminousBracelet","testmod-InfectionSource","testmod-TimeTraveler","LetterFromLob","testmod-ThousandKnives","Gensokyo:RedStar","WantedRequest","SwordSharpenedByTears_r","Pet Ghost","SkinProphecy","testmod-IndustrialRevolution","Heaven_r","Logging_r","SoundOfStar_r","testmod-CardMagician","HellTrain","AtMidnight","testmod-RealStoneCalender","ReplayTheSpireMod:CursedCoin","ReplayTheSpireMod:Ninjato","ReplayTheSpireMod:TigerMarble","Incense Burner","GodSword3","Boot","SumBook","Justitia_r","Toy Ornithopter","Nunchaku"],"acts_visited":["Gensokyo:Gensokyo","Gensokyo:Gensokyoer","Gensokyo:Gensokyoest","TheEnding"],"potions_floor_usage":[],"damage_taken":[{"damage":0,"enemies":"Gensokyo:3_Fairies","floor":1,"turns":2},{"damage":0,"enemies":"Gensokyo:2_Kodama","floor":5,"turns":1},{"damage":0,"enemies":"Gensokyo:Python","floor":7,"turns":2},{"damage":0,"enemies":"Gensokyo:Gryphon_and_Rabbit","floor":10,"turns":4},{"damage":4,"enemies":"Gensokyo:Kitsune","floor":11,"turns":2},{"damage":0,"enemies":"Gensokyo:VengefulSpirit","floor":13,"turns":2},{"damage":114,"enemies":"Gensokyo:Yukari","floor":16,"turns":13},{"damage":5,"enemies":"Gensokyo:Chomper","floor":18,"turns":4},{"damage":17,"enemies":"Gensokyo:AngelMirror","floor":20,"turns":4},{"damage":13,"enemies":"Gensokyo:Chomper_and_Gloop","floor":21,"turns":4},{"damage":103,"enemies":"Gensokyo:Tenshi","floor":23,"turns":5},{"damage":18,"enemies":"Gensokyo:Monolith_and_Dog","floor":25,"turns":3},{"damage":59,"enemies":"Gensokyo:Slime_Group","floor":27,"turns":5},{"damage":23,"enemies":"Gensokyo:Wraith","floor":28,"turns":5},{"damage":13,"enemies":"Gensokyo:Reisen","floor":29,"turns":4},{"damage":73,"enemies":"Gensokyo:Swordslinger","floor":31,"turns":9},{"damage":84,"enemies":"Gensokyo:Eiki","floor":33,"turns":6},{"damage":43,"enemies":"Gensokyo:3_Bats","floor":35,"turns":6},{"damage":10,"enemies":"Gensokyo:3_Boulders","floor":37,"turns":1},{"damage":51,"enemies":"Gensokyo:Kasen","floor":40,"turns":2},{"damage":25,"enemies":"Gensokyo:Doremy","floor":42,"turns":3},{"damage":24,"enemies":"Gensokyo:SeedOfUnknown","floor":45,"turns":2},{"damage":11,"enemies":"Gensokyo:Kasen","floor":47,"turns":3},{"damage":8,"enemies":"Gensokyo:Rafflesia","floor":48,"turns":2},{"damage":86,"enemies":"Gensokyo:Scarlet_Devils","floor":50,"turns":3},{"damage":85,"enemies":"Shield and Spear","floor":54,"turns":4},{"damage":199,"enemies":"The Heart","floor":55,"turns":4}],"seed_played":"3797088324540800423","potions_obtained":[{"floor":5,"key":"GamblersBrew"},{"floor":7,"key":"Strength Potion"},{"floor":11,"key":"MagicPotion:ReiMu"}],"is_trial":false,"path_per_floor":["M","?","COS","?","M","R","M","?","T","M","M","T","M","?","R","B",null,"M","?","M","M","?","E","R","M","T","M","M","E","?","M","R","B",null,"M","?","M","?","$","E","R","E","T","?","M","T","E","M","R","B",null,"R","$","E","B",null],"character_chosen":"REMILIA","items_purchased":["ReplayTheSpireMod:CursedCoin","ReplayTheSpireMod:Ninjato","ReplayTheSpireMod:TigerMarble","BlasphemousPunishment","FitfulNightmare","Toy Ornithopter"],"campfire_rested":0,"item_purchase_floors":[39,39,39,39,39,53],"current_hp_per_floor":[150,150,150,120,120,120,120,120,120,120,122,122,180,180,180,174,180,175,175,180,175,175,157,157,161,161,180,175,186,186,186,186,284,284,288,173,215,215,215,268,268,277,277,277,293,293,298,300,300,302,302,302,302,304,306],"gold":130,"neow_bonus":"","is_daily":false,"chose_seed":false,"campfire_upgraded":6,"win_rate":0.0,"timestamp":1609597128,"path_taken":["M","?","COS","?","?","R","M","?","T","M","M","?","?","?","R","BOSS","M","?","?","M","?","E","R","M","T","?","M","E","?","M","R","BOSS","M","?","M","?","$","E","R","E","T","?","M","?","E","M","R","BOSS","R","$","E","BOSS"],"items_purchased_type":["Relic","Relic","Relic","Card","Card","Relic"],"build_version":"2020-12-22","purchased_purges":1,"victory":true,"max_hp_per_floor":[150,150,150,150,150,150,150,150,150,150,150,150,180,180,180,180,180,180,180,180,180,180,180,180,180,180,182,184,186,186,188,188,284,284,288,288,290,290,290,292,292,294,294,294,296,296,298,300,300,302,302,302,302,304,306],"card_choices":[{"not_picked":["BeautyBeast","LongBird"],"picked":"VoidDream","floor":1},{"not_picked":["BombardNight","VampireFantasy"],"picked":"LeisurelyOfLord","floor":1},{"not_picked":["Scorched","GalaxyChild"],"picked":"DespairKnight","floor":5},{"not_picked":["DiffusionOfMisfortune","MastersStateliness","BlasphemousPunishment","RedMagic"],"picked":"TwelveNightmare","floor":5},{"not_picked":["FairyFestival","Mercenary","OldLady"],"picked":"Singing Bowl","floor":7},{"not_picked":["StarOfDavid","VampireClaw","SuperhumanBloodyKnife","RedMagic"],"picked":"RedRainbow","floor":7},{"not_picked":["RedRainbow+1","UnstableMagic+1","EndlessAdversity+1","CharismaGuard+1"],"picked":"NightLord+1","floor":10},{"not_picked":["CherryBlossoms","Murderer","GalaxyChild"],"picked":"Singing Bowl","floor":10},{"not_picked":["OSAHOGD","ShyLook"],"picked":"PunishingBird","floor":10},{"not_picked":["RedRainbow","DevilSight","ScarletDevil","CharismaGuard"],"picked":"VampirishNight","floor":10},{"not_picked":["OldLady","Funeral"],"picked":"MHz","floor":11},{"not_picked":["VampireKiss","UnderTheZenith","EndlessAdversity","BloodHunter"],"picked":"MastersStateliness","floor":11},{"not_picked":["WhitesApple","BlackSwan"],"picked":"OSAHOGD","floor":13},{"not_picked":["BloodHunter","MillenniumVampire","ScarletDevil","RedMagic"],"picked":"TricksterDevil","floor":13},{"not_picked":["CherryBlossoms","Murderer"],"picked":"Mercenary","floor":16},{"not_picked":["ChaoticDestiny","BloodySeventeenLaser","TransientEternity","CeilingFear"],"picked":"EquivalentExchange","floor":16},{"not_picked":["FairyFestival","Wellcheers"],"picked":"SnowQueen","floor":18},{"not_picked":["SuperhumanBloodyKnife","ScarletDevil","ScarletImprint","BloodHunter+1"],"picked":"BlasphemousPunishment","floor":18},{"not_picked":["Murderer","Scorched","SingingMachine"],"picked":"Singing Bowl","floor":20},{"not_picked":["FavorOfDestiny","RedMagic","ScarletImprint","UnstableMagic"],"picked":"NightDance+1","floor":20},{"not_picked":["CherryBlossoms","BlackSwan"],"picked":"SpiderBud","floor":21},{"not_picked":["DiffusionOfMisfortune","UnderTheZenith","EndlessAdversity","BloodHunter"],"picked":"MastersStateliness","floor":21},{"not_picked":["GreedKing","MeatLantern","UniverseFragment"],"picked":"Singing Bowl","floor":23},{"not_picked":["TwelveNightmare","UnstableMagic","HeartBreak","ScarletSymphony"],"picked":"MastersStateliness","floor":23},{"not_picked":["CrumblingArmor","FairyFestival"],"picked":"BlueStar","floor":25},{"not_picked":["VampireClaw+1","RedRainbow","ScarletGensokyo+1","ScarletDevil+1"],"picked":"CharismaGuard","floor":25},{"not_picked":["Scorched","MeatLantern","BlackArmy"],"picked":"Singing Bowl","floor":27},{"not_picked":["Stigmanizer","NightDance+1","BombardNight","ScarletCoffin"],"picked":"BlasphemousPunishment","floor":27},{"not_picked":["OldLady","Freischutz"],"picked":"Woodsman","floor":28},{"not_picked":["UnderTheZenith","BloodyTrap","EndlessAdversity","FavorOfDestiny+1"],"picked":"ReincarnationDial+1","floor":28},{"not_picked":["GreedKing","LittleHelper","ShyLook"],"picked":"Singing Bowl","floor":31},{"not_picked":["QueenOfHatred","CherryBlossoms"],"picked":"LongBird","floor":31},{"not_picked":["BlasphemousPunishment","SuperhumanBloodyKnife","ScarletSymphony","ScarletDevil"],"picked":"KillingBlow","floor":31},{"not_picked":["LittlePrince","Bloodbath","LaLuna"],"picked":"Singing Bowl","floor":33},{"not_picked":[],"picked":"Gensokyo:ShootingStar","floor":33},{"not_picked":["ScarletCoffin","CurseOfVladTepes","EquivalentExchange","HellCatastrophe"],"picked":"ChaoticDestiny","floor":33},{"not_picked":["Rudolta","MeatLantern","FieryBird"],"picked":"Singing Bowl","floor":35},{"not_picked":["NightDance","EndlessAdversity+1","VampireKiss","UnderTheZenith+1"],"picked":"BombardNight","floor":35},{"not_picked":["CherryBlossoms","UniverseFragment","FairyFestival"],"picked":"Singing Bowl","floor":37},{"not_picked":["HunterOfTheNight","RedMagic","ScarletGensokyo+1","RedRainbow+1"],"picked":"ScarletDream","floor":37},{"not_picked":["FieryBird","LittlePrince","NakedNest"],"picked":"Singing Bowl","floor":40},{"not_picked":["BombardNight","StarOfDavid+1","ScarletDevilSign","EndlessAdversity"],"picked":"BloodyTrap","floor":40},{"not_picked":["WhiteNight","Murderer","Porccubus"],"picked":"Singing Bowl","floor":42},{"not_picked":["NightDance","RedMagic+1","EndlessAdversity+1","VampireKiss"],"picked":"ScarletSymphony+1","floor":42},{"not_picked":["CharismaGuard+1","VampireFantasy+1","RedRainbow","ScarletImprint"],"picked":"HellCatastrophe","floor":44},{"not_picked":["Variant","DreamingCurrent","SilentOrchestra"],"picked":"Singing Bowl","floor":45},{"not_picked":["ScarletImprint+1","ScarletDream","CharismaGuard+1","BlasphemousPunishment"],"picked":"BloodAndWine+1","floor":45},{"not_picked":["Scarecrow","SilentOrchestra"],"picked":"MeltingLove","floor":47},{"not_picked":["ScarletDevil+1","RedMagic+1","MastersStateliness","MiserableFate+1"],"picked":"ForecastOfChange","floor":47},{"not_picked":["Scorched","HeroicMonk","NakedNest"],"picked":"Singing Bowl","floor":48},{"not_picked":["ShyLook","NothingThere"],"picked":"BlackArmy","floor":48},{"not_picked":["AfternoonTea+1","MiserableFate+1","DiffusionOfMisfortune+1","VampireKiss+1"],"picked":"BlasphemousPunishment+1","floor":48},{"not_picked":["GalaxyChild","NakedNest","BigBadWolf"],"picked":"Singing Bowl","floor":54},{"not_picked":["GalaxyChild","LittleHelper"],"picked":"NothingThere","floor":54},{"not_picked":["VampireFantasy","DiffusionOfMisfortune+1","CharismaGuard","StarOfDavid"],"picked":"BlasphemousPunishment+1","floor":54}],"player_experience":280037,"relics_obtained":[{"floor":1,"key":"SynthV:TestCard"},{"floor":9,"key":"Replay:Baseball"},{"floor":20,"key":"LetterFromLob"},{"floor":23,"key":"Pet Ghost"},{"floor":26,"key":"testmod-IndustrialRevolution"},{"floor":35,"key":"AtMidnight"},{"floor":42,"key":"Incense Burner"},{"floor":43,"key":"GodSword3"},{"floor":46,"key":"Boot"},{"floor":47,"key":"SumBook"},{"floor":54,"key":"Nunchaku"}],"event_choices":[{"damage_healed":0,"gold_gain":0,"player_choice":"Swap Relic","damage_taken":0,"relics_obtained":["testmod-InfectionSource"],"max_hp_gain":0,"max_hp_loss":0,"event_name":"给自己的盒子","floor":14,"relics_lost":["Replay:Baseball"],"gold_loss":0}],"is_beta":false,"boss_relics":[{"not_picked":["Runic Pyramid","ReplayTheSpireMod:DimensionalGlitch"],"picked":"testmod-TimeTraveler"},{"not_picked":["Tiny House","testmod-IncinerationGenerator"],"picked":"testmod-CardMagician"}],"items_purged_floors":[39],"is_endless":false,"potions_floor_spawned":[5,7,11,18,25,29,31,33,37,42,47,54],"ascension_level":0}}