{"host":"dakcvogui7vuc6hc","time":1609580437,"event":{"mods":["AchievementEnabler","BaseMod","Bestiary","Colored Powertips","Highlight Path","Minty Spire (QoL Compilation)","Permanent Neow","Quick Restart"],"gold_per_floor":[130,162,193,193,230,324,324,374,374,404,438,438,470,480,480,480,480],"floor_reached":16,"playtime":999,"items_purged":[],"score":125,"play_id":"84495ac3-0d00-4b31-bbe2-1b48065e8059","local_time":"20210102014037","is_ascension_mode":true,"campfire_choices":[{"floor":7.0,"key":"REST"},{"floor":12.0,"key":"REST"},{"data":"Terror","floor":15.0,"key":"SMITH"}],"circlet_count":0,"master_deck":["Strike_G","Strike_G","Strike_G","Strike_G","Defend_G","Defend_G","Defend_G","Defend_G","Defend_G","Survivor","Neutralize","Shame","HandOfGreed","Poisoned Stab","Cloak And Dagger","Storm of Steel","Blade Dance","All Out Attack","Finisher","Blade Dance","Terror+1","Well Laid Plans"],"relics":["Ring of the Snake","Smiling Mask","Snake Skull","Unceasing Top"],"acts_visited":["Exordium"],"potions_floor_usage":[],"damage_taken":[{"damage":0.0,"enemies":"Small Slimes","floor":1.0,"turns":2.0},{"damage":0.0,"enemies":"Jaw Worm","floor":2.0,"turns":3.0},{"damage":1.0,"enemies":"2 Louse","floor":3.0,"turns":3.0},{"damage":18.0,"enemies":"Large Slime","floor":5.0,"turns":7.0},{"damage":31.0,"enemies":"3 Sentries","floor":6.0,"turns":9.0},{"damage":21.0,"enemies":"Gremlin Nob","floor":8.0,"turns":6.0},{"damage":0.0,"enemies":"Blue Slaver","floor":11.0,"turns":3.0},{"damage":0.0,"enemies":"Exordium Thugs","floor":13.0,"turns":2.0},{"damage":6.0,"enemies":"3 Louse","floor":14.0,"turns":2.0},{"damage":35,"enemies":"Slime Boss","floor":16,"turns":7}],"seed_played":"-887297549336326661","potions_obtained":[{"floor":1.0,"key":"GhostInAJar"},{"floor":13.0,"key":"Dexterity Potion"}],"is_trial":false,"path_per_floor":["M","M","M","?","M","E","R","E","T","?","M","R","M","M","R","B"],"character_chosen":"THE_SILENT","items_purchased":[],"campfire_rested":2,"item_purchase_floors":[],"current_hp_per_floor":[70,70,69,69,51,20,41,20,20,20,20,41,41,35,35,0,0],"gold":480,"neow_bonus":"RANDOM_COLORLESS_2","is_daily":false,"chose_seed":false,"campfire_upgraded":1,"win_rate":0.0,"timestamp":1609580437,"path_taken":["M","M","M","?","M","E","R","E","T","?","M","R","M","M","R","BOSS"],"items_purchased_type":[],"build_version":"2020-12-22","purchased_purges":0,"victory":false,"max_hp_per_floor":[70,70,70,70,70,70,70,70,70,70,70,70,70,70,70,70,70],"card_choices":[{"not_picked":["Secret Weapon","Magnetism"],"picked":"HandOfGreed","floor":0.0},{"not_picked":["Prepared","Endless Agony"],"picked":"Poisoned Stab","floor":1.0},{"not_picked":["Outmaneuver","Deadly Poison","Acrobatics"],"picked":"SKIP","floor":2.0},{"not_picked":["Masterful Stab","Dodge and Roll"],"picked":"Cloak And Dagger","floor":3.0},{"not_picked":["Dash","Blur"],"picked":"Blade Dance","floor":5.0},{"not_picked":["Dagger Spray","Envenom"],"picked":"All Out Attack","floor":6.0},{"not_picked":["Crippling Poison","Predator"],"picked":"Finisher","floor":8.0},{"not_picked":["Deadly Poison","Outmaneuver"],"picked":"Blade Dance","floor":11.0},{"not_picked":["Poisoned Stab","Prepared"],"picked":"Terror","floor":13.0},{"not_picked":["Dodge and Roll","Quick Slash"],"picked":"Well Laid Plans","floor":14.0}],"player_experience":199735,"relics_obtained":[{"floor":6.0,"key":"Smiling Mask"},{"floor":8.0,"key":"Snake Skull"}],"event_choices":[{"damage_healed":0.0,"max_hp_gain":0.0,"max_hp_loss":0.0,"gold_gain":0.0,"cards_transformed":["Strike_G"],"event_name":"Living Wall","player_choice":"Change","floor":4.0,"gold_loss":0.0,"damage_taken":0.0,"cards_obtained":["Storm of Steel"]},{"damage_healed":0.0,"max_hp_gain":0.0,"max_hp_loss":0.0,"gold_gain":30.0,"event_name":"Dead Adventurer","player_choice":"Searched \u00272\u0027 times","floor":10.0,"gold_loss":0.0,"damage_taken":0.0,"relics_obtained":["Unceasing Top"]}],"is_beta":false,"boss_relics":[],"items_purged_floors":[],"is_endless":false,"potions_floor_spawned":[1,13],"killed_by":"Slime Boss","ascension_level":2}}