{"host":"w9yruvs4bqht6bhw","time":1609614798,"event":{"mods":["BaseMod","Colored Powertips","Minty Spire (QoL Compilation)"],"gold_per_floor":[109,109,119,119,119,156,168,194,274,321,349,361,389,44,44,149,149,161,176,191,205,46,46,46,63,63,63,63,80,80,80,80],"floor_reached":31,"playtime":1334,"items_purged":["Strike_R"],"score":367,"play_id":"5f2ece58-74ed-44ca-acc5-00e2f4b3be2c","local_time":"20210102141318","is_ascension_mode":true,"campfire_choices":[{"data":"Anger","floor":7,"key":"SMITH"},{"data":"Cleave","floor":12,"key":"SMITH"},{"data":"Exhume","floor":15,"key":"SMITH"},{"data":"Havoc","floor":23,"key":"SMITH"},{"data":"Pummel","floor":30,"key":"SMITH"}],"circlet_count":0,"master_deck":["Strike_R","Strike_R","Defend_R","Defend_R","Defend_R","Defend_R","Bash","Anger+1","Cleave+1","Thunderclap","Pummel+1","Havoc+1","Exhume+1","Pummel","Reaper","Havoc+1","True Grit+1","Havoc+1","Feel No Pain","Ghostly Armor","Second Wind","Necronomicurse"],"relics":["Burning Blood","NeowsBlessing","MawBank","Dead Branch","Meat on the Bone","HornCleat","Bag of Preparation","SacredBark","GremlinMask","Smiling Mask","Necronomicon"],"acts_visited":["Exordium","TheCity"],"potions_floor_usage":[13,13,13,13,16,16,16,20,21,25],"damage_taken":[{"damage":0,"enemies":"2 Louse","floor":1,"turns":1},{"damage":0,"enemies":"Jaw Worm","floor":3,"turns":1},{"damage":0,"enemies":"3 Sentries","floor":6,"turns":1},{"damage":1,"enemies":"Cultist","floor":8,"turns":3},{"damage":32,"enemies":"Gremlin Nob","floor":10,"turns":4},{"damage":10,"enemies":"Large Slime","floor":11,"turns":3},{"damage":5,"enemies":"Gremlin Gang","floor":13,"turns":4},{"damage":40,"enemies":"The Guardian","floor":16,"turns":7},{"damage":48,"enemies":"Shell Parasite","floor":18,"turns":7},{"damage":8,"enemies":"Chosen","floor":19,"turns":4},{"damage":25,"enemies":"Centurion and Healer","floor":20,"turns":4},{"damage":34,"enemies":"Shelled Parasite and Fungi","floor":21,"turns":5},{"damage":52,"enemies":"Snake Plant","floor":25,"turns":8},{"damage":24,"enemies":"Snecko","floor":29,"turns":6},{"damage":32,"enemies":"Shelled Parasite and Fungi","floor":31,"turns":6}],"seed_played":"-4045113654272090578","potions_obtained":[{"floor":3,"key":"Dexterity Potion"},{"floor":8,"key":"EntropicBrew"},{"floor":11,"key":"Fire Potion"},{"floor":16,"key":"FairyPotion"},{"floor":19,"key":"PowerPotion"},{"floor":20,"key":"Weak Potion"},{"floor":29,"key":"SpeedPotion"}],"is_trial":false,"path_per_floor":["M","?","M","?","?","E","R","M","T","E","M","R","M","$","R","B",null,"M","M","M","M","$","R","?","M","T","?","?","M","R","M"],"character_chosen":"IRONCLAD","items_purchased":["Pummel","Bag of Preparation","Strength Potion","Feel No Pain","Ghostly Armor","Energy Potion"],"campfire_rested":0,"item_purchase_floors":[14,14,14,22,22,22],"current_hp_per_floor":[78,71,77,77,65,71,71,76,76,50,58,58,59,59,59,37,69,39,49,42,30,30,30,30,50,50,50,34,32,32,0,0],"gold":80,"neow_bonus":"THREE_ENEMY_KILL","is_daily":false,"chose_seed":false,"campfire_upgraded":5,"win_rate":0.0,"timestamp":1609614798,"path_taken":["M","?","M","?","?","E","R","M","T","E","M","R","?","?","R","BOSS","M","M","M","M","$","R","?","?","T","?","?","M","R","M"],"items_purchased_type":["Card","Relic","Potion","Card","Card","Potion"],"build_version":"2020-12-22","purchased_purges":1,"victory":false,"max_hp_per_floor":[80,80,80,80,80,80,80,80,80,80,80,80,80,80,80,80,80,80,80,80,80,80,80,80,80,80,80,80,80,80,80,80],"card_choices":[{"not_picked":["Armaments","Warcry"],"picked":"Anger","floor":1},{"not_picked":["Dark Embrace","Feel No Pain"],"picked":"Cleave","floor":3},{"not_picked":["Headbutt","Iron Wave"],"picked":"Thunderclap","floor":6},{"not_picked":["Brutality","Clothesline"],"picked":"Pummel","floor":8},{"not_picked":["Armaments","Perfected Strike"],"picked":"Havoc","floor":10},{"not_picked":["Sword Boomerang","Searing Blow","Wild Strike"],"picked":"SKIP","floor":11},{"not_picked":["Power Through","Seeing Red"],"picked":"Exhume","floor":13},{"not_picked":["Offering","Brutality"],"picked":"Reaper","floor":16},{"not_picked":["Shrug It Off","Hemokinesis+1"],"picked":"Havoc+1","floor":18},{"not_picked":["Cleave","Bloodletting","Iron Wave"],"picked":"SKIP","floor":19},{"not_picked":["Perfected Strike","Sever Soul"],"picked":"True Grit+1","floor":20},{"not_picked":["Flame Barrier+1","Searing Blow"],"picked":"Havoc+1","floor":21},{"not_picked":["Reckless Charge+1","Heavy Blade"],"picked":"Second Wind","floor":25},{"not_picked":["Bloodletting","Iron Wave","Armaments"],"picked":"SKIP","floor":29}],"player_experience":260130,"relics_obtained":[{"floor":6,"key":"Dead Branch"},{"floor":9,"key":"Meat on the Bone"},{"floor":10,"key":"HornCleat"},{"floor":26,"key":"Smiling Mask"},{"floor":28,"key":"Necronomicon"}],"event_choices":[{"cards_removed":["Strike_R"],"damage_healed":0,"gold_gain":0,"player_choice":"Card Removal","damage_taken":7,"max_hp_gain":0,"max_hp_loss":0,"event_name":"Golden Wing","floor":2,"gold_loss":0},{"damage_healed":0,"gold_gain":0,"player_choice":"Ignored","damage_taken":0,"max_hp_gain":0,"max_hp_loss":0,"event_name":"Liars Game","floor":4,"gold_loss":0},{"damage_healed":0,"gold_gain":0,"player_choice":"Success","damage_taken":12,"relics_obtained":["MawBank"],"max_hp_gain":0,"max_hp_loss":0,"event_name":"Scrap Ooze","floor":5,"gold_loss":0},{"damage_healed":0,"gold_gain":0,"player_choice":"Trade","damage_taken":0,"relics_obtained":["GremlinMask"],"max_hp_gain":0,"max_hp_loss":0,"event_name":"FaceTrader","floor":24,"gold_loss":0},{"cards_removed":["Strike_R"],"damage_healed":0,"gold_gain":0,"player_choice":"Elegance","damage_taken":0,"max_hp_gain":0,"max_hp_loss":0,"event_name":"Back to Basics","floor":27,"gold_loss":0},{"damage_healed":0,"gold_gain":0,"player_choice":"Obtained Book","damage_taken":16,"max_hp_gain":0,"max_hp_loss":0,"event_name":"Cursed Tome","floor":28,"gold_loss":0}],"is_beta":false,"boss_relics":[{"not_picked":["Calling Bell","Pandora\u0027s Box"],"picked":"SacredBark"}],"items_purged_floors":[14],"is_endless":false,"potions_floor_spawned":[3,8,11,16,19,20,29],"killed_by":"Shelled Parasite and Fungi","ascension_level":7}}