{"host":"82vjcvwyw2j7afb1","time":1609601017,"event":{"mods":["BaseMod","Colored Map","DeckTracker","Keyboard Shortcuts","Minty Spire (QoL Compilation)","Permanent Neow","Quick Restart","StSLib","SuperFastMode","everything is the same but u backflip on backflip"],"gold_per_floor":[109,109,124,140,71,71,85,85,109,109,125,125,50,83,83,181,181,200,216,27,45,61,61,72,72,120,120,140,153,165,191,191,295,295,314,330,26,26,38,38,49,49,102,102,118,129,129,164,164,164],"floor_reached":51,"playtime":2623,"items_purged":["Strike_G"],"score":801,"play_id":"2bd25ba8-523c-47ba-8ab2-1b0ec7a1b351","local_time":"20210103002337","is_ascension_mode":true,"campfire_choices":[{"data":"Neutralize","floor":6.0,"key":"SMITH"},{"data":"Terror","floor":8.0,"key":"SMITH"},{"floor":10.0,"key":"REST"},{"data":"Infinite Blades","floor":15.0,"key":"SMITH"},{"data":"Accuracy","floor":23.0,"key":"SMITH"},{"data":"Well Laid Plans","floor":25.0,"key":"SMITH"},{"data":"Cloak And Dagger","floor":27.0,"key":"SMITH"},{"floor":32.0,"key":"REST"},{"floor":40.0,"key":"REST"},{"data":"Adrenaline","floor":44.0,"key":"SMITH"},{"data":"Cloak And Dagger","floor":47,"key":"SMITH"},{"floor":49,"key":"REST"}],"circlet_count":0,"master_deck":["Strike_G","Defend_G","Defend_G","Defend_G","Survivor","Neutralize+1","Cloak And Dagger+1","Infinite Blades+1","Terror+1","Backflip","Well Laid Plans+1","Escape Plan","Storm of Steel+1","Dodge and Roll+1","Night Terror+1","Tactician","Cloak And Dagger+1","Accuracy+1","Blade Dance","Infinite Blades+1","Backstab","Prepared","Corpse Explosion","Adrenaline+1","Blade Dance+1","Accuracy+1","Prepared+1","Blur+1"],"relics":["Ring of the Snake","Dream Catcher","Orichalcum","Astrolabe","Ancient Tea Set","Snake Skull","Matryoshka","Black Star","Paper Crane","Oddly Smooth Stone","Centennial Puzzle","Darkstone Periapt","Art of War"],"acts_visited":["Exordium","TheCity","TheBeyond"],"potions_floor_usage":[45,48,50,50],"damage_taken":[{"damage":1.0,"enemies":"2 Louse","floor":1.0,"turns":3.0},{"damage":0.0,"enemies":"Cultist","floor":3.0,"turns":3.0},{"damage":0.0,"enemies":"Small Slimes","floor":4.0,"turns":3.0},{"damage":20.0,"enemies":"Gremlin Gang","floor":7.0,"turns":6.0},{"damage":5.0,"enemies":"Exordium Thugs","floor":11.0,"turns":5.0},{"damage":4.0,"enemies":"Lagavulin","floor":14.0,"turns":8.0},{"damage":15.0,"enemies":"The Guardian","floor":16.0,"turns":13.0},{"damage":4.0,"enemies":"Shell Parasite","floor":18.0,"turns":5.0},{"damage":1.0,"enemies":"Chosen","floor":19.0,"turns":5.0},{"damage":8.0,"enemies":"Centurion and Healer","floor":21.0,"turns":6.0},{"damage":6.0,"enemies":"Cultist and Chosen","floor":22.0,"turns":5.0},{"damage":0.0,"enemies":"Snecko","floor":24.0,"turns":3.0},{"damage":4.0,"enemies":"Snake Plant","floor":28.0,"turns":2.0},{"damage":15.0,"enemies":"Sentry and Sphere","floor":29.0,"turns":4.0},{"damage":15.0,"enemies":"Shelled Parasite and Fungi","floor":30.0,"turns":4.0},{"damage":9.0,"enemies":"Book of Stabbing","floor":31.0,"turns":3.0},{"damage":18.0,"enemies":"Collector","floor":33.0,"turns":5.0},{"damage":0.0,"enemies":"3 Darklings","floor":35.0,"turns":1.0},{"damage":20.0,"enemies":"3 Shapes","floor":36.0,"turns":4.0},{"damage":3.0,"enemies":"Sphere and 2 Shapes","floor":39.0,"turns":3.0},{"damage":3.0,"enemies":"4 Shapes","floor":41.0,"turns":3.0},{"damage":5,"enemies":"Spire Growth","floor":45,"turns":2},{"damage":4,"enemies":"Transient","floor":46,"turns":5},{"damage":6,"enemies":"Nemesis","floor":48,"turns":3},{"damage":42,"enemies":"Donu and Deca","floor":50,"turns":8}],"seed_played":"-768901969157045960","potions_obtained":[{"floor":1.0,"key":"SpeedPotion"},{"floor":7.0,"key":"CunningPotion"},{"floor":11.0,"key":"DuplicationPotion"},{"floor":16.0,"key":"Explosive Potion"},{"floor":21.0,"key":"AttackPotion"},{"floor":22.0,"key":"GamblersBrew"},{"floor":30.0,"key":"Swift Potion"},{"floor":31.0,"key":"Block Potion"},{"floor":33.0,"key":"Swift Potion"},{"floor":35.0,"key":"Strength Potion"},{"floor":38.0,"key":"Explosive Potion"},{"floor":41.0,"key":"SteroidPotion"},{"floor":46,"key":"Weak Potion"}],"is_trial":false,"path_per_floor":["M","?","M","M","$","R","M","R","T","R","M","?","$","E","R","B",null,"M","M","$","M","M","R","M","R","T","R","M","M","M","E","R","B",null,"M","M","$","?","M","R","M","$","T","R","M","M","R","E","R","B",null],"character_chosen":"THE_SILENT","items_purchased":["Terror","Accuracy","Ancient Tea Set","Paper Crane","Fire Potion"],"campfire_rested":4,"item_purchase_floors":[5,20,20,37,37],"current_hp_per_floor":[69,69,69,69,69,69,49,49,49,70,65,65,65,61,61,46,70,66,65,65,57,51,51,51,51,51,51,47,32,17,8,29,11,70,70,50,50,50,47,68,65,65,65,65,60,56,56,50,70,28],"gold":164,"neow_bonus":"THREE_CARDS","is_daily":false,"chose_seed":false,"campfire_upgraded":8,"win_rate":0.0,"timestamp":1609601017,"path_taken":["M","?","?","M","?","R","M","R","T","R","?","?","$","E","R","BOSS","M","M","$","M","M","R","M","R","T","R","M","?","M","E","R","BOSS","M","M","$","?","M","R","M","$","T","R","?","M","R","E","R","BOSS"],"items_purchased_type":["Card","Card","Relic","Relic","Potion"],"build_version":"2020-12-22","purchased_purges":1,"victory":true,"max_hp_per_floor":[70,70,70,70,70,70,70,70,70,70,70,70,70,70,70,70,70,70,70,70,70,70,70,70,70,70,70,70,70,70,70,70,70,70,70,70,70,70,70,70,70,70,70,70,70,70,70,70,70,70],"card_choices":[{"not_picked":["Heel Hook","Masterful Stab"],"picked":"Cloak And Dagger","floor":0.0},{"not_picked":["Crippling Poison","Underhanded Strike","Dash"],"picked":"SKIP","floor":1.0},{"not_picked":["Cloak And Dagger","Dash"],"picked":"Infinite Blades","floor":3.0},{"not_picked":["Infinite Blades","Dagger Throw","Prepared"],"picked":"SKIP","floor":4.0},{"not_picked":["Bouncing Flask","Underhanded Strike","Dodge and Roll"],"picked":"SKIP","floor":7.0},{"not_picked":["Dagger Spray","Acrobatics"],"picked":"Backflip","floor":11.0},{"not_picked":["Leg Sweep","Eviscerate"],"picked":"Escape Plan","floor":14.0},{"not_picked":["PiercingWail","Sucker Punch"],"picked":"Tactician","floor":18.0},{"not_picked":["Terror","Underhanded Strike+1"],"picked":"Cloak And Dagger","floor":19.0},{"not_picked":["Acrobatics+1","Deadly Poison"],"picked":"Blade Dance","floor":21.0},{"not_picked":["Caltrops+1","Dagger Throw"],"picked":"Infinite Blades+1","floor":22.0},{"not_picked":["Dagger Spray","Backflip","Quick Slash"],"picked":"SKIP","floor":24.0},{"not_picked":["Underhanded Strike","Bane"],"picked":"Backstab","floor":28.0},{"not_picked":["Underhanded Strike","Outmaneuver+1","Deflect+1"],"picked":"SKIP","floor":29.0},{"not_picked":["Acrobatics","Dagger Spray"],"picked":"Prepared","floor":30.0},{"not_picked":["Endless Agony+1","Catalyst"],"picked":"Corpse Explosion","floor":31.0},{"not_picked":["Night Terror","Venomology"],"picked":"Adrenaline","floor":33.0},{"not_picked":["Leg Sweep","Flying Knee+1","Infinite Blades+1"],"picked":"SKIP","floor":35.0},{"not_picked":["Quick Slash+1","Underhanded Strike"],"picked":"Blade Dance+1","floor":36.0},{"not_picked":["Underhanded Strike","Noxious Fumes+1","Deflect"],"picked":"SKIP","floor":39.0},{"not_picked":["Heel Hook","Noxious Fumes","Quick Slash"],"picked":"SKIP","floor":41.0},{"not_picked":["Finisher+1","All Out Attack+1","Flying Knee"],"picked":"SKIP","floor":45},{"not_picked":["Backflip+1","Catalyst+1"],"picked":"Accuracy+1","floor":46},{"not_picked":["Acrobatics+1","Deflect+1"],"picked":"Prepared+1","floor":48},{"not_picked":["All Out Attack+1","Endless Agony"],"picked":"Blur+1","floor":49}],"player_experience":47603,"relics_obtained":[{"floor":9.0,"key":"Dream Catcher"},{"floor":14.0,"key":"Orichalcum"},{"floor":26.0,"key":"Snake Skull"},{"floor":31.0,"key":"Matryoshka"},{"floor":43.0,"key":"Oddly Smooth Stone"},{"floor":43.0,"key":"Centennial Puzzle"},{"floor":48,"key":"Darkstone Periapt"},{"floor":48,"key":"Art of War"}],"event_choices":[{"cards_removed":["Defend_G"],"damage_healed":0.0,"max_hp_gain":0.0,"max_hp_loss":0.0,"gold_gain":0.0,"event_name":"Bonfire Elementals","player_choice":"Offered Basic","floor":2.0,"gold_loss":0.0,"damage_taken":0.0},{"damage_healed":0.0,"max_hp_gain":0.0,"max_hp_loss":0.0,"gold_gain":0.0,"cards_transformed":["Defend_G"],"event_name":"Transmorgrifier","player_choice":"Transformed","floor":12.0,"gold_loss":0.0,"damage_taken":0.0,"cards_obtained":["Well Laid Plans"]},{"damage_healed":0.0,"max_hp_gain":0.0,"max_hp_loss":0.0,"gold_gain":0.0,"event_name":"Lab","player_choice":"Got Potions","floor":38.0,"gold_loss":0.0,"damage_taken":0.0}],"is_beta":false,"boss_relics":[{"not_picked":["Runic Dome","HoveringKite"],"picked":"Astrolabe"},{"not_picked":["Cursed Key","Pandora\u0027s Box"],"picked":"Black Star"}],"items_purged_floors":[13],"is_endless":false,"potions_floor_spawned":[1,7,11,16,21,22,30,31,33,35,41,46],"ascension_level":3}}