{"host":"kev6uqotw4tlyx8l","time":1609604732,"event":{"mods":["Act Like it!","Aspiration","BaseMod","Colored Powertips","Dota2Spire","Downfall","Hallownest","Infinite Spire","Marisa????????","Minty Spire (QoL Compilation)","Quick Restart","Remilia??????","Replay The Spire","StSLib","The Cursed","The Marked","The Mystic","The Servant 0.9.4"],"gold_per_floor":[113,113,125,140,41,68,44,44,121,121,25,25,35,47,47,146,146,164,164,164,198,198,198,198,213,237,237,237,250,269,304,304,304,304],"floor_reached":33,"playtime":745,"items_purged":[],"score":245,"play_id":"ea248551-6293-44ad-a0df-725aaae27d74","local_time":"20210102232532","is_ascension_mode":false,"campfire_choices":[{"data":"WitchLeyline","floor":10,"key":"SMITH"},{"data":"6A","floor":10,"key":"SMITH"},{"data":"NonDirectionalLaser","floor":12,"key":"SMITH"},{"data":"NonDirectionalLaser","floor":12,"key":"SMITH"},{"data":"Finesse","floor":15,"key":"SMITH"},{"data":"EarthLightRay","floor":15,"key":"SMITH"},{"data":"PropBag","floor":23,"key":"SMITH"},{"data":"JA","floor":23,"key":"SMITH"},{"data":"NonDirectionalLaser","floor":28,"key":"SMITH"},{"data":"ShootTheMoon","floor":28,"key":"SMITH"},{"floor":32,"key":"REST"}],"circlet_count":0,"master_deck":["Strike_MRS","Strike_MRS","Strike_MRS","Strike_MRS","Defend_MRS","Defend_MRS","Defend_MRS","Defend_MRS","MasterSpark","UpSweep+1","SuperPerseids","6A+1","NonDirectionalLaser+1","ShootTheMoon+1","WitchLeyline+1","NonDirectionalLaser+1","WitchLeyline","Finesse+1","EarthLightRay+1","NonDirectionalLaser+1","JA+1","PropBag+1","RitualDagger","PropBag+1","6A+1","MagicAbsorber","JA","ShootTheMoon+1"],"relics":["MiniHakkero","NeowsBlessing","Matryoshka","Replay:Arrowhead","Replay:Wax Seal","Sundial","Black Star","ReplayTheSpireMod:Ring of Challenge","ReplayTheSpireMod:Ring of Exchange","MutagenicStrength","MealTicket","Anchor","Toy Ornithopter","Blue Candle","Red Mask","Mercury Hourglass","AmplifyWand"],"acts_visited":["Exordium","TheCity"],"potions_floor_usage":[6,16,16,25],"damage_taken":[{"damage":0,"enemies":"Jaw Worm","floor":1,"turns":1},{"damage":0,"enemies":"Cultist","floor":3,"turns":1},{"damage":0,"enemies":"Small Slimes","floor":4,"turns":1},{"damage":15,"enemies":"3 Sentries","floor":6,"turns":5},{"damage":5,"enemies":"3 Louse","floor":13,"turns":3},{"damage":5,"enemies":"Looter","floor":14,"turns":2},{"damage":12,"enemies":"Slime Boss","floor":16,"turns":7},{"damage":12,"enemies":"Chosen","floor":18,"turns":3},{"damage":21,"enemies":"3 Byrds","floor":21,"turns":3},{"damage":0,"enemies":"Centurion and Healer","floor":25,"turns":3},{"damage":6,"enemies":"Snecko","floor":29,"turns":4},{"damage":23,"enemies":"Snake Plant","floor":30,"turns":3},{"damage":0,"enemies":"Masked Bandits","floor":31,"turns":3},{"damage":73,"enemies":"Collector","floor":33,"turns":6}],"seed_played":"244337792232456094","potions_obtained":[{"floor":1,"key":"BlessingOfTheForge"},{"floor":3,"key":"Venom Potion"},{"floor":6,"key":"Swift Potion"},{"floor":13,"key":"LiquidMemories"},{"floor":21,"key":"Dexterity Potion"}],"is_trial":false,"path_per_floor":["M","?","M","M","$","E","$","?","T","R","$","R","M","M","R","B",null,"M","?","?","M","?","R","?","M","T","AVR","R","M","M","?","R","B"],"character_chosen":"MARISA","items_purchased":["ShootTheMoon","WitchLeyline","WitchLeyline","Finesse"],"campfire_rested":1,"item_purchase_floors":[5,5,7,11],"current_hp_per_floor":[75,75,75,75,75,60,60,60,60,60,60,60,55,54,54,48,75,63,63,57,42,42,42,42,42,42,42,42,42,19,25,47,0,0],"gold":304,"neow_bonus":"THREE_ENEMY_KILL","is_daily":false,"chose_seed":false,"campfire_upgraded":10,"win_rate":0.0,"timestamp":1609604732,"path_taken":["M","?","?","M","$","E","$","?","T","R","$","R","M","M","R","BOSS","M","?","?","?","?","R","?","M","T","AVR","R","?","M","?","R","BOSS"],"items_purchased_type":["Card","Card","Card","Card"],"build_version":"2020-12-22","purchased_purges":0,"victory":false,"max_hp_per_floor":[75,75,75,75,75,75,75,75,75,75,75,75,75,75,75,75,75,75,75,75,75,75,75,75,75,75,75,75,75,75,75,75,75,75],"card_choices":[{"not_picked":["MysteriousBeam","NonDirectionalLaser"],"picked":"SuperPerseids","floor":1},{"not_picked":["MysteriousBeam","DoubleSpark"],"picked":"6A","floor":3},{"not_picked":["GrandCross","MysteriousBeam"],"picked":"NonDirectionalLaser","floor":4},{"not_picked":["AlicesGift","AsteroidBelt"],"picked":"NonDirectionalLaser","floor":6},{"not_picked":["EscapeVelocity","LuminesStrike"],"picked":"EarthLightRay","floor":13},{"not_picked":["AsteroidBelt","SporeBomb"],"picked":"NonDirectionalLaser","floor":14},{"not_picked":["SatelliteIllusion","StarDustReverie"],"picked":"JA","floor":16},{"not_picked":["GrandCross","IllusionStar"],"picked":"PropBag","floor":18},{"not_picked":["DoubleSpark","SprinkleStarSeal"],"picked":"PropBag+1","floor":21},{"not_picked":["WitchOfGreed","MilkyWay"],"picked":"6A+1","floor":25},{"not_picked":["ChargingUp","GrandCross"],"picked":"MagicAbsorber","floor":29},{"not_picked":["WitchLeyline","GalacticHalo"],"picked":"JA","floor":30},{"not_picked":["OortCloud","ChargingUp+1"],"picked":"ShootTheMoon+1","floor":31}],"player_experience":61748,"relics_obtained":[{"floor":6,"key":"Matryoshka"},{"floor":8,"key":"Replay:Arrowhead"},{"floor":9,"key":"Replay:Wax Seal"},{"floor":9,"key":"Sundial"},{"floor":19,"key":"ReplayTheSpireMod:Ring of Challenge"},{"floor":19,"key":"ReplayTheSpireMod:Ring of Exchange"},{"floor":26,"key":"Anchor"},{"floor":26,"key":"Toy Ornithopter"},{"floor":31,"key":"Red Mask"}],"event_choices":[{"damage_healed":0,"gold_gain":0,"player_choice":"Upgraded","damage_taken":0,"max_hp_gain":0,"max_hp_loss":0,"event_name":"Upgrade Shrine","floor":2,"gold_loss":0,"cards_upgraded":["UpSweep"]},{"damage_healed":0,"gold_gain":0,"player_choice":"Joined the Cult","damage_taken":6,"max_hp_gain":0,"max_hp_loss":0,"event_name":"Nest","floor":20,"gold_loss":0,"cards_obtained":["RitualDagger"]},{"damage_healed":0,"gold_gain":0,"player_choice":"Inject Mutagens","damage_taken":0,"relics_obtained":["MutagenicStrength"],"max_hp_gain":0,"max_hp_loss":0,"event_name":"Drug Dealer","floor":22,"gold_loss":0},{"damage_healed":0,"gold_gain":0,"player_choice":"Fought Bandits","damage_taken":0,"max_hp_gain":0,"max_hp_loss":0,"event_name":"Masked Bandits","floor":31,"gold_loss":0}],"is_beta":false,"boss_relics":[{"not_picked":["aspiration:DefectSkillbook","infinitespire:Cupcake"],"picked":"Black Star"}],"items_purged_floors":[],"is_endless":false,"potions_floor_spawned":[1,3,6,13,21],"killed_by":"Collector","ascension_level":0}}