{"host":"7hpq7e8rzvzbnf1s","time":1609570087,"event":{"mods":["Arknights The Spire","BaseMod","Minty Spire (QoL Compilation)","Quick Restart","StSLib","Waifu the Spire"],"gold_per_floor":[116,136,136,148,148,166,166,195,242,242,258,276,276,28,28,28,28],"floor_reached":16,"playtime":675,"items_purged":[],"score":102,"play_id":"fa9230e7-2580-46dc-8ce1-b70a9199f00f","local_time":"20210102144807","is_ascension_mode":false,"campfire_choices":[{"floor":7,"key":"REST"},{"data":"ats:Soul Rend","floor":10,"key":"SMITH"},{"data":"ats:Soul Rend","floor":15,"key":"SMITH"}],"circlet_count":0,"master_deck":["ats:Strike G","ats:Strike S","ats:Strike V","ats:Armor Crushing Shot","ats:Defend","ats:Defend","ats:Defend","ats:Defend","ats:Emotion Absorption","ats:Soul Rend+1","ats:Cat Scratch","ats:Soul Rend+1","ats:Cat Scratch","ats:Powerful Strike","ats:Apocalypse","ats:Chain Hook","ats:Shell Defense","ats:Rat Pack"],"relics":["ats:Sanity","Darkstone Periapt","ats:Originium","MealTicket","Gremlin Horn"],"acts_visited":["Exordium"],"potions_floor_usage":[16,16,16],"damage_taken":[{"damage":2,"enemies":"Small Slimes","floor":1,"turns":4},{"damage":6,"enemies":"Jaw Worm","floor":2,"turns":3},{"damage":3,"enemies":"Cultist","floor":4,"turns":5},{"damage":15,"enemies":"2 Fungi Beasts","floor":6,"turns":5},{"damage":39,"enemies":"Lagavulin","floor":8,"turns":9},{"damage":18,"enemies":"3 Louse","floor":11,"turns":5},{"damage":27,"enemies":"Exordium Thugs","floor":12,"turns":5},{"damage":97,"enemies":"Hexaghost","floor":16,"turns":16}],"seed_played":"-7173714705021951127","potions_obtained":[{"floor":2,"key":"LiquidBronze"},{"floor":6,"key":"EssenceOfSteel"},{"floor":11,"key":"AttackPotion"}],"is_trial":false,"path_per_floor":["M","M","?","M","?","M","R","E","T","R","M","M","?","$","R","B"],"character_chosen":"DOCTOR_CLASS","items_purchased":["Gremlin Horn"],"campfire_rested":1,"item_purchase_floors":[14],"current_hp_per_floor":[51,47,40,45,27,24,45,26,26,26,21,9,9,24,24,0,0],"gold":28,"neow_bonus":"THREE_RARE_CARDS","is_daily":false,"chose_seed":false,"campfire_upgraded":2,"win_rate":0.0,"timestamp":1609570087,"path_taken":["M","M","?","M","?","M","R","E","T","R","M","M","?","$","R","BOSS"],"items_purchased_type":["Relic"],"build_version":"2020-12-22","purchased_purges":0,"victory":false,"max_hp_per_floor":[72,72,72,72,72,72,72,72,72,72,72,72,72,72,72,72,72],"card_choices":[{"not_picked":["ats:Roar Of Ursus","ats:Ambush"],"picked":"ats:Soul Rend","floor":0},{"not_picked":["ats:Consecutive Shot Auto","ats:Leaping Hammer"],"picked":"ats:Cat Scratch","floor":1},{"not_picked":["ats:Curse Doll","ats:Consecutive Shot Auto"],"picked":"ats:Soul Rend","floor":2},{"not_picked":["ats:Directed Diagnosis","ats:Leaping Hammer"],"picked":"ats:Cat Scratch","floor":4},{"not_picked":["ats:Directed Diagnosis","ats:Charging Defense"],"picked":"ats:Powerful Strike","floor":6},{"not_picked":["ats:Burning Ground","ats:Volcano"],"picked":"ats:Apocalypse","floor":8},{"not_picked":["ats:Leaping Hammer","ats:Hook Shot"],"picked":"ats:Chain Hook","floor":11},{"not_picked":["ats:Leaping Hammer","ats:Explosion Area Strengthen"],"picked":"ats:Shell Defense","floor":12}],"player_experience":187526,"relics_obtained":[{"floor":8,"key":"ats:Originium"},{"floor":8,"key":"MealTicket"}],"event_choices":[{"cards_removed":["ats:Strike C"],"damage_healed":0,"gold_gain":0,"player_choice":"Card Removal","damage_taken":7,"max_hp_gain":0,"max_hp_loss":0,"event_name":"Golden Wing","floor":3,"gold_loss":0},{"damage_healed":0,"gold_gain":0,"player_choice":"Success","damage_taken":18,"relics_obtained":["Darkstone Periapt"],"max_hp_gain":0,"max_hp_loss":0,"event_name":"Scrap Ooze","floor":5,"gold_loss":0},{"damage_healed":0,"gold_gain":0,"player_choice":"1 cards matched","damage_taken":0,"max_hp_gain":0,"max_hp_loss":0,"event_name":"Match and Keep!","floor":13,"gold_loss":0,"cards_obtained":["ats:Rat Pack"]}],"is_beta":false,"boss_relics":[],"items_purged_floors":[],"is_endless":false,"potions_floor_spawned":[2,6,11,12],"killed_by":"Hexaghost","ascension_level":0}}