{"host":"minbhrtlkaoly5f0","time":1609583003,"event":{"mods":["Act Like it!","BaseMod","Colored Map","Colored Powertips","Lobotomy","LobotomyExtend","Luminous","Minty Spire (QoL Compilation)","Quick Restart","StSLib"],"gold_per_floor":[114,1,19,19,34,34,34,34],"floor_reached":7,"playtime":197,"items_purged":["Strike_R"],"score":41,"play_id":"a5cf3e42-fbec-4b61-a3e6-19514256e79e","local_time":"20210102182323","is_ascension_mode":false,"campfire_choices":[{"floor":6,"key":"RECALL"}],"circlet_count":0,"master_deck":["Strike_R","Strike_R","Strike_R","Strike_R","Defend_R","Defend_R","Defend_R","Defend_R","Bash","FieryBird","Armaments","Inflame","CrumblingArmor","Flex","FairyFestival","Rupture"],"relics":["Burning Blood","CogitoBucket","LetterFromLob","Golden Idol"],"acts_visited":["Exordium"],"potions_floor_usage":[],"damage_taken":[{"damage":6,"enemies":"Cultist","floor":1,"turns":3},{"damage":0,"enemies":"Small Slimes","floor":3,"turns":3},{"damage":13,"enemies":"Jaw Worm","floor":5,"turns":3},{"damage":85,"enemies":"3 Sentries","floor":7,"turns":5}],"seed_played":"4552640624061753861","potions_obtained":[],"is_trial":false,"path_per_floor":["M","$","M","?","M","R","E"],"character_chosen":"IRONCLAD","items_purchased":["Inflame"],"campfire_rested":0,"item_purchase_floors":[2],"current_hp_per_floor":[80,80,80,74,67,67,0,0],"gold":34,"neow_bonus":"","is_daily":false,"chose_seed":false,"campfire_upgraded":0,"win_rate":0.0,"timestamp":1609583003,"path_taken":["M","$","?","?","M","R","E"],"items_purchased_type":["Card"],"build_version":"2020-12-22","purchased_purges":1,"victory":false,"max_hp_per_floor":[80,80,80,74,74,74,74,74],"card_choices":[{"not_picked":["Bloodbath","LittleHelper"],"picked":"FieryBird","floor":1},{"not_picked":["Headbutt","Pommel Strike"],"picked":"Armaments","floor":1},{"not_picked":["SpiderBud","UniverseFragment","OldLady"],"picked":"Singing Bowl","floor":3},{"not_picked":["MeatLantern","OldLady"],"picked":"CrumblingArmor","floor":3},{"not_picked":["Armaments","Ghostly Armor"],"picked":"Flex","floor":3},{"not_picked":["BlueStar","HappyTeddy","ShyLook"],"picked":"Singing Bowl","floor":5},{"not_picked":["PunishingBird","HappyTeddy"],"picked":"FairyFestival","floor":5},{"not_picked":["Fire Breathing","Headbutt"],"picked":"Rupture","floor":5}],"player_experience":11941,"relics_obtained":[{"floor":1,"key":"LetterFromLob"}],"event_choices":[{"damage_healed":0,"gold_gain":0,"player_choice":"Lose Max HP","damage_taken":0,"relics_obtained":["Golden Idol"],"max_hp_gain":0,"max_hp_loss":6,"event_name":"Golden Idol","floor":4,"gold_loss":0}],"is_beta":false,"boss_relics":[],"items_purged_floors":[2],"is_endless":false,"potions_floor_spawned":[],"killed_by":"3 Sentries","ascension_level":0}}