{"host":"t4bl6qmmsws2mq4o","time":1609567686,"event":{"mods":["AchievementEnabler","BaseMod","Better Note","Downfall","GifTheSpireLib","Hermit","Melee Mod","Minty Spire (QoL Compilation)","Replay The Spire","StSLib","The Alterego","The Jungle","The Marked"],"gold_per_floor":[111,111,286,286,306,336,347,23,23,23,48,66,121,132,145,160,160,160,160],"floor_reached":18,"playtime":717,"items_purged":["Doubt"],"score":114,"play_id":"86ccf1b6-709e-41ff-8850-d5a5e39f5fed","local_time":"20210101220806","is_ascension_mode":false,"campfire_choices":[{"data":"Creative AI","floor":17,"key":"SMITH"}],"circlet_count":0,"master_deck":["Strike_B","Strike_B","Strike_B","Strike_B","Defend_B","Defend_B","Defend_B","Defend_B","Zap+1","Dualcast","Go for the Eyes","Sickly","Stack","Melter","Conserve Battery","Creative AI+1","BasicCrystalCard","Conserve Battery","Beam Cell","Defragment"],"relics":["Cracked Core","Ring of Peace","ReplayTheSpireMod:Ring of Sloth","Replay:Antivirus Software","Divine Protection","Geode"],"acts_visited":["Exordium"],"potions_floor_usage":[18,18,18,18,18],"damage_taken":[{"damage":0,"enemies":"2 Louse","floor":1,"turns":2},{"damage":3,"enemies":"Small Slimes","floor":5,"turns":4},{"damage":37,"enemies":"Lagavulin","floor":6,"turns":10},{"damage":0,"enemies":"Jaw Worm","floor":7,"turns":3},{"damage":3,"enemies":"Gremlin Gang","floor":12,"turns":7},{"damage":0,"enemies":"Looter","floor":14,"turns":4},{"damage":0,"enemies":"Blue Slaver","floor":15,"turns":3},{"damage":0,"enemies":"2 Fungi Beasts","floor":16,"turns":4},{"damage":23,"enemies":"Slime Boss","floor":18,"turns":6}],"seed_played":"2162001918337945329","potions_obtained":[{"floor":1,"key":"SpeedPotion"},{"floor":7,"key":"SteroidPotion"},{"floor":13,"key":"EntropicBrew"},{"floor":16,"key":"Doom Potion"}],"is_trial":false,"path_per_floor":["M","?","?","?","M","E","M","$","PTL","PTL","T","M","?","M","M","M","R","B"],"character_chosen":"DEFECT","items_purchased":["Divine Protection"],"campfire_rested":0,"item_purchase_floors":[8],"current_hp_per_floor":[75,75,75,75,72,35,35,35,35,35,35,32,14,14,14,14,14,0,0],"gold":160,"neow_bonus":"UPGRADE_CARD","is_daily":false,"chose_seed":false,"campfire_upgraded":1,"win_rate":0.0,"timestamp":1609567686,"path_taken":["M","?","?","?","M","E","?","$","PTL","PTL","T","?","?","M","M","M","R","BOSS"],"items_purchased_type":["Relic"],"build_version":"2020-12-22","purchased_purges":1,"victory":false,"max_hp_per_floor":[75,75,75,75,75,75,75,75,75,75,75,75,75,75,75,75,75,75,75],"card_choices":[{"not_picked":["Genetic Algorithm","Compile Driver"],"picked":"Go for the Eyes","floor":1},{"not_picked":["Coolheaded","Turbo"],"picked":"Stack","floor":5},{"not_picked":["Reprogram","Fusion"],"picked":"Melter","floor":6},{"not_picked":["Gash","Hologram"],"picked":"Conserve Battery","floor":7},{"not_picked":["ReplayTheSpireMod:GoodbyeWorld","Fusion"],"picked":"Creative AI","floor":12},{"not_picked":["ReplaySort","Recycle"],"picked":"BasicCrystalCard","floor":13},{"not_picked":["BasicCrystalCard","Skim"],"picked":"Conserve Battery","floor":14},{"not_picked":["Streamline","Compile Driver"],"picked":"Beam Cell","floor":15},{"not_picked":["Gash","Lockon"],"picked":"Defragment","floor":16}],"player_experience":451921,"relics_obtained":[{"floor":4,"key":"Ring of Peace"},{"floor":4,"key":"ReplayTheSpireMod:Ring of Sloth"},{"floor":6,"key":"Replay:Antivirus Software"},{"floor":11,"key":"Geode"}],"event_choices":[{"damage_healed":0,"gold_gain":0,"player_choice":"Ignored","damage_taken":0,"max_hp_gain":0,"max_hp_loss":0,"event_name":"Golden Wing","floor":2,"gold_loss":0},{"damage_healed":0,"gold_gain":175,"player_choice":"AGREE","damage_taken":0,"max_hp_gain":0,"max_hp_loss":0,"event_name":"Liars Game","floor":3,"gold_loss":0,"cards_obtained":["Doubt"]}],"is_beta":false,"boss_relics":[],"items_purged_floors":[8],"is_endless":false,"potions_floor_spawned":[1,7,16],"killed_by":"Slime Boss","ascension_level":0}}