{"host":"k5ezbu40hxyit46v","time":1609627262,"event":{"mods":["Act Like it!","Aspiration","Astrologer","BaseMod","BetterRewards","Conspire","DeckTracker","Energized Spire","Gensokyo","Googly Eyes","Halation","HexUI Lib","Highlight Path","Hubris","Infinite Spire","Ironclad Rager","Jedi Mod","Mad Scientist","Marisa????????","Minty Spire (QoL Compilation)","Quarter Circle Forward PUNCH!","Quick Restart","Replay The Spire","Reworked Bosses","Shop Mod","Spikes Relics","StSLib","The Administrix","The Awakened One except there are too many feathers","The Bladedancer","The Cursed","The IronCluck","The Servant 0.9.4","The Wild Card","everything is the same but u backflip on backflip","slay the spire mod where everything is the same but ironclad has a cowboy hat","vexMod"],"gold_per_floor":[116,116,127,127,127,157,157,168,218,245,34,49,49,62,62,136,136,155,17,31,31,31,56,56,83,83,83,95,128,128,532,532,610,610,624,640,344,207,218,244,244,275,275,275,275,291,304,315,315,294,294],"floor_reached":50,"playtime":3140,"items_purged":[],"score":1400,"play_id":"5390fabc-19d5-447a-a50a-eb9633ee97a6","local_time":"20210102174102","is_ascension_mode":true,"campfire_choices":[{"data":"ReplayTheSpireMod:Black Plague","floor":7.0,"key":"SMITH"},{"data":"Metallicize","floor":15.0,"key":"SMITH"},{"data":"Metallicize","floor":27,"key":"SMITH"},{"data":"Metallicize","floor":32,"key":"SMITH"},{"data":"Metallicize","floor":41,"key":"SMITH"},{"data":"conspire:Charge","floor":44,"key":"SMITH"},{"data":"Reaper","floor":49,"key":"SMITH"}],"circlet_count":0,"master_deck":["AscendersBane","Strike_R","Strike_R","Strike_R","Strike_R","Strike_R","Defend_R","Defend_R","Defend_R","Defend_R","Bash","Metallicize+1","Metallicize+1","Metallicize+1","Metallicize+1","ReplayTheSpireMod:Black Plague+1","conspire:Charge+1","Reaper+1","Immolate","ReplayTheSpireMod:Black Plague+1","ReplayTheSpireMod:Black Plague+1","ReplayTheSpireMod:Black Plague+1","ReplayTheSpireMod:Black Plague+1","ReplayTheSpireMod:Black Plague+1","ReplayTheSpireMod:Black Plague+1","ReplayTheSpireMod:Black Plague+1","ReplayTheSpireMod:Black Plague+1","ReplayTheSpireMod:Black Plague+1","ReplayTheSpireMod:Black Plague+1","ReplayTheSpireMod:Black Plague+1","ReplayTheSpireMod:Black Plague+1","ReplayTheSpireMod:Black Plague+1","ReplayTheSpireMod:Black Plague+1","ReplayTheSpireMod:Black Plague+1","ReplayTheSpireMod:Black Plague+1","ReplayTheSpireMod:Black Plague+1","ReplayTheSpireMod:Black Plague+1","ReplayTheSpireMod:Black Plague+1","ReplayTheSpireMod:Black Plague+1","ReplayTheSpireMod:Black Plague+1","ReplayTheSpireMod:Black Plague+1","ReplayTheSpireMod:Black Plague+1","ReplayTheSpireMod:Black Plague+1","ReplayTheSpireMod:Black Plague+1","ReplayTheSpireMod:Black Plague+1","ReplayTheSpireMod:Black Plague+1","ReplayTheSpireMod:Black Plague+1","ReplayTheSpireMod:Black Plague+1","ReplayTheSpireMod:Black Plague+1","ReplayTheSpireMod:Black Plague+1","ReplayTheSpireMod:Black Plague+1","ReplayTheSpireMod:Black Plague+1","ReplayTheSpireMod:Black Plague+1","ReplayTheSpireMod:Black Plague+1","ReplayTheSpireMod:Black Plague+1","ReplayTheSpireMod:Black Plague+1","ReplayTheSpireMod:Black Plague+1","ReplayTheSpireMod:Black Plague+1","ReplayTheSpireMod:Black Plague+1","ReplayTheSpireMod:Black Plague+1","ReplayTheSpireMod:Black Plague+1","ReplayTheSpireMod:Black Plague+1","ReplayTheSpireMod:Black Plague+1","ReplayTheSpireMod:Black Plague+1","ReplayTheSpireMod:Black Plague+1","ReplayTheSpireMod:Black Plague+1","ReplayTheSpireMod:Black Plague+1","ReplayTheSpireMod:Black Plague+1"],"relics":["Burning Blood","infinitespire:FocusingShard","halation:NonexistentMirror","Replay:Rubber Ducky","hubris:Towel","infinitespire:WardingShard","Happy Flower","Centennial Puzzle","Toolbox","Gensokyo:OccultBall","MiniBlackHole","vexMod:Spyglass","Bottled Tornado","Gensokyo:ConquerorOfFear","jedi:shrinkray","SpikesRelics:DaevaFist","qcfpunch:Red_Beret","halation:Toothbrush","halation:EternalFortune","vexMod:DeviousBotling","DollysMirror","aspiration:Nostalgia","theWildCard:VelvetContract","ReplayTheSpireMod:Shallot","ReplayFunnel","Bag of Marbles","Gensokyo:TheCrow"],"acts_visited":["Gensokyo:Gensokyo","Gensokyo:Gensokyoer","Gensokyo:Gensokyoest"],"potions_floor_usage":[25,33,33,42,50,50],"damage_taken":[{"damage":0.0,"enemies":"Gensokyo:2_Kodama","floor":1.0,"turns":7.0},{"damage":0.0,"enemies":"Gensokyo:Python","floor":3.0,"turns":4.0},{"damage":0.0,"enemies":"Gensokyo:Mamizou","floor":6.0,"turns":11.0},{"damage":0.0,"enemies":"Gensokyo:Gryphon","floor":8.0,"turns":2.0},{"damage":4.0,"enemies":"Gensokyo:Aya","floor":10.0,"turns":4.0},{"damage":0.0,"enemies":"Gensokyo:VengefulSpirit","floor":12.0,"turns":4.0},{"damage":0.0,"enemies":"Gensokyo:LivingMonolith","floor":14.0,"turns":3.0},{"damage":15.0,"enemies":"Gensokyo:Reimu","floor":16.0,"turns":10.0},{"damage":0.0,"enemies":"Gensokyo:2_Gloops","floor":18.0,"turns":6.0},{"damage":0.0,"enemies":"Gensokyo:Chomper","floor":20.0,"turns":5.0},{"damage":11.0,"enemies":"Gensokyo:Tenshi","floor":23.0,"turns":5.0},{"damage":1,"enemies":"Gensokyo:Reisen","floor":25,"turns":6},{"damage":11,"enemies":"Gensokyo:Monolith_and_Dog","floor":28,"turns":8},{"damage":0,"enemies":"Gensokyo:Koishi","floor":29,"turns":5},{"damage":39,"enemies":"Gensokyo:Wraith","floor":31,"turns":5},{"damage":31,"enemies":"Gensokyo:Eternal_Rivals","floor":33,"turns":11},{"damage":0,"enemies":"Gensokyo:3_Bats","floor":35,"turns":2},{"damage":0,"enemies":"Gensokyo:AncientGuardian","floor":36,"turns":5},{"damage":0,"enemies":"Gensokyo:SeedOfUnknown","floor":39,"turns":4},{"damage":0,"enemies":"Gensokyo:Doremy","floor":40,"turns":4},{"damage":9,"enemies":"Gensokyo:Kasen","floor":42,"turns":7},{"damage":0,"enemies":"Gensokyo:3_Boulders","floor":46,"turns":1},{"damage":0,"enemies":"Gensokyo:Rafflesia","floor":47,"turns":1},{"damage":0,"enemies":"Gensokyo:4_Bats","floor":48,"turns":1},{"damage":82,"enemies":"Gensokyo:Scarlet_Devils","floor":50,"turns":7}],"seed_played":"4004506823068570597","potions_obtained":[{"floor":3.0,"key":"Explosive Potion"},{"floor":8.0,"key":"Reflective Coating"},{"floor":10.0,"key":"ColorlessPotion"},{"floor":12.0,"key":"AttackPotion"},{"floor":16.0,"key":"Elixir"},{"floor":23.0,"key":"BlessingOfTheForge"},{"floor":29,"key":"jedi:tentaclejuice"},{"floor":31,"key":"Dexterity Potion"},{"floor":42,"key":"Venom Potion"},{"floor":48,"key":"infinitespire:BlackPotion"}],"is_trial":false,"path_per_floor":["M","?","M","?","?","E","R","M","T","E","COS","M","?","M","R","B",null,"M","COS","M","T","?","E","?","E","T","R","M","E","?","M","R","B",null,"M","M","COS","$","M","E","R","E","T","R","?","M","M","M","R","B"],"character_chosen":"IRONCLAD","items_purchased":["infinitespire:FocusingShard","halation:NonexistentMirror","Replay:Rubber Ducky","Metallicize","Metallicize","EssenceOfSteel","Block Potion"],"campfire_rested":0,"item_purchase_floors":[0,0,0,0,0,38,38],"current_hp_per_floor":[39,43,49,49,32,38,38,44,44,46,46,52,52,58,58,49,69,75,75,75,75,75,75,75,75,75,75,75,75,78,55,55,42,69,75,78,78,78,78,78,78,75,75,75,75,78,78,81,81,0,0],"gold":294,"neow_bonus":"","is_daily":false,"chose_seed":false,"campfire_upgraded":7,"win_rate":0.0,"timestamp":1609627262,"path_taken":["M","?","M","?","?","E","R","M","T","E","COS","M","?","M","R","BOSS","M","COS","M","?","?","E","?","E","T","R","M","E","?","M","R","BOSS","M","M","COS","?","?","E","R","E","T","R","?","?","?","M","R","BOSS"],"items_purchased_type":["Relic","Relic","Relic","Card","Card","Potion","Potion"],"build_version":"2020-12-22","purchased_purges":0,"victory":false,"max_hp_per_floor":[75,75,75,75,75,75,75,75,75,75,75,75,75,75,75,75,75,75,75,75,75,75,75,75,75,75,75,75,75,78,78,78,78,78,78,78,78,78,78,78,78,78,78,78,78,78,78,81,81,81,81],"card_choices":[{"not_picked":["ReplayTheSpireMod:Strike From Hell","Havoc","Anger"],"picked":"SKIP","floor":1.0},{"not_picked":["Iron Wave","Armaments"],"picked":"Whirlwind","floor":3.0},{"not_picked":["infinitespire:SealOfDarkness+","infinitespire:DeathsTouch"],"picked":"ReplayTheSpireMod:Black Plague","floor":5.0},{"not_picked":["Pummel","Shrug It Off"],"picked":"conspire:Charge","floor":6.0},{"not_picked":["Reckless Charge","Twin Strike","Burning Pact"],"picked":"SKIP","floor":8.0},{"not_picked":["Feel No Pain","True Grit","Armaments"],"picked":"SKIP","floor":10.0},{"not_picked":["Seeing Red","Warcry","Pommel Strike"],"picked":"SKIP","floor":12.0},{"not_picked":["Body Slam","Armaments","Absolvement"],"picked":"SKIP","floor":14.0},{"not_picked":["jedi:bloodyhammer","Eclipse"],"picked":"Reaper","floor":16.0},{"not_picked":["Hemokinesis","Warcry","jedi:collectorstrike"],"picked":"SKIP","floor":18.0},{"not_picked":["Clash+1","Replay:Undeath\u0027s Touch","ReplayTheSpireMod:Stacked"],"picked":"SKIP","floor":20.0},{"not_picked":["jedi:collectorstrike","Clash+1","Headbutt"],"picked":"SKIP","floor":23.0},{"not_picked":["Bloodletting","Run Through","hubris:CleavingFinish"],"picked":"SKIP","floor":25},{"not_picked":["Run Through","Replay:Undeath\u0027s Touch","Twin Strike"],"picked":"SKIP","floor":28},{"not_picked":["Clash","Seeing Red","Replay:Undeath\u0027s Touch"],"picked":"SKIP","floor":29},{"not_picked":["Abandon","Absolvement","Cleave"],"picked":"SKIP","floor":31},{"not_picked":["Impervious","Brutality"],"picked":"Immolate","floor":33},{"not_picked":["Whirlwind","jedi:MakeshiftSword+1","Body Slam"],"picked":"SKIP","floor":35},{"not_picked":["Clash","Fire Breathing+1","Defy Death"],"picked":"SKIP","floor":36},{"not_picked":["Sword Boomerang","Infernal Blade","Thunderclap+1"],"picked":"SKIP","floor":39},{"not_picked":["Massacre+1","Feel No Pain+1","Power Through"],"picked":"SKIP","floor":40},{"not_picked":["Sword Boomerang","Pommel Strike+1","Iron Wave"],"picked":"SKIP","floor":42},{"not_picked":["Headbutt+1","Clash","Blood for Blood"],"picked":"SKIP","floor":46},{"not_picked":["Havoc","Armaments","Clothesline"],"picked":"SKIP","floor":47},{"not_picked":["Iron Wave","True Grit","Whirlwind"],"picked":"SKIP","floor":48}],"player_experience":1225875,"relics_obtained":[{"floor":6.0,"key":"infinitespire:WardingShard"},{"floor":9.0,"key":"Happy Flower"},{"floor":10.0,"key":"Centennial Puzzle"},{"floor":16.0,"key":"Gensokyo:OccultBall"},{"floor":21.0,"key":"Bottled Tornado"},{"floor":23.0,"key":"Gensokyo:ConquerorOfFear"},{"floor":23.0,"key":"jedi:shrinkray"},{"floor":25,"key":"SpikesRelics:DaevaFist"},{"floor":26,"key":"qcfpunch:Red_Beret"},{"floor":29,"key":"halation:Toothbrush"},{"floor":33,"key":"Gensokyo:OccultBall"},{"floor":36,"key":"Gensokyo:OccultBall"},{"floor":40,"key":"ReplayTheSpireMod:Shallot"},{"floor":42,"key":"ReplayFunnel"},{"floor":43,"key":"Bag of Marbles"},{"floor":48,"key":"halation:EternalFortune"}],"event_choices":[],"is_beta":false,"boss_relics":[{"not_picked":["conspire:RoyalGoblet","ChewingGum","Replay:Wanted Poster"]},{"not_picked":["Astrolabe","energizedSpire:EnergizedDie"],"picked":"vexMod:DeviousBotling"}],"items_purged_floors":[],"is_endless":false,"potions_floor_spawned":[3,8,10,12,16,20,23,29,31,42,46,47,48],"killed_by":"Gensokyo:Scarlet_Devils","ascension_level":20}}