{"host":"avjwtc49fhlk6kym","time":1609545705,"event":{"mods":["AchievementEnabler","BaseMod","Better Match","Better Note","Better Third Choice","Colored Map","Colored Powertips","Displayed Cursed Tome","Highlight Path","Minty Spire (QoL Compilation)","Permanent Neow","Quick Restart","StSLib"],"gold_per_floor":[114,0,16,30,30,60,60,92,92,92,92,92,121,51,51,149,149,169,169,44,59,69,69,81,81,81,81,81],"floor_reached":27,"playtime":1156,"items_purged":["Defend_P"],"score":229,"play_id":"bc662b30-e169-411f-b69e-8ff605d7ac7c","local_time":"20210101190145","is_ascension_mode":false,"campfire_choices":[{"data":"Study","floor":7.0,"key":"SMITH"},{"floor":11,"key":"REST"},{"data":"Enlightenment","floor":15,"key":"SMITH"},{"floor":23,"key":"REST"},{"floor":25,"key":"REST"}],"circlet_count":0,"master_deck":["Strike_P","Strike_P","Strike_P","Strike_P","Defend_P+1","Defend_P","Defend_P","Eruption","Vigilance","Consecrate","ReachHeaven","Enlightenment+1","FlyingSleeves+1","Study+1","ConjureBlade","CutThroughFate+1","Devotion","Conclude","Wish","ThirdEye","ClearTheMind","WindmillStrike+1","FearNoEvil","FollowUp+1"],"relics":["PureWater","Gambling Chip","InkBottle","MealTicket","SacredBark","Toxic Egg 2"],"acts_visited":["Exordium","TheCity"],"potions_floor_usage":[16,18,21],"damage_taken":[{"damage":0.0,"enemies":"Jaw Worm","floor":1.0,"turns":3.0},{"damage":3.0,"enemies":"2 Louse","floor":3.0,"turns":3.0},{"damage":0.0,"enemies":"Small Slimes","floor":4.0,"turns":2.0},{"damage":10.0,"enemies":"Gremlin Nob","floor":6.0,"turns":3.0},{"damage":27,"enemies":"3 Sentries","floor":8,"turns":7},{"damage":2,"enemies":"Gremlin Nob","floor":13,"turns":3},{"damage":29,"enemies":"The Guardian","floor":16,"turns":10},{"damage":23,"enemies":"Spheric Guardian","floor":18,"turns":5},{"damage":4,"enemies":"3 Byrds","floor":21,"turns":6},{"damage":43,"enemies":"3 Cultists","floor":22,"turns":5},{"damage":42,"enemies":"Snake Plant","floor":24,"turns":4},{"damage":28,"enemies":"Colosseum Slavers","floor":27,"turns":2}],"seed_played":"4110571191309229126","potions_obtained":[{"floor":4.0,"key":"StancePotion"},{"floor":8,"key":"SpeedPotion"},{"floor":13,"key":"BottledMiracle"},{"floor":16,"key":"BlessingOfTheForge"}],"is_trial":false,"path_per_floor":["M","?","M","M","$","E","R","E","T","?","R","?","E","$","R","B",null,"M","?","$","M","M","R","M","R","T","?"],"character_chosen":"WATCHER","items_purchased":["Conclude","ClearTheMind"],"campfire_rested":3,"item_purchase_floors":[14,20],"current_hp_per_floor":[72,78,75,75,75,65,65,38,38,22,45,45,43,58,58,29,78,55,55,70,66,23,46,4,27,27,0,0],"gold":81,"neow_bonus":"THREE_CARDS","is_daily":false,"chose_seed":false,"campfire_upgraded":2,"win_rate":0.0,"timestamp":1609545705,"path_taken":["M","?","M","M","$","E","R","E","T","?","R","?","E","$","R","BOSS","M","?","$","M","M","R","M","R","T","?"],"items_purchased_type":["Card","Card"],"build_version":"2020-12-22","purchased_purges":1,"victory":false,"max_hp_per_floor":[72,78,78,78,78,78,78,78,78,78,78,78,78,78,78,78,78,78,78,78,78,78,78,78,78,78,78,78],"card_choices":[{"not_picked":["BowlingBash","Prostrate"],"picked":"Consecrate","floor":0.0},{"not_picked":["Evaluate","SashWhip"],"picked":"ReachHeaven","floor":1.0},{"not_picked":["Consecrate","Evaluate","EmptyBody"],"picked":"SKIP","floor":3.0},{"not_picked":["ClearTheMind","Halt"],"picked":"FlyingSleeves","floor":4.0},{"not_picked":["Prostrate","Evaluate"],"picked":"Study","floor":6.0},{"not_picked":["Scrawl","EmptyBody"],"picked":"ConjureBlade","floor":8},{"not_picked":["Consecrate+1","ThirdEye+1"],"picked":"CutThroughFate+1","floor":12},{"not_picked":["CrushJoints","WheelKick"],"picked":"Devotion","floor":13},{"not_picked":["ConjureBlade","Ragnarok"],"picked":"Wish","floor":16},{"not_picked":["BowlingBash","FlyingSleeves"],"picked":"ThirdEye","floor":18},{"not_picked":["Adaptation","ClearTheMind"],"picked":"WindmillStrike+1","floor":21},{"not_picked":["Prostrate+1","JustLucky+1"],"picked":"FearNoEvil","floor":22},{"not_picked":["Crescendo","FlyingSleeves"],"picked":"FollowUp+1","floor":24}],"player_experience":357707,"relics_obtained":[{"floor":6.0,"key":"Gambling Chip"},{"floor":8,"key":"InkBottle"},{"floor":13,"key":"MealTicket"},{"floor":26,"key":"Toxic Egg 2"}],"event_choices":[{"damage_healed":0.0,"max_hp_gain":0.0,"max_hp_loss":0.0,"gold_gain":0.0,"event_name":"betterThird:BetterSerpent","player_choice":"RENOUNCE","floor":2.0,"gold_loss":114.0,"damage_taken":114.0,"cards_obtained":["Enlightenment"]},{"damage_healed":38,"gold_gain":0,"player_choice":"Upgrade","damage_taken":16,"max_hp_gain":0,"max_hp_loss":78,"event_name":"betterThird:BetterShining","floor":10,"gold_loss":0,"cards_upgraded":["Defend_P","FlyingSleeves"]},{"damage_healed":0,"gold_gain":0,"player_choice":"2","damage_taken":0,"max_hp_gain":0,"max_hp_loss":0,"event_name":"betterMatch:BetterMatch","floor":12,"gold_loss":0,"cards_obtained":["betterMatch:CommonCard"]},{"cards_removed":["Strike_P"],"damage_healed":0,"gold_gain":0,"player_choice":"Give","damage_taken":0,"max_hp_gain":0,"max_hp_loss":0,"event_name":"betterNote:BetterNote","floor":19,"gold_loss":0,"cards_obtained":["Defend_P"]},{"damage_healed":0,"gold_gain":0,"player_choice":"Fight","damage_taken":0,"max_hp_gain":0,"max_hp_loss":0,"event_name":"Colosseum","floor":27,"gold_loss":0}],"is_beta":false,"boss_relics":[{"not_picked":["Coffee Dripper","Velvet Choker"],"picked":"SacredBark"}],"items_purged_floors":[20],"is_endless":false,"potions_floor_spawned":[4,8,13,16],"killed_by":"Colosseum Slavers","ascension_level":0}}