{"host":"dd2mx3pm3ovi0t1n","time":1609615328,"event":{"mods":["2.2 Compatiblity","AchievementEnabler","Aspiration","BaseMod","Beaked The Cultist","Better Altar","Better Match","Better Note","Better Sensory Stone","Better Skull","Better Third Choice","BetterRewards","Colored Map","Colored Powertips","Conspire","Defuse TimeMaze Blight","Downfall","Energized Spire","Friendly Minions","GifTheSpireLib","Glutton Mod","Gold Saver","Halation","Hermit","Highlight Path","HololiveMod","Hubris","Infinite Spire","Jedi Mod","Jorbs\u0027s Wanderer Trilogy","KomeijiMod","Marisa????????","Marked Mod","Mimic Mod","Minty Spire (QoL Compilation)","Permanent Neow","Quick Restart","Replay The Spire","Robot Space Explorer","Shop Mod","Spicy Shops","Spikes Relics","StSLib","Stuff the Spire","TestMod","The Construct","The Cursed","The Disciple","The Hierophant","The Necromancer","The Runesmith","The Sage","The Servant 0.9.4","Uncapped","Wandering Minibosses","Yuri Mod","vexMod","????"],"gold_per_floor":[830,830,73,73,73,73,86,98,98,23,23,23,37,0,0,96,96,107,107,122,122,122,133,133,133,904,904,904,71,71,85,85,188,188,206,217,234,234,234],"floor_reached":38,"playtime":1326,"items_purged":["Regret","Writhe"],"score":387,"play_id":"0f261986-dc44-483c-92b9-df982ab50143","local_time":"20210102112208","is_ascension_mode":false,"campfire_choices":[{"data":"RobotSpaceExplorer:FranticSearch","floor":6,"key":"SMITH"},{"data":"RobotSpaceExplorer:Multitool","floor":12,"key":"SMITH"},{"data":"RobotSpaceExplorer:MiniBoosters","floor":15,"key":"SMITH"},{"data":"RobotSpaceExplorer:ChargingLaser","floor":25,"key":"SMITH"},{"data":"RobotSpaceExplorer:Explosion","floor":27,"key":"SMITH"},{"data":"RobotSpaceExplorer:FreezeRay","floor":30,"key":"SMITH"},{"floor":32,"key":"REST"}],"circlet_count":0,"master_deck":["RobotSpaceExplorer:Strike","RobotSpaceExplorer:Strike","RobotSpaceExplorer:Strike","RobotSpaceExplorer:Strike","RobotSpaceExplorer:Defend","RobotSpaceExplorer:Defend","RobotSpaceExplorer:Defend","RobotSpaceExplorer:Defend","RobotSpaceExplorer:Scan","RobotSpaceExplorer:MiniLasers","RobotSpaceExplorer:FranticSearch+1","RobotSpaceExplorer:MiniBoosters+1","RobotSpaceExplorer:StarLightning+1","RobotSpaceExplorer:Multitool+1","RobotSpaceExplorer:SurgingStrike","RobotSpaceExplorer:ScrapMissile","RobotSpaceExplorer:ScrapMissile","RobotSpaceExplorer:ChargingLaser+1","RobotSpaceExplorer:Probe","RobotSpaceExplorer:PowerGlove+1","RobotSpaceExplorer:PowerGlove+1","RobotSpaceExplorer:Explosion+1","RobotSpaceExplorer:LuckyStrike","RobotSpaceExplorer:FreezeRay+1","RobotSpaceExplorer:FreezeRay","RobotSpaceExplorer:FranticSearch+1","RobotSpaceExplorer:FranticSearch+1","RobotSpaceExplorer:Blaster","RobotSpaceExplorer:MetalStrike+1"],"relics":["StuffTheSpire:OccultApparatus","testmod-TestBox","conspire:DeflatedDodgeball","MerchantsRug","StuffTheSpire:TintedRock","construct:BoolHorns","hubris:OldNail","Bottled Flame","Sundial","jedi:paperlyon","Runesmith:AutoHammer","halation:MonkeysPaw","Pet Ghost","wanderingMiniBosses:MasterThiefsPresence","Chameleon Ring","MealTicket","vexMod:FocusSash","Guardian:PocketSentry","Toxic Egg 2","Replay:Wax Seal","Replay:Mystery Machine","halation:NonexistentMirror","ReplayTheSpireMod:DimensionalGlitch"],"acts_visited":["Exordium","TheCity","TheBeyond"],"potions_floor_usage":[16,26],"damage_taken":[{"damage":0,"enemies":"2 Louse","floor":1,"turns":3},{"damage":2,"enemies":"Cultist","floor":7,"turns":2},{"damage":3,"enemies":"Jaw Worm","floor":8,"turns":2},{"damage":0,"enemies":"Large Slime","floor":13,"turns":1},{"damage":28,"enemies":"The Guardian","floor":16,"turns":9},{"damage":0,"enemies":"2 Thieves","floor":18,"turns":3},{"damage":0,"enemies":"Shell Parasite","floor":20,"turns":2},{"damage":0,"enemies":"Snake Plant","floor":23,"turns":2},{"damage":0,"enemies":"Chosen and Byrds","floor":26,"turns":7},{"damage":0,"enemies":"Chosen and Byrds","floor":31,"turns":2},{"damage":7,"enemies":"hubris:MusketHawk","floor":33,"turns":4},{"damage":0,"enemies":"3 Darklings","floor":35,"turns":3},{"damage":0,"enemies":"3 Shapes","floor":36,"turns":2},{"damage":0,"enemies":"3 Darklings","floor":37,"turns":3}],"seed_played":"-2856966942081254129","potions_obtained":[{"floor":1,"key":"CalmPotion"},{"floor":13,"key":"Toxic Potion"},{"floor":16,"key":"SteroidPotion"},{"floor":18,"key":"AttackPotion"},{"floor":31,"key":"Guardian:BlockOnCardUsePotion"},{"floor":33,"key":"Dexterity Potion"},{"floor":37,"key":"testmod-TimePotion"}],"is_trial":false,"path_per_floor":["M","?","$","?","$","R","M","M","T","$","T","R","M","$","R","B",null,"M","?","M","AVR","?","M","?","R","MIM","R","?","$","R","M","R","B",null,"M","M","M","?"],"character_chosen":"RobotSpaceExplorer","items_purchased":["RobotSpaceExplorer:MiniBoosters","RobotSpaceExplorer:StarLightning+1","conspire:DeflatedDodgeball","MerchantsRug","StuffTheSpire:TintedRock","construct:BoolHorns","RobotSpaceExplorer:ScrapMissile","RobotSpaceExplorer:LuckyStrike","Toxic Egg 2","Replay:Wax Seal","Replay:Mystery Machine","halation:NonexistentMirror","RobotSpaceExplorer:FreezeRay"],"campfire_rested":1,"item_purchase_floors":[3,3,3,3,3,3,14,29,29,29,29,29,29],"current_hp_per_floor":[68,68,68,68,68,68,66,63,63,63,63,63,63,63,63,35,68,68,68,68,68,68,68,68,68,68,68,22,37,37,37,57,50,68,68,68,68,68,68],"gold":234,"neow_bonus":"TWO_FIFTY_GOLD","is_daily":false,"chose_seed":false,"campfire_upgraded":6,"win_rate":0.0,"timestamp":1609615328,"path_taken":["M","?","$","?","$","R","?","M","T","$","?","R","?","?","R","BOSS","M","?","?","AVR","?","M","?","R","MIM","R","?","$","R","M","R","BOSS","M","?","M","?"],"items_purchased_type":["Card","Card","Relic","Relic","Relic","Relic","Card","Card","Relic","Relic","Relic","Relic","Card"],"build_version":"2020-12-22","purchased_purges":2,"victory":false,"max_hp_per_floor":[68,68,68,68,68,68,68,68,68,68,68,68,68,68,68,68,68,68,68,68,68,68,68,68,68,68,68,68,68,68,68,68,68,68,68,68,68,68,68],"card_choices":[{"not_picked":["RobotSpaceExplorer:GlueShot","RobotSpaceExplorer:MiniDrones"],"picked":"RobotSpaceExplorer:FranticSearch","floor":1},{"not_picked":["RobotSpaceExplorer:SurgingShield","RobotSpaceExplorer:ScrapShield"],"picked":"RobotSpaceExplorer:Multitool","floor":7},{"not_picked":["RobotSpaceExplorer:MetalStrike","RobotSpaceExplorer:ToxicBomb","RobotSpaceExplorer:DoubleBlock"],"picked":"SKIP","floor":8},{"not_picked":["RobotSpaceExplorer:SlimeMissile","RobotSpaceExplorer:Jetpack"],"picked":"RobotSpaceExplorer:SurgingStrike","floor":13},{"not_picked":["RobotSpaceExplorer:ShockMissile","RobotSpaceExplorer:Accelerator"],"picked":"RobotSpaceExplorer:ChargingLaser","floor":16},{"not_picked":["RobotSpaceExplorer:FranticSearch","RobotSpaceExplorer:FrostMissile"],"picked":"RobotSpaceExplorer:Probe","floor":18},{"not_picked":["RobotSpaceExplorer:ShovelStrike","RobotSpaceExplorer:Probe"],"picked":"RobotSpaceExplorer:PowerGlove+1","floor":20},{"not_picked":["RobotSpaceExplorer:DoubleBlock","RobotSpaceExplorer:SurgingShield+1"],"picked":"RobotSpaceExplorer:PowerGlove","floor":23},{"not_picked":["RobotSpaceExplorer:SurgingShield","RobotSpaceExplorer:DoubleBlock+1"],"picked":"RobotSpaceExplorer:Explosion","floor":26},{"not_picked":["RobotSpaceExplorer:Counterblock+1","RobotSpaceExplorer:RigExplosive+1"],"picked":"RobotSpaceExplorer:FranticSearch+1","floor":31},{"not_picked":["RobotSpaceExplorer:TrailblazerForm","RobotSpaceExplorer:Asteroid"],"picked":"RobotSpaceExplorer:Blaster","floor":33},{"not_picked":["RobotSpaceExplorer:SwiftStep+1","RobotSpaceExplorer:Pulsar+1"],"picked":"RobotSpaceExplorer:MetalStrike+1","floor":35},{"not_picked":["RobotSpaceExplorer:ImprovisedAttack","RobotSpaceExplorer:ToxicBomb+1","RobotSpaceExplorer:IronShell+1"],"picked":"SKIP","floor":36},{"not_picked":["RobotSpaceExplorer:Smokescreen+1","RobotSpaceExplorer:Blitz","RobotSpaceExplorer:Calculate+1"],"picked":"SKIP","floor":37}],"player_experience":489001,"relics_obtained":[{"floor":9,"key":"Bottled Flame"},{"floor":11,"key":"Sundial"},{"floor":26,"key":"wanderingMiniBosses:MasterThiefsPresence"},{"floor":26,"key":"Chameleon Ring"}],"event_choices":[{"damage_healed":0,"gold_gain":0,"player_choice":"Leave","damage_taken":0,"max_hp_gain":0,"max_hp_loss":0,"event_name":"conspire:Investor","floor":2,"gold_loss":0},{"damage_healed":0,"gold_gain":0,"player_choice":"Gave Potion","damage_taken":0,"relics_obtained":["hubris:OldNail"],"max_hp_gain":0,"max_hp_loss":0,"event_name":"WeMeetAgain","floor":4,"gold_loss":0},{"cards_removed":["RobotSpaceExplorer:ChargingLaser"],"damage_healed":0,"gold_gain":0,"player_choice":"Give","damage_taken":0,"max_hp_gain":0,"max_hp_loss":0,"event_name":"betterNote:BetterNote","floor":19,"gold_loss":0,"cards_obtained":["PathToVictory"]},{"damage_healed":0,"gold_gain":0,"player_choice":"Opened","damage_taken":0,"relics_obtained":["Pet Ghost"],"max_hp_gain":0,"max_hp_loss":0,"event_name":"The Mausoleum","floor":22,"gold_loss":0,"cards_obtained":["Writhe"]},{"damage_healed":0,"gold_gain":0,"player_choice":"Upgraded","damage_taken":0,"max_hp_gain":0,"max_hp_loss":0,"event_name":"Upgrade Shrine","floor":24,"gold_loss":0,"cards_upgraded":["RobotSpaceExplorer:PowerGlove"]},{"damage_healed":0,"gold_gain":0,"player_choice":"RE RE RE ","damage_taken":52,"relics_obtained":["MealTicket","vexMod:FocusSash","Guardian:PocketSentry"],"max_hp_gain":0,"max_hp_loss":0,"event_name":"betterSkull:BetterSkull","floor":28,"gold_loss":0,"cards_upgraded":[]}],"is_beta":false,"boss_relics":[{"not_picked":["CosmicIsotope","sagemod:Falmels_Amulet"],"picked":"jedi:paperlyon"},{"not_picked":["energizedSpire:StickyHand","Sandwich"],"picked":"ReplayTheSpireMod:DimensionalGlitch"}],"items_purged_floors":[10,29],"is_endless":false,"potions_floor_spawned":[1,13,16,18,31,33,37],"ascension_level":0}}