{"host":"ft2xazkv7v30fddt","time":1609590611,"event":{"mods":["AchievementEnabler","Act Like it!","Aspiration","Astrologer","Bard","BaseMod","Better Altar","Better Match","Better Note","Better Sensory Stone","Better Skull","CapriCore","Chen","Colored Powertips","Downfall","Energized Spire","Gensokyo","GifTheSpireLib","Gremlin Mod","Hermit","Hubris","Infinite Spire","KinomotoSakuraMod(????)","Koishi","Marisa????????","Minty Spire (QoL Compilation)","Pale of the Ancients","Permanent Neow","Potionbrewer","Prisma Mod","Replay The Spire","StSLib","Stuff the Spire","The Blackbeard","The Bladedancer","The Construct","The Cursed","The Forsaken","The Gatherer","The Hayseed","The Immortal","The Runesmith","The Servant 0.9.4","The Showman","The Vixen","TheArtist","TheSwordswoman","Wandering Minibosses","thorton","vexMod"],"gold_per_floor":[112,112,87,87,101,101,121,132,132,132,32,32,52,77,77,155,155,175,175,187,176,176,176],"floor_reached":22,"playtime":804,"items_purged":[],"score":349,"play_id":"bb0fc3d1-955e-4e9c-b87c-9641624b0047","local_time":"20210102203011","is_ascension_mode":true,"campfire_choices":[{"data":"Chen:Sweep","floor":6,"key":"SMITH"},{"floor":10,"key":"REST"},{"floor":15,"key":"REST"}],"circlet_count":0,"master_deck":["AscendersBane","Chen:Strike","Chen:Strike","Chen:Strike+1","Chen:Strike","Chen:Strike","Chen:Defend+1","Chen:Defend","Chen:Defend","Chen:Defend","Chen:PounceTurnTail+1","Chen:GlitterPoke","Chen:Instinct","Chen:Sweep+1","Chen:SelfConfidence","Chen:Shapeshift"],"relics":["Chen:Catnip","aspiration:Nostalgia","Gremlin:GremlinKnob","Ornamental Fan","Pear","Anchor","vexMod:EndlessSickness"],"acts_visited":["Gensokyo:Gensokyo","Gensokyo:Gensokyoer"],"potions_floor_usage":[8,16,22],"damage_taken":[{"damage":2,"enemies":"Gensokyo:Gryphon","floor":1,"turns":3},{"damage":5,"enemies":"Gensokyo:Python","floor":5,"turns":3},{"damage":0,"enemies":"Gensokyo:2_Kodama","floor":7,"turns":2},{"damage":22,"enemies":"Gensokyo:VengefulSpirit","floor":8,"turns":5},{"damage":6,"enemies":"Gensokyo:Python_and_Kodama","floor":13,"turns":3},{"damage":21,"enemies":"Gensokyo:Aya","floor":14,"turns":6},{"damage":14,"enemies":"Gensokyo:Reimu","floor":16,"turns":9},{"damage":21,"enemies":"Gensokyo:Chomper","floor":18,"turns":4},{"damage":15,"enemies":"Gensokyo:3_Dogs","floor":20,"turns":5},{"damage":55,"enemies":"Gensokyo:Chomper_and_Gloop","floor":22,"turns":4}],"seed_played":"6112120091261896253","potions_obtained":[{"floor":5,"key":"Reflective Coating"},{"floor":7,"key":"SneckoOil"},{"floor":8,"key":"Strength Potion"},{"floor":14,"key":"PowerPotion"}],"is_trial":false,"path_per_floor":["M","?","?","?","M","R","M","M","T","R","?","COS","M","E","R","B",null,"M","?","M","?","M"],"character_chosen":"CHEN","items_purchased":[],"campfire_rested":2,"item_purchase_floors":[],"current_hp_per_floor":[57,57,57,32,27,27,27,5,5,24,34,34,28,7,29,15,60,39,41,26,48,0,0],"gold":176,"neow_bonus":"NOSTALGIA","is_daily":false,"chose_seed":false,"campfire_upgraded":1,"win_rate":0.0,"timestamp":1609590611,"path_taken":["M","?","?","?","?","R","M","M","T","R","?","COS","M","E","R","BOSS","M","?","?","?","M"],"items_purchased_type":[],"build_version":"2020-12-22","purchased_purges":0,"victory":false,"max_hp_per_floor":[65,65,65,65,65,65,65,65,65,65,75,75,75,75,75,75,75,75,75,75,75,75,75],"card_choices":[{"not_picked":["Chen:Adaptability","Chen:Lacerate"],"picked":"Chen:Instinct","floor":1},{"not_picked":["Chen:Recuperate","Chen:Frivolous"],"picked":"Chen:Sweep","floor":5},{"not_picked":["Chen:BlueOniRedOni","Chen:TauntHiss","Chen:MisdirectSwipe"],"picked":"SKIP","floor":7},{"not_picked":["Chen:RecklessLeap","Chen:TauntHiss"],"picked":"Chen:SurpriseAttack","floor":8},{"not_picked":["Chen:Honk","Chen:Sweep","Chen:Salvo"],"picked":"SKIP","floor":13},{"not_picked":["Chen:Unpredictable","Chen:Sidestep"],"picked":"Chen:SelfConfidence","floor":14},{"not_picked":["Chen:PhoenixEgg","Chen:WhateverWorks"],"picked":"Chen:Shapeshift","floor":16},{"not_picked":["Chen:Instinct","Chen:Lacerate","Chen:Adaptability"],"picked":"SKIP","floor":18},{"not_picked":["Chen:UpperHand","Chen:Shot","Chen:CatPunch"],"picked":"SKIP","floor":20}],"player_experience":1671793,"relics_obtained":[{"floor":9,"key":"Ornamental Fan"},{"floor":14,"key":"Anchor"}],"event_choices":[{"damage_healed":0,"gold_gain":0,"player_choice":"UP UP ","damage_taken":29,"relics_obtained":[],"max_hp_gain":0,"max_hp_loss":0,"event_name":"betterSkull:BetterSkull","floor":4,"gold_loss":0,"cards_upgraded":["Chen:Strike","Chen:Defend"]},{"damage_healed":2,"gold_gain":0,"player_choice":"LEAVE ","damage_taken":0,"relics_obtained":[],"max_hp_gain":0,"max_hp_loss":0,"event_name":"betterSkull:BetterSkull","floor":19,"gold_loss":0,"cards_upgraded":[]}],"is_beta":false,"boss_relics":[{"not_picked":["Ring of Chaos","hubris:GrandSneckoEye"],"picked":"vexMod:EndlessSickness"}],"items_purged_floors":[],"is_endless":false,"potions_floor_spawned":[5,7,8,14],"killed_by":"Gensokyo:Chomper_and_Gloop","ascension_level":19}}