{"host":"p7j7o00jacnw7qzt","time":1609553552,"event":{"mods":["BaseMod","Colored Map","Colored Powertips","DeckTracker","Highlight Path","Minty Spire (QoL Compilation)","Relic Stats"],"gold_per_floor":[117,117,117,192,192,235,309,309,364,380,423,423,443,459,459,552,552,565,490,511,511,532,532,570,594,665,686,721,745,788,526,526,616,616,634,653,653,653,672,710,728,762,787,646,669,403,421,754,754,754,754,754,754,360,387,387],"floor_reached":57,"playtime":3910,"items_purged":["Strike_G","Strike_G+1","Defend_G","Defend_G","Defend_G"],"score":3089,"play_id":"de0c21c6-3155-4c81-a41e-ee0e37e3836a","local_time":"20210101211232","is_ascension_mode":true,"campfire_choices":[{"data":"Flechettes","floor":8.0,"key":"SMITH"},{"data":"Phantasmal Killer","floor":12.0,"key":"SMITH"},{"data":"Footwork","floor":15.0,"key":"SMITH"},{"data":"Expertise","floor":23.0,"key":"SMITH"},{"data":"Acrobatics","floor":32.0,"key":"SMITH"},{"floor":49,"key":"RECALL"},{"data":"Escape Plan","floor":53,"key":"SMITH"}],"circlet_count":0,"master_deck":["AscendersBane","Defend_G","Survivor","Neutralize+1","Acrobatics+1","Footwork+1","Flechettes+1","Phantasmal Killer+1","Backflip","Escape Plan+1","PiercingWail+1","Expertise+1","Tactician+1","Prepared+1","Acrobatics+1","Finesse+1","Night Terror+1","After Image","Finesse+1","Footwork+1"],"relics":["Ring of the Snake","NeowsBlessing","Oddly Smooth Stone","Orichalcum","Bag of Preparation","Whetstone","Sozu","StrikeDummy","Toxic Egg 2","Vajra","PreservedInsect","Membership Card","Empty Cage","Regal Pillow","Strawberry","Bottled Lightning","Pantograph","OrangePellets","Bronze Scales","StoneCalendar"],"acts_visited":["Exordium","TheCity","TheBeyond","TheEnding"],"potions_floor_usage":[56],"damage_taken":[{"damage":0.0,"enemies":"Small Slimes","floor":1.0,"turns":1.0},{"damage":0.0,"enemies":"Lagavulin","floor":6.0,"turns":1.0},{"damage":0.0,"enemies":"Gremlin Nob","floor":7.0,"turns":1.0},{"damage":1.0,"enemies":"Jaw Worm","floor":10.0,"turns":6.0},{"damage":29.0,"enemies":"Gremlin Nob","floor":11.0,"turns":5.0},{"damage":0.0,"enemies":"2 Louse","floor":13.0,"turns":2.0},{"damage":0.0,"enemies":"2 Fungi Beasts","floor":14.0,"turns":3.0},{"damage":4.0,"enemies":"The Guardian","floor":16.0,"turns":9.0},{"damage":0.0,"enemies":"3 Byrds","floor":18.0,"turns":5.0},{"damage":0.0,"enemies":"Spheric Guardian","floor":20.0,"turns":3.0},{"damage":0.0,"enemies":"Snake Plant","floor":22.0,"turns":3.0},{"damage":1.0,"enemies":"Gremlin Leader","floor":24.0,"turns":5.0},{"damage":3.0,"enemies":"Cultist and Chosen","floor":25.0,"turns":9.0},{"damage":7.0,"enemies":"Sentry and Sphere","floor":27.0,"turns":5.0},{"damage":4.0,"enemies":"Book of Stabbing","floor":28.0,"turns":4.0},{"damage":0.0,"enemies":"Snake Plant","floor":29.0,"turns":3.0},{"damage":0.0,"enemies":"Gremlin Leader","floor":30.0,"turns":3.0},{"damage":0.0,"enemies":"Automaton","floor":33.0,"turns":5.0},{"damage":0.0,"enemies":"Orb Walker","floor":35.0,"turns":2.0},{"damage":0,"enemies":"3 Darklings","floor":36,"turns":2},{"damage":2,"enemies":"Sphere and 2 Shapes","floor":39,"turns":2},{"damage":12,"enemies":"Reptomancer","floor":40,"turns":2},{"damage":0,"enemies":"Jaw Worm Horde","floor":41,"turns":2},{"damage":0,"enemies":"Giant Head","floor":42,"turns":3},{"damage":0,"enemies":"Maw","floor":45,"turns":4},{"damage":2,"enemies":"Transient","floor":47,"turns":6},{"damage":0,"enemies":"Awakened One","floor":50,"turns":4},{"damage":1,"enemies":"Donu and Deca","floor":51,"turns":5},{"damage":20,"enemies":"Shield and Spear","floor":55,"turns":5},{"damage":54,"enemies":"The Heart","floor":56,"turns":7}],"seed_played":"-6257664030361370574","potions_obtained":[{"floor":6.0,"key":"Strength Potion"},{"floor":10.0,"key":"Explosive Potion"}],"is_trial":false,"path_per_floor":["M","?","?","?","?","E","?","R","T","M","E","R","M","M","R","B",null,"M","$","M","?","M","R","E","M","T","M","E","M","E","$","R","B",null,"M","M","?","?","M","E","M","E","T","$","M","$","M","?","R","B","B",null,"R","$","E","B",null],"character_chosen":"THE_SILENT","items_purchased":["Membership Card","Finesse+1","After Image","Finesse+1","Bottled Lightning","Pantograph","OrangePellets","Bronze Scales"],"campfire_rested":0,"item_purchase_floors":[31,31,44,46,46,54,54,54],"current_hp_per_floor":[59,59,59,48,48,48,48,48,48,47,18,18,18,18,18,14,49,49,49,49,49,49,49,48,45,45,38,34,34,34,34,34,34,54,54,54,54,54,52,40,40,47,47,47,47,47,45,45,45,45,44,61,61,61,41,12],"gold":387,"neow_bonus":"THREE_ENEMY_KILL","is_daily":false,"chose_seed":false,"campfire_upgraded":6,"win_rate":0.0,"timestamp":1609553552,"path_taken":["M","?","?","?","?","E","?","R","T","M","E","R","?","M","R","BOSS","M","$","M","?","?","R","E","M","T","?","E","M","E","$","R","BOSS","M","M","?","?","?","E","M","E","T","$","M","$","M","?","R","BOSS","BOSS","R","$","E","BOSS"],"items_purchased_type":["Relic","Card","Card","Card","Relic","Relic","Relic","Relic"],"build_version":"2020-12-22","purchased_purges":5,"victory":true,"max_hp_per_floor":[66,66,66,66,60,60,60,60,60,60,60,60,60,60,60,60,60,60,60,60,60,60,60,60,60,60,60,60,60,60,60,60,60,60,60,60,60,60,60,60,60,67,67,67,67,67,67,67,67,67,67,67,67,67,67,67],"relic_stats":{"Regal Pillow":0,"counters":[30,117],"StoneCalendar":[0],"PreservedInsect":269,"Bag of Preparation":[54],"Whetstone":["Strike_G","Strike_G"],"Orichalcum":[108],"Sozu":8,"OrangePellets":[0],"Pantograph":25,"Bronze Scales":[108],"obtain_stats":[{"Regal Pillow":40,"NeowsBlessing":0,"Golden Idol":5,"Oddly Smooth Stone":6,"Vajra":28,"StoneCalendar":55,"PreservedInsect":30,"Bag of Preparation":9,"Whetstone":11,"Orichalcum":7,"Empty Cage":34,"Sozu":17,"OrangePellets":54,"Strawberry":42,"Pantograph":54,"Bronze Scales":54,"Membership Card":31,"Bottled Lightning":46,"Toxic Egg 2":26,"StrikeDummy":24,"Ring of the Snake":0},{"Regal Pillow":22,"NeowsBlessing":0,"Golden Idol":1,"Oddly Smooth Stone":2,"Vajra":15,"StoneCalendar":29,"PreservedInsect":17,"Bag of Preparation":3,"Whetstone":5,"Orichalcum":3,"Empty Cage":18,"Sozu":8,"OrangePellets":28,"Strawberry":24,"Pantograph":28,"Bronze Scales":28,"Membership Card":17,"Bottled Lightning":25,"Toxic Egg 2":13,"StrikeDummy":12,"Ring of the Snake":0},{"Regal Pillow":81,"NeowsBlessing":0,"Golden Idol":1,"Oddly Smooth Stone":2,"Vajra":62,"StoneCalendar":110,"PreservedInsect":68,"Bag of Preparation":3,"Whetstone":14,"Orichalcum":3,"Empty Cage":73,"Sozu":28,"OrangePellets":105,"Strawberry":86,"Pantograph":105,"Bronze Scales":105,"Membership Card":68,"Bottled Lightning":90,"Toxic Egg 2":53,"StrikeDummy":44,"Ring of the Snake":0}],"Ring of the Snake":[60]},"card_choices":[{"not_picked":["Bane","Backflip"],"picked":"Acrobatics","floor":1.0},{"not_picked":["Terror","Cloak And Dagger"],"picked":"Footwork","floor":6.0},{"not_picked":["Reflex","Prepared"],"picked":"Flechettes","floor":7.0},{"not_picked":["Finisher","Slice","Dagger Spray"],"picked":"SKIP","floor":10.0},{"not_picked":["Bane","Dodge and Roll"],"picked":"Phantasmal Killer","floor":11.0},{"not_picked":["Choke","Setup"],"picked":"Backflip","floor":13.0},{"not_picked":["Heel Hook","Bouncing Flask"],"picked":"Escape Plan","floor":14.0},{"not_picked":["Dagger Throw","Backstab","Underhanded Strike"],"picked":"SKIP","floor":18.0},{"not_picked":["Cloak And Dagger","Riddle With Holes"],"picked":"PiercingWail+1","floor":20.0},{"not_picked":["Quick Slash","Outmaneuver+1"],"picked":"Expertise","floor":22.0},{"not_picked":["Flying Knee","Eviscerate","Choke"],"picked":"SKIP","floor":24.0},{"not_picked":["Dodge and Roll","Blade Dance","Deflect"],"picked":"SKIP","floor":25.0},{"not_picked":["Choke","Footwork"],"picked":"Tactician+1","floor":27.0},{"not_picked":["Well Laid Plans","Blade Dance+1"],"picked":"Prepared+1","floor":28.0},{"not_picked":["Prepared+1","Dodge and Roll+1"],"picked":"Acrobatics+1","floor":29.0},{"not_picked":["Corpse Explosion+1","Setup+1","Skewer"],"picked":"SKIP","floor":30.0},{"not_picked":["Doppelganger+1","Phantasmal Killer+1"],"picked":"Night Terror+1","floor":33.0},{"not_picked":["Dodge and Roll+1","Deflect+1","Heel Hook"],"picked":"SKIP","floor":35.0},{"not_picked":["Crippling Poison+1","PiercingWail+1","Backflip+1"],"picked":"SKIP","floor":36},{"not_picked":["Dodge and Roll+1","Cloak And Dagger+1","Corpse Explosion+1"],"picked":"SKIP","floor":39},{"not_picked":["Bane+1","Footwork","Underhanded Strike"],"picked":"SKIP","floor":40},{"not_picked":["Flying Knee","All Out Attack","Underhanded Strike"],"picked":"SKIP","floor":41},{"not_picked":["Underhanded Strike","Well Laid Plans","Sucker Punch"],"picked":"SKIP","floor":42},{"not_picked":["Phantasmal Killer+1","Backflip+1","PiercingWail+1"],"picked":"SKIP","floor":45},{"not_picked":["Dagger Spray","Heel Hook"],"picked":"Footwork+1","floor":47},{"not_picked":["Setup+1","Dodge and Roll+1","Underhanded Strike"],"picked":"SKIP","floor":55}],"player_experience":909549,"relics_obtained":[{"floor":6.0,"key":"Oddly Smooth Stone"},{"floor":7.0,"key":"Orichalcum"},{"floor":9.0,"key":"Bag of Preparation"},{"floor":11.0,"key":"Whetstone"},{"floor":24.0,"key":"StrikeDummy"},{"floor":26.0,"key":"Toxic Egg 2"},{"floor":28.0,"key":"Vajra"},{"floor":30.0,"key":"PreservedInsect"},{"floor":40,"key":"Regal Pillow"},{"floor":42,"key":"Strawberry"},{"floor":55,"key":"StoneCalendar"}],"event_choices":[{"cards_removed":["Strike_G"],"damage_healed":0.0,"max_hp_gain":0.0,"max_hp_loss":0.0,"gold_gain":0.0,"event_name":"Living Wall","player_choice":"Forget","floor":2.0,"gold_loss":0.0,"damage_taken":0.0},{"damage_healed":0.0,"max_hp_gain":0.0,"max_hp_loss":0.0,"gold_gain":0.0,"event_name":"Liars Game","player_choice":"Ignored","floor":3.0,"gold_loss":0.0,"damage_taken":0.0},{"damage_healed":0.0,"max_hp_gain":0.0,"max_hp_loss":0.0,"gold_gain":75.0,"event_name":"World of Goop","player_choice":"Gather Gold","floor":4.0,"gold_loss":0.0,"damage_taken":11.0},{"damage_healed":0.0,"max_hp_gain":0.0,"max_hp_loss":6.0,"gold_gain":0.0,"event_name":"Golden Idol","player_choice":"Lose Max HP","floor":5.0,"gold_loss":0.0,"damage_taken":0.0,"relics_obtained":["Golden Idol"]},{"damage_healed":0.0,"max_hp_gain":0.0,"max_hp_loss":0.0,"gold_gain":0.0,"event_name":"Dead Adventurer","player_choice":"Searched \u00271\u0027 times","floor":7.0,"gold_loss":0.0,"damage_taken":0.0},{"damage_healed":0.0,"max_hp_gain":0.0,"max_hp_loss":0.0,"gold_gain":0.0,"cards_transformed":["Strike_G"],"event_name":"Transmorgrifier","player_choice":"Transformed","floor":21.0,"gold_loss":0.0,"damage_taken":0.0,"cards_obtained":["Distraction"]},{"cards_removed":["Defend_G"],"damage_healed":0,"gold_gain":0,"player_choice":"Removed Skill","damage_taken":0,"max_hp_gain":0,"max_hp_loss":0,"event_name":"Falling","floor":37,"gold_loss":0},{"damage_healed":0,"gold_gain":0,"player_choice":"Upgraded","damage_taken":0,"max_hp_gain":0,"max_hp_loss":0,"event_name":"Upgrade Shrine","floor":38,"gold_loss":0,"cards_upgraded":["Neutralize"]},{"damage_healed":0,"gold_gain":333,"player_choice":"Gave Idol","damage_taken":0,"max_hp_gain":0,"max_hp_loss":0,"event_name":"The Moai Head","floor":48,"relics_lost":["Golden Idol"],"gold_loss":0}],"is_beta":false,"boss_relics":[{"not_picked":["Ring of the Serpent","Astrolabe"],"picked":"Sozu"},{"not_picked":["Tiny House","SlaversCollar"],"picked":"Empty Cage"}],"items_purged_floors":[19,31,44,46,54],"is_endless":false,"potions_floor_spawned":[6,10,13,18,27,28,29,35,41,42,45],"ascension_level":20}}