{"host":"3i0tc1zs9k2bo7un","time":1609600704,"event":{"mods":["Act Like it!","Aspiration","BaseMod","Better Synergies","Communication Mod","Gensokyo","Minty Spire (QoL Compilation)","MostiFishMod","Quick Restart","Replay The Spire","StSLib","TestMod","[IsaacMod]ÒÔÈö¼âËþ","¡¾ÒÅÎï¿¨ÅÆ¡¿REMEMod"],"gold_per_floor":[110,10,10,10,20,52,0,30,100,135,147,147,165,177,177,255,180,194,94,94,12,12,12,38,38,63,97,115,148,148,48,48,122,122,283,297,174,194,194,194,194],"floor_reached":40,"playtime":1366,"items_purged":["Pain","Strike_B","Doubt","Gensokyo:ImpossibleRequest"],"score":1739,"play_id":"e378d4f1-9e54-4c9b-9871-e0089c9544c9","local_time":"20210102231824","is_ascension_mode":true,"campfire_choices":[{"data":"Creative AI","floor":15.0,"key":"SMITH"},{"floor":23.0,"key":"DIG"},{"floor":25.0,"key":"DIG"},{"data":"MostiFishMod:TheEndOfMoonlight","floor":30.0,"key":"SMITH"},{"data":"MostiFishMod:Neptune","floor":32.0,"key":"SMITH"}],"circlet_count":0,"master_deck":["AscendersBane","Creative AI+1","Turbo","Coolheaded","MostiFishMod:Neptune+1","MostiFishMod:TheEndOfMoonlight+1","MostiFishMod:SparklingWater","MostiFishMod:NightSea","Ball Lightning","REME_ForAll","Gensokyo:ScrapIron","Gensokyo:Shovel","Gensokyo:TarnishedGold","Gensokyo:LifeSpringInfinity+1"],"relics":["Cracked Core","DaveBox","testmod-TestBox","HushsDoor","REME_ComplimentaryCards","Chaos","testmod-OneHitWonder","DianPoetry","NeowsBlessing","SynthV:TestCard","Shovel","Gensokyo:LunaticRedEyes","Kunai","Replay:Frozen Program","Leech","MoonlightInvasionPlan","ReplayTheSpireMod:ShopPack","Damocles","GuppysHairball","testmod-HeartOfStrike","testmod-Prudence","PreservedInsect","Oddly Smooth Stone","BookofShadows","SatanicBible","Painkiller Herb","The Courier","testmod-Justice","Onion Ring","Red Skull","TakeMeEscape","Kintsugi","Golden Egg","GuppysHead","BelialBook","Mark of Pain","Incense Burner"],"acts_visited":["Gensokyo:Gensokyo","Gensokyo:Gensokyoer","Gensokyo:Gensokyoest"],"potions_floor_usage":[],"damage_taken":[{"damage":0.0,"enemies":"Gensokyo:Gryphon","floor":1.0,"turns":1.0},{"damage":1.0,"enemies":"Gensokyo:3_Fairies","floor":5.0,"turns":2.0},{"damage":0.0,"enemies":"Gensokyo:Cirno","floor":6.0,"turns":2.0},{"damage":29.0,"enemies":"Gensokyo:Mamizou","floor":8.0,"turns":7.0},{"damage":27.0,"enemies":"Gensokyo:Cirno","floor":10.0,"turns":6.0},{"damage":0.0,"enemies":"Gensokyo:Python","floor":11.0,"turns":1.0},{"damage":1.0,"enemies":"Gensokyo:LivingMonolith","floor":13.0,"turns":3.0},{"damage":0.0,"enemies":"Gensokyo:VengefulSpirit","floor":14.0,"turns":2.0},{"damage":0.0,"enemies":"Gensokyo:Reimu","floor":16.0,"turns":4.0},{"damage":0.0,"enemies":"Gensokyo:AngelMirror","floor":18.0,"turns":1.0},{"damage":0.0,"enemies":"Gensokyo:Reisen","floor":24.0,"turns":1.0},{"damage":0.0,"enemies":"Gensokyo:Tenshi","floor":27.0,"turns":1.0},{"damage":5.0,"enemies":"Gensokyo:2_Gloops","floor":28.0,"turns":3.0},{"damage":0.0,"enemies":"Gensokyo:Koishi","floor":29.0,"turns":1.0},{"damage":0.0,"enemies":"Gensokyo:Kaguya","floor":33.0,"turns":4.0},{"damage":0,"enemies":"Gensokyo:3_Boulders","floor":35,"turns":2},{"damage":5,"enemies":"Gensokyo:3_Bats","floor":36,"turns":1},{"damage":0,"enemies":"Gensokyo:3_Boulders","floor":38,"turns":2},{"damage":0,"enemies":"Gensokyo:3_Boulders","floor":39,"turns":4},{"damage":5,"enemies":"Gensokyo:Doremy","floor":40,"turns":1}],"seed_played":"-5872788969502856138","potions_obtained":[{"floor":8.0,"key":"Doom Potion"},{"floor":11.0,"key":"Strength Potion"}],"is_trial":false,"path_per_floor":["M","?","?","?","M","E","?","E","T","E","M","T","M","M","R","B",null,"M","$","?","COS","?","R","E","R","T","E","?","E","T","T","T","B",null,"?","?","COS","?","?","E"],"character_chosen":"DEFECT","items_purchased":["Damocles","GuppysHairball","GuppysHead"],"campfire_rested":0,"item_purchase_floors":[17,17,34],"current_hp_per_floor":[64,64,30,30,29,29,55,26,26,5,5,5,6,7,7,10,41,41,41,41,41,41,41,42,42,42,43,40,40,40,40,40,44,31,31,26,26,27,27,0,0],"gold":194,"neow_bonus":"THREE_ENEMY_KILL","is_daily":false,"chose_seed":false,"campfire_upgraded":3,"win_rate":0.0,"timestamp":1609600704,"path_taken":["M","?","?","?","?","E","?","E","T","E","?","?","M","M","R","BOSS","M","$","?","COS","?","R","E","R","T","E","?","E","T","T","T","BOSS","?","?","COS","?","?","E"],"items_purchased_type":["Relic","Relic","Relic"],"build_version":"2020-12-22","purchased_purges":4,"victory":false,"max_hp_per_floor":[71,71,71,71,71,71,71,71,71,71,71,71,71,71,71,71,51,51,51,51,51,46,46,46,46,46,46,46,46,46,46,46,46,31,31,31,31,31,31,31,31],"card_choices":[{"not_picked":["Conserve Battery","BasicCrystalCard","Barrage"],"picked":"SKIP","floor":1.0},{"not_picked":["Fan","Aggregate","Conserve Battery","Hologram"],"picked":"Turbo","floor":5.0},{"not_picked":["Heatsinks","Stack","Streamline","MostiFishMod:PushDownKick","Reinforced Body"],"picked":"SKIP","floor":6.0},{"not_picked":["Cancel","BootSequence","Panic Button","Sweeping Beam"],"picked":"Coolheaded","floor":8.0},{"not_picked":["BasicCrystalCard","REME_Compress","MostiFishMod:Overload","Turbo","Stack"],"picked":"SKIP","floor":10.0},{"not_picked":["Rip and Tear","Gash","Loop","Cancel","Hologram"],"picked":"SKIP","floor":11.0},{"not_picked":["Leap","Conserve Battery","Steam","ReplaySort","Coolheaded"],"picked":"SKIP","floor":13.0},{"not_picked":["Genetic Algorithm","MostiFishMod:PushDownKick","Distribution","Panic Button"],"picked":"Ball Lightning","floor":14.0},{"not_picked":["Auto Shields","ReplayTheSpireMod:Repulse","MostiFishMod:DawningShadow","ReplayTheSpireMod:System Scan","ReplayTheSpireMod:Reroute Power"],"picked":"SKIP","floor":18.0},{"not_picked":["ReplaySort","Panic Button","MostiFishMod:PushDownKick","Rip and Tear+1","Reprogram"],"picked":"SKIP","floor":24.0},{"not_picked":["Double Energy+1","Leap","Redo","All For One"],"picked":"REME_ForAll","floor":27.0},{"not_picked":["Leap","Sweeping Beam","Coolheaded","Stack","Steam"],"picked":"SKIP","floor":28.0},{"not_picked":["Distribution","Panic Button","ReplayTheSpireMod:Reroute Power+1","Beam Cell","Steam"],"picked":"SKIP","floor":29.0},{"not_picked":["Capacitor+1","Beam Cell","ReplaySort","Conserve Battery+1","REME_DataAnalysis"],"picked":"SKIP","floor":35},{"not_picked":["Panic Button","BasicCrystalCard","Ball Lightning+1","Steam+1","REME_SelfUpgrade+1"],"picked":"SKIP","floor":36},{"not_picked":["Steam","Undo","Sweeping Beam","Doom and Gloom","ReplayTheSpireMod:System Scan"],"picked":"SKIP","floor":38},{"not_picked":["Gensokyo:UnlikelyAid+1","Gensokyo:DreamlikeParadise+1"],"picked":"Gensokyo:LifeSpringInfinity+1","floor":39}],"player_experience":667720,"relics_obtained":[{"floor":1.0,"key":"SynthV:TestCard"},{"floor":6.0,"key":"Kunai"},{"floor":8.0,"key":"Replay:Frozen Program"},{"floor":9.0,"key":"Leech"},{"floor":10.0,"key":"MoonlightInvasionPlan"},{"floor":18.0,"key":"testmod-HeartOfStrike"},{"floor":23.0,"key":"PreservedInsect"},{"floor":24.0,"key":"Oddly Smooth Stone"},{"floor":24.0,"key":"BookofShadows"},{"floor":25.0,"key":"SatanicBible"},{"floor":26.0,"key":"Painkiller Herb"},{"floor":27.0,"key":"The Courier"},{"floor":27.0,"key":"testmod-Justice"},{"floor":28.0,"key":"Onion Ring"},{"floor":29.0,"key":"TakeMeEscape"},{"floor":29.0,"key":"Kintsugi"},{"floor":35,"key":"BelialBook"},{"floor":36,"key":"Mark of Pain"},{"floor":38,"key":"Incense Burner"}],"event_choices":[],"is_beta":false,"boss_relics":[{"not_picked":["REME_OnlineShoppingPlatform","Replay:Bronze Core"],"picked":"ReplayTheSpireMod:ShopPack"},{"not_picked":[]},{"not_picked":["Replay:Grab Bag","DeathBook"],"picked":"Golden Egg"},{"not_picked":[]}],"items_purged_floors":[17,19,31,34],"is_endless":false,"potions_floor_spawned":[8,11,16,18,27,29,36],"killed_by":"Gensokyo:Doremy","ascension_level":19}}