{"host":"na09lpbrez4gbfiz","time":1609545661,"event":{"mods":["Act Like it!","BaseMod","BetterRewards","Colored Map","Colored Powertips","DeckTracker","Googly Eyes","Highlight Path","Minty Spire (QoL Compilation)","Quick Restart","Spicy Shops","StSLib","SuperFastMode","Synergy Search"],"gold_per_floor":[113,63,76,251,251,284,284,301,327,339,365,391,429,458,470,586,598,625,552,564,591,878,890,890],"floor_reached":23,"playtime":540,"items_purged":[],"score":350,"play_id":"fb9e5289-d893-4ed0-b036-f1687febc6d4","local_time":"20210102010101","is_ascension_mode":true,"campfire_choices":[{"data":"Heavy Blade","floor":7,"key":"SMITH"},{"floor":15,"key":"REST"}],"circlet_count":0,"master_deck":["AscendersBane","Strike_R","Strike_R","Strike_R+1","Strike_R","Defend_R","Defend_R","Defend_R","Defend_R","Bash+1","Bloodletting","Heavy Blade+1","Doubt","Flex+1","Flex+1","Infernal Blade+1","Armaments+1","Immolate","Rampage","Regret"],"relics":["Black Blood","NeowsBlessing","Centennial Puzzle","Toxic Egg 2","MawBank","Whetstone","HornCleat"],"acts_visited":["Exordium","TheCity"],"potions_floor_usage":[13,13,23],"damage_taken":[{"damage":0,"enemies":"Small Slimes","floor":1,"turns":1},{"damage":0,"enemies":"Jaw Worm","floor":3,"turns":1},{"damage":0,"enemies":"Gremlin Nob","floor":6,"turns":1},{"damage":1,"enemies":"2 Louse","floor":8,"turns":2},{"damage":6,"enemies":"Blue Slaver","floor":11,"turns":3},{"damage":15,"enemies":"Exordium Wildlife","floor":12,"turns":3},{"damage":36,"enemies":"3 Sentries","floor":13,"turns":8},{"damage":0,"enemies":"Large Slime","floor":14,"turns":4},{"damage":29,"enemies":"Slime Boss","floor":16,"turns":11},{"damage":28,"enemies":"2 Thieves","floor":18,"turns":4},{"damage":7,"enemies":"3 Byrds","floor":21,"turns":5},{"damage":47,"enemies":"Slavers","floor":23,"turns":4}],"seed_played":"-8582012627990606110","potions_obtained":[{"floor":1,"key":"Fire Potion"},{"floor":3,"key":"ColorlessPotion"},{"floor":21,"key":"Fire Potion"}],"is_trial":false,"path_per_floor":["M","?","M","?","?","E","R","M","T","$","M","M","E","M","R","B",null,"M","?","?","M","?","E"],"character_chosen":"IRONCLAD","items_purchased":[],"campfire_rested":1,"item_purchase_floors":[],"current_hp_per_floor":[78,78,80,80,68,74,74,79,79,79,79,70,40,46,70,47,72,56,56,41,46,46,0,0],"gold":890,"neow_bonus":"THREE_ENEMY_KILL","is_daily":false,"chose_seed":false,"campfire_upgraded":1,"win_rate":0.0,"timestamp":1609545661,"path_taken":["M","?","M","?","?","E","R","M","T","?","M","M","E","M","R","BOSS","M","?","?","M","?","E"],"items_purchased_type":[],"build_version":"2020-12-22","purchased_purges":0,"victory":false,"max_hp_per_floor":[80,80,80,80,80,80,80,80,80,80,80,80,80,80,80,80,80,80,80,85,85,85,85,85],"card_choices":[{"not_picked":["Rage","Wild Strike"],"picked":"Bloodletting","floor":1},{"not_picked":["Anger","Armaments"],"picked":"Heavy Blade","floor":3},{"not_picked":["Body Slam","Battle Trance+1"],"picked":"Flex+1","floor":6},{"not_picked":["Iron Wave","Reaper"],"picked":"Flex+1","floor":8},{"not_picked":["Thunderclap","Perfected Strike"],"picked":"Infernal Blade+1","floor":11},{"not_picked":["Sever Soul","Flex+1"],"picked":"Armaments+1","floor":12},{"not_picked":["Evolve","Dropkick","Twin Strike"],"picked":"SKIP","floor":13},{"not_picked":["Sword Boomerang","Anger"],"picked":"Immolate","floor":14},{"not_picked":["Warcry+1","Iron Wave"],"picked":"Rampage","floor":18},{"not_picked":["Carnage","Iron Wave","Whirlwind+1"],"picked":"SKIP","floor":21}],"player_experience":253876,"relics_obtained":[{"floor":6,"key":"Toxic Egg 2"},{"floor":9,"key":"MawBank"},{"floor":13,"key":"Whetstone"}],"event_choices":[{"cards_removed":["Strike_R"],"damage_healed":0,"gold_gain":0,"player_choice":"Card Removal","damage_taken":0,"max_hp_gain":0,"max_hp_loss":0,"event_name":"The Cleric","floor":2,"gold_loss":50},{"damage_healed":0,"gold_gain":175,"player_choice":"AGREE","damage_taken":0,"max_hp_gain":0,"max_hp_loss":0,"event_name":"Liars Game","floor":4,"gold_loss":0,"cards_obtained":["Doubt"]},{"damage_healed":0,"gold_gain":0,"player_choice":"Success","damage_taken":12,"relics_obtained":["Centennial Puzzle"],"max_hp_gain":0,"max_hp_loss":0,"event_name":"Scrap Ooze","floor":5,"gold_loss":0},{"damage_healed":0,"gold_gain":0,"player_choice":"Obtained Relic","damage_taken":0,"relics_obtained":["HornCleat"],"max_hp_gain":0,"max_hp_loss":0,"event_name":"Addict","floor":19,"gold_loss":85},{"damage_healed":0,"gold_gain":0,"player_choice":"Shed Blood","damage_taken":20,"max_hp_gain":5,"max_hp_loss":0,"event_name":"Forgotten Altar","floor":20,"gold_loss":0},{"damage_healed":0,"gold_gain":275,"player_choice":"Desecrate","damage_taken":0,"max_hp_gain":0,"max_hp_loss":0,"event_name":"Golden Shrine","floor":22,"gold_loss":0,"cards_obtained":["Regret"]}],"is_beta":false,"boss_relics":[{"not_picked":["Fusion Hammer","Snecko Eye"],"picked":"Black Blood"}],"items_purged_floors":[],"is_endless":false,"potions_floor_spawned":[1,3,21],"killed_by":"Slavers","ascension_level":11}}