{"host":"sabve5zmqufxyc5o","time":1609611548,"event":{"mods":["2.2 Compatiblity","AchievementEnabler","Act Like it!","Arknights The Spire","BaseMod","Block Reminder","Colored Map","Colored Powertips","DeckTracker","KOR Keyword Fix","Keyboard Shortcuts","Minty Spire (QoL Compilation)","Quick Restart","Rare Cards Sparkle","Relic Stats","StSLib","SuperFastMode"],"gold_per_floor":[112,112,131,146,146,146,35,75,75,75,119,150,162,198,210,353,365,401,413,105,105,120,120,120,136,161,161,181,81,101,101,101],"floor_reached":31,"playtime":687,"items_purged":["ats:Strike V","ats:Strike G"],"score":282,"play_id":"b2f4c7a9-bb72-4d86-9de8-d6a80658dcf3","local_time":"20210103031908","is_ascension_mode":true,"campfire_choices":[{"data":"ats:Emotion Absorption","floor":6,"key":"SMITH"},{"floor":10,"key":"REST"},{"floor":15,"key":"REST"},{"data":"ats:Childhood Dance","floor":23,"key":"SMITH"},{"floor":27,"key":"REST"}],"circlet_count":0,"master_deck":["ats:Strike S","ats:Armor Crushing Shot","ats:Defend","ats:Defend","ats:Defend","ats:Defend","ats:Emotion Absorption+1","ats:Childhood Dance+1","ats:Assault Order","ats:Overload","ats:Neurotoxin","ats:Poison Spread","ats:Apocalypse","ats:Wolf Pack","ats:Overload+1","ats:Rapid Magazine","ats:Spore Proliferation+1","ats:Flexible Camouflage+1"],"relics":["ats:Sanity","NeowsBlessing","Golden Idol","ats:Originium","Bottled Tornado","Kunai","MawBank","ats:Industrial Water Cannon","Shuriken","Toxic Egg 2","Regal Pillow"],"acts_visited":["Exordium","TheCity"],"potions_floor_usage":[14,16,28,28,28,31],"damage_taken":[{"damage":0,"enemies":"Small Slimes","floor":1,"turns":1},{"damage":0,"enemies":"Jaw Worm","floor":3,"turns":1},{"damage":0,"enemies":"Cultist","floor":4,"turns":2},{"damage":47,"enemies":"Lagavulin","floor":8,"turns":8},{"damage":20,"enemies":"Gremlin Nob","floor":11,"turns":4},{"damage":6,"enemies":"Exordium Wildlife","floor":12,"turns":4},{"damage":10,"enemies":"Large Slime","floor":14,"turns":6},{"damage":12,"enemies":"The Guardian","floor":16,"turns":12},{"damage":11,"enemies":"Shell Parasite","floor":18,"turns":5},{"damage":7,"enemies":"Chosen","floor":22,"turns":4},{"damage":26,"enemies":"Centurion and Healer","floor":25,"turns":6},{"damage":21,"enemies":"Cultist and Chosen","floor":28,"turns":5},{"damage":42,"enemies":"Shelled Parasite and Fungi","floor":30,"turns":8},{"damage":25,"enemies":"3 Cultists","floor":31,"turns":5}],"seed_played":"8987193772954783527","potions_obtained":[{"floor":1,"key":"Energy Potion"},{"floor":11,"key":"Energy Potion"},{"floor":14,"key":"DistilledChaos"},{"floor":18,"key":"SpeedPotion"},{"floor":25,"key":"LiquidMemories"},{"floor":28,"key":"Fruit Juice"},{"floor":30,"key":"Swift Potion"}],"is_trial":false,"path_per_floor":["M","?","M","M","?","R","$","E","T","R","E","M","T","M","R","B",null,"M","?","$","T","M","R","?","M","T","R","M","$","M","M"],"character_chosen":"DOCTOR_CLASS","items_purchased":["ats:Overload","ats:Neurotoxin","Shuriken"],"campfire_rested":3,"item_purchase_floors":[7,7,20],"current_hp_per_floor":[72,72,72,72,67,67,67,20,20,40,20,14,14,8,28,24,67,62,62,62,62,59,59,59,41,41,67,59,59,25,4,4],"gold":101,"neow_bonus":"THREE_ENEMY_KILL","is_daily":false,"chose_seed":false,"campfire_upgraded":2,"win_rate":0.0,"timestamp":1609611548,"path_taken":["M","?","M","M","?","R","$","E","T","R","E","M","?","M","R","BOSS","M","?","?","?","M","R","?","M","T","R","?","$","M","M"],"items_purchased_type":["Card","Card","Relic"],"build_version":"2020-12-22","purchased_purges":2,"victory":false,"max_hp_per_floor":[72,72,72,72,67,67,67,67,67,67,67,67,67,67,67,67,67,67,67,67,67,67,67,67,67,67,67,72,72,72,72,72],"relic_stats":{"Regal Pillow":6,"counters":[14,71],"Golden Idol":71,"Shuriken":[6],"Kunai":[15],"MawBank":108,"obtain_stats":[{"Regal Pillow":26,"NeowsBlessing":0,"ats:Originium":8,"Golden Idol":5,"Shuriken":20,"ats:Sanity":0,"Kunai":9,"Bottled Tornado":8,"Toxic Egg 2":21,"MawBank":11,"ats:Industrial Water Cannon":13},{"Regal Pillow":11,"NeowsBlessing":0,"ats:Originium":4,"Golden Idol":3,"Shuriken":9,"ats:Sanity":0,"Kunai":4,"Bottled Tornado":4,"Toxic Egg 2":9,"MawBank":5,"ats:Industrial Water Cannon":6},{"Regal Pillow":53,"NeowsBlessing":0,"ats:Originium":12,"Golden Idol":4,"Shuriken":43,"ats:Sanity":0,"Kunai":12,"Bottled Tornado":12,"Toxic Egg 2":43,"MawBank":16,"ats:Industrial Water Cannon":20}]},"card_choices":[{"not_picked":["ats:Closed Bolt Burst Fire","ats:Explosion Area Strengthen"],"picked":"ats:Childhood Dance","floor":1},{"not_picked":["ats:Childhood Dance","ats:Assault Order","ats:Apocalypse"],"picked":"SKIP","floor":3},{"not_picked":["ats:Fractured Body","ats:Curse Doll"],"picked":"ats:Assault Order","floor":4},{"not_picked":["ats:Guardian Obelisk","ats:Hammer On"],"picked":"ats:Poison Spread","floor":8},{"not_picked":["ats:Consecutive Shot Auto","ats:Steam Pump","ats:Healing Strengthening"],"picked":"SKIP","floor":11},{"not_picked":["ats:Revitalization","ats:Poison Spread"],"picked":"ats:Apocalypse","floor":12},{"not_picked":["ats:Childhood Dance","ats:Burning Ground","ats:Assault Order"],"picked":"SKIP","floor":14},{"not_picked":["ats:Nebulous Foxfire","ats:True Silver Slash"],"picked":"ats:Wolf Pack","floor":16},{"not_picked":["ats:Childhood Dance","ats:Leaping Hammer"],"picked":"ats:Overload+1","floor":18},{"not_picked":["ats:Revitalization+1","ats:Curse Doll+1","ats:Consecutive Shot Auto"],"picked":"SKIP","floor":22},{"not_picked":["ats:Assault Order+1","ats:Song Of Battle"],"picked":"ats:Rapid Magazine","floor":25},{"not_picked":["ats:Leaping Hammer+1","ats:Blood Oath"],"picked":"ats:Spore Proliferation+1","floor":28},{"not_picked":["ats:Childhood Dance+1","ats:Powerful Strike"],"picked":"ats:Flexible Camouflage+1","floor":30}],"player_experience":827914,"relics_obtained":[{"floor":8,"key":"ats:Originium"},{"floor":8,"key":"Bottled Tornado"},{"floor":9,"key":"Kunai"},{"floor":11,"key":"ats:Originium"},{"floor":11,"key":"MawBank"},{"floor":13,"key":"ats:Industrial Water Cannon"},{"floor":21,"key":"Toxic Egg 2"},{"floor":26,"key":"Regal Pillow"}],"event_choices":[{"damage_healed":0,"gold_gain":0,"player_choice":"Ignored","damage_taken":0,"max_hp_gain":0,"max_hp_loss":0,"event_name":"Liars Game","floor":2,"gold_loss":0},{"damage_healed":0,"gold_gain":0,"player_choice":"Lose Max HP","damage_taken":0,"relics_obtained":["Golden Idol"],"max_hp_gain":0,"max_hp_loss":5,"event_name":"Golden Idol","floor":5,"gold_loss":0},{"damage_healed":0,"gold_gain":0,"player_choice":"0 cards matched","damage_taken":0,"max_hp_gain":0,"max_hp_loss":0,"event_name":"Match and Keep!","floor":19,"gold_loss":0,"cards_obtained":[]},{"cards_removed":["ats:Strike C"],"damage_healed":0,"gold_gain":0,"player_choice":"Purged","damage_taken":0,"max_hp_gain":0,"max_hp_loss":0,"event_name":"Purifier","floor":24,"gold_loss":0}],"is_beta":false,"boss_relics":[{"not_picked":["Fusion Hammer","Busted Crown","Ectoplasm"]}],"items_purged_floors":[20,29],"is_endless":false,"potions_floor_spawned":[1,11,14,18,25,28,30],"killed_by":"3 Cultists","ascension_level":3}}