{"host":"nhy906g2ja00jpid","time":1609580483,"event":{"mods":["BaseMod","Marisa£®ÏF”Í°°ƒß¿Ì…≥£©","Minty Spire (QoL Compilation)","Permanent Neow","Quick Restart","Relic Stats","UnlockEverythingMod"],"gold_per_floor":[114,127,52,52,69,69,94,94,120,120,26,26,62,78,78,179,179,224,224,239,254,290,348,348,390,390,416,416,433,38,76,76,200,200,244,244,283,4,48,105,105,105,128,146,184,184,229,179,179,179,179,179,27,27,27],"floor_reached":54,"playtime":5788,"items_purged":["Strike_MRS","EventHorizon+1","StarDustReverie","Defend_MRS"],"score":801,"play_id":"62987a46-d896-4da6-993a-ceb8a3e03311","local_time":"20210102174123","is_ascension_mode":false,"campfire_choices":[{"data":"FinalSpark","floor":6.0,"key":"SMITH"},{"data":"MasterSpark","floor":8.0,"key":"SMITH"},{"data":"6A","floor":15.0,"key":"SMITH"},{"floor":24.0,"key":"RECALL"},{"data":"MachineGunSpark","floor":32.0,"key":"SMITH"},{"data":"DoubleSpark","floor":42,"key":"SMITH"},{"data":"EarthLightRay","floor":46,"key":"SMITH"},{"data":"DoubleSpark","floor":49,"key":"SMITH"},{"data":"UpSweep","floor":52,"key":"SMITH"}],"circlet_count":0,"master_deck":["Defend_MRS","Defend_MRS","MasterSpark+1","UpSweep+1","FinalSpark+1","MeteoricShower","6A+1","DoubleSpark+1","WitchOfGreed+1","CasketOfStar+1","EarthLightRay+1","StarlightTyphoon+1","MachineGunSpark+1","SuperPerseids","DoubleSpark+1","DoubleSpark+1","EarthLightRay+1","BlazeAway+1","PulseMagic+1","MachineGunSpark+1","DoubleSpark+1"],"relics":["MiniHakkero","Pen Nib","Centennial Puzzle","Astrolabe","MealTicket","Blue Candle","Bag of Marbles","Orrery","Vajra","Coffee Dripper","Bag of Preparation","Akabeko","Smiling Mask","Anchor"],"acts_visited":["Exordium","TheCity","TheBeyond","TheEnding"],"potions_floor_usage":[50],"damage_taken":[{"damage":1.0,"enemies":"Jaw Worm","floor":1.0,"turns":3.0},{"damage":2.0,"enemies":"2 Louse","floor":2.0,"turns":2.0},{"damage":1.0,"enemies":"Cultist","floor":5.0,"turns":3.0},{"damage":8.0,"enemies":"Exordium Thugs","floor":13.0,"turns":5.0},{"damage":0.0,"enemies":"Large Slime","floor":14.0,"turns":3.0},{"damage":0.0,"enemies":"Slime Boss","floor":16.0,"turns":3.0},{"damage":14.0,"enemies":"Shell Parasite","floor":18.0,"turns":3.0},{"damage":3.0,"enemies":"2 Thieves","floor":20.0,"turns":2.0},{"damage":12.0,"enemies":"Sentry and Sphere","floor":21.0,"turns":3.0},{"damage":8.0,"enemies":"Snecko","floor":22.0,"turns":3.0},{"damage":22.0,"enemies":"Gremlin Leader","floor":23.0,"turns":3.0},{"damage":8.0,"enemies":"Centurion and Healer","floor":25.0,"turns":4.0},{"damage":20.0,"enemies":"Book of Stabbing","floor":27.0,"turns":4.0},{"damage":0.0,"enemies":"Cultist and Chosen","floor":29.0,"turns":4.0},{"damage":22.0,"enemies":"Chosen and Byrds","floor":31.0,"turns":4.0},{"damage":54.0,"enemies":"Automaton","floor":33.0,"turns":8.0},{"damage":1.0,"enemies":"Orb Walker","floor":35.0,"turns":3.0},{"damage":4.0,"enemies":"3 Shapes","floor":37.0,"turns":4.0},{"damage":10.0,"enemies":"Jaw Worm Horde","floor":39.0,"turns":3.0},{"damage":22.0,"enemies":"Reptomancer","floor":40.0,"turns":4.0},{"damage":0,"enemies":"Spire Growth","floor":44,"turns":2},{"damage":13,"enemies":"Maw","floor":45,"turns":3},{"damage":19,"enemies":"Transient","floor":47,"turns":5},{"damage":70,"enemies":"Donu and Deca","floor":50,"turns":7},{"damage":48,"enemies":"Shield and Spear","floor":54,"turns":3}],"seed_played":"207559591430878927","potions_obtained":[{"floor":1.0,"key":"Swift Potion"},{"floor":2.0,"key":"Energy Potion"},{"floor":5.0,"key":"ColorlessPotion"},{"floor":16.0,"key":"LiquidMemories"},{"floor":18.0,"key":"DuplicationPotion"},{"floor":21.0,"key":"Block Potion"},{"floor":22.0,"key":"DistilledChaos"},{"floor":23.0,"key":"DuplicationPotion"},{"floor":29.0,"key":"Strength Potion"},{"floor":31.0,"key":"Regen Potion"},{"floor":33.0,"key":"Block Potion"},{"floor":35.0,"key":"Fire Potion"},{"floor":39.0,"key":"ShroomBrew"},{"floor":40.0,"key":"Fire Potion"},{"floor":40.0,"key":"PowerPotion"}],"is_trial":false,"path_per_floor":["M","M","$","?","M","R","T","R","T","T","$","?","M","M","R","B",null,"M","?","M","M","M","E","R","M","T","E","?","M","$","M","R","B",null,"M","?","M","$","M","E","?","R","T","M","M","R","M","$","R","B",null,"R","$","E"],"character_chosen":"MARISA","items_purchased":["DoubleSpark","WitchOfGreed","Orrery","Vajra","Bag of Preparation","Anchor"],"campfire_rested":0,"item_purchase_floors":[11,11,30,30,38,53],"current_hp_per_floor":[53,51,51,44,43,43,43,43,43,43,43,43,35,35,35,35,75,67,67,70,64,62,46,46,44,44,30,30,36,51,39,39,10,75,74,74,73,75,75,57,57,57,57,67,60,60,53,68,68,10,75,75,75,33,33],"gold":27,"neow_bonus":"THREE_RARE_CARDS","is_daily":false,"chose_seed":false,"campfire_upgraded":8,"win_rate":0.0,"timestamp":1609580483,"path_taken":["M","M","$","?","M","R","?","R","T","?","?","?","M","M","R","BOSS","M","?","M","M","?","E","R","M","T","E","?","M","$","M","R","BOSS","M","?","?","$","M","E","?","R","T","M","?","R","M","$","R","BOSS","R","$","E"],"items_purchased_type":["Card","Card","Relic","Relic","Relic","Relic"],"build_version":"2020-12-22","purchased_purges":4,"victory":false,"max_hp_per_floor":[75,75,75,75,75,75,75,75,75,75,75,75,75,75,75,75,75,75,75,75,75,75,75,75,75,75,75,75,75,75,75,75,75,75,75,75,75,75,75,75,75,75,75,75,75,75,75,75,75,75,75,75,75,75,75],"relic_stats":{"Centennial Puzzle":[54],"counters":[25,91],"Astrolabe":["EarthLightRay","EventHorizon","StarlightTyphoon"],"Blue Candle":[0],"MealTicket":32,"Pen Nib":[24],"Bag of Preparation":[14],"Smiling Mask":100,"obtain_stats":[{"Astrolabe":17,"Blue Candle":26,"Vajra":30,"Pen Nib":7,"Bag of Preparation":38,"Smiling Mask":43,"Akabeko":40,"Centennial Puzzle":9,"Anchor":53,"Orrery":30,"MealTicket":23,"Bag of Marbles":27,"Coffee Dripper":34,"MiniHakkero":0},{"Astrolabe":6,"Blue Candle":12,"Vajra":14,"Pen Nib":3,"Bag of Preparation":18,"Smiling Mask":20,"Akabeko":20,"Centennial Puzzle":3,"Anchor":24,"Orrery":14,"MealTicket":11,"Bag of Marbles":13,"Coffee Dripper":16,"MiniHakkero":0},{"Astrolabe":19,"Blue Candle":37,"Vajra":45,"Pen Nib":8,"Bag of Preparation":64,"Smiling Mask":71,"Akabeko":71,"Centennial Puzzle":8,"Anchor":88,"Orrery":45,"MealTicket":33,"Bag of Marbles":41,"Coffee Dripper":57,"MiniHakkero":0}]},"card_choices":[{"not_picked":["BigCrunch","AbsoluteMagnitude"],"picked":"FinalSpark","floor":0.0},{"not_picked":["GravityBeat","MilkyWay"],"picked":"MeteoricShower","floor":1.0},{"not_picked":["EnergyRecoil","GravityBeat","NonDirectionalLaser"],"picked":"SKIP","floor":2.0},{"not_picked":["GravityBeat","UnstableBomb"],"picked":"6A","floor":5.0},{"not_picked":["MilkyWay","GrandCross","Singularity"],"picked":"SKIP","floor":13.0},{"not_picked":["WitchOfGreed","WitchLeyline","PowerUp"],"picked":"SKIP","floor":14.0},{"not_picked":["SatelliteIllusion","EscapeVelocity"],"picked":"CasketOfStar","floor":16.0},{"not_picked":["SporeBomb","6A","LuminesStrike"],"picked":"SKIP","floor":18.0},{"not_picked":["WitchLeyline+1","Acceleration+1","AsteroidBelt"],"picked":"SKIP","floor":20.0},{"not_picked":["WitchLeyline+1","Acceleration+1","AsteroidBelt"],"picked":"SKIP","floor":20.0},{"not_picked":["WitchLeyline+1","Acceleration+1","AsteroidBelt"],"picked":"SKIP","floor":20.0},{"not_picked":["Acceleration","GasGiant+1","SporeBomb"],"picked":"SKIP","floor":21.0},{"not_picked":["ShootingEcho","Orbital","6A"],"picked":"SKIP","floor":22.0},{"not_picked":["ChargeUpSpray","SporeBomb","MysteriousBeam"],"picked":"SKIP","floor":23.0},{"not_picked":["Singularity","DC","PowerUp"],"picked":"SKIP","floor":25.0},{"not_picked":["EventHorizon","6A+1"],"picked":"MachineGunSpark","floor":27.0},{"not_picked":["SatelliteIllusion","LuminesStrike","Occultation"],"picked":"SKIP","floor":29.0},{"not_picked":["OpenUniverse","DC"],"picked":"SuperPerseids","floor":30.0},{"not_picked":["MysteriousBeam","StarDustReverie"],"picked":"DoubleSpark+1","floor":30.0},{"not_picked":["MagicAbsorber","SporeBomb"],"picked":"DoubleSpark","floor":30.0},{"not_picked":["StarBarrage","LuminesStrike"],"picked":"EarthLightRay","floor":30.0},{"not_picked":["DarkSpark","GravityBeat","WitchLeyline"],"picked":"SKIP","floor":31.0},{"not_picked":["UltimateShortwave","SuperNova"],"picked":"StarDustReverie","floor":33.0},{"not_picked":["UnstableBomb","FairyDestructionRay+1","AsteroidBelt"],"picked":"SKIP","floor":35.0},{"not_picked":["SuperPerseids","GrandCross+1"],"picked":"BlazeAway+1","floor":37.0},{"not_picked":["Acceleration+1","ShootingEcho","FairyDestructionRay+1"],"picked":"SKIP","floor":39.0},{"not_picked":["EventHorizon+1","FairyDestructionRay","AlicesGift+1"],"picked":"SKIP","floor":40.0},{"not_picked":["IllusionStar+1","MeteoricShower"],"picked":"PulseMagic+1","floor":44},{"not_picked":["PowerUp+1","WitchOfGreed+1"],"picked":"MachineGunSpark+1","floor":45},{"not_picked":["MilkyWay+1","DarkSpark+1"],"picked":"DoubleSpark+1","floor":47}],"player_experience":116695,"relics_obtained":[{"floor":7.0,"key":"Pen Nib"},{"floor":9.0,"key":"Centennial Puzzle"},{"floor":23.0,"key":"MealTicket"},{"floor":26.0,"key":"Blue Candle"},{"floor":27.0,"key":"Bag of Marbles"},{"floor":40.0,"key":"Akabeko"},{"floor":43,"key":"Smiling Mask"}],"event_choices":[{"cards_removed":["Defend_MRS"],"damage_healed":0.0,"max_hp_gain":0.0,"max_hp_loss":0.0,"gold_gain":0.0,"event_name":"Golden Wing","player_choice":"Card Removal","floor":4.0,"gold_loss":0.0,"damage_taken":7.0},{"damage_healed":0.0,"max_hp_gain":0.0,"max_hp_loss":0.0,"gold_gain":0.0,"event_name":"Living Wall","player_choice":"Grow","floor":12.0,"gold_loss":0.0,"damage_taken":0.0,"cards_upgraded":["WitchOfGreed"]},{"damage_healed":0.0,"max_hp_gain":0.0,"max_hp_loss":0.0,"gold_gain":0.0,"event_name":"Accursed Blacksmith","player_choice":"Forge","floor":19.0,"gold_loss":0.0,"damage_taken":0.0,"cards_upgraded":["CasketOfStar"]},{"damage_healed":0.0,"max_hp_gain":0.0,"max_hp_loss":0.0,"gold_gain":0.0,"event_name":"Vampires","player_choice":"Ignored","floor":28.0,"gold_loss":0.0,"damage_taken":0.0},{"damage_healed":0.0,"max_hp_gain":0.0,"max_hp_loss":0.0,"gold_gain":0.0,"event_name":"NoteForYourself","player_choice":"Ignored","floor":36.0,"gold_loss":0.0,"damage_taken":0.0},{"damage_healed":0,"gold_gain":0,"player_choice":"Bought 0 Potions","damage_taken":0,"max_hp_gain":0,"max_hp_loss":0,"event_name":"The Woman in Blue","floor":41,"gold_loss":0}],"is_beta":false,"boss_relics":[{"not_picked":["Velvet Choker","RampagingMagicTools"],"picked":"Astrolabe"},{"not_picked":["Busted Crown","Empty Cage"],"picked":"Coffee Dripper"}],"items_purged_floors":[3,30,38,48],"is_endless":false,"potions_floor_spawned":[1,2,5,14,16,18,21,25,29,31,40,45,47],"killed_by":"Shield and Spear","ascension_level":0}}