{"host":"szp1d6dso4pv7ddl","time":1609625497,"event":{"mods":["AchievementEnabler","Alarm Clock","BaseMod","Bestiary","Block Reminder","Colored Map","Colored Powertips","Curses Come First","Displayed Cursed Tome","Highlight Path","Minty Spire (QoL Compilation)","Permanent Neow","Quick Restart","Relic Sorter","Relic Stats","StSLib","Synergy Search"],"gold_per_floor":[114,114,39,39,50,68,68,81,106,118,128,146,146,146],"floor_reached":13,"playtime":670,"items_purged":["Doubt"],"score":126,"play_id":"188d8bb2-ae0c-464d-a66d-bd26b280b592","local_time":"20210102141137","is_ascension_mode":true,"campfire_choices":[{"data":"True Grit","floor":7.0,"key":"SMITH"}],"circlet_count":0,"master_deck":["AscendersBane","Strike_R","Strike_R","Strike_R","Strike_R","Strike_R","Defend_R","Defend_R","Defend_R","Bash","Fiend Fire","Sentinel","Pommel Strike","True Grit+1","Dark Embrace","Havoc","Seeing Red","Dual Wield"],"relics":["Burning Blood","Lantern"],"acts_visited":["Exordium"],"potions_floor_usage":[12],"damage_taken":[{"damage":15.0,"enemies":"Small Slimes","floor":1.0,"turns":4.0},{"damage":17.0,"enemies":"Jaw Worm","floor":5.0,"turns":5.0},{"damage":6.0,"enemies":"Cultist","floor":6.0,"turns":3.0},{"damage":12.0,"enemies":"Blue Slaver","floor":8.0,"turns":3.0},{"damage":2.0,"enemies":"Looter","floor":10.0,"turns":4.0},{"damage":14.0,"enemies":"Lots of Slimes","floor":11.0,"turns":5.0},{"damage":26,"enemies":"Gremlin Gang","floor":12,"turns":4},{"damage":40,"enemies":"Lagavulin","floor":13,"turns":5}],"seed_played":"-1455691971173991743","potions_obtained":[{"floor":1.0,"key":"PowerPotion"},{"floor":10.0,"key":"GamblersBrew"},{"floor":11.0,"key":"DuplicationPotion"},{"floor":12,"key":"Fruit Juice"}],"is_trial":false,"path_per_floor":["M","?","$","?","M","M","R","M","T","M","M","M","E"],"character_chosen":"IRONCLAD","items_purchased":[],"campfire_rested":0,"item_purchase_floors":[],"current_hp_per_floor":[63,68,68,68,57,57,57,51,51,55,47,32,0,0],"gold":146,"neow_bonus":"THREE_RARE_CARDS","is_daily":false,"chose_seed":false,"campfire_upgraded":1,"win_rate":0.0,"timestamp":1609625497,"path_taken":["M","?","$","?","?","M","R","M","T","M","M","M","E"],"items_purchased_type":[],"build_version":"2020-12-22","purchased_purges":1,"victory":false,"max_hp_per_floor":[80,85,85,85,85,85,85,85,85,85,85,90,90,90],"relic_stats":{"counters":[8,33],"obtain_stats":[{"Lantern":9,"Burning Blood":0},{"Lantern":4,"Burning Blood":0},{"Lantern":15,"Burning Blood":0}],"Burning Blood":42},"card_choices":[{"not_picked":["Feed","Berserk"],"picked":"Fiend Fire","floor":0.0},{"not_picked":["Warcry","Metallicize"],"picked":"Sentinel","floor":1.0},{"not_picked":["Whirlwind","Twin Strike"],"picked":"Pommel Strike","floor":5.0},{"not_picked":["Anger","Disarm"],"picked":"True Grit","floor":6.0},{"not_picked":["True Grit","Seeing Red"],"picked":"Dark Embrace","floor":8.0},{"not_picked":["Pummel","Sword Boomerang"],"picked":"Havoc","floor":10.0},{"not_picked":["Perfected Strike","Havoc"],"picked":"Seeing Red","floor":11.0},{"not_picked":["Cleave","Shrug It Off"],"picked":"Dual Wield","floor":12}],"player_experience":1099865,"relics_obtained":[{"floor":9.0,"key":"Lantern"}],"event_choices":[{"damage_healed":0.0,"max_hp_gain":5.0,"max_hp_loss":0.0,"gold_gain":0.0,"event_name":"Big Fish","player_choice":"Donut","floor":2.0,"gold_loss":0.0,"damage_taken":0.0},{"cards_removed":["Defend_R"],"damage_healed":0.0,"max_hp_gain":0.0,"max_hp_loss":0.0,"gold_gain":0.0,"event_name":"Purifier","player_choice":"Purged","floor":4.0,"gold_loss":0.0,"damage_taken":0.0}],"is_beta":false,"boss_relics":[],"items_purged_floors":[3],"is_endless":false,"potions_floor_spawned":[1,10,11,12],"killed_by":"Lagavulin","ascension_level":12}}