{"host":"mytek2nu1hrzdnew","time":1609612228,"event":{"mods":["Aspiration","BaseMod","Conspire","Evolution","GifTheSpireLib","Gold Saver","Hubris","Minty Spire (QoL Compilation)","Replay The Spire","StSLib","Stuff the Spire","Uncapped"],"gold_per_floor":[525,525,166,179,196,221,238,238,238,258,278,289,289,299,299,394,394,406,426,442,111,111,111,137,137,185,216,216,216,233,233,233,337,337,356,356,369,381,396,396,413,413,413,455,455,471,48,48,48,48],"floor_reached":51,"playtime":4466,"items_purged":["Bash","Languid","Iron Wave"],"score":516,"play_id":"94909d10-e0f6-429f-9922-3b21b49b3bc3","local_time":"20210102133028","is_ascension_mode":false,"campfire_choices":[{"data":"Inflame","floor":8,"key":"SMITH"},{"data":"Machine Learning","floor":15,"key":"SMITH"},{"data":"Rainbow","floor":23,"key":"SMITH"},{"data":"Bloodletting","floor":25,"key":"SMITH"},{"floor":28,"key":"REST"},{"floor":32,"key":"REST"},{"floor":40,"key":"REST"},{"floor":45,"key":"REST"},{"data":"Seeing Red","floor":49,"key":"SMITH"}],"circlet_count":0,"master_deck":["Iron Wave","Iron Wave","Iron Wave","Shrug It Off","Shrug It Off","Shrug It Off","Shrug It Off","Body Slam","Poisoned Strike","StuffTheSpire:RockThrow","ReplayTheSpireMod:Strike From Hell","StuffTheSpire:RockThrow","JustLucky","Inflame+1","Go for the Eyes","Sunder","Machine Learning+1","Buffer","Rainbow+1","Amnesia","Amnesia","Bloodletting+1","Replay:Undeath\u0027s Touch","Bloodletting+1","StuffTheSpire:NuclearReactor","StuffTheSpire:RockThrow","Necronomicurse","Echo Form","Armaments","Anger+1","Spot Weakness","Demonic Infusion+1","Self Repair","Seeing Red+1"],"relics":["Burning Blood","EVO:Axolotl","aspiration:Nostalgia","Replay:M_StaffOfTheSnake","hubris:DisguiseKit","Replay:WaspNest","Replay:Ancient Bell","Bronze Scales","StuffTheSpire:Rhapsscallions","hubris:Potato","HandDrill","Juzu Bracelet","Replay:Wax Seal","Question Card","Necronomicon","hubris:Backtick","Gremlin Horn","Eternal Feather","ReplayFunnel","Chemical X","Ancient Tea Set"],"acts_visited":["Exordium","TheCity","TheBeyond"],"potions_floor_usage":[6,16,18,27,30,37,50],"damage_taken":[{"damage":5,"enemies":"Small Slimes","floor":1,"turns":4},{"damage":0,"enemies":"2 Louse","floor":4,"turns":2},{"damage":0,"enemies":"Jaw Worm","floor":5,"turns":3},{"damage":23,"enemies":"Lagavulin","floor":6,"turns":7},{"damage":0,"enemies":"Looter","floor":7,"turns":3},{"damage":0,"enemies":"3 Louse","floor":10,"turns":3},{"damage":0,"enemies":"Blue Slaver","floor":11,"turns":3},{"damage":0,"enemies":"2 Fungi Beasts","floor":12,"turns":2},{"damage":0,"enemies":"3 Louse","floor":14,"turns":2},{"damage":24,"enemies":"Hexaghost","floor":16,"turns":8},{"damage":1,"enemies":"3 Byrds","floor":18,"turns":3},{"damage":7,"enemies":"Shell Parasite","floor":19,"turns":4},{"damage":9,"enemies":"Centurion and Healer","floor":20,"turns":6},{"damage":17,"enemies":"Book of Stabbing","floor":24,"turns":5},{"damage":43,"enemies":"Gremlin Leader","floor":27,"turns":7},{"damage":6,"enemies":"Snake Plant","floor":30,"turns":2},{"damage":74,"enemies":"Automaton","floor":33,"turns":10},{"damage":0,"enemies":"3 Shapes","floor":35,"turns":5},{"damage":31,"enemies":"3 Darklings","floor":37,"turns":4},{"damage":10,"enemies":"Sphere and 2 Shapes","floor":38,"turns":6},{"damage":26,"enemies":"4 Shapes","floor":39,"turns":3},{"damage":20,"enemies":"Maw","floor":41,"turns":8},{"damage":16,"enemies":"3 Darklings","floor":46,"turns":5},{"damage":85,"enemies":"Replay:Hell Engine","floor":50,"turns":14}],"seed_played":"6550805035282966035","potions_obtained":[{"floor":11,"key":"Block Potion"},{"floor":12,"key":"Fire Potion"},{"floor":20,"key":"BloodPotion"},{"floor":27,"key":"Swift Potion"},{"floor":35,"key":"Toxic Potion"},{"floor":46,"key":"Block Potion"}],"is_trial":false,"path_per_floor":["M","?","$","M","M","E","M","R","T","M","M","M","?","M","R","B",null,"M","M","M","$","?","R","E","R","T","E","R","?","M","?","R","B",null,"M","?","M","M","M","R","M","?","T","?","R","M","$","?","R","B",null],"character_chosen":"IRONCLAD","items_purchased":["Poisoned Strike","StuffTheSpire:RockThrow","PowerPotion","Bloodletting","HandDrill","Chemical X","Ancient Tea Set"],"campfire_rested":4,"item_purchase_floors":[3,3,3,21,21,47,47],"current_hp_per_floor":[82,82,82,82,82,65,71,71,71,77,82,82,87,87,87,69,90,90,89,86,86,86,86,75,75,75,56,83,83,83,67,90,22,90,90,90,65,61,41,68,54,54,54,32,77,74,74,74,90,18],"gold":48,"neow_bonus":"NOSTALGIA","is_daily":false,"chose_seed":false,"campfire_upgraded":5,"win_rate":0.0,"timestamp":1609612228,"path_taken":["M","?","$","M","M","E","M","R","T","M","M","M","?","M","R","BOSS","M","M","M","$","?","R","E","R","T","E","R","?","M","?","R","BOSS","M","?","M","M","M","R","M","?","T","?","R","M","?","?","R","BOSS"],"items_purchased_type":["Card","Card","Potion","Card","Relic","Relic","Relic"],"build_version":"2020-12-22","purchased_purges":3,"victory":true,"max_hp_per_floor":[82,82,82,82,82,82,82,82,82,82,82,82,87,87,87,87,90,90,90,90,90,90,90,90,90,90,90,90,90,90,90,90,90,90,90,90,90,90,90,90,90,90,90,90,90,90,90,90,90,90],"card_choices":[{"not_picked":["Crescendo","CutThroughFate"],"picked":"Body Slam","floor":1},{"not_picked":["Well Laid Plans","Heavy Blade"],"picked":"ReplayTheSpireMod:Strike From Hell","floor":4},{"not_picked":["hubris:ReadiedAction","hubris:StunningStrike"],"picked":"StuffTheSpire:RockThrow","floor":5},{"not_picked":["StuffTheSpire:Incineration","Power Through"],"picked":"JustLucky","floor":6},{"not_picked":["Anger","Fire Breathing","Streamline"],"picked":"Inflame","floor":7},{"not_picked":["Blood for Blood","Anger","Second Wind"],"picked":"Go for the Eyes","floor":10},{"not_picked":["Dagger Throw","Power Through","StuffTheSpire:Incineration"],"picked":"Sunder","floor":11},{"not_picked":["Heavy Blade","hubris:CleavingFinish","CutThroughFate"],"picked":"Machine Learning","floor":12},{"not_picked":["Replay:Undeath\u0027s Touch","Searing Blow","Iron Wave"],"picked":"Buffer","floor":14},{"not_picked":["Wraith Form v2","conspire:Purge","Brutality"],"picked":"Rainbow","floor":16},{"not_picked":["Normality","ReplayTheSpireMod:Doomed","hubris:Sloth"],"picked":"Amnesia","floor":17},{"not_picked":["hubris:Lust","Looming Evil","hubris:Envy"],"picked":"Amnesia","floor":17},{"not_picked":["ReplayTheSpireMod:Splinters","hubris:Compulsion","Parasite"],"picked":"Languid","floor":17},{"not_picked":["Pommel Strike+1","Berserk","hubris:Ukulele"],"picked":"Bloodletting+1","floor":18},{"not_picked":["Iron Wave","Warcry","Steam"],"picked":"Replay:Undeath\u0027s Touch","floor":19},{"not_picked":["Perfected Strike","StuffTheSpire:RagingBull","Rage","conspire:Rain"],"picked":"SKIP","floor":20},{"not_picked":["Shrug It Off","Run Through","StuffTheSpire:LaunchingStrike"],"picked":"Clash+1","floor":24},{"not_picked":["True Grit","Reckless Charge+1","Heavy Blade"],"picked":"StuffTheSpire:NuclearReactor","floor":27},{"not_picked":["ReplayReversal","Sword Boomerang+1","Body Slam+1","Barrage"],"picked":"StuffTheSpire:RockThrow","floor":30},{"not_picked":["Fiend Fire","Exhume","hubris:StunningStrike","Double Tap"],"picked":"Echo Form","floor":33},{"not_picked":["Shockwave","Run Through","Pummel","Barrage"],"picked":"Armaments","floor":35},{"not_picked":["Heavy Blade","Hemokinesis","Entrench+1","Sweeping Beam"],"picked":"Anger+1","floor":37},{"not_picked":["Entrench","StuffTheSpire:Incineration+1","Pommel Strike","Defragment"],"picked":"Spot Weakness","floor":38},{"not_picked":["Dropkick","Headbutt+1","Clash","Sever Soul","Leap"],"picked":"SKIP","floor":39},{"not_picked":["Clothesline","Cleave","Pummel+1","Hologram"],"picked":"Demonic Infusion","floor":41},{"not_picked":["Heavy Blade+1","Shrug It Off","Headbutt","Body Slam+1"],"picked":"Self Repair","floor":44},{"not_picked":["Iron Wave","Reckless Charge+1","Massacre+1","Coolheaded"],"picked":"Seeing Red","floor":46}],"player_experience":988225,"relics_obtained":[{"floor":6,"key":"hubris:DisguiseKit"},{"floor":9,"key":"Replay:WaspNest"},{"floor":24,"key":"Juzu Bracelet"},{"floor":26,"key":"Replay:Wax Seal"},{"floor":27,"key":"Question Card"},{"floor":31,"key":"Necronomicon"},{"floor":43,"key":"Eternal Feather"},{"floor":44,"key":"ReplayFunnel"}],"event_choices":[{"damage_healed":0,"gold_gain":0,"player_choice":"Leave","damage_taken":0,"max_hp_gain":0,"max_hp_loss":0,"event_name":"conspire:Investor","floor":2,"gold_loss":0},{"damage_healed":0,"gold_gain":0,"player_choice":"Donut","damage_taken":0,"max_hp_gain":5,"max_hp_loss":0,"event_name":"Big Fish","floor":13,"gold_loss":0},{"damage_healed":0,"gold_gain":0,"player_choice":"Ignored","damage_taken":0,"max_hp_gain":0,"max_hp_loss":0,"event_name":"Vampires","floor":22,"gold_loss":0},{"damage_healed":0,"gold_gain":0,"player_choice":"Obtained Book","damage_taken":16,"max_hp_gain":0,"max_hp_loss":0,"event_name":"Cursed Tome","floor":31,"gold_loss":0},{"cards_removed":["Clash"],"damage_healed":0,"gold_gain":0,"player_choice":"Removed Attack","damage_taken":0,"max_hp_gain":0,"max_hp_loss":0,"event_name":"Falling","floor":36,"gold_loss":0}],"is_beta":false,"boss_relics":[{"not_picked":["Coffee Dripper","Honey Jar"],"picked":"Replay:Ancient Bell"},{"not_picked":["aspiration:ChemicalBlood","Orichalcum"],"picked":"Bronze Scales"},{"not_picked":["hubris:CrystalStatue","White Beast Statue"],"picked":"StuffTheSpire:Rhapsscallions"},{"not_picked":["Replay:Arrowhead","Thread and Needle"],"picked":"hubris:Potato"},{"not_picked":["Abe\u0027s Treasure","Runic Cube"],"picked":"hubris:Backtick"}],"items_purged_floors":[3,21,47],"is_endless":false,"potions_floor_spawned":[5,10,11,12,20,27,33,35,38,46],"ascension_level":0}}