{"host":"w9yruvs4bqht6bhw","time":1609610479,"event":{"mods":["BaseMod","Colored Powertips","Minty Spire (QoL Compilation)"],"gold_per_floor":[115,42,42,55,66,94,111,121,121,121,46,5,5,22,22,125,125,135,50,50,50,50,50],"floor_reached":22,"playtime":809,"items_purged":["Strike_R"],"score":248,"play_id":"a41cb2fd-a894-4cd0-a1ee-cd3e576f5e90","local_time":"20210102130119","is_ascension_mode":true,"campfire_choices":[{"data":"Inflame","floor":10,"key":"SMITH"},{"data":"Heavy Blade","floor":15,"key":"SMITH"}],"circlet_count":0,"master_deck":["Strike_R+1","Strike_R+1","Strike_R+1","Strike_R+1","Defend_R+1","Defend_R+1","Defend_R+1","Defend_R+1","Bash","Double Tap","Dual Wield","Inflame+1","Headbutt","Ghostly Armor","Shrug It Off","Heavy Blade+1","Exhume","Thunderclap+1"],"relics":["Black Blood","Vajra","Mango","Thread and Needle","Nilry\u0027s Codex"],"acts_visited":["Exordium","TheCity"],"potions_floor_usage":[4,6,14,22],"damage_taken":[{"damage":11,"enemies":"Jaw Worm","floor":1,"turns":4},{"damage":0,"enemies":"Small Slimes","floor":4,"turns":3},{"damage":4,"enemies":"Cultist","floor":5,"turns":3},{"damage":36,"enemies":"3 Sentries","floor":6,"turns":8},{"damage":17,"enemies":"Blue Slaver","floor":7,"turns":5},{"damage":5,"enemies":"Large Slime","floor":8,"turns":5},{"damage":0,"enemies":"3 Louse","floor":14,"turns":2},{"damage":28,"enemies":"Slime Boss","floor":16,"turns":7},{"damage":43,"enemies":"Spheric Guardian","floor":18,"turns":6},{"damage":42,"enemies":"3 Byrds","floor":22,"turns":7}],"seed_played":"-4857657401406608697","potions_obtained":[{"floor":1,"key":"Block Potion"},{"floor":5,"key":"Block Potion"},{"floor":6,"key":"Explosive Potion"},{"floor":8,"key":"ElixirPotion"},{"floor":18,"key":"AttackPotion"}],"is_trial":false,"path_per_floor":["M","$","?","M","M","E","M","M","T","R","$","?","?","M","R","B",null,"M","?","?","?","M"],"character_chosen":"IRONCLAD","items_purchased":["Inflame"],"campfire_rested":0,"item_purchase_floors":[2],"current_hp_per_floor":[67,67,67,73,75,45,34,35,49,49,49,49,94,94,94,72,89,58,58,42,42,0,0],"gold":50,"neow_bonus":"ONE_RANDOM_RARE_CARD","is_daily":false,"chose_seed":false,"campfire_upgraded":2,"win_rate":0.0,"timestamp":1609610479,"path_taken":["M","$","?","M","M","E","M","M","T","R","$","?","?","?","R","BOSS","M","?","?","?","M"],"items_purchased_type":["Card"],"build_version":"2020-12-22","purchased_purges":1,"victory":false,"max_hp_per_floor":[80,80,80,80,80,80,80,80,94,94,94,94,94,94,94,94,94,94,94,94,94,94,94],"card_choices":[{"not_picked":["Entrench","Second Wind"],"picked":"Dual Wield","floor":1},{"not_picked":["Sentinel","Thunderclap"],"picked":"Hemokinesis","floor":4},{"not_picked":["Pommel Strike","Pummel"],"picked":"Headbutt","floor":5},{"not_picked":["Warcry","Body Slam","Reckless Charge"],"picked":"SKIP","floor":6},{"not_picked":["Havoc","Dropkick"],"picked":"Ghostly Armor","floor":7},{"not_picked":["Flex","Twin Strike"],"picked":"Shrug It Off","floor":8},{"not_picked":["Clothesline","Pommel Strike"],"picked":"Heavy Blade","floor":14},{"not_picked":["Berserk","Bludgeon"],"picked":"Exhume","floor":16},{"not_picked":["Armaments","Clash"],"picked":"Thunderclap+1","floor":18}],"player_experience":256384,"relics_obtained":[{"floor":6,"key":"Vajra"},{"floor":9,"key":"Mango"},{"floor":20,"key":"Nilry\u0027s Codex"}],"event_choices":[{"damage_healed":0,"gold_gain":0,"player_choice":"Ignored","damage_taken":0,"max_hp_gain":0,"max_hp_loss":0,"event_name":"Liars Game","floor":3,"gold_loss":0},{"damage_healed":0,"gold_gain":0,"player_choice":"Left Gold","damage_taken":0,"max_hp_gain":0,"max_hp_loss":0,"event_name":"World of Goop","floor":12,"gold_loss":41},{"cards_removed":["Hemokinesis"],"damage_healed":45,"gold_gain":0,"player_choice":"Offered Uncommon","damage_taken":0,"max_hp_gain":0,"max_hp_loss":0,"event_name":"Bonfire Elementals","floor":13,"gold_loss":0},{"damage_healed":0,"gold_gain":0,"player_choice":"Obtained Relic","damage_taken":0,"relics_obtained":["Thread and Needle"],"max_hp_gain":0,"max_hp_loss":0,"event_name":"Addict","floor":19,"gold_loss":85},{"damage_healed":0,"gold_gain":0,"player_choice":"Obtained Book","damage_taken":16,"max_hp_gain":0,"max_hp_loss":0,"event_name":"Cursed Tome","floor":20,"gold_loss":0},{"damage_healed":0,"gold_gain":0,"player_choice":"Simplicity","damage_taken":0,"max_hp_gain":0,"max_hp_loss":0,"event_name":"Back to Basics","floor":21,"gold_loss":0,"cards_upgraded":["Strike_R","Strike_R","Strike_R","Strike_R","Defend_R","Defend_R","Defend_R","Defend_R"]}],"is_beta":false,"boss_relics":[{"not_picked":["Cursed Key","Runic Cube"],"picked":"Black Blood"}],"items_purged_floors":[11],"is_endless":false,"potions_floor_spawned":[1,5,6,8,18],"killed_by":"3 Byrds","ascension_level":7}}