{"host":"yecadp3kwkksam5a","time":1609611367,"event":{"mods":["Arknights The Spire","BaseMod","Minty Spire (QoL Compilation)","StSLib","The Hierophant"],"gold_per_floor":[114,130,130,141,156,156,182,195,195,210,237,252,265,365,365,470,470,483,510,526,537,555,555,586,511,534,546,590,162,181,193,193,293,293,305,316,316,43,62,89,114,146,172,172,199,219,219,245,245,245,245,245,38,66,66],"floor_reached":56,"playtime":2539,"items_purged":["Ball Lightning+1","Genetic Algorithm"],"score":2493,"play_id":"9b12a3ab-12c0-4619-bdfc-c687bed6fea3","local_time":"20210103031607","is_ascension_mode":true,"campfire_choices":[{"data":"Seek","floor":6,"key":"SMITH"},{"data":"White Noise","floor":15,"key":"SMITH"},{"data":"White Noise","floor":23,"key":"SMITH"},{"data":"White Noise","floor":27,"key":"SMITH"},{"floor":32,"key":"RECALL"},{"data":"Melter+1","floor":47,"key":"PURGE"},{"data":"Seek","floor":49,"key":"SMITH"},{"data":"Stack+1","floor":52,"key":"PURGE"}],"circlet_count":0,"master_deck":["Echo Form+1","White Noise+1","Compile Driver+1","Turbo+1","Go for the Eyes+1","Creative AI","Storm","Core Surge+1","Chaos+1","Reinforced Body","Ghostly+1","Ghostly+1","Ghostly+1","Ghostly+1","Ghostly+1","Fusion+1","Compile Driver+1","Glacier+1","Defragment+1","Multi-Cast","Coolheaded+1","Storm","Echo Form+1","Aggregate+1","Heatsinks+1","Biased Cognition+1","Loop+1","Coolheaded+1","Coolheaded+1","Fission+1","Capacitor+1","Coolheaded+1","Compile Driver+1","Coolheaded+1","Core Surge+1","Compile Driver+1","Turbo","Recycle+1","Thinking Ahead","Multi-Cast","Seek+1","Thunder Strike+1","Defragment+1","White Noise+1","Defragment+1","Double Energy","Seek+1","White Noise+1","Chaos","Storm+1","Meteor Strike+1","Loop+1","White Noise+1","Biased Cognition+1","Heatsinks+1","Turbo+1","Meteor Strike+1","Skim+1","Electrodynamics+1","Defragment+1","Heatsinks+1","Defragment+1"],"relics":["MawBank","Centennial Puzzle","Membership Card","Molten Egg 2","Inserter","Du-Vu Doll","Ornamental Fan","Prayer Wheel","Art of War","Sozu","Chemical X","Toy Ornithopter","Frozen Egg 2","Eternal Feather","Lantern","Torii","Peace Pipe","Boot","Matryoshka","Pen Nib","Blood Vial","Empty Cage","MawBank","Nilry\u0027s Codex","Tiny Chest","Bag of Marbles","Eternal Feather","Singing Bowl","Inserter","Orichalcum","Ancient Tea Set","OrangePellets","Chemical X","War Paint","Gambling Chip","Akabeko","Strawberry","Toy Ornithopter","Bottled Tornado","Whetstone","TungstenRod","Empty Cage","Dream Catcher","MealTicket","Mercury Hourglass","Runic Pyramid","Bronze Scales","Strawberry","Matryoshka","Blue Candle","MawBank","The Courier","Bottled Tornado","Chemical X","Art of War","Anchor","Orichalcum","Pen Nib","Coffee Dripper","Orrery","HornCleat","Toxic Egg 2","Vajra","Kunai","Smiling Mask","Oddly Smooth Stone","Bag of Marbles","Happy Flower","Mummified Hand","Unceasing Top","Whetstone"],"acts_visited":["Exordium","TheCity","TheBeyond","TheEnding"],"potions_floor_usage":[],"damage_taken":[{"damage":0,"enemies":"2 Louse","floor":1,"turns":2},{"damage":0,"enemies":"Cultist","floor":2,"turns":2},{"damage":0,"enemies":"Small Slimes","floor":4,"turns":1},{"damage":0,"enemies":"Looter","floor":5,"turns":1},{"damage":0,"enemies":"Gremlin Nob","floor":7,"turns":3},{"damage":0,"enemies":"3 Louse","floor":8,"turns":4},{"damage":0,"enemies":"Large Slime","floor":10,"turns":4},{"damage":0,"enemies":"3 Sentries","floor":11,"turns":3},{"damage":0,"enemies":"2 Fungi Beasts","floor":12,"turns":1},{"damage":0,"enemies":"Blue Slaver","floor":13,"turns":2},{"damage":0,"enemies":"Slime Boss","floor":16,"turns":2},{"damage":0,"enemies":"Chosen","floor":18,"turns":3},{"damage":0,"enemies":"3 Byrds","floor":20,"turns":2},{"damage":0,"enemies":"3 Cultists","floor":21,"turns":2},{"damage":0,"enemies":"Snake Plant","floor":22,"turns":3},{"damage":0,"enemies":"Book of Stabbing","floor":24,"turns":3},{"damage":0,"enemies":"Slavers","floor":28,"turns":1},{"damage":8,"enemies":"Centurion and Healer","floor":30,"turns":2},{"damage":0,"enemies":"Sentry and Sphere","floor":31,"turns":2},{"damage":0,"enemies":"Automaton","floor":33,"turns":3},{"damage":0,"enemies":"3 Darklings","floor":35,"turns":2},{"damage":9,"enemies":"3 Shapes","floor":36,"turns":2},{"damage":0,"enemies":"Writhing Mass","floor":39,"turns":1},{"damage":30,"enemies":"Nemesis","floor":40,"turns":3},{"damage":0,"enemies":"Giant Head","floor":42,"turns":3},{"damage":0,"enemies":"Reptomancer","floor":45,"turns":2},{"damage":6,"enemies":"Jaw Worm Horde","floor":46,"turns":2},{"damage":0,"enemies":"Nemesis","floor":48,"turns":3},{"damage":0,"enemies":"Donu and Deca","floor":50,"turns":1},{"damage":0,"enemies":"Shield and Spear","floor":54,"turns":1},{"damage":0,"enemies":"The Heart","floor":55,"turns":3}],"seed_played":"4865853625545220370","potions_obtained":[],"is_trial":false,"path_per_floor":["M","M","?","M","M","R","E","M","T","M","E","M","M","?","R","B",null,"M","T","M","M","M","R","E","?","T","R","E","$","M","M","R","B",null,"M","M","?","$","M","E","T","E","T","?","E","M","R","E","R","B",null,"R","$","E","B",null],"character_chosen":"DEFECT","items_purchased":["Bottled Tornado","Chemical X","Art of War","Anchor","Orichalcum","Pen Nib","Orrery","HornCleat","Toxic Egg 2","Heatsinks+1","Defragment+1","Unceasing Top"],"campfire_rested":0,"item_purchase_floors":[29,29,29,29,29,29,38,38,38,38,53,53],"current_hp_per_floor":[83,85,85,89,93,93,93,95,95,97,97,99,99,99,99,99,99,103,110,112,116,118,118,120,120,120,120,120,120,114,118,124,124,124,126,121,121,136,140,112,112,116,116,116,120,120,150,152,152,152,152,152,152,154,154],"gold":66,"neow_bonus":"BOSS_RELIC","is_daily":false,"chose_seed":false,"campfire_upgraded":5,"win_rate":0.0,"timestamp":1609611367,"path_taken":["M","M","?","M","M","R","E","M","T","M","E","M","?","?","R","BOSS","M","?","M","M","?","R","E","?","T","R","E","$","M","M","R","BOSS","M","M","?","$","M","E","?","E","T","?","E","M","R","E","R","BOSS","R","$","E","BOSS"],"items_purchased_type":["Relic","Relic","Relic","Relic","Relic","Relic","Relic","Relic","Relic","Card","Card","Relic"],"build_version":"2020-12-22","purchased_purges":2,"victory":true,"max_hp_per_floor":[83,85,85,89,93,93,93,95,95,97,97,99,99,99,99,99,99,103,110,112,116,118,118,120,120,120,120,120,120,122,124,124,124,124,126,130,130,136,140,142,142,144,144,144,146,150,150,152,152,152,152,152,152,154,154],"card_choices":[{"not_picked":["Beam Cell+1","Sweeping Beam+1","Fusion"],"picked":"Singing Bowl","floor":1},{"not_picked":["Cold Snap+1","Leap","Sunder+1"],"picked":"Singing Bowl","floor":1},{"not_picked":["Capacitor+1","Stack","Ball Lightning+1"],"picked":"Singing Bowl","floor":2},{"not_picked":["Streamline+1","Steam"],"picked":"Defragment+1","floor":2},{"not_picked":["Stack","Hologram","Undo"],"picked":"Singing Bowl","floor":4},{"not_picked":["Undo","Consume","Rebound+1"],"picked":"Singing Bowl","floor":4},{"not_picked":["Streamline+1","Go for the Eyes+1","Rebound+1"],"picked":"Singing Bowl","floor":5},{"not_picked":["Hologram","Barrage+1","Steam"],"picked":"Singing Bowl","floor":5},{"not_picked":["Barrage+1","Buffer+1"],"picked":"White Noise","floor":7},{"not_picked":["Turbo","Undo","Auto Shields"],"picked":"Singing Bowl","floor":8},{"not_picked":["Gash+1","Beam Cell+1"],"picked":"Defragment+1","floor":8},{"not_picked":["Hologram","Cold Snap+1"],"picked":"Double Energy","floor":10},{"not_picked":["Gash+1","Stack","Go for the Eyes+1"],"picked":"Singing Bowl","floor":10},{"not_picked":["Gash+1","Stack"],"picked":"Seek","floor":11},{"not_picked":["Glacier","Leap","Recycle"],"picked":"Singing Bowl","floor":12},{"not_picked":["Streamline+1","Doom and Gloom+1"],"picked":"White Noise","floor":12},{"not_picked":["Amplify","Cold Snap+1"],"picked":"Chaos","floor":13},{"not_picked":["Rebound+1","Storm+1","Heatsinks+1"],"picked":"SKIP","floor":13},{"not_picked":["Rebound+1","Heatsinks+1"],"picked":"Storm+1","floor":13},{"not_picked":["Reboot","Rainbow"],"picked":"Meteor Strike+1","floor":16},{"not_picked":["Recycle+1","Steam","Steam Power"],"picked":"Singing Bowl","floor":18},{"not_picked":["Hologram","Gash+1","FTL+1"],"picked":"Singing Bowl","floor":18},{"not_picked":["Consume","Steam","Coolheaded"],"picked":"Singing Bowl","floor":20},{"not_picked":["Reprogram","All For One+1"],"picked":"Loop+1","floor":20},{"not_picked":["Storm+1","Conserve Battery+1","Go for the Eyes+1"],"picked":"Singing Bowl","floor":21},{"not_picked":["Streamline+1","Coolheaded","Rebound+1"],"picked":"Singing Bowl","floor":21},{"not_picked":["Stack","Reinforced Body","Leap"],"picked":"Singing Bowl","floor":22},{"not_picked":["Conserve Battery","Hologram+1"],"picked":"White Noise","floor":22},{"not_picked":["Rebound+1","Leap","Go for the Eyes+1"],"picked":"Singing Bowl","floor":24},{"not_picked":["Heatsinks+1","Melter+1"],"picked":"Biased Cognition+1","floor":28},{"not_picked":["Steam+1","Recycle","Rebound+1"],"picked":"Singing Bowl","floor":30},{"not_picked":["Consume+1","Steam"],"picked":"Heatsinks+1","floor":30},{"not_picked":["Redo+1","Steam"],"picked":"Turbo+1","floor":31},{"not_picked":["Turbo","Cold Snap+1","Leap+1"],"picked":"Singing Bowl","floor":31},{"not_picked":["Reboot","All For One+1"],"picked":"Meteor Strike+1","floor":33},{"not_picked":["Static Discharge+1","Turbo","Steam"],"picked":"Singing Bowl","floor":35},{"not_picked":["Loop+1","Beam Cell+1"],"picked":"Skim+1","floor":35},{"not_picked":["Streamline+1","Ball Lightning+1","Storm+1"],"picked":"Singing Bowl","floor":36},{"not_picked":["Conserve Battery","Go for the Eyes+1","Streamline+1"],"picked":"Singing Bowl","floor":36},{"not_picked":["Rip and Tear+1","Glacier","Leap"],"picked":"Singing Bowl","floor":38},{"not_picked":["Compile Driver+1","Steam+1"],"picked":"Electrodynamics+1","floor":38},{"not_picked":["Beam Cell+1","Stack"],"picked":"Defragment+1","floor":38},{"not_picked":["Ball Lightning+1","FTL+1","Aggregate"],"picked":"Singing Bowl","floor":38},{"not_picked":["Doom and Gloom+1","FTL+1","Rip and Tear+1"],"picked":"Singing Bowl","floor":38},{"not_picked":["Go for the Eyes+1","BootSequence+1","Conserve Battery+1"],"picked":"Singing Bowl","floor":39},{"not_picked":["Compile Driver+1","Streamline+1","Beam Cell+1"],"picked":"Singing Bowl","floor":39},{"not_picked":["Compile Driver+1","Storm+1","Conserve Battery+1"],"picked":"Singing Bowl","floor":40},{"not_picked":["Steam+1","Storm+1","Compile Driver+1"],"picked":"Singing Bowl","floor":42},{"not_picked":["Rainbow+1","Barrage+1","Ball Lightning+1"],"picked":"Singing Bowl","floor":45},{"not_picked":["Steam+1","Redo+1","Force Field+1"],"picked":"Singing Bowl","floor":46},{"not_picked":["Self Repair+1","Beam Cell+1","Aggregate+1"],"picked":"Singing Bowl","floor":46},{"not_picked":["Reprogram+1","Steam Power+1","Ball Lightning+1"],"picked":"Singing Bowl","floor":48},{"not_picked":["Ball Lightning+1","Lockon+1","Machine Learning+1"],"picked":"Singing Bowl","floor":54}],"player_experience":339545,"relics_obtained":[{"floor":7,"key":"Dream Catcher"},{"floor":9,"key":"MealTicket"},{"floor":11,"key":"Mercury Hourglass"},{"floor":19,"key":"Bronze Scales"},{"floor":19,"key":"Strawberry"},{"floor":24,"key":"Matryoshka"},{"floor":26,"key":"Blue Candle"},{"floor":26,"key":"MawBank"},{"floor":28,"key":"The Courier"},{"floor":40,"key":"Vajra"},{"floor":41,"key":"Kunai"},{"floor":41,"key":"Smiling Mask"},{"floor":42,"key":"Oddly Smooth Stone"},{"floor":43,"key":"Bag of Marbles"},{"floor":45,"key":"Happy Flower"},{"floor":48,"key":"Mummified Hand"},{"floor":54,"key":"Whetstone"}],"event_choices":[{"damage_healed":0,"gold_gain":0,"player_choice":"Got Potions","damage_taken":0,"max_hp_gain":0,"max_hp_loss":0,"event_name":"Lab","floor":3,"gold_loss":0},{"damage_healed":0,"gold_gain":100,"player_choice":"Pray","damage_taken":0,"max_hp_gain":0,"max_hp_loss":0,"event_name":"Golden Shrine","floor":14,"gold_loss":0},{"cards_removed":["Undo"],"damage_healed":0,"gold_gain":0,"player_choice":"Gave Gold","damage_taken":0,"max_hp_gain":0,"max_hp_loss":0,"event_name":"Beggar","floor":25,"gold_loss":75},{"damage_healed":0,"gold_gain":0,"player_choice":"Ignored","damage_taken":0,"max_hp_gain":0,"max_hp_loss":0,"event_name":"Tomb of Lord Red Mask","floor":37,"gold_loss":0},{"cards_removed":["Skim"],"damage_healed":0,"gold_gain":0,"player_choice":"Removed Skill","damage_taken":0,"max_hp_gain":0,"max_hp_loss":0,"event_name":"Falling","floor":44,"gold_loss":0}],"is_beta":false,"boss_relics":[{"not_picked":["Snecko Eye","Sozu"],"picked":"Runic Pyramid"},{"not_picked":["Pandora\u0027s Box","SacredBark"],"picked":"Coffee Dripper"}],"items_purged_floors":[29,53],"is_endless":false,"potions_floor_spawned":[2,10,11,12,18,24,31,39,40,42,45,54],"ascension_level":7}}