{"host":"okln270zkafj6dck","time":1609626272,"event":{"mods":["BaseMod","Minty Spire (QoL Compilation)","Permanent Neow","Quick Restart","Relic Stats","StSLib","SuperFastMode"],"gold_per_floor":[12,26,45,64,76,76,108,108,108,108,108,118,42,42,42,42,42],"floor_reached":16,"playtime":270,"items_purged":[],"score":204,"play_id":"c96a6086-7a26-4711-ade8-5894813a0eaf","local_time":"20210102142432","is_ascension_mode":true,"campfire_choices":[{"data":"Crippling Poison","floor":6.0,"key":"SMITH"},{"floor":8.0,"key":"REST"},{"data":"Catalyst","floor":10.0,"key":"SMITH"},{"floor":15,"key":"REST"}],"circlet_count":0,"master_deck":["AscendersBane","Strike_G","Strike_G","Strike_G","Strike_G","Strike_G","Defend_G","Defend_G","Defend_G","Defend_G","Defend_G","Survivor","Neutralize","Dagger Throw","Noxious Fumes","Crippling Poison+1","Catalyst+1","Corpse Explosion","Well Laid Plans"],"relics":["Ring of the Snake","WingedGreaves","Art of War","Ornamental Fan"],"acts_visited":["Exordium"],"potions_floor_usage":[],"damage_taken":[{"damage":2.0,"enemies":"Small Slimes","floor":1.0,"turns":5.0},{"damage":0.0,"enemies":"2 Louse","floor":2.0,"turns":4.0},{"damage":0.0,"enemies":"Cultist","floor":3.0,"turns":4.0},{"damage":8.0,"enemies":"Lots of Slimes","floor":4.0,"turns":4.0},{"damage":3.0,"enemies":"Looter","floor":5.0,"turns":4.0},{"damage":24.0,"enemies":"Gremlin Nob","floor":7.0,"turns":4.0},{"damage":5.0,"enemies":"Red Slaver","floor":12.0,"turns":3.0},{"damage":27,"enemies":"The Guardian","floor":16,"turns":4}],"seed_played":"-7958497264311900045","potions_obtained":[{"floor":3.0,"key":"Fire Potion"},{"floor":7.0,"key":"BlessingOfTheForge"},{"floor":12.0,"key":"CunningPotion"}],"is_trial":false,"path_per_floor":["M","M","M","M","M","R","E","R","T","R","?","M","$","?","R","B"],"character_chosen":"THE_SILENT","items_purchased":["Well Laid Plans"],"campfire_rested":2,"item_purchase_floors":[13],"current_hp_per_floor":[57,57,57,49,46,46,22,41,41,41,15,10,10,10,29,2,2],"gold":42,"neow_bonus":"ONE_RARE_RELIC","is_daily":false,"chose_seed":false,"campfire_upgraded":2,"win_rate":0.0,"timestamp":1609626272,"path_taken":["M","M","M","M","M","R","E","R","T","R","?","M","$","?","R","BOSS"],"items_purchased_type":["Card"],"build_version":"2020-12-22","purchased_purges":0,"victory":false,"max_hp_per_floor":[66,66,66,66,66,66,66,66,66,66,66,66,66,66,66,66,66],"relic_stats":{"counters":[8,32],"Ornamental Fan":[4],"Art of War":[1],"obtain_stats":[{"Ornamental Fan":11,"WingedGreaves":0,"Art of War":7,"Ring of the Snake":0},{"Ornamental Fan":6,"WingedGreaves":0,"Art of War":6,"Ring of the Snake":0},{"Ornamental Fan":25,"WingedGreaves":0,"Art of War":25,"Ring of the Snake":0}],"Ring of the Snake":[16]},"card_choices":[{"not_picked":["Underhanded Strike","Reflex"],"picked":"Dagger Throw","floor":1.0},{"not_picked":["Reflex","Distraction"],"picked":"Noxious Fumes","floor":2.0},{"not_picked":["Quick Slash","Bane"],"picked":"Crippling Poison","floor":3.0},{"not_picked":["Blade Dance","Quick Slash","Flying Knee"],"picked":"SKIP","floor":4.0},{"not_picked":["Calculated Gamble","Deflect"],"picked":"Catalyst","floor":5.0},{"not_picked":["Concentrate","Poisoned Stab"],"picked":"Corpse Explosion","floor":7.0},{"not_picked":["Acrobatics","Sucker Punch","Accuracy"],"picked":"SKIP","floor":12.0}],"player_experience":76510,"relics_obtained":[{"floor":7.0,"key":"Art of War"}],"event_choices":[{"damage_healed":0.0,"max_hp_gain":0.0,"max_hp_loss":0.0,"gold_gain":0.0,"event_name":"Scrap Ooze","player_choice":"Success","floor":11.0,"gold_loss":0.0,"damage_taken":26.0,"relics_obtained":["Ornamental Fan"]},{"damage_healed":0,"gold_gain":0,"player_choice":"Searched \u00271\u0027 times","damage_taken":0,"max_hp_gain":0,"max_hp_loss":0,"event_name":"Dead Adventurer","floor":14,"gold_loss":0}],"is_beta":false,"boss_relics":[],"items_purged_floors":[],"is_endless":false,"potions_floor_spawned":[3,7,12],"killed_by":"The Guardian","ascension_level":20}}