{"host":"1kq2ingo3j45gyyp","time":1609563237,"event":{"mods":["BaseMod","Better Note","Better Third Choice","Downfall","Minty Spire (QoL Compilation)","StSLib"],"gold_per_floor":[99,116,116,116,126,145,145,157,65,100,113,142,242,265,282,382,382,232,246,246,257,19,30,30,30,64,64,94,94,105,63,83,192,192,192,192,42,56,106,106,106,106,106,126,126,136,47,77,2,2,2,33,8,8,8],"floor_reached":56,"playtime":2938,"items_purged":[],"score":1396,"play_id":"ac3bdbd9-5590-4422-9c4f-f5a63320941a","local_time":"20210101235357","is_ascension_mode":false,"campfire_choices":[{"floor":1,"key":"RECALL"},{"data":"sneckomod:MorePower","floor":18,"key":"SMITH"},{"data":"sneckomod:MorePower","floor":25,"key":"SMITH"},{"data":"sneckomod:SerpentIdol","floor":29,"key":"SMITH"},{"data":"sneckomod:UnknownUncommonPower","floor":35,"key":"SMITH"},{"data":"expansioncontent:DonusPower","floor":40,"key":"SMITH"},{"data":"sneckomod:UnknownClassSLIMEBOUND","floor":42,"key":"SMITH"},{"data":"expansioncontent:DonusPower","floor":49,"key":"SMITH"},{"floor":54,"key":"REST"}],"circlet_count":0,"master_deck":["sneckomod:SnekBite","sneckomod:Unknown+1","sneckomod:Unknown","sneckomod:ImprovisedAttack","sneckomod:Unknown1Cost","sneckomod:UnknownBlock","sneckomod:Rotation","sneckomod:Unknown3Cost","sneckomod:PureSnecko","sneckomod:ImprovisedAttack","sneckomod:UnknownEthereal","sneckomod:Unknown3Cost","sneckomod:SerpentIdol+1","sneckomod:MorePower+1","sneckomod:UnknownCommonSkill+1","sneckomod:UnknownClassHEXA_GHOST_PURPLE+1","sneckomod:ImprovisedGuard+1","sneckomod:UnknownClassTHE_CHAMP_GRAY+1","sneckomod:UnknownClassGREEN+1","sneckomod:UnknownUncommonPower+1","sneckomod:UnknownVulnerable","sneckomod:UnknownStrike","sneckomod:UnknownExhaust+1","sneckomod:MorePower+1","sneckomod:UnknownClassBLUE+1","sneckomod:UnknownCommonSkill+1","sneckomod:UnknownCommonSkill","sneckomod:UnknownClassSLIMEBOUND+1","sneckomod:UnknownEthereal","sneckomod:UnknownEthereal","sneckomod:Unknown3Cost","sneckomod:UnknownStrength","sneckomod:UnknownRareSkill","sneckomod:UnknownVulnerable+1","sneckomod:UnknownWeak+1","sneckomod:Unknown1Cost+1","sneckomod:UnknownStrength+1","sneckomod:Unknown1Cost","sneckomod:UnknownClassGREEN+1","sneckomod:UnknownClassGREEN+1","sneckomod:UnknownCommonAttack+1","sneckomod:UnknownClassPURPLE+1","sneckomod:Unknown3Cost","sneckomod:Unknown0Cost+1","sneckomod:UnknownEthereal+1","expansioncontent:DonusPower+1","sneckomod:Unknown0Cost","sneckomod:UnknownUncommonAttack","sneckomod:UnknownDexterity+1","expansioncontent:Sear","expansioncontent:DonusPower+1","expansioncontent:Hexaburn","sneckomod:UnknownVulnerable+1","sneckomod:UnknownUncommonPower+1","sneckomod:UnknownWeak+2","sneckomod:UnknownExhaust+1","sneckomod:UnknownUncommonAttack+1","sneckomod:UnknownRareSkill+1"],"relics":["sneckomod:SneckoSoul","MealTicket","Centennial Puzzle","Pen Nib","Akabeko","Busted Crown","downfall:HeartBlessingRed","downfall:HeartBlessingBlue","Membership Card","Juzu Bracelet","Happy Flower","Bag of Marbles","Pandora\u0027s Box","Calipers","Orichalcum","StoneCalendar","Mummified Hand","Lee\u0027s Waffle","Bag of Preparation","downfall:HeartBlessingGreen","Bronze Scales"],"acts_visited":["Exordium","TheCity","TheBeyond","TheEnding"],"potions_floor_usage":[30,33,48,52,55,55],"damage_taken":[{"damage":6,"enemies":"Jaw Worm","floor":2,"turns":3},{"damage":0,"enemies":"Small Slimes","floor":5,"turns":2},{"damage":0,"enemies":"Cultist","floor":6,"turns":4},{"damage":13,"enemies":"Lots of Slimes","floor":8,"turns":4},{"damage":0,"enemies":"downfall:FleeingMerchant","floor":9,"turns":4},{"damage":12,"enemies":"Lagavulin","floor":10,"turns":7},{"damage":12,"enemies":"Large Slime","floor":11,"turns":4},{"damage":8,"enemies":"Gremlin Nob","floor":12,"turns":7},{"damage":1,"enemies":"Blue Slaver","floor":15,"turns":3},{"damage":43,"enemies":"downfall:Defect","floor":16,"turns":7},{"damage":20,"enemies":"Chosen","floor":19,"turns":2},{"damage":5,"enemies":"3 Byrds","floor":21,"turns":4},{"damage":8,"enemies":"downfall:FleeingMerchant","floor":22,"turns":4},{"damage":19,"enemies":"Centurion and Healer","floor":23,"turns":6},{"damage":37,"enemies":"Book of Stabbing","floor":26,"turns":6},{"damage":0,"enemies":"Gremlin Leader","floor":28,"turns":6},{"damage":21,"enemies":"Cultist and Chosen","floor":30,"turns":5},{"damage":21,"enemies":"downfall:FleeingMerchant","floor":31,"turns":4},{"damage":20,"enemies":"3 Cultists","floor":32,"turns":5},{"damage":20,"enemies":"downfall:Ironclad","floor":33,"turns":7},{"damage":35,"enemies":"downfall:FleeingMerchant","floor":38,"turns":4},{"damage":11,"enemies":"Mind Bloom Boss Battle","floor":39,"turns":5},{"damage":18,"enemies":"3 Shapes","floor":44,"turns":2},{"damage":4,"enemies":"3 Darklings","floor":46,"turns":3},{"damage":37,"enemies":"Reptomancer","floor":48,"turns":6},{"damage":4,"enemies":"downfall:Watcher","floor":50,"turns":4},{"damage":104,"enemies":"downfall:CharBossMerchant","floor":52,"turns":8},{"damage":21,"enemies":"downfall:NeowBoss","floor":55,"turns":17}],"seed_played":"8922854872823043459","potions_obtained":[{"floor":5,"key":"Weak Potion"},{"floor":6,"key":"AttackPotion"},{"floor":8,"key":"PowerPotion"},{"floor":30,"key":"Explosive Potion"},{"floor":33,"key":"LiquidMemories"},{"floor":52,"key":"DuplicationPotion"}],"is_trial":false,"path_per_floor":["R","M","?","?","M","M","T","M","$","E","M","E","?","T","M","B",null,"R","M","?","M","$","M","T","R","E","?","E","R","M","$","M","B",null,"R","?","?","$","?","R","T","R","?","M","?","M","$","E","R","B",null,"E","$","R","B",null],"character_chosen":"THE_SNECKO","items_purchased":["sneckomod:PureSnecko","Membership Card","sneckomod:UnknownUncommonPower","sneckomod:UnknownVulnerable","sneckomod:UnknownStrike","sneckomod:Unknown1Cost","Calipers","Orichalcum","expansioncontent:DonusPower","sneckomod:Unknown0Cost","sneckomod:UnknownUncommonAttack","Lee\u0027s Waffle","sneckomod:UnknownWeak","Weak Potion"],"campfire_rested":1,"item_purchase_floors":[9,22,22,22,22,31,38,38,38,38,38,47,47,53],"current_hp_per_floor":[90,89,94,94,95,96,96,83,98,86,75,68,68,68,67,24,100,110,106,106,102,114,100,100,100,87,93,96,96,76,92,82,74,137,137,137,147,146,143,143,143,143,133,116,116,113,162,138,138,134,164,68,83,132,111],"gold":8,"neow_bonus":"RANDOM_COMMON_RELIC","is_daily":false,"chose_seed":false,"campfire_upgraded":7,"win_rate":0.0,"timestamp":1609563237,"path_taken":["R","M","?","?","?","M","T","M","$","E","?","E","?","?","M","BOSS","R","M","?","M","$","M","T","R","E","?","E","R","M","$","M","BOSS","R","?","?","$","?","R","T","R","?","M","?","M","$","E","R","BOSS","E","$","R","BOSS"],"items_purchased_type":["Card","Relic","Card","Card","Card","Card","Relic","Relic","Card","Card","Card","Relic","Card","Potion"],"build_version":"2020-12-22","purchased_purges":0,"victory":true,"max_hp_per_floor":[90,90,95,95,96,97,97,97,98,98,99,100,100,100,100,100,100,110,111,111,112,117,118,118,118,121,127,130,130,131,132,134,137,137,137,137,147,151,152,152,152,152,152,153,153,154,162,164,164,164,164,165,165,165,165],"card_choices":[{"not_picked":["sneckomod:UnknownStrike","sneckomod:UnknownX"],"picked":"sneckomod:ImprovisedAttack","floor":2},{"not_picked":["sneckomod:UnknownClassSLIMEBOUND","sneckomod:UnknownBlock"],"picked":"sneckomod:Unknown1Cost","floor":5},{"not_picked":["sneckomod:SoulRoll","sneckomod:IronFang"],"picked":"sneckomod:UnknownBlock","floor":6},{"not_picked":["sneckomod:SoulRoll","sneckomod:DiceBoulder"],"picked":"sneckomod:Rotation","floor":8},{"not_picked":["sneckomod:QuickBite","sneckomod:Unknown1Cost"],"picked":"sneckomod:Unknown3Cost","floor":9},{"not_picked":["sneckomod:UnknownCommonSkill","sneckomod:Rotation"],"picked":"sneckomod:ImprovisedAttack","floor":10},{"not_picked":["sneckomod:UnknownCommonSkill","sneckomod:Rotation"],"picked":"sneckomod:UnknownEthereal","floor":11},{"not_picked":["sneckomod:UnknownClassPURPLE","sneckomod:SoulDraw"],"picked":"sneckomod:Unknown3Cost","floor":12},{"not_picked":["sneckomod:UnknownVulnerable","sneckomod:Nope"],"picked":"sneckomod:SerpentIdol","floor":15},{"not_picked":["sneckomod:SerpentMind","sneckomod:DangerNoodle"],"picked":"sneckomod:MorePower","floor":16},{"not_picked":[],"picked":"sneckomod:UnknownCommonSkill+1","floor":19},{"not_picked":["sneckomod:SnakeSap"],"picked":"SKIP","floor":19},{"not_picked":[],"picked":"sneckomod:UnknownClassHEXA_GHOST_PURPLE+1","floor":21},{"not_picked":[],"picked":"sneckomod:ImprovisedGuard+1","floor":21},{"not_picked":[],"picked":"sneckomod:UnknownClassTHE_CHAMP_GRAY+1","floor":22},{"not_picked":[],"picked":"sneckomod:UnknownClassGREEN+1","floor":22},{"not_picked":[],"picked":"sneckomod:UnknownExhaust+1","floor":23},{"not_picked":[],"picked":"sneckomod:MorePower","floor":23},{"not_picked":["hexamod:SecondSeal"],"picked":"SKIP","floor":23},{"not_picked":[],"picked":"sneckomod:UnknownClassBLUE+1","floor":26},{"not_picked":[],"picked":"sneckomod:UnknownCommonSkill+1","floor":26},{"not_picked":[],"picked":"sneckomod:UnknownCommonSkill","floor":26},{"not_picked":[],"picked":"sneckomod:UnknownVulnerable+1","floor":28},{"not_picked":[],"picked":"sneckomod:UnknownWeak+1","floor":28},{"not_picked":[],"picked":"sneckomod:Unknown1Cost+1","floor":28},{"not_picked":[],"picked":"sneckomod:UnknownStrength+1","floor":30},{"not_picked":["sneckomod:DiceBlock"],"picked":"SKIP","floor":30},{"not_picked":["sneckomod:DiceBlock"],"picked":"SKIP","floor":30},{"not_picked":["sneckomod:SoulDraw"],"picked":"SKIP","floor":31},{"not_picked":[],"picked":"sneckomod:UnknownClassGREEN+1","floor":32},{"not_picked":[],"picked":"sneckomod:UnknownClassGREEN+1","floor":32},{"not_picked":["sneckomod:SoulRoll"],"picked":"SKIP","floor":32},{"not_picked":[],"picked":"sneckomod:UnknownCommonAttack+1","floor":33},{"not_picked":[],"picked":"sneckomod:UnknownClassPURPLE+1","floor":33},{"not_picked":[],"picked":"sneckomod:Unknown3Cost","floor":33},{"not_picked":[],"picked":"sneckomod:Unknown0Cost+1","floor":38},{"not_picked":[],"picked":"sneckomod:UnknownEthereal+1","floor":38},{"not_picked":["sneckomod:Nope"],"picked":"SKIP","floor":38},{"not_picked":[],"picked":"sneckomod:UnknownDexterity+1","floor":39},{"not_picked":[],"picked":"expansioncontent:Sear","floor":43},{"not_picked":[],"picked":"expansioncontent:DonusPower","floor":43},{"not_picked":[],"picked":"expansioncontent:Hexaburn","floor":43},{"not_picked":[],"picked":"sneckomod:UnknownVulnerable+1","floor":44},{"not_picked":[],"picked":"sneckomod:UnknownUncommonPower+1","floor":46},{"not_picked":["sneckomod:SlitherStrike"],"picked":"SKIP","floor":46},{"not_picked":[],"picked":"sneckomod:UnknownExhaust+1","floor":48},{"not_picked":[],"picked":"sneckomod:UnknownUncommonAttack+1","floor":48},{"not_picked":["sneckomod:DiceBlock"],"picked":"SKIP","floor":48},{"not_picked":[],"picked":"sneckomod:UnknownRareSkill+1","floor":52},{"not_picked":["sneckomod:QuickMove"],"picked":"SKIP","floor":52}],"player_experience":826301,"relics_obtained":[{"floor":10,"key":"Centennial Puzzle"},{"floor":12,"key":"Pen Nib"},{"floor":14,"key":"Akabeko"},{"floor":24,"key":"Juzu Bracelet"},{"floor":26,"key":"Happy Flower"},{"floor":28,"key":"Bag of Marbles"},{"floor":39,"key":"StoneCalendar"},{"floor":41,"key":"Mummified Hand"},{"floor":48,"key":"Bag of Preparation"},{"floor":52,"key":"Bronze Scales"}],"event_choices":[{"damage_healed":0,"gold_gain":0,"player_choice":"Donut","damage_taken":0,"max_hp_gain":5,"max_hp_loss":0,"event_name":"Big Fish","floor":3,"gold_loss":0},{"damage_healed":0,"gold_gain":0,"player_choice":"Upgraded","damage_taken":0,"max_hp_gain":0,"max_hp_loss":0,"event_name":"Upgrade Shrine","floor":4,"gold_loss":0,"cards_upgraded":["sneckomod:Unknown"]},{"damage_healed":0,"gold_gain":0,"player_choice":"Ignored","damage_taken":0,"max_hp_gain":0,"max_hp_loss":0,"event_name":"betterNote:BetterNote","floor":20,"gold_loss":0,"cards_obtained":["Blind"]},{"cards_removed":["sneckomod:TailWhip"],"damage_healed":0,"gold_gain":0,"player_choice":"Purged","damage_taken":0,"max_hp_gain":0,"max_hp_loss":0,"event_name":"Purifier","floor":45,"gold_loss":0}],"is_beta":false,"boss_relics":[{"not_picked":["Velvet Choker","SlaversCollar"],"picked":"Busted Crown"},{"not_picked":["Astrolabe","SacredBark"],"picked":"Pandora\u0027s Box"}],"items_purged_floors":[],"is_endless":false,"potions_floor_spawned":[5,6,8,10,30,32,33,39,46,52],"ascension_level":0}}