{"host":"w9yruvs4bqht6bhw","time":1609622344,"event":{"mods":["BaseMod","Colored Powertips","Minty Spire (QoL Compilation)"],"gold_per_floor":[119,132,145,156,166,166,199,219,274,274,274,0,15,15,15,141,141,156,169,182,200,221,221,221,221],"floor_reached":24,"playtime":820,"items_purged":["Defend_R"],"score":275,"play_id":"416cbf3b-344c-4021-bbbe-4a242c2d8a6b","local_time":"20210102161904","is_ascension_mode":true,"campfire_choices":[{"data":"Flex","floor":6,"key":"SMITH"},{"data":"Uppercut","floor":15,"key":"SMITH"},{"floor":23,"key":"REST"}],"circlet_count":0,"master_deck":["Strike_R","Strike_R","Strike_R","Strike_R","Strike_R+1","Defend_R","Defend_R","Defend_R","Bash","Rage","Sword Boomerang","Double Tap","Flex+1","Shrug It Off","Pommel Strike","Uppercut+1","Shrug It Off","Berserk","Sword Boomerang+1","Iron Wave+1","Rampage","Perfected Strike+1","Iron Wave"],"relics":["Black Blood","Dream Catcher","Blood Vial","Golden Idol","Vajra"],"acts_visited":["Exordium","TheCity"],"potions_floor_usage":[16,16,16,20,22],"damage_taken":[{"damage":1,"enemies":"Cultist","floor":1,"turns":3},{"damage":0,"enemies":"Small Slimes","floor":2,"turns":4},{"damage":2,"enemies":"2 Louse","floor":3,"turns":3},{"damage":8,"enemies":"Blue Slaver","floor":4,"turns":4},{"damage":0,"enemies":"Large Slime","floor":5,"turns":4},{"damage":27,"enemies":"Gremlin Nob","floor":7,"turns":4},{"damage":0,"enemies":"Looter","floor":8,"turns":2},{"damage":4,"enemies":"Red Slaver","floor":13,"turns":2},{"damage":23,"enemies":"The Guardian","floor":16,"turns":8},{"damage":25,"enemies":"Spheric Guardian","floor":18,"turns":4},{"damage":9,"enemies":"3 Byrds","floor":19,"turns":5},{"damage":22,"enemies":"Centurion and Healer","floor":20,"turns":6},{"damage":29,"enemies":"Chosen and Byrds","floor":21,"turns":7},{"damage":33,"enemies":"Shelled Parasite and Fungi","floor":22,"turns":6},{"damage":31,"enemies":"Slavers","floor":24,"turns":2}],"seed_played":"-20486662858840371","potions_obtained":[{"floor":3,"key":"Dexterity Potion"},{"floor":4,"key":"SkillPotion"},{"floor":18,"key":"Swift Potion"},{"floor":21,"key":"Block Potion"}],"is_trial":false,"path_per_floor":["M","M","M","M","M","R","E","M","T","?","?","$","M","$","R","B",null,"M","M","M","M","M","R","E"],"character_chosen":"IRONCLAD","items_purchased":["Vajra","Strength Potion"],"campfire_rested":1,"item_purchase_floors":[12,12],"current_hp_per_floor":[77,80,80,78,80,80,59,65,65,80,74,74,74,74,74,57,70,59,64,56,41,22,44,15,15],"gold":221,"neow_bonus":"UPGRADE_CARD","is_daily":false,"chose_seed":false,"campfire_upgraded":2,"win_rate":0.0,"timestamp":1609622344,"path_taken":["M","M","?","M","M","R","E","?","T","?","?","?","M","$","R","BOSS","M","M","M","M","M","R","E"],"items_purchased_type":["Relic","Potion"],"build_version":"2020-12-22","purchased_purges":1,"victory":false,"max_hp_per_floor":[80,80,80,80,80,80,80,80,80,80,74,74,74,74,74,74,74,74,74,74,74,74,74,74,74],"card_choices":[{"not_picked":["Twin Strike","Combust"],"picked":"Rage","floor":1},{"not_picked":["True Grit","Body Slam"],"picked":"Sword Boomerang","floor":2},{"not_picked":["True Grit","Rage"],"picked":"Double Tap","floor":3},{"not_picked":["Disarm","Ghostly Armor"],"picked":"Flex","floor":4},{"not_picked":["Sword Boomerang","Cleave"],"picked":"Shrug It Off","floor":5},{"not_picked":["Perfected Strike","Brutality"],"picked":"Pommel Strike","floor":7},{"not_picked":["Battle Trance","Armaments"],"picked":"Uppercut","floor":8},{"not_picked":["Twin Strike","Body Slam"],"picked":"Shrug It Off","floor":13},{"not_picked":["Bludgeon","Double Tap"],"picked":"Berserk","floor":16},{"not_picked":["Flame Barrier","Warcry"],"picked":"Sword Boomerang+1","floor":18},{"not_picked":["Sword Boomerang","Clash+1"],"picked":"Iron Wave+1","floor":19},{"not_picked":["Whirlwind","Disarm+1"],"picked":"Rampage","floor":20},{"not_picked":["Thunderclap","Flame Barrier"],"picked":"Perfected Strike+1","floor":21},{"not_picked":["Reckless Charge","Headbutt+1","Fire Breathing"],"picked":"SKIP","floor":22},{"not_picked":["Dropkick+1","Perfected Strike"],"picked":"Iron Wave","floor":23}],"player_experience":268088,"relics_obtained":[{"floor":7,"key":"Dream Catcher"},{"floor":9,"key":"Blood Vial"}],"event_choices":[{"damage_healed":26,"gold_gain":0,"player_choice":"Banana","damage_taken":0,"max_hp_gain":0,"max_hp_loss":0,"event_name":"Big Fish","floor":10,"gold_loss":0},{"damage_healed":0,"gold_gain":0,"player_choice":"Lose Max HP","damage_taken":0,"relics_obtained":["Golden Idol"],"max_hp_gain":0,"max_hp_loss":6,"event_name":"Golden Idol","floor":11,"gold_loss":0}],"is_beta":false,"boss_relics":[{"not_picked":["Astrolabe","Philosopher\u0027s Stone"],"picked":"Black Blood"}],"items_purged_floors":[12],"is_endless":false,"potions_floor_spawned":[3,4,13,18,21],"killed_by":"Slavers","ascension_level":7}}