{"host":"qxeepl7ydvsgmfdb","time":1609593943,"event":{"mods":["AchievementEnabler","BaseMod","Colored Powertips","Minty Spire (QoL Compilation)","Quick Restart","slay the spire mod where everything is the same but ironclad has a cowboy hat"],"gold_per_floor":[116,136,110,122,87,122,135,135,135,151,151,184,197,224,224,324,324,338,338,350,112,387,420,440,246,269,281,281],"floor_reached":27,"playtime":1216,"items_purged":[],"score":329,"play_id":"385493fe-1074-40d9-a79a-c1ad87657469","local_time":"20210102082543","is_ascension_mode":true,"campfire_choices":[{"floor":8.0,"key":"REST"},{"floor":15.0,"key":"REST"}],"circlet_count":0,"master_deck":["Strike_G+1","Strike_G+1","Strike_G+1","Strike_G+1","Strike_G+1","Defend_G+1","Defend_G+1","Defend_G+1","Defend_G+1","Defend_G+1","Survivor","Neutralize","Deadly Poison+1","Slice","Blade Dance","Quick Slash","Blade Dance","Sucker Punch","Slice","Phantasmal Killer","Poisoned Stab","Regret","Blur","Deadly Poison"],"relics":["Ring of the Snake","Orichalcum","Vajra","Gremlin Horn","Blood Vial","HoveringKite","Meat on the Bone","Turnip","TheAbacus","MawBank"],"acts_visited":["Exordium","TheCity"],"potions_floor_usage":[27,27],"damage_taken":[{"damage":4.0,"enemies":"Small Slimes","floor":1.0,"turns":5.0},{"damage":1.0,"enemies":"Jaw Worm","floor":2.0,"turns":5.0},{"damage":0.0,"enemies":"Cultist","floor":4.0,"turns":3.0},{"damage":21.0,"enemies":"Lagavulin","floor":6.0,"turns":6.0},{"damage":18.0,"enemies":"Large Slime","floor":7.0,"turns":9.0},{"damage":0.0,"enemies":"Lots of Slimes","floor":10.0,"turns":3.0},{"damage":13.0,"enemies":"3 Sentries","floor":12.0,"turns":7.0},{"damage":0.0,"enemies":"Gremlin Gang","floor":13.0,"turns":2.0},{"damage":12.0,"enemies":"Lagavulin","floor":14.0,"turns":5.0},{"damage":27.0,"enemies":"Hexaghost","floor":16.0,"turns":9.0},{"damage":13.0,"enemies":"Shell Parasite","floor":18.0,"turns":5.0},{"damage":0.0,"enemies":"Chosen","floor":20.0,"turns":3.0},{"damage":16.0,"enemies":"Gremlin Leader","floor":23.0,"turns":5.0},{"damage":30.0,"enemies":"Snake Plant","floor":24.0,"turns":4.0},{"damage":30,"enemies":"Book of Stabbing","floor":27,"turns":5}],"seed_played":"-6594644673211695613","potions_obtained":[{"floor":1.0,"key":"SkillPotion"},{"floor":7.0,"key":"BlessingOfTheForge"},{"floor":12.0,"key":"AttackPotion"},{"floor":14.0,"key":"Explosive Potion"},{"floor":16.0,"key":"AttackPotion"},{"floor":20.0,"key":"Ancient Potion"},{"floor":24.0,"key":"PowerPotion"}],"is_trial":false,"path_per_floor":["M","M","$","M","?","E","M","R","T","M","?","E","M","E","R","B",null,"M","?","M","$","?","E","M","$","T","E"],"character_chosen":"THE_SILENT","items_purchased":["Slice","Meat on the Bone","Block Potion","TheAbacus"],"campfire_rested":2,"item_purchase_floors":[3,21,25,25],"current_hp_per_floor":[66,65,65,65,77,56,38,61,61,61,61,48,48,36,59,34,66,55,55,57,57,57,43,27,27,27,0,0],"gold":281,"neow_bonus":"TEN_PERCENT_HP_BONUS","is_daily":false,"chose_seed":false,"campfire_upgraded":0,"win_rate":0.0,"timestamp":1609593943,"path_taken":["M","M","$","M","?","E","M","R","T","M","?","E","M","E","R","BOSS","M","?","M","$","?","E","?","$","T","E"],"items_purchased_type":["Card","Relic","Potion","Relic"],"build_version":"2020-12-22","purchased_purges":0,"victory":false,"max_hp_per_floor":[77,77,77,77,77,77,77,77,77,77,77,77,77,77,77,77,77,77,77,77,77,77,77,77,77,77,77,77],"card_choices":[{"not_picked":["Eviscerate","Dodge and Roll","Riddle With Holes"],"picked":"SKIP","floor":1.0},{"not_picked":["Bouncing Flask","Cloak And Dagger"],"picked":"Deadly Poison","floor":2.0},{"not_picked":["Burst","Finisher","Skewer"],"picked":"SKIP","floor":4.0},{"not_picked":["Crippling Poison","Well Laid Plans","Masterful Stab"],"picked":"SKIP","floor":6.0},{"not_picked":["Caltrops","Skewer"],"picked":"Blade Dance","floor":7.0},{"not_picked":["Outmaneuver","Reflex"],"picked":"Quick Slash","floor":10.0},{"not_picked":["Tactician","Dash"],"picked":"Blade Dance","floor":12.0},{"not_picked":["Slice","Dodge and Roll"],"picked":"Sucker Punch","floor":13.0},{"not_picked":["Crippling Poison","Expertise"],"picked":"Slice","floor":14.0},{"not_picked":["Glass Knife","Unload"],"picked":"Phantasmal Killer","floor":16.0},{"not_picked":["Outmaneuver","Dagger Throw","Well Laid Plans+1"],"picked":"SKIP","floor":18.0},{"not_picked":["Outmaneuver","Quick Slash"],"picked":"Poisoned Stab","floor":20.0},{"not_picked":["Prepared","Quick Slash"],"picked":"Blur","floor":23.0},{"not_picked":["Dash","Flying Knee"],"picked":"Deadly Poison","floor":24.0}],"player_experience":353874,"relics_obtained":[{"floor":6.0,"key":"Orichalcum"},{"floor":9.0,"key":"Vajra"},{"floor":12.0,"key":"Gremlin Horn"},{"floor":14.0,"key":"Blood Vial"},{"floor":23.0,"key":"Turnip"},{"floor":26.0,"key":"MawBank"}],"event_choices":[{"damage_healed":19.0,"max_hp_gain":0.0,"max_hp_loss":0.0,"gold_gain":0.0,"event_name":"The Cleric","player_choice":"Healed","floor":5.0,"gold_loss":35.0,"damage_taken":0.0},{"damage_healed":0.0,"max_hp_gain":0.0,"max_hp_loss":0.0,"gold_gain":0.0,"event_name":"Living Wall","player_choice":"Grow","floor":11.0,"gold_loss":0.0,"damage_taken":0.0,"cards_upgraded":["Deadly Poison"]},{"damage_healed":0.0,"max_hp_gain":0.0,"max_hp_loss":0.0,"gold_gain":0.0,"event_name":"Back to Basics","player_choice":"Simplicity","floor":19.0,"gold_loss":0.0,"damage_taken":0.0,"cards_upgraded":["Strike_G","Strike_G","Strike_G","Strike_G","Strike_G","Defend_G","Defend_G","Defend_G","Defend_G","Defend_G"]},{"damage_healed":0.0,"max_hp_gain":0.0,"max_hp_loss":0.0,"gold_gain":275.0,"event_name":"Golden Shrine","player_choice":"Desecrate","floor":22.0,"gold_loss":0.0,"damage_taken":0.0,"cards_obtained":["Regret"]}],"is_beta":false,"boss_relics":[{"not_picked":["SlaversCollar","Velvet Choker"],"picked":"HoveringKite"}],"items_purged_floors":[],"is_endless":false,"potions_floor_spawned":[1,7,12,14,16,20,24],"killed_by":"Book of Stabbing","ascension_level":6}}