{"host":"qhhcmep1unj6mpf7","time":1609593898,"event":{"mods":["2.2 Compatiblity","AchievementEnabler","BaseMod","Colored Map","DeckTracker","Highlight Path","Keyboard Shortcuts","Minty Spire (QoL Compilation)","Permanent Neow","Quick Restart","Random Character Button","StSLib","SuperFastMode","everything is the same but u backflip on backflip"],"gold_per_floor":[119,139,154,1,1,31,31,47,47,47,63,393,393,411,411,514,514,534,553,553,553,553],"floor_reached":21,"playtime":731,"items_purged":[],"score":253,"play_id":"4f608b1d-9e92-44e8-be52-b8c94ff8e272","local_time":"20210102222458","is_ascension_mode":true,"campfire_choices":[{"data":"Forethought","floor":7,"key":"SMITH"},{"floor":10,"key":"REST"},{"data":"Defragment","floor":13,"key":"SMITH"},{"data":"Loop","floor":15,"key":"SMITH"}],"circlet_count":0,"master_deck":["Strike_B","Strike_B","Strike_B","Strike_B","Defend_B","Defend_B","Defend_B","Defend_B","Zap","Dualcast","Blizzard","Loop","Loop+1","Forethought+1","Defragment+1","Writhe","Blizzard","Cold Snap","Undo","Core Surge","Coolheaded","Electrodynamics","White Noise"],"relics":["Cracked Core","Prayer Wheel","Boot","White Beast Statue","Old Coin","SlaversCollar"],"acts_visited":["Exordium","TheCity"],"potions_floor_usage":[11,12,16,18,18,19],"damage_taken":[{"damage":4.0,"enemies":"Jaw Worm","floor":1.0,"turns":3.0},{"damage":3.0,"enemies":"Cultist","floor":2.0,"turns":4.0},{"damage":16.0,"enemies":"Small Slimes","floor":3.0,"turns":4.0},{"damage":21.0,"enemies":"Lagavulin","floor":6.0,"turns":7.0},{"damage":9,"enemies":"2 Fungi Beasts","floor":8,"turns":5},{"damage":16,"enemies":"Exordium Thugs","floor":11,"turns":5},{"damage":23,"enemies":"Gremlin Nob","floor":12,"turns":5},{"damage":3,"enemies":"Looter","floor":14,"turns":4},{"damage":0,"enemies":"The Guardian","floor":16,"turns":15},{"damage":30,"enemies":"2 Thieves","floor":18,"turns":4},{"damage":11,"enemies":"3 Byrds","floor":19,"turns":3},{"damage":0,"enemies":"Cultist and Chosen","floor":21,"turns":1}],"seed_played":"5342436739229370151","potions_obtained":[{"floor":1.0,"key":"Regen Potion"},{"floor":6.0,"key":"AttackPotion"},{"floor":8,"key":"SteroidPotion"},{"floor":11,"key":"Explosive Potion"},{"floor":12,"key":"SkillPotion"},{"floor":14,"key":"DistilledChaos"},{"floor":16,"key":"Dexterity Potion"},{"floor":18,"key":"ColorlessPotion"},{"floor":19,"key":"LiquidBronze"}],"is_trial":false,"path_per_floor":["M","M","M","$","?","E","R","M","T","R","M","E","R","M","R","B",null,"M","M","?","M"],"character_chosen":"DEFECT","items_purchased":["Forethought","Defragment"],"campfire_rested":1,"item_purchase_floors":[4,4],"current_hp_per_floor":[71,68,52,52,52,31,31,22,22,44,42,19,19,16,16,16,75,45,34,20,20,20],"gold":553,"neow_bonus":"ONE_RARE_RELIC","is_daily":false,"chose_seed":false,"campfire_upgraded":3,"win_rate":0.0,"timestamp":1609593898,"path_taken":["M","M","M","$","?","E","R","?","T","R","M","E","R","M","R","BOSS","M","M","?","M"],"items_purchased_type":["Card","Card"],"build_version":"2020-12-22","purchased_purges":0,"victory":false,"max_hp_per_floor":[75,75,75,75,75,75,75,75,75,75,75,75,75,75,75,75,75,75,75,80,80,80],"card_choices":[{"not_picked":["Turbo","Chill"],"picked":"Blizzard","floor":1.0},{"not_picked":["Streamline","Heatsinks","Barrage"],"picked":"SKIP","floor":1.0},{"not_picked":["Melter","Beam Cell"],"picked":"Loop","floor":2.0},{"not_picked":["Aggregate","Sweeping Beam"],"picked":"Loop","floor":2.0},{"not_picked":["Reprogram","Redo","Chaos"],"picked":"SKIP","floor":3.0},{"not_picked":["Stack","Go for the Eyes","Cold Snap"],"picked":"SKIP","floor":3.0},{"not_picked":["Barrage","Conserve Battery","All For One"],"picked":"SKIP","floor":6.0},{"not_picked":["Streamline","Hologram"],"picked":"Blizzard","floor":8},{"not_picked":["Go for the Eyes","Gash"],"picked":"Cold Snap","floor":8},{"not_picked":["Leap","Turbo"],"picked":"Undo","floor":11},{"not_picked":["Go for the Eyes","Beam Cell","Multi-Cast"],"picked":"SKIP","floor":11},{"not_picked":["Steam Power","Heatsinks"],"picked":"Core Surge","floor":12},{"not_picked":["Heatsinks","Rip and Tear"],"picked":"Coolheaded","floor":14},{"not_picked":["Steam","Turbo","Rip and Tear"],"picked":"SKIP","floor":14},{"not_picked":["Thunder Strike","Machine Learning"],"picked":"Electrodynamics","floor":16},{"not_picked":["Rip and Tear","Stack","Compile Driver"],"picked":"SKIP","floor":18},{"not_picked":["Go for the Eyes","Chaos","Compile Driver"],"picked":"SKIP","floor":18},{"not_picked":["Auto Shields","Stack"],"picked":"White Noise","floor":19},{"not_picked":["Stack+1","Ball Lightning","Barrage+1"],"picked":"SKIP","floor":19}],"player_experience":333076,"relics_obtained":[{"floor":6.0,"key":"Boot"},{"floor":9,"key":"White Beast Statue"},{"floor":12,"key":"Old Coin"}],"event_choices":[{"damage_healed":0.0,"max_hp_gain":0.0,"max_hp_loss":0.0,"gold_gain":0.0,"cards_transformed":["Pain"],"event_name":"Transmorgrifier","player_choice":"Transformed","floor":5.0,"gold_loss":0.0,"damage_taken":0.0,"cards_obtained":["Writhe"]},{"damage_healed":0,"gold_gain":0,"player_choice":"Shed Blood","damage_taken":19,"max_hp_gain":5,"max_hp_loss":0,"event_name":"Forgotten Altar","floor":20,"gold_loss":0}],"is_beta":false,"boss_relics":[{"not_picked":["SacredBark","Runic Dome"],"picked":"SlaversCollar"}],"items_purged_floors":[],"is_endless":false,"potions_floor_spawned":[1,6,8,11,12,14,16,18,19],"killed_by":"Cultist and Chosen","ascension_level":1}}