{"host":"k6u7q08ihsmpx7o5","time":1609623554,"event":{"mods":["BaseMod","Bestiary","Minty Spire (QoL Compilation)","StSLib"],"gold_per_floor":[16,29,45,45,59,59,71,71,94,94,107,140,10,29,29,101,101,119,131,131,151,151,151],"floor_reached":22,"playtime":1494,"items_purged":["Pain"],"score":380,"play_id":"c97d0f79-d810-440d-8e22-d23826486a8d","local_time":"20210102223914","is_ascension_mode":true,"campfire_choices":[{"data":"Well Laid Plans","floor":6,"key":"SMITH"},{"data":"Neutralize","floor":8,"key":"SMITH"},{"data":"Calculated Gamble","floor":10,"key":"SMITH"},{"data":"Eviscerate","floor":15,"key":"SMITH"}],"circlet_count":0,"master_deck":["AscendersBane","Strike_G","Strike_G","Strike_G","Strike_G","Strike_G","Defend_G","Defend_G","Defend_G","Defend_G","Defend_G","Survivor","Neutralize+1","Unload","Dagger Throw","Underhanded Strike","Eviscerate+1","Well Laid Plans+1","Calculated Gamble+1","Backflip","After Image","Adrenaline+1","Deflect","Bullet Time"],"relics":["Ring of the Snake","WarpedTongs","Akabeko","MealTicket","WristBlade"],"acts_visited":["Exordium","TheCity"],"potions_floor_usage":[7,16,21],"damage_taken":[{"damage":0,"enemies":"2 Louse","floor":1,"turns":3},{"damage":0,"enemies":"Cultist","floor":2,"turns":3},{"damage":0,"enemies":"Jaw Worm","floor":3,"turns":3},{"damage":2,"enemies":"Red Slaver","floor":5,"turns":2},{"damage":12,"enemies":"Gremlin Gang","floor":7,"turns":5},{"damage":3,"enemies":"Large Slime","floor":11,"turns":4},{"damage":22,"enemies":"3 Sentries","floor":12,"turns":10},{"damage":0,"enemies":"Exordium Wildlife","floor":14,"turns":3},{"damage":18,"enemies":"Slime Boss","floor":16,"turns":9},{"damage":0,"enemies":"2 Thieves","floor":18,"turns":3},{"damage":24,"enemies":"Shell Parasite","floor":19,"turns":4},{"damage":3,"enemies":"Chosen and Byrds","floor":21,"turns":11},{"damage":29,"enemies":"Snecko","floor":22,"turns":5}],"seed_played":"-7868633336214860157","potions_obtained":[{"floor":5,"key":"DistilledChaos"},{"floor":11,"key":"SkillPotion"},{"floor":16,"key":"FearPotion"}],"is_trial":false,"path_per_floor":["M","M","M","?","M","R","M","R","T","R","M","E","$","M","R","B",null,"M","M","?","M","M"],"character_chosen":"THE_SILENT","items_purchased":["AttackPotion"],"campfire_rested":0,"item_purchase_floors":[13],"current_hp_per_floor":[59,59,59,59,57,57,45,45,45,45,42,20,35,35,35,17,54,54,30,30,27,0,0],"gold":151,"neow_bonus":"THREE_RARE_CARDS","is_daily":false,"chose_seed":false,"campfire_upgraded":4,"win_rate":0.0,"timestamp":1609623554,"path_taken":["M","M","M","?","M","R","?","R","T","R","?","E","$","?","R","BOSS","M","?","?","?","?"],"items_purchased_type":["Potion"],"build_version":"2020-12-22","purchased_purges":1,"victory":false,"max_hp_per_floor":[66,66,66,66,66,66,66,66,66,66,66,66,66,66,66,66,66,66,66,66,66,66,66],"card_choices":[{"not_picked":["Envenom","Venomology"],"picked":"Unload","floor":0.0},{"not_picked":["Slice","Quick Slash"],"picked":"Dagger Throw","floor":1},{"not_picked":["Sucker Punch","Dagger Throw"],"picked":"Underhanded Strike","floor":2},{"not_picked":["Flechettes","Sucker Punch"],"picked":"Eviscerate","floor":3},{"not_picked":["Endless Agony","Deadly Poison"],"picked":"Well Laid Plans","floor":5},{"not_picked":["Deadly Poison","Poisoned Stab"],"picked":"Calculated Gamble","floor":7},{"not_picked":["Dodge and Roll","Deadly Poison"],"picked":"Backflip","floor":11},{"not_picked":["Distraction","Dodge and Roll"],"picked":"After Image","floor":12},{"not_picked":["Quick Slash","Caltrops","Dodge and Roll"],"picked":"SKIP","floor":14},{"not_picked":["A Thousand Cuts","Grand Finale"],"picked":"Adrenaline","floor":16},{"not_picked":["Prepared","Dagger Throw","Bane"],"picked":"SKIP","floor":18},{"not_picked":["Accuracy","Blur"],"picked":"Deflect","floor":19},{"not_picked":["Poisoned Stab","Dodge and Roll"],"picked":"Bullet Time","floor":21}],"player_experience":1936435,"relics_obtained":[{"floor":9,"key":"Akabeko"},{"floor":12,"key":"MealTicket"}],"event_choices":[{"damage_healed":0,"gold_gain":0,"player_choice":"Rummage","damage_taken":0,"relics_obtained":["WarpedTongs"],"max_hp_gain":0,"max_hp_loss":0,"event_name":"Accursed Blacksmith","floor":4,"gold_loss":0,"cards_obtained":["Pain"]},{"damage_healed":0,"gold_gain":0,"player_choice":"Upgraded","damage_taken":0,"max_hp_gain":0,"max_hp_loss":0,"event_name":"Upgrade Shrine","floor":20,"gold_loss":0,"cards_upgraded":["Adrenaline"]}],"is_beta":false,"boss_relics":[{"not_picked":["Snecko Eye","Ectoplasm"],"picked":"WristBlade"}],"items_purged_floors":[13],"is_endless":false,"potions_floor_spawned":[5,11,14,16,18],"killed_by":"Snecko","ascension_level":20}}