{"host":"l99crexq2sc8megk","time":1609601979,"event":{"mods":["BaseMod","Hermit","Minty Spire (QoL Compilation)","Quick Restart","StSLib","The Cursed"],"gold_per_floor":[115,115,115,40,40,66,66,93,93,108,137,208,223,21,21,122,122,103,103,114,41,55,90,23,53,105,105,117,130,130,130,130,228,228,243,243,259,119,30,62,62,90,90,90,110,164,164,164,164],"floor_reached":48,"playtime":1624,"items_purged":["Defend_B","Defend_B","Zap"],"score":679,"play_id":"c389b96d-adb9-4ccb-92ff-921fb30caca7","local_time":"20210102233939","is_ascension_mode":true,"campfire_choices":[{"data":"Gash","floor":15,"key":"SMITH"},{"floor":27,"key":"REST"},{"data":"Defend_B","floor":30,"key":"PURGE"},{"data":"Writhe","floor":32,"key":"PURGE"},{"data":"Beam Cell","floor":41,"key":"PURGE"},{"data":"Strike_B","floor":44,"key":"PURGE"},{"data":"Strike_B","floor":47,"key":"PURGE"}],"circlet_count":0,"master_deck":["Strike_B","Defend_B","Gash+1","Steam","Auto Shields","Reinforced Body","Core Surge","Finesse","All For One","Scrape","Gash","FTL+1","Swift Strike","Necronomicurse","Meteor Strike","Gash+1","Reprogram","Panache","Beam Cell+1"],"relics":["Cracked Core","NeowsBlessing","StrikeDummy","Peace Pipe","Pocketwatch","Bird Faced Urn","Kunai","Membership Card","Sozu","Juzu Bracelet","Blood Vial","Akabeko","Happy Flower","Necronomicon","Busted Crown","HandDrill","Dream Catcher","Mercury Hourglass","Bottled Flame","TungstenRod"],"acts_visited":["Exordium","TheCity","TheBeyond"],"potions_floor_usage":[16,16],"damage_taken":[{"damage":0,"enemies":"Small Slimes","floor":1,"turns":1},{"damage":0,"enemies":"3 Sentries","floor":6,"turns":1},{"damage":0,"enemies":"Gremlin Nob","floor":8,"turns":1},{"damage":0,"enemies":"2 Louse","floor":10,"turns":2},{"damage":19,"enemies":"3 Sentries","floor":11,"turns":6},{"damage":0,"enemies":"Cultist","floor":13,"turns":3},{"damage":13,"enemies":"The Guardian","floor":16,"turns":9},{"damage":14,"enemies":"2 Thieves","floor":18,"turns":4},{"damage":0,"enemies":"Chosen","floor":20,"turns":4},{"damage":4,"enemies":"Snecko","floor":22,"turns":4},{"damage":0,"enemies":"Gremlin Leader","floor":23,"turns":7},{"damage":32,"enemies":"Slavers","floor":25,"turns":4},{"damage":5,"enemies":"Shelled Parasite and Fungi","floor":28,"turns":3},{"damage":0,"enemies":"Cultist and Chosen","floor":29,"turns":3},{"damage":39,"enemies":"Automaton","floor":33,"turns":7},{"damage":15,"enemies":"3 Darklings","floor":35,"turns":3},{"damage":0,"enemies":"Orb Walker","floor":37,"turns":2},{"damage":10,"enemies":"Nemesis","floor":40,"turns":4},{"damage":26,"enemies":"Reptomancer","floor":42,"turns":3},{"damage":0,"enemies":"Maw","floor":45,"turns":3},{"damage":3,"enemies":"2 Orb Walkers","floor":46,"turns":3},{"damage":0,"enemies":"Writhing Mass","floor":48,"turns":1}],"seed_played":"2344546055666072955","potions_obtained":[{"floor":1,"key":"DuplicationPotion"},{"floor":11,"key":"SkillPotion"},{"floor":16,"key":"PotionOfCapacity"}],"is_trial":false,"path_per_floor":["M","?","?","$","?","E","?","E","T","M","E","T","M","$","R","B",null,"M","?","M","$","M","E","$","E","T","R","M","M","R","?","R","B",null,"M","?","M","$","$","E","R","E","T","R","M","?","R","M"],"character_chosen":"DEFECT","items_purchased":["Membership Card","Finesse","Gash","Swift Strike","Beam Cell","HandDrill","Panache"],"campfire_rested":1,"item_purchase_floors":[14,14,21,24,24,38,39],"current_hp_per_floor":[75,68,73,73,73,73,73,73,73,73,54,54,54,54,54,41,80,66,66,66,66,62,62,62,32,32,56,53,55,55,39,39,2,80,65,65,67,67,67,61,61,39,39,39,43,44,44,46,46],"gold":164,"neow_bonus":"THREE_ENEMY_KILL","is_daily":false,"chose_seed":false,"campfire_upgraded":1,"win_rate":0.0,"timestamp":1609601979,"path_taken":["M","?","?","$","?","E","?","E","T","M","E","?","M","?","R","BOSS","M","?","M","$","M","E","$","E","T","R","M","M","R","?","R","BOSS","M","?","M","?","$","E","R","E","T","R","M","?","R","M"],"items_purchased_type":["Relic","Card","Card","Card","Card","Relic","Card"],"build_version":"2020-12-22","purchased_purges":3,"victory":false,"max_hp_per_floor":[75,75,80,80,80,80,80,80,80,80,80,80,80,80,80,80,80,80,80,80,80,80,80,80,80,80,80,80,80,80,80,80,80,80,80,80,80,80,80,80,80,80,80,80,80,80,80,80,80],"card_choices":[{"not_picked":["Force Field","Barrage"],"picked":"Gash","floor":1},{"not_picked":["Cold Snap","BootSequence","Loop"],"picked":"SKIP","floor":6},{"not_picked":["Ball Lightning","BootSequence"],"picked":"Steam","floor":8},{"not_picked":["Turbo","Reprogram"],"picked":"Auto Shields","floor":10},{"not_picked":["Streamline","Tempest"],"picked":"Reinforced Body","floor":11},{"not_picked":["Undo","Doom and Gloom"],"picked":"Core Surge","floor":13},{"not_picked":["Core Surge","Amplify"],"picked":"All For One","floor":16},{"not_picked":["Streamline","Compile Driver"],"picked":"Scrape","floor":18},{"not_picked":["Recycle","Leap","Rebound"],"picked":"SKIP","floor":20},{"not_picked":["Cold Snap","Streamline","Steam Power"],"picked":"SKIP","floor":22},{"not_picked":["Leap","Capacitor"],"picked":"FTL+1","floor":23},{"not_picked":["Blizzard","Rainbow","Storm"],"picked":"SKIP","floor":25},{"not_picked":["Capacitor","Chill","Streamline+1"],"picked":"SKIP","floor":28},{"not_picked":["Double Energy","Blizzard","Hologram"],"picked":"SKIP","floor":29},{"not_picked":["Biased Cognition","Fission"],"picked":"Meteor Strike","floor":33},{"not_picked":["Coolheaded+1"],"picked":"SKIP","floor":35},{"not_picked":[],"picked":"Reprogram","floor":37},{"not_picked":[],"picked":"Beam Cell+1","floor":40},{"not_picked":["Turbo"],"picked":"SKIP","floor":42},{"not_picked":["Ball Lightning"],"picked":"SKIP","floor":45}],"player_experience":357712,"relics_obtained":[{"floor":6,"key":"StrikeDummy"},{"floor":8,"key":"Peace Pipe"},{"floor":9,"key":"Pocketwatch"},{"floor":11,"key":"Bird Faced Urn"},{"floor":12,"key":"Kunai"},{"floor":23,"key":"Blood Vial"},{"floor":25,"key":"Akabeko"},{"floor":26,"key":"Happy Flower"},{"floor":31,"key":"Necronomicon"},{"floor":40,"key":"Dream Catcher"},{"floor":42,"key":"Mercury Hourglass"},{"floor":43,"key":"Bottled Flame"},{"floor":46,"key":"TungstenRod"}],"event_choices":[{"cards_removed":["Strike_B"],"damage_healed":0,"gold_gain":0,"player_choice":"Card Removal","damage_taken":7,"max_hp_gain":0,"max_hp_loss":0,"event_name":"Golden Wing","floor":2,"gold_loss":0},{"damage_healed":0,"gold_gain":0,"player_choice":"Donut","damage_taken":0,"max_hp_gain":5,"max_hp_loss":0,"event_name":"Big Fish","floor":3,"gold_loss":0},{"damage_healed":0,"gold_gain":0,"player_choice":"Leave","damage_taken":0,"max_hp_gain":0,"max_hp_loss":0,"event_name":"The Cleric","floor":5,"gold_loss":0},{"cards_removed":["Dualcast"],"damage_healed":0,"gold_gain":0,"player_choice":"Forget","damage_taken":0,"max_hp_gain":0,"max_hp_loss":0,"event_name":"Living Wall","floor":7,"gold_loss":0},{"damage_healed":0,"gold_gain":0,"player_choice":"Opened","damage_taken":0,"relics_obtained":["Juzu Bracelet"],"max_hp_gain":0,"max_hp_loss":0,"event_name":"The Mausoleum","floor":19,"gold_loss":0,"cards_obtained":["Writhe"]},{"damage_healed":0,"gold_gain":0,"player_choice":"Obtained Book","damage_taken":16,"max_hp_gain":0,"max_hp_loss":0,"event_name":"Cursed Tome","floor":31,"gold_loss":0},{"damage_healed":0,"gold_gain":0,"player_choice":"Copied","damage_taken":0,"max_hp_gain":0,"max_hp_loss":0,"event_name":"Duplicator","floor":36,"gold_loss":0,"cards_obtained":["Gash"]},{"damage_healed":0,"gold_gain":0,"player_choice":"Fight","damage_taken":0,"max_hp_gain":0,"max_hp_loss":0,"event_name":"Mysterious Sphere","floor":46,"gold_loss":0}],"is_beta":false,"boss_relics":[{"not_picked":["Fusion Hammer","Velvet Choker"],"picked":"Sozu"},{"not_picked":["Calling Bell","Philosopher\u0027s Stone"],"picked":"Busted Crown"}],"items_purged_floors":[4,21,38],"is_endless":false,"potions_floor_spawned":[1,11,16,18,23,25,29,33,35,40,45],"killed_by":"Writhing Mass","ascension_level":2}}