{"host":"0dvp4uxbao5ucv2j","time":1609592864,"event":{"mods":["AchievementEnabler","Act Like it!","Aspiration","BaseMod","Beaked The Cultist","BetterRewards","DNKmod","DNKmod Update","Downfall","Friendly Minions","GifTheSpireLib","Hallownest","Hubris","Infinite Spire","Minty Spire (QoL Compilation)","Replay The Spire","StSLib","???Mod??????Boss"],"gold_per_floor":[10019,10019,10019,10035,10035,10067,10082,10101,10101,10119,8839,8873,7594,7611,7611,7715,7715,7731,7749,7765,7765,6641,6641,6691,6711,6711,6725,6725,6744,5522,5537,5537,5649,5649,6032,6450,5575,4620,4720,5053,5398,5448,5527,5898,5898,4735,4735,5078,5078,5085,5085,5085,3694,3968,3968],"floor_reached":56,"playtime":4263,"items_purged":["Strike_G","Defend_G","Defend_G","Strike_G","Defend_G","Defend_G","Defend_G","Survivor"],"score":2083,"play_id":"647be828-f506-4eb8-ab7c-049c178b5ce2","local_time":"20210102140744","is_ascension_mode":true,"campfire_choices":[{"floor":15,"key":"RECALL"},{"data":"hubris:DuctTapeCard","floor":23,"key":"SMITH"},{"data":"Well Laid Plans","floor":28,"key":"SMITH"},{"data":"Mayhem","floor":32,"key":"SMITH"},{"data":"sneckomod:MorePower","floor":45,"key":"SMITH"},{"data":"infinitespire:FutureSight","floor":47,"key":"SMITH"},{"data":"Chrysalis","floor":49,"key":"SMITH"},{"data":"Accuracy","floor":52,"key":"SMITH"}],"circlet_count":0,"master_deck":["Strike_G","Strike_G","Strike_G","Neutralize","Deadly Poison","Dagger Throw","Dagger Throw","Bane","Replay:Poison Smokescreen","Poisoned Stab","Well Laid Plans+1","Dodge and Roll","Discovery","Secret Weapon","Dagger Throw","aspiration:Lunge","Flying Knee","ReplayTheSpireMod:Private Reserves","ReplayTheSpireMod:Scrap Shanks","Blade Dance","Atom Bomb","Prepared","Underhanded Strike","Chrysalis+1","Expertise","ReplayTheSpireMod:Splinters","champ:Taunt","ReplayTheSpireMod:Necrosis","infinitespire:FutureSight+1","Dodge and Roll+1","ReplayTheSpireMod:Tripwire+1","Tactician","Footwork","Replay:SS_forest_6","Footwork","Acrobatics+1","Draining Mist+1","Endless Agony","Slice","hubris:DuctTapeCard+2","sneckomod:WideSting","champ:BringItOn+1","Terror+1","Distraction+1","Mayhem+1","Flying Knee","ReplayTheSpireMod:Scrap Shanks","sneckomod:MorePower+1","ReplaySolidLightProjector+1","Hallownest:curseDreamersLament","Backflip+1","ReplayTheSpireMod:Speed Training+1","Footwork","Atom Bomb","Grand Finale","Dagger Throw","Dagger Spray","Poisoned Strike","Prepared+1","Headbutt+1","Twin Strike","Accuracy+1","Cloak And Dagger+1","Flying Knee","Masterful Stab","Secret Technique+1","champ:Haymaker+1","Infinite Blades","ReplayTheSpireMod:Shiv Toss+1","Acrobatics+1","Transmutation+1","Backstab","Backstab","ReplayTheSpireMod:From All Sides","hubris:DuctTapeCard+2","champ:Circumvent+1"],"relics":["Ring of the Snake","Nunchaku","Ring of Fangs","ReplayTheSpireMod:Ring of Collecting","hubris:Icosahedron","Bag of Marbles","Ring of Misfortune","Replay:Lucky Slots","Happy Flower","Calipers","infinitespire:Satchel","Onion Ring","Replay:Rubber Ducky","Cauldron","ReplayTheSpireMod:SealedPack","PrismaticShard","Toxic Egg 2","Lee\u0027s Waffle","hubris:DuctTape","Ring of Hypnosis","hubris:PeanutButter","HandDrill","aspiration:StickyExplosives_weak","hubris:MysteriousPyramids","infinitespire:EvilPickle","aspiration:PoetsPen_weak","ReplayTheSpireMod:CursedCoin","Potion Belt","Replay:Bottled Steam","TwistedFunnel","Pen Nib","aspiration:HiddenCompartment","aspiration:Lifesprig","Ring of Fury","Boot","ReplayTheSpireMod:Ring of Addiction","Meat on the Bone","Chameleon Ring","Toy Ornithopter","ClockworkSouvenir","hubris:TenFootPole","infinitespire:EmpoweringShard","Kunai","ReplayTheSpireMod:TigerMarble","infinitespire:ShieldingShard","DollysMirror","Bronze Scales"],"acts_visited":["Exordium","TheCity","TheBeyond","TheEnding"],"potions_floor_usage":[12,12,16,16,16,16,33,33,33,44,50,50,50,50,50],"damage_taken":[{"damage":0,"enemies":"Jaw Worm","floor":1,"turns":5},{"damage":0,"enemies":"Cultist","floor":4,"turns":4},{"damage":61,"enemies":"Lagavulin","floor":6,"turns":8},{"damage":0,"enemies":"Small Slimes","floor":7,"turns":3},{"damage":10,"enemies":"Exordium Wildlife","floor":8,"turns":3},{"damage":4,"enemies":"Blue Slaver","floor":10,"turns":3},{"damage":12,"enemies":"Gremlin Nob","floor":12,"turns":3},{"damage":0,"enemies":"Exordium Thugs","floor":14,"turns":2},{"damage":0,"enemies":"Slime Boss","floor":16,"turns":3},{"damage":11,"enemies":"2 Thieves","floor":18,"turns":3},{"damage":0,"enemies":"3 Byrds","floor":19,"turns":3},{"damage":0,"enemies":"Snake Plant","floor":20,"turns":1},{"damage":10,"enemies":"Centurion and Healer","floor":25,"turns":3},{"damage":0,"enemies":"Snecko","floor":27,"turns":3},{"damage":0,"enemies":"3 Cultists","floor":29,"turns":2},{"damage":0,"enemies":"Shelled Parasite and Fungi","floor":31,"turns":3},{"damage":46,"enemies":"Pondfish","floor":33,"turns":9},{"damage":2,"enemies":"Orb Walker","floor":35,"turns":1},{"damage":27,"enemies":"3 Darklings","floor":36,"turns":3},{"damage":0,"enemies":"Nightmare","floor":40,"turns":2},{"damage":16,"enemies":"Writhing Mass","floor":41,"turns":2},{"damage":6,"enemies":"4 Shapes","floor":44,"turns":1},{"damage":0,"enemies":"Nemesis","floor":48,"turns":1},{"damage":59,"enemies":"Donu and Deca","floor":50,"turns":15},{"damage":0,"enemies":"Shield and Spear","floor":54,"turns":1},{"damage":45,"enemies":"The Heart","floor":55,"turns":3}],"seed_played":"6417674171432013021","potions_obtained":[{"floor":1,"key":"SkillPotion"},{"floor":4,"key":"Slimebound:ThreeZeroPotion"},{"floor":8,"key":"Languid Potion"},{"floor":13,"key":"EntropicBrew"},{"floor":13,"key":"DuplicationPotion"},{"floor":13,"key":"DuplicationPotion"},{"floor":18,"key":"SteroidPotion"},{"floor":27,"key":"Explosive Potion"},{"floor":33,"key":"Weak Potion"},{"floor":35,"key":"FearPotion"},{"floor":36,"key":"LiquidBronze"},{"floor":41,"key":"Death Potion"},{"floor":43,"key":"DuplicationPotion"},{"floor":43,"key":"GhostInAJar"},{"floor":43,"key":"Poison Potion"}],"is_trial":false,"path_per_floor":["M","?","?","M","?","E","M","M","T","M","$","E","$","M","R","B",null,"M","M","M","?","$","R","?","M","T","M","R","M","$","M","R","B",null,"M","M","$","$","?","NM","M","T","T","M","R","$","R","E","R","B",null,"R","$","E","B",null],"character_chosen":"THE_SILENT","items_purchased":["Replay:Lucky Slots","Happy Flower","Calipers","Well Laid Plans","Dodge and Roll","Discovery","Secret Weapon","Dagger Throw","aspiration:Lunge","Onion Ring","Replay:Rubber Ducky","Cauldron","ReplayTheSpireMod:Private Reserves","ReplayTheSpireMod:Scrap Shanks","Blade Dance","Atom Bomb","Prepared","Underhanded Strike","Chrysalis","Toxic Egg 2","Lee\u0027s Waffle","Replay:SS_forest_6","Footwork","Acrobatics+1","Draining Mist+1","Endless Agony","Slice","hubris:DuctTape","HandDrill","aspiration:StickyExplosives_weak","Terror+1","Distraction+1","Mayhem","Flying Knee","hubris:MysteriousPyramids","ReplayTheSpireMod:Scrap Shanks","ReplayTheSpireMod:CursedCoin","Potion Belt","Backflip+1","ReplayTheSpireMod:Speed Training+1","Footwork","Atom Bomb","Grand Finale","Replay:Bottled Steam","TwistedFunnel","Pen Nib","aspiration:HiddenCompartment","Dagger Throw","Dagger Spray","Poisoned Strike","Prepared+1","ClockworkSouvenir","hubris:TenFootPole","infinitespire:EmpoweringShard","Accuracy","Cloak And Dagger+1","Flying Knee","Masterful Stab","Secret Technique+1","ReplayTheSpireMod:TigerMarble","infinitespire:ShieldingShard","Infinite Blades","ReplayTheSpireMod:Shiv Toss+1","Acrobatics+1","Transmutation+1","Backstab","DollysMirror","ReplayTheSpireMod:From All Sides"],"campfire_rested":0,"item_purchase_floors":[11,11,11,11,11,11,11,11,11,13,13,13,13,13,13,13,13,13,13,22,22,22,22,22,22,22,22,22,30,30,30,30,30,30,30,30,37,37,37,37,37,37,37,37,38,38,38,38,38,38,38,46,46,46,46,46,46,46,46,53,53,53,53,53,53,53,53,53],"current_hp_per_floor":[120,120,120,120,120,59,59,49,49,45,45,108,108,108,108,108,120,109,109,109,101,127,127,127,117,117,117,117,117,117,117,117,71,127,125,98,98,98,98,98,82,82,82,81,81,81,81,81,81,59,125,125,125,123,78],"gold":3968,"neow_bonus":"RANDOM_COMMON_RELIC","is_daily":false,"chose_seed":false,"campfire_upgraded":7,"win_rate":0.0,"timestamp":1609592864,"path_taken":["M","?","?","?","?","E","M","M","T","M","$","E","?","?","R","BOSS","M","M","M","?","$","R","?","M","T","M","R","M","$","M","R","BOSS","M","M","?","$","?","NM","?","?","T","M","R","$","R","E","R","BOSS","R","$","E","BOSS"],"items_purchased_type":["Relic","Relic","Relic","Card","Card","Card","Card","Card","Card","Relic","Relic","Relic","Card","Card","Card","Card","Card","Card","Card","Relic","Relic","Card","Card","Card","Card","Card","Card","Relic","Relic","Relic","Card","Card","Card","Card","Relic","Card","Relic","Relic","Card","Card","Card","Card","Card","Relic","Relic","Relic","Relic","Card","Card","Card","Card","Relic","Relic","Relic","Card","Card","Card","Card","Card","Relic","Relic","Card","Card","Card","Card","Card","Relic","Card"],"build_version":"2020-12-22","purchased_purges":8,"victory":true,"max_hp_per_floor":[120,120,120,120,120,120,120,120,120,120,120,120,120,120,120,120,120,120,120,120,120,127,127,127,127,127,127,127,127,127,127,127,127,127,127,127,127,127,127,127,127,127,127,127,127,127,127,125,125,125,125,125,125,123,123],"card_choices":[{"not_picked":["hubris:SlightOfHand","Setup"],"picked":"Deadly Poison","floor":1},{"not_picked":["Slice","Prepared"],"picked":"Dagger Throw","floor":4},{"not_picked":["Dodge and Roll","ReplayTheSpireMod:Scrap Shanks"],"picked":"Dagger Throw","floor":6},{"not_picked":["Flying Knee","Dodge and Roll"],"picked":"Bane","floor":7},{"not_picked":["Underhanded Strike","Acrobatics"],"picked":"Replay:Poison Smokescreen","floor":8},{"not_picked":["Calculated Gamble","hubris:SlightOfHand"],"picked":"Poisoned Stab","floor":10},{"not_picked":["Sucker Punch","Slice"],"picked":"Flying Knee","floor":12},{"not_picked":["Sucker Punch","hubris:Counter"],"picked":"Expertise","floor":14},{"not_picked":["Corpse Explosion","aspiration:Lunge"],"picked":"infinitespire:Neurotoxin","floor":16},{"not_picked":["Guardian:TwinSlam","sneckomod:TailWhip"],"picked":"champ:Taunt","floor":17},{"not_picked":["Wraith Form v2","Phantasmal Killer"],"picked":"ReplayTheSpireMod:Necrosis","floor":17},{"not_picked":["Enlightenment","Replay:SS_forest_5"],"picked":"Mind Blast","floor":17},{"not_picked":["infinitespire:Execution","infinitespire:Gouge"],"picked":"infinitespire:FutureSight","floor":17},{"not_picked":["Slice","Leg Sweep"],"picked":"Dodge and Roll+1","floor":18},{"not_picked":["Acrobatics","Dodge and Roll"],"picked":"ReplayTheSpireMod:Tripwire+1","floor":19},{"not_picked":["Predator+1","Dagger Throw+1"],"picked":"Tactician","floor":20},{"not_picked":["Bane","Dagger Throw"],"picked":"Footwork","floor":21},{"not_picked":["Replay:ManipulateFuture+1","Cleave"],"picked":"sneckomod:WideSting","floor":25},{"not_picked":["Pommel Strike","BowlingBash"],"picked":"champ:BringItOn+1","floor":27},{"not_picked":["ReplayTheSpireMod:Muscle Training+1","Guardian:PrimingBeam","Clash"],"picked":"SKIP","floor":29},{"not_picked":["hexamod:ThermalTransfer","hexamod:FastForward+1","sneckomod:Nope+1"],"picked":"SKIP","floor":31},{"not_picked":["Demonic Infusion+1","Exhume+1"],"picked":"sneckomod:MorePower","floor":33},{"not_picked":["beaked:Cower+1","hexamod:RainOfEmbers+1","ThirdEye+1"],"picked":"SKIP","floor":35},{"not_picked":["Slimebound:SlimeBrawl+1","Halt+1"],"picked":"ReplaySolidLightProjector+1","floor":36},{"not_picked":["beaked:SacrificialAttack+1","hexamod:AdvancingGuard+1"],"picked":"Headbutt+1","floor":40},{"not_picked":["sneckomod:UnknownClassBLUE+1","sneckomod:UnknownCommonAttack+1","sneckomod:UnknownWeak+1"],"picked":"SKIP","floor":40},{"not_picked":["hexamod:GhostLash","Footwork"],"picked":"Twin Strike","floor":41},{"not_picked":["Guardian:WalkerClaw","beaked:KnowThyFoe+1","Slimebound:LevelUp+1"],"picked":"SKIP","floor":44},{"not_picked":["Heavy Blade+1","ReplayGash+1"],"picked":"champ:Haymaker+1","floor":48},{"not_picked":["champ:HeartStrike","beaked:SurvivalInstinct+1"],"picked":"champ:Circumvent+1","floor":54}],"player_experience":125948,"relics_obtained":[{"floor":2,"key":"Ring of Fangs"},{"floor":2,"key":"ReplayTheSpireMod:Ring of Collecting"},{"floor":6,"key":"Bag of Marbles"},{"floor":9,"key":"Ring of Misfortune"},{"floor":12,"key":"infinitespire:Satchel"},{"floor":21,"key":"PrismaticShard"},{"floor":26,"key":"Ring of Hypnosis"},{"floor":26,"key":"hubris:PeanutButter"},{"floor":40,"key":"aspiration:Lifesprig"},{"floor":42,"key":"Ring of Fury"},{"floor":42,"key":"Boot"},{"floor":43,"key":"ReplayTheSpireMod:Ring of Addiction"},{"floor":43,"key":"Meat on the Bone"},{"floor":43,"key":"Chameleon Ring"},{"floor":43,"key":"Toy Ornithopter"},{"floor":48,"key":"Kunai"},{"floor":54,"key":"Bronze Scales"}],"event_choices":[{"damage_healed":0,"gold_gain":0,"player_choice":"Bought 0 Potions","damage_taken":0,"max_hp_gain":0,"max_hp_loss":0,"event_name":"The Woman in Blue","floor":3,"gold_loss":0},{"damage_healed":0,"gold_gain":100,"player_choice":"Bet on Murderer","damage_taken":0,"max_hp_gain":0,"max_hp_loss":0,"event_name":"The Joust","floor":24,"gold_loss":50},{"damage_healed":0,"gold_gain":100,"player_choice":"Pray","damage_taken":0,"max_hp_gain":0,"max_hp_loss":0,"event_name":"Golden Shrine","floor":39,"gold_loss":0}],"is_beta":false,"boss_relics":[{"not_picked":["Ring of Chaos","Snecko Scales"],"picked":"ReplayTheSpireMod:SealedPack"},{"not_picked":["Tiny House","aspiration:FutureDiary"],"picked":"aspiration:PoetsPen_weak"}],"items_purged_floors":[11,13,22,30,37,38,46,53],"is_endless":false,"potions_floor_spawned":[1,4,8,18,27,33,35,36,41],"ascension_level":4}}