{"host":"yqwjrm3sou8w5ks3","time":1609593843,"event":{"mods":["Aspiration","BaseMod","Better Third Choice","BetterRewards","Colored Map","Colored Powertips","Conspire","Downfall","Energized Spire","GifTheSpireLib","Halation","Hermit","Hubris","Mimic Mod","Minty Spire (QoL Compilation)","Replay The Spire","Reworked Bosses","Spikes Relics","StSLib","Stuff the Spire","The Blue Laboratory","UnlockEverythingMod","Wandering Minibosses","vexMod"],"gold_per_floor":[110,972,982,994,1010,1043,1061,1061,1061,414,445,445,471,471,471,568,568,588,144,154,154,1109,1138,1159,1193,1193,1224,1224,1264,1282,1297,1297,1405,1405,1425,1445,1445,1466,897,897,924,924,960,995,1013,859,881,686,686,692,692,692,486,518,581],"floor_reached":57,"playtime":3889,"items_purged":["hermit:Defend_Hermit","hermit:Defend_Hermit","hermit:Determination"],"score":2063,"play_id":"8dc03bea-9248-4359-8df5-a03637792d4f","local_time":"20210102142403","is_ascension_mode":true,"campfire_choices":[{"data":"hubris:EnhanceAbility","floor":8,"key":"SMITH"},{"data":"expansioncontent:DashGenerateEvil","floor":12,"key":"SMITH"},{"floor":15,"key":"DIG"},{"data":"hermit:OverwhelmingPower","floor":29,"key":"SMITH"},{"data":"hermit:Reprieve","floor":33,"key":"SMITH"},{"data":"Madness","floor":41,"key":"SMITH"},{"data":"Madness","floor":43,"key":"SMITH"},{"floor":50,"key":"RECALL"},{"floor":53,"key":"REST"}],"circlet_count":0,"master_deck":["hermit:Strike_Hermit+1","hermit:Strike_Hermit+1","hermit:Strike_Hermit+1","hermit:Defend_Hermit+1","hermit:Defend_Hermit+1","hermit:Snapshot+1","hermit:Covet+1","Feed+3","hermit:Quickdraw+1","expansioncontent:LastStand+1","Insight+2","hermit:Dive+1","hubris:EnhanceAbility+1","hermit:SprayPray+1","hermit:Snipe+1","expansioncontent:DashGenerateEvil+1","hermit:SprayPray+1","hermit:RoundhouseKick+1","hermit:GoldenBullet+1","hermit:Reprieve+1","hermit:PistolWhip+1","hermit:Headshot+1","hermit:Determination+1","hermit:OverwhelmingPower+1","hermit:Snipe+1","hermit:WideOpen+1","hermit:SprayPray+1","Madness+1","Madness+1","hermit:Snipe+1","Thinking Ahead+1"],"relics":["hermit:Momento","ReplayFunnel","MiniBlackHole","SpikesRelics:DaevaFist","vexMod:PlasmaPancake","Bird Faced Urn","TungstenRod","hermit:BartenderGlass","Eternal Feather","halation:KoshaPiece","StuffTheSpire:HeavyRock","vexMod:InvisibilityCloak","vexMod:CardConverter","Dream Catcher","PreservedInsect","StoneCalendar","hubris:Towel","Calipers","Calling Bell","StuffTheSpire:DarkSteelAnvil","Mercury Hourglass","Replay:Baseball","wanderingMiniBosses:Inkheart","hubris:MedicalManual","Molten Egg 2","Bag of Preparation","halation:IllGainedPizza","halation:Toothbrush","conspire:GiftBox","RollingBoulder","Sundial","Cursed Key","halation:Jellyphish","aspiration:Lifesprig","Gremlin Food","Bronze Scales","Golden Egg","Toxic Egg 2","aspiration:HiddenCompartment","Toolbox","Lantern","Oddly Smooth Stone"],"acts_visited":["Exordium","TheCity","TheBeyond","TheEnding"],"potions_floor_usage":[16,16,16,19,21,21,24,24,25,25,26,26,30,30,30,31,31,36,39,39,51,51,51,55,56,56,56,56,56],"damage_taken":[{"damage":0,"enemies":"Cultist","floor":1,"turns":2},{"damage":1,"enemies":"conspire:RoseBush","floor":3,"turns":2},{"damage":0,"enemies":"2 Louse","floor":4,"turns":1},{"damage":0,"enemies":"Gremlin Gang","floor":5,"turns":3},{"damage":3,"enemies":"Replay:BlueRogue","floor":6,"turns":5},{"damage":0,"enemies":"Exordium Thugs","floor":7,"turns":3},{"damage":0,"enemies":"Gremlin Nob","floor":11,"turns":3},{"damage":0,"enemies":"Lagavulin","floor":13,"turns":2},{"damage":37,"enemies":"Hexaghost","floor":16,"turns":9},{"damage":0,"enemies":"conspire:FuzzyDice","floor":19,"turns":7},{"damage":0,"enemies":"2 Thieves","floor":21,"turns":2},{"damage":0,"enemies":"Book of Stabbing","floor":24,"turns":2},{"damage":0,"enemies":"conspire:HollyBat","floor":25,"turns":4},{"damage":0,"enemies":"Slavers","floor":26,"turns":1},{"damage":0,"enemies":"conspire:SneckoGhost","floor":28,"turns":3},{"damage":0,"enemies":"Book of Stabbing","floor":30,"turns":3},{"damage":0,"enemies":"Chosen and Byrds","floor":31,"turns":2},{"damage":0,"enemies":"3 Cultists","floor":32,"turns":3},{"damage":7,"enemies":"hubris:MusketHawk","floor":34,"turns":4},{"damage":7,"enemies":"3 Darklings","floor":36,"turns":2},{"damage":0,"enemies":"3 Shapes","floor":37,"turns":1},{"damage":0,"enemies":"Sphere and 2 Shapes","floor":39,"turns":1},{"damage":0,"enemies":"Nemesis","floor":42,"turns":1},{"damage":0,"enemies":"Spire Growth","floor":44,"turns":3},{"damage":0,"enemies":"R_Hoarder","floor":45,"turns":3},{"damage":1,"enemies":"Spire Growth","floor":46,"turns":2},{"damage":8,"enemies":"Transient","floor":48,"turns":5},{"damage":5,"enemies":"bossMod:newAwakened","floor":51,"turns":4},{"damage":2,"enemies":"Shield and Spear","floor":55,"turns":1},{"damage":1,"enemies":"The Heart","floor":56,"turns":7}],"seed_played":"4571039695946045893","potions_obtained":[{"floor":1,"key":"blueLaboratory:AbyssPotion"},{"floor":5,"key":"Energy Potion"},{"floor":21,"key":"Energy Potion"},{"floor":25,"key":"blueLaboratory:BubblePotion"},{"floor":28,"key":"Explosive Potion"},{"floor":30,"key":"blueLaboratory:BottleOfRum"},{"floor":36,"key":"hexamod:EctoCoolerPotion"}],"is_trial":false,"path_per_floor":["M","$","M","M","M","E","M","R","T","$","E","R","E","?","R_BF","B",null,"M","$","M","?","$","E","M","E","T","E","R","E","M","M","R","B",null,"M","M","?","M","$","R","E","R","MIM","E","M","$","M","$","R","B",null,"R","$","E","B",null],"character_chosen":"HERMIT","items_purchased":["ReplayFunnel","MiniBlackHole","SpeedPotion","hermit:Quickdraw","TungstenRod","Eternal Feather","halation:KoshaPiece","hubris:EnhanceAbility","vexMod:CardConverter","Dream Catcher","expansioncontent:DashGenerateEvil","hubris:MedicalManual","hermit:Determination","Reflective Coating","Molten Egg 2","Bag of Preparation","blueLaboratory:EmptyBottle","halation:Jellyphish","aspiration:Lifesprig","Gremlin Food","Toolbox","Thinking Ahead+1","Lantern","Strength Potion"],"campfire_rested":1,"item_purchase_floors":[0,0,0,0,0,2,2,2,10,10,10,20,20,20,23,23,23,40,40,40,47,49,54,54],"current_hp_per_floor":[87,87,92,98,105,108,116,117,117,119,127,127,127,127,127,96,131,137,139,147,149,149,151,159,161,163,171,171,173,179,188,188,182,188,181,187,168,185,188,203,212,215,219,219,220,220,223,225,229,228,229,229,229,228,228],"gold":581,"neow_bonus":"","is_daily":false,"chose_seed":false,"campfire_upgraded":6,"win_rate":0.0,"timestamp":1609593843,"path_taken":["M","$","?","M","M","E","M","R","T","?","E","R","E","?","R_BF","BOSS","M","$","M","?","$","E","?","E","T","E","R","E","M","M","R","BOSS","M","M","?","M","$","R","E","R","MIM","E","M","$","M","$","R","BOSS","R","$","E","BOSS"],"items_purchased_type":["Relic","Relic","Potion","Card","Relic","Relic","Relic","Card","Relic","Relic","Card","Relic","Card","Potion","Relic","Relic","Potion","Relic","Relic","Relic","Relic","Card","Relic","Potion"],"build_version":"2020-12-13","purchased_purges":3,"victory":true,"max_hp_per_floor":[87,87,93,99,105,111,117,117,117,119,127,127,127,127,127,129,131,137,139,147,149,149,151,159,161,163,171,171,173,179,188,188,188,188,188,190,194,203,206,206,215,215,219,219,221,221,227,229,229,229,229,229,229,229,229],"card_choices":[{"not_picked":["hermit:Manifest","hermit:Feint"],"picked":"hermit:Dive","floor":1},{"not_picked":["hermit:ShadowCloak","hermit:LowProfile","hermit:Manifest"],"picked":"SKIP","floor":3},{"not_picked":["hermit:Roulette","hermit:Vantage","hermit:Brawl"],"picked":"SKIP","floor":4},{"not_picked":["hermit:Malice","hermit:DeadMansHand","hermit:LuckOfTheDraw"],"picked":"SKIP","floor":5},{"not_picked":["hermit:FromBeyond","hermit:Shortfuse"],"picked":"hermit:SprayPray","floor":6},{"not_picked":["hermit:Deadeye","hermit:LoneWolf"],"picked":"hermit:Snipe","floor":7},{"not_picked":["hermit:Desperado","hermit:FromBeyond"],"picked":"hermit:SprayPray","floor":11},{"not_picked":["hermit:Snipe","hermit:HoleUp","hermit:Enervate"],"picked":"SKIP","floor":13},{"not_picked":["hermit:BlackWind","hermit:EternalForm"],"picked":"hermit:RoundhouseKick","floor":16},{"not_picked":["hermit:Enervate","hermit:LoneWolf+1","hermit:TrackingShot"],"picked":"SKIP","floor":19},{"not_picked":["hermit:CalledShot","hermit:LowProfile+1"],"picked":"hermit:GoldenBullet+1","floor":21},{"not_picked":["hermit:ShadowCloak","hermit:HighCaliber+1"],"picked":"hermit:PistolWhip+1","floor":24},{"not_picked":["hermit:GhostlyPresence","hermit:Manifest+1"],"picked":"hermit:Headshot+1","floor":25},{"not_picked":["hermit:LowProfile+1","hermit:PistolWhip+1"],"picked":"hermit:Determination+1","floor":26},{"not_picked":["hermit:Reprieve","hermit:HeroicBravado"],"picked":"hermit:OverwhelmingPower","floor":27},{"not_picked":["hermit:BodyArmor+1","hermit:CalledShot+1"],"picked":"hermit:Snipe+1","floor":28},{"not_picked":["hermit:TrackingShot+1","hermit:Quickdraw+1"],"picked":"hermit:WideOpen+1","floor":30},{"not_picked":["hermit:LowProfile","hermit:DeadMansHand+1","hermit:DeadOrAlive+1"],"picked":"SKIP","floor":31},{"not_picked":["hermit:Roulette+1","hermit:Midnight","hermit:Cheat"],"picked":"SKIP","floor":32},{"not_picked":["hermit:Shortfuse+1","hermit:Quickdraw+1","hermit:Virtue+1"],"picked":"SKIP","floor":36},{"not_picked":["hermit:TakeCover+1","hermit:Gambit"],"picked":"hermit:SprayPray+1","floor":37},{"not_picked":["hermit:Coalescence","hermit:Maintenance","hermit:WideOpen+1"],"picked":"SKIP","floor":39},{"not_picked":["hermit:Headshot+1","hermit:Enervate+1","hermit:LowProfile+1"],"picked":"SKIP","floor":42},{"not_picked":["hermit:Ricochet+1","hermit:DeadMansHand+1"],"picked":"hermit:Snipe+1","floor":44},{"not_picked":["hermit:BlackWind+1","hermit:Deadeye+1","hermit:Misfire+1"],"picked":"SKIP","floor":45},{"not_picked":["hermit:WideOpen+1","hermit:GhostlyPresence+1","hermit:Ricochet+1"],"picked":"SKIP","floor":46},{"not_picked":["hermit:SprayPray+1","hermit:Quickdraw+1","hermit:Dissolve+1"],"picked":"SKIP","floor":48},{"not_picked":["hermit:DeadMansHand+1","hermit:Spite+1","hermit:Shortfuse+1"],"picked":"SKIP","floor":55}],"player_experience":104773,"relics_obtained":[{"floor":6,"key":"StuffTheSpire:HeavyRock"},{"floor":9,"key":"vexMod:InvisibilityCloak"},{"floor":11,"key":"PreservedInsect"},{"floor":13,"key":"StoneCalendar"},{"floor":15,"key":"Calipers"},{"floor":17,"key":"StuffTheSpire:DarkSteelAnvil"},{"floor":17,"key":"Mercury Hourglass"},{"floor":17,"key":"Replay:Baseball"},{"floor":19,"key":"wanderingMiniBosses:Inkheart"},{"floor":24,"key":"halation:IllGainedPizza"},{"floor":26,"key":"halation:Toothbrush"},{"floor":27,"key":"conspire:GiftBox"},{"floor":28,"key":"RollingBoulder"},{"floor":30,"key":"Sundial"},{"floor":42,"key":"Bronze Scales"},{"floor":44,"key":"Golden Egg"},{"floor":44,"key":"Toxic Egg 2"},{"floor":45,"key":"aspiration:HiddenCompartment"},{"floor":55,"key":"Oddly Smooth Stone"}],"event_choices":[{"damage_healed":0,"gold_gain":0,"player_choice":"Upgrade","damage_taken":0,"relics_obtained":["Mark of the Bloom"],"max_hp_gain":0,"max_hp_loss":0,"event_name":"MindBloom","floor":18,"gold_loss":0,"cards_upgraded":["hermit:Strike_Hermit","hermit:Strike_Hermit","hermit:Strike_Hermit","hermit:Defend_Hermit","hermit:Defend_Hermit","hermit:Snapshot","hermit:Covet","hermit:Quickdraw","expansioncontent:LastStand","hermit:Dive","hermit:SprayPray","hermit:Snipe","hermit:SprayPray","hermit:RoundhouseKick"]},{"damage_healed":0,"gold_gain":0,"player_choice":"1 cards matched","damage_taken":0,"max_hp_gain":0,"max_hp_loss":0,"event_name":"Match and Keep!","floor":22,"gold_loss":0,"cards_obtained":["hermit:Reprieve"]},{"damage_healed":0,"gold_gain":0,"player_choice":"Embrace Madness","damage_taken":24,"max_hp_gain":0,"max_hp_loss":0,"event_name":"Winding Halls","floor":38,"gold_loss":0,"cards_obtained":["Madness","Madness"]}],"is_beta":false,"boss_relics":[{"not_picked":["halation:Yufonium","Honey Jar"],"picked":"Calling Bell"},{"not_picked":["halation:PinkAlligatorPlush","StuffTheSpire:ModemDavis","hubris:Stopwatch"]}],"items_purged_floors":[0,0,40],"is_endless":false,"potions_floor_spawned":[1,5,6,21,25,28,30,32,36,39,42,48],"ascension_level":1}}