{"host":"3iouabftir4t7z56","time":1609597543,"event":{"mods":["2.2 Compatiblity","Act Like it!","BaseMod","Colored Map","Hallownest","Minty Spire (QoL Compilation)","StSLib","The Bug Knight"],"gold_per_floor":[113,128,128,145,156,183,183,193,193,203,231,13,13,13,13,118,118,135,90,103,58,71,71,86,98,98,132,132,132],"floor_reached":28,"playtime":2504,"items_purged":["HollowMod:NailStrikeStart"],"score":252,"play_id":"7de65fd5-8309-46ce-bcdc-b2eee05f34fb","local_time":"20210102152543","is_ascension_mode":false,"campfire_choices":[{"floor":7,"key":"REST"},{"floor":15,"key":"REST"},{"data":"HollowMod:ShadowDash","floor":23,"key":"SMITH"}],"circlet_count":0,"master_deck":["HollowMod:NailStrikeStart","HollowMod:QuickDashStart","HollowMod:QuickDashStart","HollowMod:QuickDashStart","HollowMod:QuickDashStart","HollowMod:PogoStrike","HollowMod:BlackTendrils","HollowMod:MantisMark","HollowMod:AbyssShriek","HollowMod:SiblingsSouls","HollowMod:DescendingDark","HollowMod:GreatSlash","HollowMod:ShadowDash+1","HollowMod:WraithStrike","HollowMod:CycloneSlash","HollowMod:VoidDash","HollowMod:WraithStrike+1","HollowMod:CornifersMapStart+1","HollowMod:MawleksShell+1","HollowMod:ShadowDash","HollowMod:BrokenVessel","HollowMod:MantisMark+1","HollowMod:MonarchWings"],"relics":["HollowMod:VesselMask","Shovel","Hallownest:DreamNailRelic","HollowMod:LifeEnderRelic","TungstenRod","Meat on the Bone","Astrolabe","Gambling Chip"],"acts_visited":["Hallownest:Greenpath","Hallownest:CityofTears"],"potions_floor_usage":[16,16,16,27],"damage_taken":[{"damage":1,"enemies":"2_ Uuma","floor":1,"turns":6},{"damage":5,"enemies":"Hallownest:2_MossCreeps","floor":2,"turns":6},{"damage":0,"enemies":"Hallownest:2_Baldur","floor":4,"turns":3},{"damage":19,"enemies":"Hallownest:1_Ooma_and_2_Uuma","floor":5,"turns":5},{"damage":22,"enemies":"Hallownest:eliteMossKnight","floor":6,"turns":7},{"damage":10,"enemies":"Hallownest:Guard_and_Warrior","floor":8,"turns":7},{"damage":9,"enemies":"Hallownest:Wandering_and_Horned","floor":10,"turns":4},{"damage":15,"enemies":"Hallownest:eliteVengeflyKing","floor":11,"turns":4},{"damage":43,"enemies":"Hallownest:BossBrokenVessel","floor":16,"turns":11},{"damage":15,"enemies":"Hallownest:3_Youths","floor":18,"turns":5},{"damage":32,"enemies":"Hallownest:2_Mistakes","floor":20,"turns":4},{"damage":12,"enemies":"Hallownest:2_Flukemon","floor":22,"turns":5},{"damage":32,"enemies":"Hallownest:monsterShrumalOgre","floor":24,"turns":5},{"damage":6,"enemies":"Hallownest:Warrior_and_Youth","floor":25,"turns":5},{"damage":13,"enemies":"Hallownest:Nosk","floor":27,"turns":9},{"damage":33,"enemies":"Hallownest:2_Flukemon","floor":28,"turns":4}],"seed_played":"-2652449313986621638","potions_obtained":[{"floor":4,"key":"Energy Potion"},{"floor":8,"key":"LiquidMemories"},{"floor":10,"key":"Block Potion"},{"floor":16,"key":"GamblersBrew"},{"floor":24,"key":"Swift Potion"},{"floor":25,"key":"LiquidBronze"}],"is_trial":false,"path_per_floor":["M","M","?","M","M","E","R","M","T","M","E","$","$","?","R","B",null,"M","?","M","?","M","R","M","M","T","E","M"],"character_chosen":"THE_BUGKNIGHT","items_purchased":["HollowMod:ShadowDash","HollowMod:WraithStrike","HollowMod:CycloneSlash"],"campfire_rested":2,"item_purchase_floors":[12,12,12],"current_hp_per_floor":[68,63,63,65,48,29,49,47,47,51,39,39,39,31,51,24,68,53,53,40,46,38,38,22,28,28,30,0,0],"gold":132,"neow_bonus":"ONE_RARE_RELIC","is_daily":false,"chose_seed":false,"campfire_upgraded":1,"win_rate":0.0,"timestamp":1609597543,"path_taken":["M","M","?","M","M","E","R","M","T","M","E","?","$","?","R","BOSS","M","?","M","?","?","R","M","M","T","E","M"],"items_purchased_type":["Card","Card","Card"],"build_version":"2020-12-22","purchased_purges":1,"victory":false,"max_hp_per_floor":[68,68,68,68,68,68,68,68,68,68,68,68,68,68,68,68,68,68,68,68,74,74,74,74,74,74,74,74,74],"card_choices":[{"not_picked":["HollowMod:GoodIntentions","HollowMod:NewLittleFool"],"picked":"HollowMod:BlackTendrils","floor":1},{"not_picked":["HollowMod:HeavyBlow","HollowMod:TaintedHusks"],"picked":"HollowMod:MantisMark","floor":2},{"not_picked":["HollowMod:InfectedAttack","HollowMod:GreatSlash"],"picked":"HollowMod:AbyssShriek","floor":4},{"not_picked":["HollowMod:RecoilStrike","HollowMod:GoodIntentions","HollowMod:SoulSplash"],"picked":"SKIP","floor":5},{"not_picked":["HollowMod:InfectedAttack","HollowMod:VengefulSpirit"],"picked":"HollowMod:SiblingsSouls","floor":6},{"not_picked":["HollowMod:DashSlash","HollowMod:theNailsmith"],"picked":"HollowMod:DescendingDark","floor":8},{"not_picked":["HollowMod:CornifersMapStart","HollowMod:QuirrelsAssistance","HollowMod:DashSlash"],"picked":"SKIP","floor":10},{"not_picked":["HollowMod:GrimmsGift","HollowMod:LifebloodCocoon"],"picked":"HollowMod:GreatSlash","floor":11},{"not_picked":["HollowMod:HornetsHelp","HollowMod:SlysStrikes"],"picked":"HollowMod:VoidDash","floor":16},{"not_picked":["HollowMod:HowlingWraiths","HollowMod:LifebloodCocoon","HollowMod:DashSlash"],"picked":"SKIP","floor":18},{"not_picked":["HollowMod:VengefulSpirit+1","HollowMod:DoubleDash"],"picked":"HollowMod:ShadowDash","floor":20},{"not_picked":["HollowMod:DoubleDash","HollowMod:DescendingDark"],"picked":"HollowMod:BrokenVessel","floor":22},{"not_picked":["HollowMod:MawleksShell","HollowMod:ElderbugsWisdom","HollowMod:HeavyBlow"],"picked":"SKIP","floor":24},{"not_picked":["HollowMod:NewJinnsSoul","HollowMod:ShadowDash+1"],"picked":"HollowMod:MantisMark+1","floor":25},{"not_picked":["HollowMod:MantisMark+1","HollowMod:CoiledNail"],"picked":"HollowMod:MonarchWings","floor":27}],"player_experience":577812,"relics_obtained":[{"floor":6,"key":"HollowMod:LifeEnderRelic"},{"floor":9,"key":"TungstenRod"},{"floor":11,"key":"Meat on the Bone"},{"floor":27,"key":"Gambling Chip"}],"event_choices":[],"is_beta":false,"boss_relics":[{"not_picked":["Ectoplasm","Snecko Eye"],"picked":"Astrolabe"}],"items_purged_floors":[12],"is_endless":false,"potions_floor_spawned":[4,8,10,11,16,24,25],"killed_by":"Hallownest:2_Flukemon","ascension_level":0}}