{"host":"yo9wwslrag05lh37","time":1609586778,"event":{"mods":["AchievementEnabler","BaseMod","Block Reminder","Colored Map","Colored Powertips","GifTheSpireLib","HexUI Lib","Highlight Path","Minty Spire (QoL Compilation)","Rare Cards Sparkle","Relic Stats","StSLib","everything is the same but u backflip on backflip"],"gold_per_floor":[214,214,264,289,11,11,35,69,69,103,103,118,143,474,474,563,563,563,563,563,443,443,443,443,443,443,101,16,16,16,16,16,16,16,16,16,16,16,16,16,16,16,16,16,16,16,16,16,16,16,16,16,16,16,16,16,16],"floor_reached":56,"playtime":2933,"items_purged":["Strike_B"],"score":2344,"play_id":"babbc14a-36a5-4c5f-8f07-d644f75f9be8","local_time":"20210102122618","is_ascension_mode":true,"campfire_choices":[{"data":"Zap","floor":6.0,"key":"SMITH"},{"floor":11.0,"key":"REST"},{"data":"Buffer","floor":15.0,"key":"SMITH"},{"floor":23.0,"key":"REST"},{"data":"Consume","floor":32.0,"key":"SMITH"},{"data":"Biased Cognition","floor":40.0,"key":"SMITH"},{"floor":49.0,"key":"RECALL"},{"data":"Darkness","floor":53.0,"key":"SMITH"}],"circlet_count":0,"master_deck":["AscendersBane","Defend_B","Defend_B","Defend_B","Zap+1","Dualcast","Genetic Algorithm","Ball Lightning","Ball Lightning","Barrage","Darkness+1","Cold Snap","Buffer+1","Coolheaded","Seek","Cold Snap","Consume+1","Recycle","Biased Cognition+1","Compile Driver","Glacier","Coolheaded","Seek","Electrodynamics","Buffer+1","Defragment+1","Reprogram+1","PanicButton","Lockon+1","Conserve Battery+1","Defragment+1","Core Surge","Chill","Creative AI"],"relics":["Cracked Core","Runic Capacitor","Prayer Wheel","Pear","DataDisk","Old Coin","Ectoplasm","Du-Vu Doll","Gambling Chip","Eternal Feather","Art of War","Astrolabe","Singing Bowl","Gremlin Horn","Bag of Preparation"],"acts_visited":["Exordium","TheCity","TheBeyond","TheEnding"],"potions_floor_usage":[56,56],"damage_taken":[{"damage":10.0,"enemies":"Small Slimes","floor":1.0,"turns":4.0},{"damage":1.0,"enemies":"Cultist","floor":4.0,"turns":3.0},{"damage":0.0,"enemies":"2 Louse","floor":7.0,"turns":2.0},{"damage":11.0,"enemies":"Gremlin Nob","floor":8.0,"turns":3.0},{"damage":25.0,"enemies":"3 Sentries","floor":10.0,"turns":5.0},{"damage":8.0,"enemies":"Gremlin Gang","floor":12.0,"turns":5.0},{"damage":0.0,"enemies":"3 Louse","floor":13.0,"turns":3.0},{"damage":3.0,"enemies":"Gremlin Nob","floor":14.0,"turns":3.0},{"damage":14.0,"enemies":"Slime Boss","floor":16.0,"turns":7.0},{"damage":25.0,"enemies":"3 Byrds","floor":18.0,"turns":4.0},{"damage":12.0,"enemies":"2 Thieves","floor":21.0,"turns":5.0},{"damage":23.0,"enemies":"Slavers","floor":24.0,"turns":5.0},{"damage":0.0,"enemies":"Sentry and Sphere","floor":25.0,"turns":5.0},{"damage":0.0,"enemies":"Snecko","floor":29.0,"turns":4.0},{"damage":0.0,"enemies":"Snake Plant","floor":30.0,"turns":5.0},{"damage":0.0,"enemies":"3 Cultists","floor":31.0,"turns":5.0},{"damage":0.0,"enemies":"Collector","floor":33.0,"turns":12.0},{"damage":0.0,"enemies":"3 Shapes","floor":35.0,"turns":3.0},{"damage":3.0,"enemies":"Orb Walker","floor":38.0,"turns":3.0},{"damage":0.0,"enemies":"Writhing Mass","floor":39.0,"turns":5.0},{"damage":0.0,"enemies":"Giant Head","floor":42.0,"turns":9.0},{"damage":22.0,"enemies":"Reptomancer","floor":45.0,"turns":4.0},{"damage":0.0,"enemies":"Jaw Worm Horde","floor":46.0,"turns":2.0},{"damage":7.0,"enemies":"3 Darklings","floor":48.0,"turns":3.0},{"damage":0.0,"enemies":"Time Eater","floor":50.0,"turns":13.0},{"damage":0.0,"enemies":"Donu and Deca","floor":51.0,"turns":7.0},{"damage":35.0,"enemies":"Shield and Spear","floor":55.0,"turns":8.0},{"damage":51,"enemies":"The Heart","floor":56,"turns":11}],"seed_played":"-5494965122749911984","potions_obtained":[{"floor":4.0,"key":"DuplicationPotion"},{"floor":14.0,"key":"Fire Potion"},{"floor":21.0,"key":"EssenceOfSteel"},{"floor":24.0,"key":"AttackPotion"},{"floor":25.0,"key":"Dexterity Potion"},{"floor":33.0,"key":"PowerPotion"},{"floor":55.0,"key":"FearPotion"}],"is_trial":false,"path_per_floor":["M","?","?","M","$","R","M","E","T","E","R","M","M","E","R","B",null,"M","?","?","M","?","R","E","M","T","$","?","M","M","M","R","B",null,"M","?","?","M","M","R","$","E","T","?","E","M","?","M","R","B","B",null,"R","$","E","B"],"character_chosen":"DEFECT","items_purchased":["Ball Lightning","Runic Capacitor","PowerPotion","Eternal Feather"],"campfire_rested":2,"item_purchase_floors":[5,5,5,27],"current_hp_per_floor":[54,54,48,47,47,47,47,36,46,21,43,35,35,32,32,18,60,35,14,14,2,2,25,2,2,2,2,2,2,2,2,17,17,64,64,64,64,61,61,79,79,81,81,81,59,63,63,58,76,76,76,81,83,83,48,0,0],"gold":16,"neow_bonus":"HUNDRED_GOLD","is_daily":false,"chose_seed":false,"campfire_upgraded":5,"win_rate":0.0,"timestamp":1609586778,"path_taken":["M","?","?","?","$","R","M","E","T","E","R","M","M","E","R","BOSS","M","?","?","?","?","R","E","M","T","$","?","M","M","M","R","BOSS","M","?","?","M","M","R","$","E","T","?","E","?","?","M","R","BOSS","BOSS","R","$","E","BOSS"],"items_purchased_type":["Card","Relic","Potion","Relic"],"build_version":"2020-12-22","purchased_purges":1,"victory":false,"max_hp_per_floor":[71,64,64,64,64,64,64,64,74,74,74,74,74,74,74,74,74,74,79,79,79,79,79,79,79,79,79,79,79,79,79,79,79,79,79,79,79,79,79,79,79,81,81,81,81,85,81,83,83,83,83,83,83,83,83,83,83],"relic_stats":{"Singing Bowl":8,"Gremlin Horn":[2,2],"counters":[28,148],"Gambling Chip":[56],"Astrolabe":["Buffer","Defragment","Reprogram"],"Prayer Wheel":13,"Eternal Feather":53,"Ectoplasm":844,"Art of War":[25],"Bag of Preparation":[2],"obtain_stats":[{"Pear":9,"Singing Bowl":42,"Gremlin Horn":45,"Golden Idol":2,"Astrolabe":34,"Eternal Feather":27,"Runic Capacitor":5,"Bag of Preparation":55,"Old Coin":14,"Du-Vu Doll":24,"DataDisk":10,"Gambling Chip":26,"Prayer Wheel":8,"Ectoplasm":17,"Art of War":28,"Cracked Core":0},{"Pear":4,"Singing Bowl":21,"Gremlin Horn":22,"Golden Idol":1,"Astrolabe":17,"Eternal Feather":13,"Runic Capacitor":2,"Bag of Preparation":27,"Old Coin":8,"Du-Vu Doll":12,"DataDisk":5,"Gambling Chip":13,"Prayer Wheel":4,"Ectoplasm":9,"Art of War":13,"Cracked Core":0},{"Pear":12,"Singing Bowl":100,"Gremlin Horn":104,"Golden Idol":4,"Astrolabe":80,"Eternal Feather":54,"Runic Capacitor":7,"Bag of Preparation":137,"Old Coin":28,"Du-Vu Doll":49,"DataDisk":17,"Gambling Chip":54,"Prayer Wheel":12,"Ectoplasm":35,"Art of War":54,"Cracked Core":0}]},"card_choices":[{"not_picked":["Turbo","Beam Cell","Heatsinks"],"picked":"SKIP","floor":1.0},{"not_picked":["Beam Cell","Barrage"],"picked":"Genetic Algorithm","floor":4.0},{"not_picked":["FTL","Barrage"],"picked":"Ball Lightning","floor":7.0},{"not_picked":["Loop","Hello World"],"picked":"Barrage","floor":8.0},{"not_picked":["Barrage","Stack"],"picked":"Darkness","floor":10.0},{"not_picked":["Beam Cell","Sweeping Beam"],"picked":"Cold Snap","floor":12.0},{"not_picked":["Stack","Turbo","Streamline"],"picked":"SKIP","floor":12.0},{"not_picked":["Rebound","Double Energy"],"picked":"Buffer","floor":13.0},{"not_picked":["Melter","BootSequence"],"picked":"Coolheaded","floor":13.0},{"not_picked":["Hologram","Double Energy","Reinforced Body"],"picked":"SKIP","floor":14.0},{"not_picked":["Multi-Cast","Amplify"],"picked":"Seek","floor":16.0},{"not_picked":["Barrage","Aggregate"],"picked":"Cold Snap","floor":18.0},{"not_picked":["White Noise","Compile Driver"],"picked":"Consume","floor":18.0},{"not_picked":["Reinforced Body+1","Force Field"],"picked":"Recycle","floor":21.0},{"not_picked":["Hologram","Scrape","Cold Snap"],"picked":"SKIP","floor":21.0},{"not_picked":["Go for the Eyes","Lockon"],"picked":"Biased Cognition","floor":24.0},{"not_picked":["Go for the Eyes+1","Ball Lightning"],"picked":"Compile Driver","floor":25.0},{"not_picked":["Streamline","Chaos","Beam Cell"],"picked":"SKIP","floor":25.0},{"not_picked":["Compile Driver+1","Capacitor"],"picked":"Glacier","floor":29.0},{"not_picked":["Barrage","Consume","Redo"],"picked":"SKIP","floor":29.0},{"not_picked":["Gash","Darkness","Beam Cell"],"picked":"SKIP","floor":30.0},{"not_picked":["Tempest","Turbo","Ball Lightning"],"picked":"SKIP","floor":30.0},{"not_picked":["Sweeping Beam","Rebound"],"picked":"Coolheaded","floor":31.0},{"not_picked":["Streamline","Fusion"],"picked":"Seek","floor":31.0},{"not_picked":["Rainbow","Core Surge"],"picked":"Electrodynamics","floor":33.0},{"not_picked":["Consume","Static Discharge","Beam Cell"],"picked":"SKIP","floor":35.0},{"not_picked":["Leap","Tempest","Cold Snap"],"picked":"SKIP","floor":35.0},{"not_picked":["Flash of Steel","Magnetism"],"picked":"PanicButton","floor":37.0},{"not_picked":["Consume+1","Ball Lightning"],"picked":"Lockon+1","floor":38.0},{"not_picked":["Stack","Reprogram","Rip and Tear"],"picked":"SKIP","floor":38.0},{"not_picked":["Double Energy","Barrage"],"picked":"Conserve Battery+1","floor":39.0},{"not_picked":["Beam Cell","Static Discharge","Streamline"],"picked":"SKIP","floor":39.0},{"not_picked":["Coolheaded","Stack","Leap"],"picked":"Singing Bowl","floor":42.0},{"not_picked":["Leap","All For One"],"picked":"Core Surge","floor":45.0},{"not_picked":["Rip and Tear","Hologram","Leap"],"picked":"Singing Bowl","floor":46.0},{"not_picked":["Undo+1","Hologram","Streamline"],"picked":"Singing Bowl","floor":46.0},{"not_picked":["Leap","Sweeping Beam"],"picked":"Chill","floor":48.0},{"not_picked":["Hologram","Rip and Tear+1","Storm"],"picked":"Singing Bowl","floor":48.0},{"not_picked":["Cold Snap+1","Barrage"],"picked":"Creative AI","floor":55.0}],"player_experience":1448107,"relics_obtained":[{"floor":8.0,"key":"Prayer Wheel"},{"floor":9.0,"key":"Pear"},{"floor":10.0,"key":"DataDisk"},{"floor":14.0,"key":"Old Coin"},{"floor":24.0,"key":"Du-Vu Doll"},{"floor":26.0,"key":"Gambling Chip"},{"floor":42.0,"key":"Singing Bowl"},{"floor":45.0,"key":"Gremlin Horn"},{"floor":55.0,"key":"Bag of Preparation"}],"event_choices":[{"damage_healed":0.0,"max_hp_gain":0.0,"max_hp_loss":7.0,"gold_gain":0.0,"event_name":"Golden Idol","player_choice":"Lose Max HP","floor":2.0,"gold_loss":0.0,"damage_taken":0.0,"relics_obtained":["Golden Idol"]},{"damage_healed":0.0,"max_hp_gain":0.0,"max_hp_loss":0.0,"gold_gain":50.0,"event_name":"FaceTrader","player_choice":"Touch","floor":3.0,"gold_loss":0.0,"damage_taken":6.0},{"damage_healed":0.0,"max_hp_gain":5.0,"max_hp_loss":0.0,"gold_gain":0.0,"event_name":"Forgotten Altar","player_choice":"Shed Blood","floor":19.0,"gold_loss":0.0,"damage_taken":26.0},{"cards_removed":["Strike_B"],"damage_healed":0.0,"max_hp_gain":0.0,"max_hp_loss":0.0,"gold_gain":0.0,"event_name":"Purifier","player_choice":"Purged","floor":20.0,"gold_loss":0.0,"damage_taken":0.0},{"damage_healed":0.0,"max_hp_gain":0.0,"max_hp_loss":0.0,"gold_gain":0.0,"event_name":"Vampires","player_choice":"Ignored","floor":22.0,"gold_loss":0.0,"damage_taken":0.0},{"damage_healed":0.0,"max_hp_gain":0.0,"max_hp_loss":0.0,"gold_gain":0.0,"event_name":"Addict","player_choice":"Obtained Relic","floor":28.0,"gold_loss":85.0,"damage_taken":0.0,"relics_obtained":["Art of War"]},{"damage_healed":0.0,"max_hp_gain":0.0,"max_hp_loss":0.0,"gold_gain":333.0,"event_name":"The Moai Head","player_choice":"Gave Idol","floor":36.0,"relics_lost":["Golden Idol"],"gold_loss":0.0,"damage_taken":0.0},{"damage_healed":0.0,"max_hp_gain":0.0,"max_hp_loss":0.0,"gold_gain":0.0,"event_name":"SensoryStone","player_choice":"Memory 1","floor":37.0,"gold_loss":0.0,"damage_taken":0.0},{"damage_healed":0.0,"max_hp_gain":0.0,"max_hp_loss":0.0,"gold_gain":0.0,"event_name":"Duplicator","player_choice":"Copied","floor":44.0,"gold_loss":0.0,"damage_taken":0.0,"cards_obtained":["Defragment"]},{"damage_healed":0.0,"max_hp_gain":0.0,"max_hp_loss":4.0,"gold_gain":0.0,"event_name":"Winding Halls","player_choice":"Max HP","floor":47.0,"gold_loss":0.0,"damage_taken":0.0}],"is_beta":false,"boss_relics":[{"not_picked":["Fusion Hammer","Inserter"],"picked":"Ectoplasm"},{"not_picked":["Busted Crown","Pandora\u0027s Box"],"picked":"Astrolabe"}],"items_purged_floors":[27],"is_endless":false,"potions_floor_spawned":[4,7,14,16,21,24,25,33,35,38,48,55],"killed_by":"The Heart","ascension_level":20}}