{"host":"ÇïÍ¥»¨¿ªÃÎÀïÏã","time":1609562039,"event":{"mods":["ATMod(°¢èªMod)","BaseMod","Challenge The Spire","Custom Start","DeckTracker","Minty Spire (QoL Compilation)","Quick Restart","Relic Stats","StSLib"],"gold_per_floor":[113,38,38,38,38,68,68,102,171,5,5,5,5,17,17,91,91,105,118,168,182,198,198,215,215,215,215,230,241,49,113,113,263,263,303,303,93,143,283,340,340,340,340,365,520,331,372,411,411,461,586,586,586,0,85,110],"floor_reached":57,"playtime":2071,"items_purged":["Dropkick","Bash+1","Juggernaut","AT_DiedThrough+1"],"score":2911,"play_id":"15b8204d-07d9-4fd1-998f-30e99a02fa4e","local_time":"20210102123359","is_ascension_mode":true,"campfire_choices":[{"data":"AT_BodySlamDance","floor":7.0,"key":"SMITH"},{"data":"AT_FamilyPortrait","floor":11.0,"key":"SMITH"},{"floor":13.0,"key":"RECALL"},{"data":"Bash","floor":15.0,"key":"SMITH"},{"data":"Immolate","floor":23.0,"key":"SMITH"},{"data":"Evolve","floor":25.0,"key":"SMITH"},{"data":"Bloodletting","floor":27.0,"key":"SMITH"},{"data":"AT_IchimonjiDouble","floor":32.0,"key":"SMITH"},{"data":"AT_DiedThrough","floor":42,"key":"SMITH"},{"data":"Rupture","floor":49,"key":"SMITH"},{"data":"Rupture","floor":53,"key":"SMITH"}],"circlet_count":0,"master_deck":["AscendersBane","AT_FamilyPortrait+1","AT_BodySlamDance+1","Immolate+1","Bloodletting+1","Carnage","Rupture+1","Rupture+1","Evolve+1","Pommel Strike+1","AT_IchimonjiDouble+1","Limit Break","Shrug It Off+1","Brutality","AT_DiedThrough+1","Power Through+1","Master of Strategy","Brutality","AT_ShrugMaster"],"relics":["Burning Blood","AT_ATBox","NeowsBlessing","AT_RedTearstoneRing","Self Forming Clay","AT_EbonyIvory","AT_ImmortalShieldbow","Medical Kit","Pandora\u0027s Box","AT_BellDemon","The Courier","AT_RabadonDeathcap","AT_MibuBalloonWealth","Blood Vial","AT_TrinityForce","Gambling Chip","AT_SpeedBoots","PreservedInsect","Bronze Scales","Membership Card","Oddly Smooth Stone","AT_ForceNature","Anchor","HornCleat","Pear"],"acts_visited":["Exordium","TheCity","TheBeyond","TheEnding"],"potions_floor_usage":[45],"damage_taken":[{"damage":0.0,"enemies":"Jaw Worm","floor":1.0,"turns":1.0},{"damage":0.0,"enemies":"Gremlin Nob","floor":6.0,"turns":1.0},{"damage":0.0,"enemies":"Lagavulin","floor":8.0,"turns":1.0},{"damage":3.0,"enemies":"Small Slimes","floor":14.0,"turns":2.0},{"damage":43.0,"enemies":"Slime Boss","floor":16.0,"turns":12.0},{"damage":28.0,"enemies":"Shell Parasite","floor":18.0,"turns":3.0},{"damage":21.0,"enemies":"3 Byrds","floor":19.0,"turns":3.0},{"damage":27.0,"enemies":"Snake Plant","floor":21.0,"turns":3.0},{"damage":10.0,"enemies":"Snecko","floor":22.0,"turns":3.0},{"damage":18.0,"enemies":"Centurion and Healer","floor":24.0,"turns":2.0},{"damage":48.0,"enemies":"Snake Plant","floor":28.0,"turns":3.0},{"damage":15.0,"enemies":"Chosen and Byrds","floor":29.0,"turns":2.0},{"damage":39.0,"enemies":"Centurion and Healer","floor":31.0,"turns":3.0},{"damage":52.0,"enemies":"Automaton","floor":33.0,"turns":5.0},{"damage":11.0,"enemies":"Orb Walker","floor":35.0,"turns":2.0},{"damage":8.0,"enemies":"Mind Bloom Boss Battle","floor":38.0,"turns":3.0},{"damage":0.0,"enemies":"3 Darklings","floor":39.0,"turns":1.0},{"damage":15.0,"enemies":"Giant Head","floor":40.0,"turns":3.0},{"damage":4,"enemies":"Reptomancer","floor":45,"turns":2},{"damage":8,"enemies":"Maw","floor":47,"turns":3},{"damage":47,"enemies":"Writhing Mass","floor":48,"turns":3},{"damage":31,"enemies":"Donu and Deca","floor":50,"turns":4},{"damage":28,"enemies":"Awakened One","floor":51,"turns":5},{"damage":5,"enemies":"Shield and Spear","floor":55,"turns":2},{"damage":24,"enemies":"The Heart","floor":56,"turns":6}],"seed_played":"9020130221708975","potions_obtained":[{"floor":1.0,"key":"Fire Potion"},{"floor":16.0,"key":"Ancient Potion"},{"floor":21.0,"key":"GamblersBrew"},{"floor":45,"key":"SpeedPotion"}],"is_trial":false,"path_per_floor":["M","?","?","$","?","E","R","E","T","$","R","$","R","M","R","B",null,"M","M","?","M","M","R","M","R","T","R","M","M","$","M","R","B",null,"M","?","$","?","M","E","?","R","T","T","E","$","M","M","R","B","B",null,"R","$","E","B",null],"character_chosen":"IRONCLAD","items_purchased":["Medical Kit","AT_MibuBalloonWealth","Brutality","Membership Card","Master of Strategy","Brutality","AT_ShrugMaster","Oddly Smooth Stone","AT_ForceNature","Anchor","HornCleat"],"campfire_rested":0,"item_purchase_floors":[10,30,37,46,54,54,54,54,54,54,54],"current_hp_per_floor":[74,74,63,63,56,62,62,68,68,68,68,68,68,71,71,34,65,43,72,65,44,40,40,53,53,53,53,26,59,59,75,75,29,64,61,61,61,61,69,62,62,62,62,62,66,66,66,75,75,50,30,64,64,64,77,61],"gold":110,"neow_bonus":"THREE_ENEMY_KILL","is_daily":false,"chose_seed":false,"campfire_upgraded":10,"win_rate":0.0,"timestamp":1609562039,"path_taken":["M","?","?","$","?","E","R","E","T","$","R","?","R","M","R","BOSS","M","M","?","?","M","R","M","R","T","R","M","M","$","M","R","BOSS","M","?","$","?","M","E","?","R","T","?","E","$","M","M","R","BOSS","BOSS","R","$","E","BOSS"],"items_purchased_type":["Relic","Relic","Card","Relic","Card","Card","Card","Relic","Relic","Relic","Relic"],"build_version":"2020-12-18","purchased_purges":4,"victory":true,"max_hp_per_floor":[75,75,75,75,75,75,75,75,75,75,75,75,75,75,75,75,75,75,75,75,75,75,75,75,75,75,75,75,75,75,75,75,75,75,75,75,75,75,75,75,75,75,75,75,75,75,75,75,75,75,75,75,75,75,85,85],"relic_stats":{"Blood Vial":20,"counters":[25,78],"Self Forming Clay":[327],"Gambling Chip":[37],"Bronze Scales":[27],"Pandora\u0027s Box":["Bloodletting","Carnage","Dropkick","Juggernaut","Rupture","Rupture","Evolve"],"PreservedInsect":139,"Medical Kit":[86],"obtain_stats":[{"AT_BellDemon":26,"AT_ATBox":0,"AT_MibuBalloonWealth":30,"Burning Blood":0,"Blood Vial":31,"HornCleat":54,"Gambling Chip":38,"AT_TrinityForce":34,"AT_ForceNature":54,"AT_RabadonDeathcap":29,"AT_RedTearstoneRing":3,"Pear":55,"NeowsBlessing":0,"Self Forming Clay":6,"Oddly Smooth Stone":54,"AT_EbonyIvory":8,"The Courier":28,"PreservedInsect":44,"Medical Kit":10,"AT_ImmortalShieldbow":9,"AT_SpeedBoots":40,"Anchor":54,"Bronze Scales":45,"Pandora\u0027s Box":17,"Membership Card":46},{"AT_BellDemon":10,"AT_ATBox":0,"AT_MibuBalloonWealth":12,"Burning Blood":0,"Blood Vial":13,"HornCleat":23,"Gambling Chip":16,"AT_TrinityForce":14,"AT_ForceNature":23,"AT_RabadonDeathcap":12,"AT_RedTearstoneRing":1,"Pear":24,"NeowsBlessing":0,"Self Forming Clay":2,"Oddly Smooth Stone":23,"AT_EbonyIvory":3,"The Courier":11,"PreservedInsect":18,"Medical Kit":3,"AT_ImmortalShieldbow":3,"AT_SpeedBoots":18,"Anchor":23,"Bronze Scales":19,"Pandora\u0027s Box":5,"Membership Card":19},{"AT_BellDemon":31,"AT_ATBox":0,"AT_MibuBalloonWealth":36,"Burning Blood":0,"Blood Vial":39,"HornCleat":70,"Gambling Chip":49,"AT_TrinityForce":44,"AT_ForceNature":70,"AT_RabadonDeathcap":36,"AT_RedTearstoneRing":1,"Pear":72,"NeowsBlessing":0,"Self Forming Clay":2,"Oddly Smooth Stone":70,"AT_EbonyIvory":3,"The Courier":34,"PreservedInsect":53,"Medical Kit":3,"AT_ImmortalShieldbow":3,"AT_SpeedBoots":53,"Anchor":70,"Bronze Scales":55,"Pandora\u0027s Box":17,"Membership Card":55}],"Burning Blood":144},"card_choices":[{"not_picked":["Metallicize","Intimidate"],"picked":"AT_BodySlamDance","floor":1.0},{"not_picked":["Reaper","Armaments","Seeing Red"],"picked":"SKIP","floor":6.0},{"not_picked":["Body Slam","Heavy Blade","Cleave"],"picked":"SKIP","floor":8.0},{"not_picked":["Clash","Whirlwind","Pommel Strike"],"picked":"SKIP","floor":14.0},{"not_picked":["Feed","Juggernaut"],"picked":"Immolate","floor":16.0},{"not_picked":["AT_CaressingTears","Thunderclap","AT_IchimonjiDouble"],"picked":"SKIP","floor":18.0},{"not_picked":["Sword Boomerang","Perfected Strike"],"picked":"Pommel Strike+1","floor":19.0},{"not_picked":["AT_BodySlamDance","Flame Barrier","Combust"],"picked":"SKIP","floor":21.0},{"not_picked":["Spot Weakness","Clothesline","Warcry"],"picked":"SKIP","floor":22.0},{"not_picked":["AT_BodySlamDance","True Grit","Anger"],"picked":"SKIP","floor":24.0},{"not_picked":["Wild Strike","AT_DrawKnifeCut","Disarm"],"picked":"SKIP","floor":28.0},{"not_picked":["AT_IchimonjiDouble","Exhume","Wild Strike"],"picked":"SKIP","floor":29.0},{"not_picked":["AT_IchimonjiDouble","Dropkick","Sentinel"],"picked":"SKIP","floor":31.0},{"not_picked":["Dropkick","Sentinel"],"picked":"AT_IchimonjiDouble","floor":31.0},{"not_picked":["Barricade","Double Tap"],"picked":"Limit Break","floor":33.0},{"not_picked":["AT_IchimonjiDouble+1","Thunderclap+1"],"picked":"Shrug It Off+1","floor":35.0},{"not_picked":["Thunderclap","AT_IchimonjiDouble"],"picked":"AT_DiedThrough","floor":39.0},{"not_picked":["Sever Soul+1","Intimidate"],"picked":"AT_DiedThrough+1","floor":40.0},{"not_picked":["AT_ManFootWork","Uppercut","Wild Strike+1"],"picked":"SKIP","floor":45},{"not_picked":["Armaments+1","Infernal Blade","Wild Strike"],"picked":"SKIP","floor":47},{"not_picked":["Rupture","Entrench+1"],"picked":"Power Through+1","floor":48},{"not_picked":["AT_GerminateFire+1","Thunderclap","Twin Strike"],"picked":"SKIP","floor":55}],"player_experience":475929,"relics_obtained":[{"floor":6.0,"key":"Self Forming Clay"},{"floor":8.0,"key":"AT_EbonyIvory"},{"floor":9.0,"key":"AT_ImmortalShieldbow"},{"floor":26.0,"key":"AT_BellDemon"},{"floor":28.0,"key":"The Courier"},{"floor":29.0,"key":"AT_RabadonDeathcap"},{"floor":31.0,"key":"Blood Vial"},{"floor":38.0,"key":"Gambling Chip"},{"floor":40.0,"key":"AT_SpeedBoots"},{"floor":44,"key":"PreservedInsect"},{"floor":45,"key":"Bronze Scales"},{"floor":55,"key":"Pear"}],"event_choices":[{"cards_removed":["Strike_R"],"damage_healed":0.0,"max_hp_gain":0.0,"max_hp_loss":0.0,"gold_gain":0.0,"event_name":"The Cleric","player_choice":"Card Removal","floor":2.0,"gold_loss":75.0,"damage_taken":0.0},{"damage_healed":0.0,"max_hp_gain":0.0,"max_hp_loss":0.0,"gold_gain":0.0,"event_name":"Scrap Ooze","player_choice":"Success","floor":3.0,"gold_loss":0.0,"damage_taken":11.0,"relics_obtained":["AT_RedTearstoneRing"]},{"cards_removed":["Strike_R"],"damage_healed":0.0,"max_hp_gain":0.0,"max_hp_loss":0.0,"gold_gain":0.0,"event_name":"Golden Wing","player_choice":"Card Removal","floor":5.0,"gold_loss":0.0,"damage_taken":7.0},{"damage_healed":0.0,"max_hp_gain":0.0,"max_hp_loss":0.0,"gold_gain":50.0,"event_name":"FaceTrader","player_choice":"Touch","floor":20.0,"gold_loss":0.0,"damage_taken":7.0},{"damage_healed":0.0,"max_hp_gain":0.0,"max_hp_loss":0.0,"gold_gain":0.0,"event_name":"Tomb of Lord Red Mask","player_choice":"Ignored","floor":36.0,"gold_loss":0.0,"damage_taken":0.0},{"damage_healed":0.0,"max_hp_gain":0.0,"max_hp_loss":0.0,"gold_gain":0.0,"event_name":"MindBloom","player_choice":"Fight","floor":38.0,"gold_loss":0.0,"damage_taken":0.0},{"damage_healed":0,"gold_gain":0,"player_choice":"Memory 1","damage_taken":0,"max_hp_gain":0,"max_hp_loss":0,"event_name":"SensoryStone","floor":41,"gold_loss":0}],"is_beta":true,"boss_relics":[{"not_picked":["Velvet Choker","Ectoplasm"],"picked":"Pandora\u0027s Box"},{"not_picked":["Calling Bell","Astrolabe"],"picked":"AT_TrinityForce"}],"items_purged_floors":[30,37,46,54],"is_endless":false,"potions_floor_spawned":[1,16,21,28,33,38,45,47,55],"ascension_level":20}}