{"host":"qy1e0kd24tpj3i2m","time":1609623700,"event":{"mods":["Act Like it!","Alarm Clock","BaseMod","Better Skull","Better Vampires","Colored Map","Colored Powertips","Custom Start","Faster Ascension Climbing","Friendly Minions","GifTheSpireLib","Gremlin Skip","Highlight Path","Minty Spire (QoL Compilation)","Permanent Neow","Quick Restart","Red Circlet Mod","Relic Sorter","Reorder Act Four","SacredBarkPlus","Shop Mod","StSLib","SuperFastMode","Transform Curses","没有小屋子和绿帽子啦"],"gold_per_floor":[110,35,49,199,199,199,230,247,274,274,274],"floor_reached":10,"playtime":265,"items_purged":["Bash"],"score":132,"play_id":"9d23754a-8769-4cb1-897f-76f40bdb1180","local_time":"20210103064140","is_ascension_mode":true,"campfire_choices":[{"data":"Feed","floor":6.0,"key":"SMITH"}],"circlet_count":0,"master_deck":["AscendersBane","Strike_R","Strike_R","Strike_R","Strike_R","Strike_R","Defend_R","Defend_R","Defend_R","Defend_R","Feed+1","Second Wind","Havoc","Seeing Red"],"relics":["Burning Blood","Anchor","Oddly Smooth Stone"],"acts_visited":["Exordium"],"potions_floor_usage":[7,10],"damage_taken":[{"damage":0.0,"enemies":"2 Louse","floor":1.0,"turns":3.0},{"damage":14.0,"enemies":"Small Slimes","floor":3.0,"turns":5.0},{"damage":63.0,"enemies":"Gremlin Nob","floor":7.0,"turns":6.0},{"damage":7,"enemies":"Cultist","floor":8,"turns":5},{"damage":0,"enemies":"3 Sentries","floor":10,"turns":3}],"seed_played":"-5992347171476820964","potions_obtained":[{"floor":1.0,"key":"SpeedPotion"},{"floor":7,"key":"BloodPotion"}],"is_trial":false,"path_per_floor":["M","$","M","?","?","R","E","M","T","E"],"character_chosen":"IRONCLAD","items_purchased":[],"campfire_rested":0,"item_purchase_floors":[],"current_hp_per_floor":[77,77,72,72,72,72,31,34,34,34,34],"gold":274,"neow_bonus":"ONE_RANDOM_RARE_CARD","is_daily":false,"chose_seed":false,"campfire_upgraded":1,"win_rate":0.0,"timestamp":1609623700,"path_taken":["M","$","M","?","?","R","E","M","T","E"],"items_purchased_type":[],"build_version":"2020-12-22","purchased_purges":1,"victory":false,"max_hp_per_floor":[78,78,81,81,81,81,81,85,85,85,85],"card_choices":[{"not_picked":["Spot Weakness","Iron Wave","Heavy Blade"],"picked":"SKIP","floor":1.0},{"not_picked":["Battle Trance","Warcry"],"picked":"Second Wind","floor":3.0},{"not_picked":["Armaments","True Grit"],"picked":"Seeing Red","floor":7},{"not_picked":["Havoc","Twin Strike","Anger"],"picked":"SKIP","floor":8}],"player_experience":923078,"relics_obtained":[{"floor":7,"key":"Anchor"},{"floor":9,"key":"Oddly Smooth Stone"}],"event_choices":[{"damage_healed":0.0,"max_hp_gain":0.0,"max_hp_loss":0.0,"gold_gain":150.0,"event_name":"Liars Game","player_choice":"AGREE","floor":4.0,"gold_loss":0.0,"damage_taken":0.0,"cards_obtained":["Doubt"]},{"damage_healed":0.0,"max_hp_gain":0.0,"max_hp_loss":0.0,"gold_gain":0.0,"cards_transformed":["Doubt"],"event_name":"Transmorgrifier","player_choice":"Transformed","floor":5.0,"gold_loss":0.0,"damage_taken":0.0,"cards_obtained":["Havoc"]}],"is_beta":false,"boss_relics":[],"items_purged_floors":[2],"is_endless":false,"potions_floor_spawned":[1,7],"killed_by":"3 Sentries","ascension_level":20}}