{"host":"baymyijz6sxaqj5s","time":1609611539,"event":{"mods":["AchievementEnabler","BaseMod","Colored Map","Colored Powertips","DeckTracker","Highlight Path","KOR Keyword Fix","Keyboard Shortcuts","Minty Spire (QoL Compilation)","Quick Restart","StSLib","SuperFastMode"],"gold_per_floor":[118,138,157,157,170,170,184,196,196,271,271,271,53,73,73,168,168,180,195,208,219,237,237,247,262,340,340,355,355,371,371,371],"floor_reached":31,"playtime":1285,"items_purged":["Strike_B"],"score":237,"play_id":"d5d894f1-7984-4361-a461-8312c8b4953f","local_time":"20210103031859","is_ascension_mode":false,"campfire_choices":[{"data":"Redo","floor":6,"key":"SMITH"},{"floor":12,"key":"REST"},{"data":"Defragment","floor":15,"key":"SMITH"},{"data":"Rainbow","floor":23,"key":"SMITH"},{"floor":27,"key":"REST"}],"circlet_count":0,"master_deck":["Strike_B","Strike_B","Strike_B","Defend_B","Defend_B","Defend_B","Defend_B","Zap","Dualcast+1","Self Repair","Coolheaded","Redo+1","Defragment+1","Steam","Compile Driver","Hologram","Rainbow+1","Steam+1","Leap+1","Stack","Chaos","Capacitor","Fusion","Conserve Battery"],"relics":["Cracked Core","Pantograph","Runic Capacitor","SacredBark","Matryoshka"],"acts_visited":["Exordium","TheCity"],"potions_floor_usage":[8,8,14,22,24],"damage_taken":[{"damage":1,"enemies":"Cultist","floor":1,"turns":3},{"damage":3,"enemies":"2 Louse","floor":2,"turns":4},{"damage":0,"enemies":"Small Slimes","floor":3,"turns":3},{"damage":3,"enemies":"Red Slaver","floor":5,"turns":3},{"damage":11,"enemies":"Large Slime","floor":7,"turns":7},{"damage":22,"enemies":"Gremlin Gang","floor":8,"turns":4},{"damage":5,"enemies":"3 Louse","floor":14,"turns":4},{"damage":19,"enemies":"The Guardian","floor":16,"turns":16},{"damage":10,"enemies":"Spheric Guardian","floor":18,"turns":4},{"damage":2,"enemies":"Chosen","floor":19,"turns":6},{"damage":19,"enemies":"Centurion and Healer","floor":20,"turns":8},{"damage":7,"enemies":"Sentry and Sphere","floor":21,"turns":7},{"damage":5,"enemies":"Snake Plant","floor":22,"turns":5},{"damage":7,"enemies":"Centurion and Healer","floor":24,"turns":11},{"damage":17,"enemies":"Chosen and Byrds","floor":25,"turns":8},{"damage":48,"enemies":"Sentry and Sphere","floor":28,"turns":10},{"damage":12,"enemies":"Snake Plant","floor":30,"turns":6},{"damage":31,"enemies":"Shelled Parasite and Fungi","floor":31,"turns":2}],"seed_played":"667063308233619320","potions_obtained":[{"floor":1,"key":"Block Potion"},{"floor":2,"key":"Swift Potion"},{"floor":7,"key":"Strength Potion"},{"floor":18,"key":"Ancient Potion"},{"floor":21,"key":"Dexterity Potion"},{"floor":22,"key":"Weak Potion"},{"floor":25,"key":"FearPotion"},{"floor":28,"key":"PotionOfCapacity"},{"floor":30,"key":"Dexterity Potion"}],"is_trial":false,"path_per_floor":["M","M","M","?","M","R","M","M","T","?","$","R","$","M","R","B",null,"M","M","M","M","M","R","M","M","T","R","M","?","M","M"],"character_chosen":"DEFECT","items_purchased":["Runic Capacitor"],"campfire_rested":2,"item_purchase_floors":[13],"current_hp_per_floor":[81,82,82,82,82,82,78,63,63,52,52,76,76,78,78,70,82,79,82,70,70,72,72,72,62,62,82,41,33,28,0,0],"gold":371,"neow_bonus":"TEN_PERCENT_HP_BONUS","is_daily":false,"chose_seed":false,"campfire_upgraded":3,"win_rate":0.0,"timestamp":1609611539,"path_taken":["M","?","M","?","M","R","M","M","T","?","$","R","$","M","R","BOSS","M","M","M","M","M","R","M","M","T","R","M","?","?","M"],"items_purchased_type":["Relic"],"build_version":"2020-12-22","purchased_purges":1,"victory":false,"max_hp_per_floor":[82,82,82,82,82,82,82,82,82,82,82,82,82,82,82,82,82,82,82,82,82,82,82,82,82,82,82,82,82,82,82,82],"card_choices":[{"not_picked":["Leap","Undo"],"picked":"Self Repair","floor":1},{"not_picked":["White Noise","Glacier"],"picked":"Coolheaded","floor":2},{"not_picked":["Fusion","Go for the Eyes"],"picked":"Redo","floor":3},{"not_picked":["Conserve Battery","Cold Snap"],"picked":"Defragment","floor":5},{"not_picked":["Glacier","Recycle"],"picked":"Steam","floor":7},{"not_picked":["Go for the Eyes","Hologram"],"picked":"Compile Driver","floor":8},{"not_picked":["Reinforced Body","Steam"],"picked":"Hologram","floor":14},{"not_picked":["Hyperbeam","Biased Cognition"],"picked":"Rainbow","floor":16},{"not_picked":["Sweeping Beam","Gash"],"picked":"Steam+1","floor":18},{"not_picked":["Gash","Loop","Go for the Eyes"],"picked":"SKIP","floor":19},{"not_picked":["Cold Snap","Compile Driver"],"picked":"Leap+1","floor":20},{"not_picked":["Force Field","Creative AI"],"picked":"Stack","floor":21},{"not_picked":["Redo","Stack"],"picked":"Chaos","floor":22},{"not_picked":["Steam","Beam Cell","Streamline"],"picked":"SKIP","floor":24},{"not_picked":["Sunder","Chaos"],"picked":"Capacitor","floor":25},{"not_picked":["Machine Learning","Steam Power+1"],"picked":"Fusion","floor":28},{"not_picked":["Chaos","Beam Cell"],"picked":"Conserve Battery","floor":30}],"player_experience":296260,"relics_obtained":[{"floor":9,"key":"Pantograph"},{"floor":26,"key":"Matryoshka"}],"event_choices":[{"damage_healed":0,"gold_gain":0,"player_choice":"Grow","damage_taken":0,"max_hp_gain":0,"max_hp_loss":0,"event_name":"Living Wall","floor":4,"gold_loss":0,"cards_upgraded":["Dualcast"]},{"damage_healed":0,"gold_gain":75,"player_choice":"Gather Gold","damage_taken":11,"max_hp_gain":0,"max_hp_loss":0,"event_name":"World of Goop","floor":10,"gold_loss":0},{"damage_healed":0,"gold_gain":0,"player_choice":"Damaged","damage_taken":8,"max_hp_gain":0,"max_hp_loss":0,"event_name":"Wheel of Change","floor":29,"gold_loss":0}],"is_beta":false,"boss_relics":[{"not_picked":["Busted Crown","Black Star"],"picked":"SacredBark"}],"items_purged_floors":[13],"is_endless":false,"potions_floor_spawned":[1,2,7,18,21,22,25,28,30],"killed_by":"Shelled Parasite and Fungi","ascension_level":0}}