{"host":"vumwfieg2b2mnrfl","time":1609545948,"event":{"mods":["AchievementEnabler","BaseMod","Minty Spire (QoL Compilation)","Rare Cards Sparkle","Relic Stats"],"gold_per_floor":[114,127,127,142,242,276,276,293,293,293,319,331,331,345,345,419,419,439,439,455,455,131,131,166,166,166,197,119,119,145,145,145,221,221,235,235,235,80,105,105,123,123,170,187,187,187,219,235,235,235,235,235,49,82,82],"floor_reached":56,"playtime":3314,"items_purged":[],"score":1871,"play_id":"14a7161d-c69e-411b-967f-b46131736d09","local_time":"20210101180548","is_ascension_mode":true,"campfire_choices":[{"floor":7.0,"key":"REST"},{"floor":10.0,"key":"REST"},{"floor":15.0,"key":"REST"},{"data":"Noxious Fumes","floor":23.0,"key":"SMITH"},{"data":"Burst","floor":25.0,"key":"SMITH"},{"data":"Well Laid Plans","floor":29.0,"key":"SMITH"},{"data":"Catalyst","floor":32.0,"key":"SMITH"},{"data":"Noxious Fumes","floor":40,"key":"SMITH"},{"data":"Leg Sweep","floor":42,"key":"SMITH"},{"floor":46,"key":"RECALL"},{"data":"Calculated Gamble","floor":49,"key":"SMITH"},{"data":"Flechettes","floor":52,"key":"SMITH"}],"circlet_count":0,"master_deck":["AscendersBane","Strike_G+1","Strike_G+1","Strike_G+1","Strike_G+1","Defend_G+1","Defend_G+1","Defend_G+1","Defend_G+1","Defend_G+1","Survivor+1","Neutralize","All Out Attack","Deflect+1","Catalyst+1","Dagger Throw","Dash","Calculated Gamble+1","Predator","Flechettes+1","Well Laid Plans+1","Burst+1","Choke","Noxious Fumes+1","Backflip+1","Leg Sweep+1","Noxious Fumes+1","Bouncing Flask+1","Predator","Footwork","Bullet Time"],"relics":["Ring of the Snake","Nunchaku","InkBottle","Incense Burner","Gambling Chip","Snecko Eye","Eternal Feather","Toy Ornithopter","Darkstone Periapt","Unceasing Top","Pantograph","Sozu","Lee\u0027s Waffle","Happy Flower","Orichalcum","Snake Skull","War Paint"],"acts_visited":["TheCity","TheBeyond","TheEnding"],"potions_floor_usage":[],"damage_taken":[{"damage":1.0,"enemies":"Small Slimes","floor":1.0,"turns":4.0},{"damage":18.0,"enemies":"Jaw Worm","floor":2.0,"turns":6.0},{"damage":0.0,"enemies":"Cultist","floor":4.0,"turns":3.0},{"damage":24.0,"enemies":"3 Sentries","floor":6.0,"turns":10.0},{"damage":0.0,"enemies":"3 Louse","floor":8.0,"turns":3.0},{"damage":22.0,"enemies":"Gremlin Nob","floor":11.0,"turns":5.0},{"damage":0.0,"enemies":"Looter","floor":12.0,"turns":2.0},{"damage":12.0,"enemies":"Blue Slaver","floor":14.0,"turns":8.0},{"damage":29.0,"enemies":"Slime Boss","floor":16.0,"turns":12.0},{"damage":0.0,"enemies":"Shell Parasite","floor":18.0,"turns":6.0},{"damage":0.0,"enemies":"Chosen","floor":20.0,"turns":3.0},{"damage":7.0,"enemies":"Slavers","floor":24.0,"turns":5.0},{"damage":13.0,"enemies":"Gremlin Leader","floor":27.0,"turns":7.0},{"damage":22.0,"enemies":"Book of Stabbing","floor":30.0,"turns":7.0},{"damage":59.0,"enemies":"Automaton","floor":33.0,"turns":9.0},{"damage":7.0,"enemies":"3 Shapes","floor":35.0,"turns":5.0},{"damage":0,"enemies":"Orb Walker","floor":41,"turns":2},{"damage":0,"enemies":"Jaw Worm Horde","floor":44,"turns":3},{"damage":5,"enemies":"Nemesis","floor":47,"turns":5},{"damage":0,"enemies":"Maw","floor":48,"turns":3},{"damage":51,"enemies":"Donu and Deca","floor":50,"turns":11},{"damage":31,"enemies":"Shield and Spear","floor":54,"turns":7},{"damage":68,"enemies":"The Heart","floor":55,"turns":11}],"seed_played":"-4732323417571900429","potions_obtained":[{"floor":2.0,"key":"Fire Potion"},{"floor":8.0,"key":"Fruit Juice"},{"floor":11.0,"key":"Swift Potion"},{"floor":12.0,"key":"FairyPotion"},{"floor":16.0,"key":"Fire Potion"},{"floor":27.0,"key":"Dexterity Potion"}],"is_trial":false,"path_per_floor":["M","M","?","M","?","E","R","M","T","R","E","M","?","M","R","B",null,"M","?","M","?","$","R","E","R","T","E","$","R","E","?","R","B",null,"M","?","?","$","T","R","M","R","T","M","?","R","E","M","R","B",null,"R","$","E","B",null],"character_chosen":"THE_SILENT","items_purchased":["Eternal Feather","Noxious Fumes","Leg Sweep","Lee\u0027s Waffle","Footwork","Snake Skull"],"campfire_rested":3,"item_purchase_floors":[22,22,28,38,53,53],"current_hp_per_floor":[58,40,27,27,27,3,22,27,27,48,26,26,26,14,35,6,55,55,55,55,55,55,67,60,71,71,58,58,71,49,49,64,12,56,49,49,49,78,78,78,78,78,78,78,78,78,73,73,78,27,65,78,78,47,4],"gold":82,"neow_bonus":"RANDOM_COMMON_RELIC","is_daily":false,"chose_seed":false,"campfire_upgraded":8,"win_rate":0.0,"timestamp":1609545948,"path_taken":["M","M","?","M","?","E","R","?","T","R","E","M","?","M","R","BOSS","M","?","M","?","$","R","E","R","T","E","$","R","E","?","R","BOSS","M","?","?","$","?","R","M","R","T","M","?","R","E","?","R","BOSS","R","$","E","BOSS"],"items_purchased_type":["Relic","Card","Card","Relic","Card","Relic"],"build_version":"2020-12-22","purchased_purges":0,"victory":true,"max_hp_per_floor":[66,66,66,66,66,66,66,71,71,71,71,71,71,71,71,71,71,71,71,71,71,71,71,71,71,71,71,71,71,71,71,71,71,71,71,71,71,78,78,78,78,78,78,78,78,78,78,78,78,78,78,78,78,78,78],"relic_stats":{"Darkstone Periapt":0,"Lee\u0027s Waffle":29,"Happy Flower":[14],"counters":[23,137],"Eternal Feather":69,"Snake Skull":[32],"Orichalcum":[48],"War Paint":["Survivor","Backflip"],"Sozu":2,"Nunchaku":[26],"Gambling Chip":[93],"Pantograph":32,"Snecko Eye":[196,221,201,204],"obtain_stats":[{"Darkstone Periapt":26,"Lee\u0027s Waffle":38,"Happy Flower":39,"Eternal Feather":22,"Snake Skull":53,"Incense Burner":9,"Orichalcum":47,"War Paint":54,"Sozu":34,"Nunchaku":0,"Gambling Chip":11,"Pantograph":30,"Snecko Eye":17,"InkBottle":6,"Toy Ornithopter":24,"Unceasing Top":27,"Ring of the Snake":0},{"Darkstone Periapt":12,"Lee\u0027s Waffle":16,"Happy Flower":16,"Eternal Feather":11,"Snake Skull":21,"Incense Burner":5,"Orichalcum":19,"War Paint":22,"Sozu":15,"Nunchaku":0,"Gambling Chip":6,"Pantograph":14,"Snecko Eye":9,"InkBottle":4,"Toy Ornithopter":12,"Unceasing Top":13,"Ring of the Snake":0},{"Darkstone Periapt":67,"Lee\u0027s Waffle":95,"Happy Flower":95,"Eternal Feather":62,"Snake Skull":119,"Incense Burner":26,"Orichalcum":105,"War Paint":126,"Sozu":90,"Nunchaku":0,"Gambling Chip":31,"Pantograph":81,"Snecko Eye":53,"InkBottle":23,"Toy Ornithopter":67,"Unceasing Top":74,"Ring of the Snake":0}],"InkBottle":[44],"Toy Ornithopter":0,"Unceasing Top":[3],"Ring of the Snake":[46]},"card_choices":[{"not_picked":["Prepared","PiercingWail"],"picked":"All Out Attack","floor":1.0},{"not_picked":["Dodge and Roll","Eviscerate"],"picked":"Deflect","floor":2.0},{"not_picked":["Dodge and Roll","Deadly Poison"],"picked":"Catalyst","floor":4.0},{"not_picked":["Slice","Calculated Gamble"],"picked":"Dagger Throw","floor":6.0},{"not_picked":["Deadly Poison","Bane"],"picked":"Dash","floor":8.0},{"not_picked":["Riddle With Holes","Choke"],"picked":"Calculated Gamble","floor":11.0},{"not_picked":["Expertise","Slice"],"picked":"Predator","floor":12.0},{"not_picked":["Quick Slash","Reflex"],"picked":"Well Laid Plans","floor":14.0},{"not_picked":["Adrenaline","Bullet Time"],"picked":"Burst","floor":16.0},{"not_picked":["Blur","Accuracy","Deadly Poison"],"picked":"SKIP","floor":18.0},{"not_picked":["Dagger Throw","Outmaneuver"],"picked":"Choke","floor":20.0},{"not_picked":["Flying Knee","Adrenaline","Endless Agony"],"picked":"SKIP","floor":24.0},{"not_picked":["Flying Knee","Distraction"],"picked":"Backflip","floor":27.0},{"not_picked":["Blade Dance+1","Slice"],"picked":"Noxious Fumes","floor":30.0},{"not_picked":["Slice","Predator"],"picked":"Bouncing Flask+1","floor":35.0},{"not_picked":["Well Laid Plans+1","Catalyst","Backflip"],"picked":"SKIP","floor":41},{"not_picked":["Dodge and Roll","Endless Agony+1","Backflip"],"picked":"SKIP","floor":44},{"not_picked":["Slice","Accuracy+1","Deflect"],"picked":"SKIP","floor":47},{"not_picked":["Bane","PiercingWail"],"picked":"Predator","floor":48},{"not_picked":["Blade Dance","Dodge and Roll+1"],"picked":"Bullet Time","floor":54}],"player_experience":339462,"relics_obtained":[{"floor":6.0,"key":"InkBottle"},{"floor":9.0,"key":"Incense Burner"},{"floor":11.0,"key":"Gambling Chip"},{"floor":24.0,"key":"Toy Ornithopter"},{"floor":26.0,"key":"Darkstone Periapt"},{"floor":27.0,"key":"Unceasing Top"},{"floor":30.0,"key":"Pantograph"},{"floor":39,"key":"Happy Flower"},{"floor":47,"key":"Orichalcum"},{"floor":54,"key":"War Paint"}],"event_choices":[{"damage_healed":0.0,"max_hp_gain":0.0,"max_hp_loss":0.0,"gold_gain":0.0,"event_name":"Shining Light","player_choice":"Entered Light","floor":3.0,"gold_loss":0.0,"damage_taken":13.0,"cards_upgraded":["Deflect","Strike_G"]},{"damage_healed":0.0,"max_hp_gain":0.0,"max_hp_loss":0.0,"gold_gain":100.0,"event_name":"Golden Shrine","player_choice":"Pray","floor":5.0,"gold_loss":0.0,"damage_taken":0.0},{"damage_healed":0.0,"max_hp_gain":0.0,"max_hp_loss":0.0,"gold_gain":0.0,"cards_transformed":["Strike_G"],"event_name":"Living Wall","player_choice":"Change","floor":13.0,"gold_loss":0.0,"damage_taken":0.0,"cards_obtained":["Flechettes"]},{"damage_healed":0.0,"max_hp_gain":0.0,"max_hp_loss":0.0,"gold_gain":0.0,"event_name":"Back to Basics","player_choice":"Simplicity","floor":19.0,"gold_loss":0.0,"damage_taken":0.0,"cards_upgraded":["Strike_G","Strike_G","Strike_G","Defend_G","Defend_G","Defend_G","Defend_G","Defend_G"]},{"damage_healed":0.0,"max_hp_gain":0.0,"max_hp_loss":0.0,"gold_gain":0.0,"event_name":"Beggar","player_choice":"Ignored","floor":21.0,"gold_loss":0.0,"damage_taken":0.0},{"damage_healed":0.0,"max_hp_gain":0.0,"max_hp_loss":0.0,"gold_gain":0.0,"event_name":"Cursed Tome","player_choice":"Ignored","floor":31.0,"gold_loss":0.0,"damage_taken":0.0},{"damage_healed":0,"gold_gain":0,"player_choice":"Ignored","damage_taken":0,"max_hp_gain":0,"max_hp_loss":0,"event_name":"Mysterious Sphere","floor":36,"gold_loss":0},{"damage_healed":0,"gold_gain":0,"player_choice":"Ignored","damage_taken":0,"max_hp_gain":0,"max_hp_loss":0,"event_name":"Tomb of Lord Red Mask","floor":37,"gold_loss":0},{"damage_healed":0,"gold_gain":0,"player_choice":"Memory 1","damage_taken":0,"max_hp_gain":0,"max_hp_loss":0,"event_name":"SensoryStone","floor":45,"gold_loss":0}],"is_beta":false,"boss_relics":[{"not_picked":["Tiny House","Ring of the Serpent"],"picked":"Snecko Eye"},{"not_picked":["Black Star","Empty Cage"],"picked":"Sozu"}],"items_purged_floors":[],"is_endless":false,"potions_floor_spawned":[2,8,11,12,16,18,27,44,48],"ascension_level":14}}