{"host":"0cgp910o8339lr91","time":1609556516,"event":{"mods":["BaseMod","Block Reminder","Colored Map","Colored Powertips","Filter the Spire","Minty Spire (QoL Compilation)","Relic Stats","Slay-I","ojb\u0027s Better Paths Mod","ojb\u0027s Info Mod"],"gold_per_floor":[109,109,173,223,243,278,295,329,383,409,425,445,460,472,472,547,547,565,172,582,594,608,634,654,704,704,723,751,691,709,737,737,808,808,826,930,980,797,873,906,906,935,935,970,1020,547,565,915,915,915,915,915,915,4,31,31],"floor_reached":57,"playtime":5610,"items_purged":["Strike_P","Vigilance","Defend_P"],"score":3344,"play_id":"ee5ad48b-de39-47e7-b251-da17e106dfa0","local_time":"20210102040156","is_ascension_mode":true,"campfire_choices":[{"data":"Scrawl","floor":15.0,"key":"SMITH"},{"data":"Vault","floor":32.0,"key":"SMITH"},{"data":"Scrawl","floor":41.0,"key":"SMITH"},{"floor":49.0,"key":"RECALL"},{"data":"DeceiveReality","floor":53.0,"key":"SMITH"}],"circlet_count":0,"master_deck":["AscendersBane","DeusExMachina+1","Alpha+1","DeceiveReality","Scrawl+1","DeceiveReality+1","Scrawl+1","Establishment+1","Ghostly+1","Ghostly+1","Ghostly","Protect+1","Vault+1","Master of Strategy","Impatience"],"relics":["Astrolabe","SsserpentHead","The Courier","Meat on the Bone","Juzu Bracelet","Bag of Preparation","Black Star","Anchor","Letter Opener","Potion Belt","MealTicket","White Beast Statue","Smiling Mask","Tiny Chest","HornCleat","Incense Burner","Empty Cage","Calipers","ClockworkSouvenir","War Paint","Frozen Egg 2","StoneCalendar","Yang","Singing Bowl","Boot","Eternal Feather","Sundial","Oddly Smooth Stone","Mercury Hourglass","Mummified Hand","Happy Flower","Toy Ornithopter","Pantograph","Bottled Lightning"],"acts_visited":["Exordium","TheCity","TheBeyond","TheEnding"],"potions_floor_usage":[56,56,56],"damage_taken":[{"damage":6.0,"enemies":"2 Louse","floor":1.0,"turns":2.0},{"damage":0.0,"enemies":"Cultist","floor":3.0,"turns":3.0},{"damage":8.0,"enemies":"Small Slimes","floor":5.0,"turns":3.0},{"damage":9.0,"enemies":"Gremlin Nob","floor":6.0,"turns":3.0},{"damage":13.0,"enemies":"Exordium Thugs","floor":7.0,"turns":2.0},{"damage":12.0,"enemies":"3 Sentries","floor":8.0,"turns":5.0},{"damage":0.0,"enemies":"Lagavulin","floor":10.0,"turns":4.0},{"damage":1.0,"enemies":"2 Fungi Beasts","floor":11.0,"turns":3.0},{"damage":10.0,"enemies":"Exordium Wildlife","floor":12.0,"turns":3.0},{"damage":0.0,"enemies":"Red Slaver","floor":13.0,"turns":3.0},{"damage":0.0,"enemies":"Blue Slaver","floor":14.0,"turns":3.0},{"damage":8.0,"enemies":"Hexaghost","floor":16.0,"turns":7.0},{"damage":33.0,"enemies":"2 Thieves","floor":18.0,"turns":4.0},{"damage":0.0,"enemies":"3 Byrds","floor":21.0,"turns":4.0},{"damage":0.0,"enemies":"Snecko","floor":22.0,"turns":6.0},{"damage":11.0,"enemies":"Slavers","floor":23.0,"turns":3.0},{"damage":0.0,"enemies":"Snake Plant","floor":24.0,"turns":2.0},{"damage":0.0,"enemies":"3 Cultists","floor":27.0,"turns":4.0},{"damage":4.0,"enemies":"Gremlin Leader","floor":28.0,"turns":5.0},{"damage":0.0,"enemies":"Centurion and Healer","floor":30.0,"turns":5.0},{"damage":0.0,"enemies":"Slavers","floor":31.0,"turns":5.0},{"damage":1.0,"enemies":"Collector","floor":33.0,"turns":9.0},{"damage":0.0,"enemies":"3 Darklings","floor":35.0,"turns":4.0},{"damage":0.0,"enemies":"2 Orb Walkers","floor":36.0,"turns":4.0},{"damage":0.0,"enemies":"Giant Head","floor":40.0,"turns":11.0},{"damage":0.0,"enemies":"Reptomancer","floor":42.0,"turns":6.0},{"damage":0.0,"enemies":"Nemesis","floor":44.0,"turns":8.0},{"damage":0.0,"enemies":"Orb Walker","floor":47.0,"turns":3.0},{"damage":2.0,"enemies":"Donu and Deca","floor":50.0,"turns":7.0},{"damage":0.0,"enemies":"Awakened One","floor":51.0,"turns":15.0},{"damage":0.0,"enemies":"Shield and Spear","floor":55.0,"turns":5.0},{"damage":0,"enemies":"The Heart","floor":56,"turns":13}],"seed_played":"-5195774690945936390","potions_obtained":[{"floor":5.0,"key":"SneckoOil"},{"floor":8.0,"key":"SpeedPotion"},{"floor":10.0,"key":"SkillPotion"},{"floor":14.0,"key":"PowerPotion"},{"floor":23.0,"key":"PowerPotion"},{"floor":27.0,"key":"PowerPotion"},{"floor":28.0,"key":"EssenceOfSteel"},{"floor":30.0,"key":"DistilledChaos"},{"floor":33.0,"key":"Explosive Potion"},{"floor":36.0,"key":"Strength Potion"},{"floor":40.0,"key":"CultistPotion"},{"floor":42.0,"key":"BottledMiracle"},{"floor":55.0,"key":"LiquidMemories"}],"is_trial":false,"path_per_floor":["M","?","M","?","M","E","M","E","T","E","M","M","M","M","R","B",null,"M","$","?","M","M","E","M","?","T","M","E","?","M","E","R","B",null,"M","?","?","$","T","E","R","E","T","E","?","$","M","?","R","B","B",null,"R","$","E","B",null],"character_chosen":"WATCHER","items_purchased":["Anchor","Letter Opener","ClockworkSouvenir","Sundial","Oddly Smooth Stone","FairyPotion","Master of Strategy","Impatience","Mercury Hourglass","Mummified Hand","Happy Flower","Toy Ornithopter"],"campfire_rested":0,"item_purchase_floors":[19,19,38,46,46,46,54,54,54,54,54,54],"current_hp_per_floor":[55,55,55,55,47,38,25,13,13,25,36,38,38,38,38,42,62,41,41,5,17,29,30,42,34,34,34,30,30,30,30,30,29,33,33,33,33,34,34,34,34,36,36,38,38,38,40,40,40,38,38,40,40,40,42,42],"gold":31,"neow_bonus":"BOSS_RELIC","is_daily":false,"chose_seed":false,"campfire_upgraded":4,"win_rate":0.0,"timestamp":1609556516,"path_taken":["M","?","?","?","M","E","M","E","T","E","M","M","M","M","R","BOSS","M","$","?","M","M","E","M","?","T","M","E","?","M","E","R","BOSS","M","?","?","$","?","E","R","E","T","E","?","$","M","?","R","BOSS","BOSS","R","$","E","BOSS"],"items_purchased_type":["Relic","Relic","Relic","Relic","Relic","Potion","Card","Card","Relic","Relic","Relic","Relic"],"build_version":"2020-12-22","purchased_purges":3,"victory":true,"max_hp_per_floor":[68,68,68,68,68,68,68,68,68,68,68,68,68,68,68,68,68,68,68,68,68,68,68,68,34,34,34,34,34,34,34,34,34,34,34,34,34,34,34,34,34,36,36,38,38,38,40,40,40,40,40,40,40,40,42,42],"relic_stats":{"Singing Bowl":8,"Happy Flower":[6],"counters":[32,164],"Astrolabe":["DeusExMachina","SignatureMove","Alpha"],"StoneCalendar":[207],"Yang":[0],"Eternal Feather":0,"Juzu Bracelet":3,"Bag of Preparation":[64],"Letter Opener":[866],"War Paint":["Ghostly","Ghostly"],"Smiling Mask":80,"Boot":[0],"Mercury Hourglass":[60],"SsserpentHead":500,"Sundial":[38],"Mummified Hand":[8],"Pantograph":0,"MealTicket":1,"Tiny Chest":1,"Black Star":7,"obtain_stats":[{"Calipers":36,"Singing Bowl":42,"StoneCalendar":40,"Yang":42,"Juzu Bracelet":9,"Bag of Preparation":10,"Incense Burner":31,"Smiling Mask":28,"Empty Cage":34,"Boot":44,"ClockworkSouvenir":38,"SsserpentHead":2,"HornCleat":31,"Sundial":46,"Mummified Hand":54,"Pantograph":55,"MealTicket":23,"Tiny Chest":28,"Potion Belt":23,"Happy Flower":54,"Astrolabe":0,"Oddly Smooth Stone":46,"Eternal Feather":44,"The Courier":6,"Letter Opener":19,"War Paint":39,"Frozen Egg 2":40,"White Beast Statue":26,"Mercury Hourglass":54,"Anchor":19,"Black Star":17,"Bottled Lightning":55,"PureWater":0,"Toy Ornithopter":54,"Meat on the Bone":8},{"Calipers":24,"Singing Bowl":26,"StoneCalendar":25,"Yang":26,"Juzu Bracelet":6,"Bag of Preparation":7,"Incense Burner":21,"Smiling Mask":19,"Empty Cage":22,"Boot":27,"ClockworkSouvenir":24,"SsserpentHead":1,"HornCleat":21,"Sundial":27,"Mummified Hand":30,"Pantograph":31,"MealTicket":16,"Tiny Chest":19,"Potion Belt":16,"Happy Flower":30,"Astrolabe":0,"Oddly Smooth Stone":27,"Eternal Feather":27,"The Courier":4,"Letter Opener":13,"War Paint":24,"Frozen Egg 2":25,"White Beast Statue":17,"Mercury Hourglass":30,"Anchor":13,"Black Star":12,"Bottled Lightning":31,"PureWater":0,"Toy Ornithopter":30,"Meat on the Bone":6},{"Calipers":96,"Singing Bowl":113,"StoneCalendar":107,"Yang":113,"Juzu Bracelet":18,"Bag of Preparation":22,"Incense Burner":79,"Smiling Mask":69,"Empty Cage":88,"Boot":121,"ClockworkSouvenir":96,"SsserpentHead":2,"HornCleat":79,"Sundial":121,"Mummified Hand":146,"Pantograph":151,"MealTicket":58,"Tiny Chest":69,"Potion Belt":58,"Happy Flower":146,"Astrolabe":0,"Oddly Smooth Stone":121,"Eternal Feather":121,"The Courier":11,"Letter Opener":45,"War Paint":96,"Frozen Egg 2":107,"White Beast Statue":60,"Mercury Hourglass":146,"Anchor":45,"Black Star":41,"Bottled Lightning":151,"PureWater":0,"Toy Ornithopter":146,"Meat on the Bone":18}],"Toy Ornithopter":0,"Meat on the Bone":108},"card_choices":[{"not_picked":["Crescendo","SignatureMove","SashWhip"],"picked":"SKIP","floor":1.0},{"not_picked":["Conclude","EmptyFist"],"picked":"DeceiveReality","floor":3.0},{"not_picked":["Fasting2","ThirdEye","FlyingSleeves"],"picked":"SKIP","floor":5.0},{"not_picked":["Perseverance","EmptyBody","ClearTheMind"],"picked":"SKIP","floor":6.0},{"not_picked":["MentalFortress","Consecrate"],"picked":"Scrawl","floor":7.0},{"not_picked":["CrushJoints","SandsOfTime","SashWhip"],"picked":"SKIP","floor":8.0},{"not_picked":["WaveOfTheHand","Adaptation","PathToVictory"],"picked":"SKIP","floor":10.0},{"not_picked":["Fasting2","Tantrum","JustLucky"],"picked":"SKIP","floor":11.0},{"not_picked":["PathToVictory","InnerPeace","EmptyFist"],"picked":"SKIP","floor":12.0},{"not_picked":["FearNoEvil","Crescendo"],"picked":"DeceiveReality","floor":13.0},{"not_picked":["BattleHymn","JustLucky","FollowUp"],"picked":"SKIP","floor":14.0},{"not_picked":["Omniscience","ConjureBlade"],"picked":"Scrawl","floor":16.0},{"not_picked":["ClearTheMind","Collect","SignatureMove+1"],"picked":"SKIP","floor":18.0},{"not_picked":["BowlingBash","Nirvana","JustLucky"],"picked":"SKIP","floor":21.0},{"not_picked":["CutThroughFate","CrushJoints","Tantrum"],"picked":"SKIP","floor":22.0},{"not_picked":["CrushJoints","DeceiveReality","EmptyBody"],"picked":"SKIP","floor":23.0},{"not_picked":["Pray","BowlingBash+1"],"picked":"Establishment","floor":24.0},{"not_picked":["CrushJoints+1","BattleHymn","ClearTheMind"],"picked":"SKIP","floor":27.0},{"not_picked":["EmptyMind","DevaForm","Wireheading"],"picked":"SKIP","floor":28.0},{"not_picked":["MentalFortress","FollowUp"],"picked":"Protect+1","floor":30.0},{"not_picked":["CutThroughFate+1","SandsOfTime"],"picked":"Vault","floor":31.0},{"not_picked":["Prostrate","WreathOfFlame","JustLucky"],"picked":"SKIP","floor":35.0},{"not_picked":["Weave","PathToVictory+1","FlyingSleeves"],"picked":"SKIP","floor":40.0},{"not_picked":["WindmillStrike","EmptyBody","Vengeance"],"picked":"Singing Bowl","floor":42.0},{"not_picked":["EmptyFist","DevaForm+1","Protect+1"],"picked":"Singing Bowl","floor":44.0},{"not_picked":["Conclude","EmptyMind","CrushJoints"],"picked":"Singing Bowl","floor":47.0},{"not_picked":["Halt+1","JustLucky","FlyingSleeves"],"picked":"Singing Bowl","floor":55.0}],"player_experience":1344992,"relics_obtained":[{"floor":6.0,"key":"The Courier"},{"floor":8.0,"key":"Meat on the Bone"},{"floor":9.0,"key":"Juzu Bracelet"},{"floor":10.0,"key":"Bag of Preparation"},{"floor":23.0,"key":"Potion Belt"},{"floor":23.0,"key":"MealTicket"},{"floor":26.0,"key":"White Beast Statue"},{"floor":28.0,"key":"Smiling Mask"},{"floor":28.0,"key":"Tiny Chest"},{"floor":31.0,"key":"HornCleat"},{"floor":31.0,"key":"Incense Burner"},{"floor":36.0,"key":"Calipers"},{"floor":39.0,"key":"War Paint"},{"floor":40.0,"key":"Frozen Egg 2"},{"floor":40.0,"key":"StoneCalendar"},{"floor":42.0,"key":"Yang"},{"floor":42.0,"key":"Singing Bowl"},{"floor":44.0,"key":"Boot"},{"floor":44.0,"key":"Eternal Feather"},{"floor":55.0,"key":"Pantograph"},{"floor":55.0,"key":"Bottled Lightning"}],"event_choices":[{"damage_healed":0.0,"max_hp_gain":0.0,"max_hp_loss":0.0,"gold_gain":0.0,"event_name":"FaceTrader","player_choice":"Trade","floor":2.0,"gold_loss":0.0,"damage_taken":0.0,"relics_obtained":["SsserpentHead"]},{"cards_removed":["Strike_P"],"damage_healed":0.0,"max_hp_gain":0.0,"max_hp_loss":0.0,"gold_gain":0.0,"event_name":"Bonfire Elementals","player_choice":"Offered Basic","floor":4.0,"gold_loss":0.0,"damage_taken":0.0},{"damage_healed":0.0,"max_hp_gain":0.0,"max_hp_loss":0.0,"gold_gain":360.0,"event_name":"Knowing Skull","player_choice":"GOLD GOLD GOLD GOLD ","floor":20.0,"potions_obtained":[],"gold_loss":0.0,"damage_taken":36.0,"cards_obtained":[]},{"damage_healed":0.0,"max_hp_gain":0.0,"max_hp_loss":34.0,"gold_gain":0.0,"event_name":"Ghosts","player_choice":"Became a Ghost","floor":25.0,"gold_loss":0.0,"damage_taken":0.0,"cards_obtained":["Ghostly","Ghostly","Ghostly"]},{"cards_removed":["Strike_P"],"damage_healed":0.0,"max_hp_gain":0.0,"max_hp_loss":0.0,"gold_gain":0.0,"event_name":"Designer","player_choice":"Upgrade and Remove","floor":29.0,"gold_loss":110.0,"damage_taken":0.0,"cards_upgraded":["Establishment"]},{"damage_healed":0.0,"max_hp_gain":0.0,"max_hp_loss":0.0,"gold_gain":0.0,"event_name":"Mysterious Sphere","player_choice":"Fight","floor":36.0,"gold_loss":0.0,"damage_taken":0.0},{"cards_removed":["SignatureMove"],"damage_healed":0.0,"max_hp_gain":0.0,"max_hp_loss":0.0,"gold_gain":0.0,"event_name":"Falling","player_choice":"Removed Attack","floor":37.0,"gold_loss":0.0,"damage_taken":0.0},{"damage_healed":0.0,"max_hp_gain":0.0,"max_hp_loss":0.0,"gold_gain":0.0,"event_name":"Tomb of Lord Red Mask","player_choice":"Ignored","floor":45.0,"gold_loss":0.0,"damage_taken":0.0},{"damage_healed":0.0,"max_hp_gain":0.0,"max_hp_loss":0.0,"gold_gain":300.0,"event_name":"Wheel of Change","player_choice":"Gold","floor":48.0,"gold_loss":0.0,"damage_taken":0.0}],"is_beta":false,"boss_relics":[{"not_picked":["Sozu","Velvet Choker"],"picked":"Black Star"},{"not_picked":["Runic Pyramid","Fusion Hammer"],"picked":"Empty Cage"}],"items_purged_floors":[19,38,46],"is_endless":false,"potions_floor_spawned":[5,8,10,14,22,23,27,28,30,33,35,36,40,42,44,47,55],"ascension_level":20}}