{"host":"7bzprrpqr2usgpra","time":1609590879,"event":{"mods":["ATMod(°¢èªMod)","BaseMod","BetterRewards","Dota2Spire","HololiveMod","Infinite Spire","Lobotomy","Minty Spire (QoL Compilation)","MostiFishMod","Quick Restart","Spicy Shops","StSLib","TestMod","TheWitcher","[IsaacMod]ÒÔÈö¼âËþ","¡¾ÒÅÎï¿¨ÅÆ¡¿REMEMod"],"gold_per_floor":[119,203,219,54,329,355,93,93,145,156,156,156,156,197,197,298,298,298,298],"floor_reached":18,"playtime":658,"items_purged":[],"score":334,"play_id":"85a92120-1f54-4d37-8795-4552259f3a6d","local_time":"20210102203439","is_ascension_mode":true,"campfire_choices":[{"floor":8,"key":"REST"},{"data":"Metamorphosis","floor":11,"key":"SMITH"},{"floor":13,"key":"REST"},{"data":"AT_FamilyPortrait","floor":15,"key":"SMITH"}],"circlet_count":0,"master_deck":["AscendersBane","Strike_G","Strike_G","Strike_G","Strike_G","Strike_G","Defend_G","Defend_G","Defend_G","Defend_G","Defend_G","Survivor","Neutralize","AT_FamilyPortrait+1","AT_TwilightShroud","AT_ArcaneSupremacy","Metamorphosis+1","Regret","MostiFishMod:VineMother","REME_BodyOfCthun","Noxious Fumes","MostiFishMod:AdrenalineArouse","REME_CopyPotion"],"relics":["Ring of the Snake","testmod-TestBox","HushsDoor","AT_ATBox","REME_ComplimentaryCards","DaveBox","Dota2Spire:UrnOfShadows","ArrowTower","MoneyPower","testmod-InjuryResistance","SynthV:TestCard","infinitespire:ShieldingShard","Golden Idol","Tiny Chest","testmod-DeterminationOfClimber"],"acts_visited":["Exordium","TheCity"],"potions_floor_usage":[],"damage_taken":[{"damage":0,"enemies":"Cultist","floor":1,"turns":3},{"damage":0,"enemies":"Jaw Worm","floor":3,"turns":4},{"damage":12,"enemies":"Lagavulin","floor":6,"turns":6},{"damage":3,"enemies":"2 Louse","floor":10,"turns":3},{"damage":10,"enemies":"3 Sentries","floor":14,"turns":4},{"damage":46,"enemies":"The Guardian","floor":16,"turns":7},{"damage":0,"enemies":"Chosen","floor":18,"turns":1}],"seed_played":"-2289939880285668974","potions_obtained":[{"floor":14,"key":"LiquidBronze"},{"floor":16,"key":"CultistPotion"}],"is_trial":false,"path_per_floor":["M","?","M","$","?","E","$","R","T","M","R","?","R","E","R","B",null,"M"],"character_chosen":"THE_SILENT","items_purchased":["Metamorphosis","REME_BodyOfCthun"],"campfire_rested":2,"item_purchase_floors":[4,7],"current_hp_per_floor":[59,44,44,44,44,38,38,57,57,54,54,32,51,44,44,10,52,52,52],"gold":298,"neow_bonus":"RANDOM_COMMON_RELIC","is_daily":false,"chose_seed":false,"campfire_upgraded":2,"win_rate":0.0,"timestamp":1609590879,"path_taken":["M","?","M","$","?","E","?","R","T","?","R","?","R","E","R","BOSS","M"],"items_purchased_type":["Card","Card"],"build_version":"2020-12-22","purchased_purges":0,"victory":false,"max_hp_per_floor":[66,66,66,66,66,66,66,66,66,66,66,66,66,66,66,66,66,66,66],"card_choices":[{"not_picked":["Bomb","Eviscerate"],"picked":"AT_TwilightShroud","floor":1},{"not_picked":["Outmaneuver","AT_WindFlip","Bane","Blade Dance"],"picked":"AT_ArcaneSupremacy","floor":3},{"not_picked":["MostiFishMod:FullyArmed","Deadly Poison","Dagger Throw","Quick Slash"],"picked":"MostiFishMod:VineMother","floor":6},{"not_picked":["Acrobatics","Sucker Punch","AT_WindFlip","Backflip"],"picked":"Noxious Fumes","floor":10},{"not_picked":["Backstab","Masterful Stab","Dodge and Roll","Footwork"],"picked":"MostiFishMod:AdrenalineArouse","floor":14},{"not_picked":["Corpse Explosion","Malaise","AT_KingSlayer","REME_GrazeFinale"],"picked":"REME_CopyPotion","floor":16}],"player_experience":231219,"relics_obtained":[{"floor":1,"key":"SynthV:TestCard"},{"floor":6,"key":"infinitespire:ShieldingShard"},{"floor":14,"key":"Tiny Chest"}],"event_choices":[{"damage_healed":0,"gold_gain":275,"player_choice":"Desecrate","damage_taken":0,"max_hp_gain":0,"max_hp_loss":0,"event_name":"Golden Shrine","floor":5,"gold_loss":0,"cards_obtained":["Regret"]},{"damage_healed":0,"gold_gain":0,"player_choice":"Take Damage","damage_taken":23,"relics_obtained":["Golden Idol"],"max_hp_gain":0,"max_hp_loss":0,"event_name":"Golden Idol","floor":12,"gold_loss":0}],"is_beta":false,"boss_relics":[{"not_picked":["REME_DuelDisc","Tiny House"],"picked":"testmod-DeterminationOfClimber"},{"not_picked":[]}],"items_purged_floors":[],"is_endless":false,"potions_floor_spawned":[14,16],"killed_by":"Chosen","ascension_level":15}}