{"host":"ixqzyafodex1tsi5","time":1609566148,"event":{"mods":["ATMod(°¢èªMod)","AchievementEnabler","Act Like it!","BaseMod","Gensokyo","GifTheSpireLib","Lobotomy","LobotomyExtend","Minty Spire (QoL Compilation)","Relic Stats","Replay The Spire","RumiaBox-Â¶Ã×æ«µÄÉñÃØºÐ×Ó","Spicy Shops","StSLib","The Cursed","[IsaacMod]ÒÔÈö¼âËþ","¡¾¹¦ÄÜMod¡¿»ìãçÖ®»·ÐÞ¸´²¹¶¡","¡¾ÒÅÎï¿¨ÅÆ¡¿REMEMod"],"gold_per_floor":[378,378,75,75,91,132,132,132,132],"floor_reached":8,"playtime":236,"items_purged":[],"score":62,"play_id":"5a649f3d-5596-4024-91c5-616b5c0123f2","local_time":"20210102134228","is_ascension_mode":true,"campfire_choices":[],"circlet_count":0,"master_deck":["SpecialBullet","SpecialBullet","SpecialBullet","SpecialBullet","SpecialBullet","SpecialBullet","SpecialBullet","SpecialBullet","AT_ChampionStep","Fiend Fire","ExtractionCode","SecurityCode","InformationCode","DoctorFetus","CrumblingArmor","ShedSkin","RedShoes"],"relics":["CogitoBucket","RabbitCall","REME_ComplimentaryCards","HushsDoor","AT_ATBox","PillsDrop","LetterFromLob","Golden Idol","Tiny Chest","TheBean","Quantum Egg","Snack Pack"],"acts_visited":["Exordium"],"potions_floor_usage":[],"damage_taken":[{"damage":8,"enemies":"2 Louse","floor":1,"turns":2},{"damage":12,"enemies":"Jaw Worm","floor":5,"turns":2},{"damage":23,"enemies":"Lagavulin","floor":6,"turns":4},{"damage":26,"enemies":"Gremlin Nob","floor":8,"turns":3}],"seed_played":"-5503402372710406629","potions_obtained":[],"is_trial":false,"path_per_floor":["M","?","$","?","M","E","R","E"],"character_chosen":"Angela","items_purchased":["Tiny Chest","TheBean"],"campfire_rested":0,"item_purchase_floors":[3,3],"current_hp_per_floor":[70,53,53,41,37,17,17,0,0],"gold":132,"neow_bonus":"HUNDRED_GOLD","is_daily":false,"chose_seed":false,"campfire_upgraded":0,"win_rate":0.0,"timestamp":1609566148,"path_taken":["M","?","$","?","M","E","R","E"],"items_purchased_type":["Relic","Relic"],"build_version":"2020-12-22","purchased_purges":0,"victory":false,"max_hp_per_floor":[70,70,70,70,70,73,73,73,73],"relic_stats":{"counters":[4,11],"Golden Idol":11,"Tiny Chest":0,"obtain_stats":[{"KeepersGift":0,"RabbitCall":0,"AT_ATBox":0,"Golden Idol":2,"Quantum Egg":4,"CogitoBucket":0,"TheBean":3,"PillsDrop":0,"Tiny Chest":3,"LetterFromLob":1,"Snack Pack":6,"HushsDoor":0,"REME_ComplimentaryCards":0},{"KeepersGift":0,"RabbitCall":0,"AT_ATBox":0,"Golden Idol":1,"Quantum Egg":1,"CogitoBucket":0,"TheBean":1,"PillsDrop":0,"Tiny Chest":1,"LetterFromLob":1,"Snack Pack":3,"HushsDoor":0,"REME_ComplimentaryCards":0},{"KeepersGift":0,"RabbitCall":0,"AT_ATBox":0,"Golden Idol":2,"Quantum Egg":2,"CogitoBucket":0,"TheBean":2,"PillsDrop":0,"Tiny Chest":2,"LetterFromLob":2,"Snack Pack":8,"HushsDoor":0,"REME_ComplimentaryCards":0}]},"card_choices":[{"not_picked":[],"picked":"DoctorFetus","floor":0},{"not_picked":["Bloodbath","CherryBlossoms"],"picked":"CrumblingArmor","floor":1},{"not_picked":["TodaysExpression"],"picked":"Bomb","floor":1},{"not_picked":["RapturousDream"],"picked":"ShedSkin","floor":5},{"not_picked":["GreedKing","Scorched"],"picked":"RedShoes","floor":6},{"not_picked":["TodaysExpression","Harvest"],"picked":"SKIP","floor":6}],"player_experience":187836,"relics_obtained":[{"floor":1,"key":"LetterFromLob"},{"floor":6,"key":"Snack Pack"}],"event_choices":[{"damage_healed":0,"gold_gain":0,"player_choice":"Take Damage","damage_taken":17,"relics_obtained":["Golden Idol"],"max_hp_gain":0,"max_hp_loss":0,"event_name":"Golden Idol","floor":2,"gold_loss":0},{"damage_healed":0,"gold_gain":0,"player_choice":"Success","damage_taken":12,"relics_obtained":["Quantum Egg"],"max_hp_gain":0,"max_hp_loss":0,"event_name":"Scrap Ooze","floor":4,"gold_loss":0}],"is_beta":false,"boss_relics":[],"items_purged_floors":[],"is_endless":false,"potions_floor_spawned":[],"killed_by":"Gremlin Nob","ascension_level":3}}