{"host":"fworv1gvvajf3x0f","time":1609618372,"event":{"mods":["AchievementEnabler","Alarm Clock","Aspiration","BaseMod","Colored Map","Colored Powertips","Highlight Path","Infinite Spire","Minty Spire (QoL Compilation)","Replay The Spire","StSLib"],"gold_per_floor":[114,289,289,304,320,320,320,429,452,452,452],"floor_reached":10,"playtime":643,"items_purged":[],"score":64,"play_id":"cb57ccb3-6154-4a1d-a092-3522319a79cc","local_time":"20210103041252","is_ascension_mode":true,"campfire_choices":[{"data":"Flex","floor":6,"key":"SMITH"}],"circlet_count":0,"master_deck":["Strike_R","Strike_R","Strike_R","Strike_R","Strike_R","Defend_R","Defend_R","Defend_R","Defend_R","Bash","Doubt","Flex+1","Flex"],"relics":["Burning Blood","aspiration:Nostalgia","infinitespire:DarkRift","MealTicket","Replay:Baseball","Replay:Wax Seal"],"acts_visited":[],"potions_floor_usage":[],"damage_taken":[{"damage":6,"enemies":"Small Slimes","floor":1,"turns":5},{"damage":3,"enemies":"Jaw Worm","floor":4,"turns":4},{"damage":16,"enemies":"Cultist","floor":5,"turns":4},{"damage":15,"enemies":"Nightmare","floor":10,"turns":3}],"seed_played":"3895126178079950706","potions_obtained":[],"is_trial":false,"path_per_floor":["M","?","AVR","M","M","R","?","?","T","NM"],"character_chosen":"IRONCLAD","items_purchased":[],"campfire_rested":0,"item_purchase_floors":[],"current_hp_per_floor":[80,80,80,80,70,70,37,5,5,0,0],"gold":452,"neow_bonus":"NOSTALGIA","is_daily":false,"chose_seed":false,"campfire_upgraded":1,"win_rate":0.0,"timestamp":1609618372,"path_taken":["M","?","AVR","M","M","R","?","?","T","NM"],"items_purchased_type":[],"build_version":"2020-12-22","purchased_purges":0,"victory":false,"max_hp_per_floor":[80,80,80,80,80,80,80,80,80,80,80],"card_choices":[{"not_picked":["Replay:Undeath\u0027s Touch","Anger","Run Through"],"picked":"SKIP","floor":1},{"not_picked":["Defy Death","Armaments"],"picked":"Flex","floor":4},{"not_picked":["Shrug It Off","Headbutt","Rupture"],"picked":"SKIP","floor":5},{"not_picked":["Reckless Charge","Replay:Undeath\u0027s Touch"],"picked":"Flex","floor":8}],"player_experience":175739,"relics_obtained":[{"floor":8,"key":"Replay:Baseball"},{"floor":9,"key":"Replay:Wax Seal"}],"event_choices":[{"damage_healed":0,"gold_gain":175,"player_choice":"AGREE","damage_taken":0,"max_hp_gain":0,"max_hp_loss":0,"event_name":"Liars Game","floor":2,"gold_loss":0,"cards_obtained":["Doubt"]},{"damage_healed":0,"gold_gain":0,"player_choice":"Success","damage_taken":33,"relics_obtained":["MealTicket"],"max_hp_gain":0,"max_hp_loss":0,"event_name":"Scrap Ooze","floor":7,"gold_loss":0}],"is_beta":false,"boss_relics":[],"items_purged_floors":[],"is_endless":false,"potions_floor_spawned":[],"killed_by":"Nightmare","ascension_level":3}}