{"host":"k6u7q08ihsmpx7o5","time":1609552109,"event":{"mods":["BaseMod","Bestiary","Minty Spire (QoL Compilation)","StSLib"],"gold_per_floor":[119,394,406,426,426,426,445,474,474,499,541,553,105,125,125,125,125],"floor_reached":16,"playtime":501,"items_purged":["Regret"],"score":204,"play_id":"691fc00e-10f0-4c55-8475-1a65f1cddcbb","local_time":"20210102024829","is_ascension_mode":true,"campfire_choices":[{"data":"Shockwave","floor":6.0,"key":"SMITH"},{"data":"Evolve","floor":15,"key":"SMITH"}],"circlet_count":0,"master_deck":["AscendersBane","Strike_R","Strike_R","Strike_R+1","Strike_R","Strike_R","Defend_R","Defend_R","Defend_R","Defend_R","Bash+1","Pommel Strike","Shockwave+1","Evolve+1","Dark Embrace","Wild Strike","Intimidate"],"relics":["Burning Blood","NeowsBlessing","Whetstone","MawBank","Bag of Preparation","ClockworkSouvenir"],"acts_visited":["Exordium"],"potions_floor_usage":[8,16,16],"damage_taken":[{"damage":0.0,"enemies":"Small Slimes","floor":1.0,"turns":2.0},{"damage":0.0,"enemies":"Cultist","floor":3.0,"turns":1.0},{"damage":0.0,"enemies":"2 Louse","floor":4.0,"turns":1.0},{"damage":26.0,"enemies":"Large Slime","floor":7.0,"turns":7.0},{"damage":26,"enemies":"Gremlin Nob","floor":8,"turns":5},{"damage":24,"enemies":"2 Fungi Beasts","floor":10,"turns":6},{"damage":13,"enemies":"Exordium Wildlife","floor":14,"turns":5},{"damage":10,"enemies":"Hexaghost","floor":16,"turns":9}],"seed_played":"-5047927624053689193","potions_obtained":[{"floor":1.0,"key":"LiquidMemories"},{"floor":4.0,"key":"SpeedPotion"},{"floor":14,"key":"Block Potion"}],"is_trial":false,"path_per_floor":["M","?","M","M","?","R","M","E","T","M","?","?","$","M","R","B"],"character_chosen":"IRONCLAD","items_purchased":["Bag of Preparation","ClockworkSouvenir","Weak Potion"],"campfire_rested":0,"item_purchase_floors":[13,13,13],"current_hp_per_floor":[74,74,75,75,75,75,55,35,35,17,17,17,17,10,10,0,0],"gold":125,"neow_bonus":"THREE_ENEMY_KILL","is_daily":false,"chose_seed":false,"campfire_upgraded":2,"win_rate":0.0,"timestamp":1609552109,"path_taken":["M","?","?","?","?","R","M","E","T","M","?","?","$","M","R","BOSS"],"items_purchased_type":["Relic","Relic","Potion"],"build_version":"2020-12-22","purchased_purges":1,"victory":false,"max_hp_per_floor":[75,75,75,75,75,75,75,75,75,75,75,75,75,75,75,75,75],"card_choices":[{"not_picked":["Warcry","Body Slam","Reckless Charge"],"picked":"SKIP","floor":1.0},{"not_picked":["Perfected Strike","Flex"],"picked":"Pommel Strike","floor":3.0},{"not_picked":["Metallicize","Dual Wield"],"picked":"Shockwave","floor":4.0},{"not_picked":["Heavy Blade","Rage"],"picked":"Evolve","floor":7.0},{"not_picked":["Entrench","Wild Strike"],"picked":"Dark Embrace","floor":8},{"not_picked":["Cleave","Iron Wave"],"picked":"Wild Strike","floor":10},{"not_picked":["Flex","Whirlwind"],"picked":"Intimidate","floor":14}],"player_experience":1914523,"relics_obtained":[{"floor":8,"key":"Whetstone"},{"floor":9,"key":"MawBank"}],"event_choices":[{"damage_healed":0.0,"max_hp_gain":0.0,"max_hp_loss":0.0,"gold_gain":275.0,"event_name":"Golden Shrine","player_choice":"Desecrate","floor":2.0,"gold_loss":0.0,"damage_taken":0.0,"cards_obtained":["Regret"]},{"damage_healed":0.0,"max_hp_gain":0.0,"max_hp_loss":0.0,"gold_gain":0.0,"event_name":"Liars Game","player_choice":"Ignored","floor":5.0,"gold_loss":0.0,"damage_taken":0.0},{"damage_healed":0,"gold_gain":30,"player_choice":"Searched \u00272\u0027 times","damage_taken":0,"max_hp_gain":0,"max_hp_loss":0,"event_name":"Dead Adventurer","floor":11,"gold_loss":0},{"damage_healed":0,"gold_gain":0,"player_choice":"Ignored","damage_taken":0,"max_hp_gain":0,"max_hp_loss":0,"event_name":"Shining Light","floor":12,"gold_loss":0}],"is_beta":false,"boss_relics":[],"items_purged_floors":[13],"is_endless":false,"potions_floor_spawned":[1,4,14],"killed_by":"Hexaghost","ascension_level":20}}