{"host":"k6u7q08ihsmpx7o5","time":1609549129,"event":{"mods":["BaseMod","Bestiary","Minty Spire (QoL Compilation)","StSLib"],"gold_per_floor":[114,127,143,143,143,143,157,157,157,200,200,218,234,272,272,365,365,384,384,384,404,196,232,232,265,290,332,352,372,372,406,406,513,513,538,547,569,593,210,257,257,302,372,441,441,481,481,506,506,506,506,506],"floor_reached":51,"playtime":2250,"items_purged":["Writhe","Strike_R"],"score":1585,"play_id":"1cb4971f-caaf-4007-927f-50a13f76ab9b","local_time":"20210102015849","is_ascension_mode":true,"campfire_choices":[{"data":"Carnage","floor":6.0,"key":"SMITH"},{"data":"Fiend Fire","floor":8.0,"key":"SMITH"},{"data":"Bash","floor":11.0,"key":"SMITH"},{"data":"Clothesline","floor":15.0,"key":"SMITH"},{"floor":24.0,"key":"REST"},{"data":"Bludgeon","floor":32.0,"key":"SMITH"},{"floor":41,"key":"REST"},{"data":"Demon Form","floor":45,"key":"SMITH"},{"data":"Burning Pact","floor":47,"key":"SMITH"},{"floor":49,"key":"RECALL"}],"circlet_count":0,"master_deck":["AscendersBane","Strike_R","Strike_R","Strike_R","Defend_R","Defend_R","Defend_R","Defend_R","Bash+1","Carnage+1","Pummel","Fiend Fire+1","Iron Wave","Clothesline+1","Impervious","Heavy Blade","Dark Embrace","Blood for Blood","Heavy Blade","Bludgeon+1","Demon Form+1","Impervious","Shrug It Off","Magnetism","Pommel Strike+1","Burning Pact+1"],"relics":["Burning Blood","NeowsBlessing","Golden Idol","Smiling Mask","InkBottle","Lizard Tail","Snecko Eye","Ancient Tea Set","Lee\u0027s Waffle","CeramicFish","Orichalcum","Pen Nib","Art of War","Question Card","Busted Crown","Bag of Preparation","Charon\u0027s Ashes","Red Skull","StoneCalendar","Anchor"],"acts_visited":["Exordium","TheCity","TheBeyond"],"potions_floor_usage":[44,50,51],"damage_taken":[{"damage":0.0,"enemies":"Cultist","floor":1.0,"turns":1.0},{"damage":0.0,"enemies":"Jaw Worm","floor":2.0,"turns":1.0},{"damage":0.0,"enemies":"Small Slimes","floor":3.0,"turns":1.0},{"damage":6.0,"enemies":"2 Fungi Beasts","floor":7.0,"turns":3.0},{"damage":0.0,"enemies":"Gremlin Nob","floor":10.0,"turns":2.0},{"damage":6.0,"enemies":"Blue Slaver","floor":12.0,"turns":3.0},{"damage":12.0,"enemies":"Looter","floor":13.0,"turns":3.0},{"damage":30.0,"enemies":"Lagavulin","floor":14.0,"turns":5.0},{"damage":22.0,"enemies":"Hexaghost","floor":16.0,"turns":7.0},{"damage":0.0,"enemies":"Shell Parasite","floor":18.0,"turns":1.0},{"damage":28.0,"enemies":"2 Thieves","floor":21.0,"turns":3.0},{"damage":55.0,"enemies":"Gremlin Leader","floor":23.0,"turns":7.0},{"damage":5.0,"enemies":"Book of Stabbing","floor":25.0,"turns":3.0},{"damage":15.0,"enemies":"Slavers","floor":27.0,"turns":5.0},{"damage":0.0,"enemies":"Centurion and Healer","floor":28.0,"turns":5.0},{"damage":0.0,"enemies":"Chosen and Byrds","floor":29.0,"turns":3.0},{"damage":0.0,"enemies":"Snecko","floor":31.0,"turns":3.0},{"damage":60.0,"enemies":"Champ","floor":33.0,"turns":8.0},{"damage":15.0,"enemies":"3 Shapes","floor":35.0,"turns":4.0},{"damage":14,"enemies":"3 Darklings","floor":37,"turns":6},{"damage":0,"enemies":"4 Shapes","floor":38,"turns":7},{"damage":28,"enemies":"Nemesis","floor":40,"turns":5},{"damage":3,"enemies":"Giant Head","floor":42,"turns":4},{"damage":23,"enemies":"2 Orb Walkers","floor":44,"turns":3},{"damage":9,"enemies":"Nemesis","floor":46,"turns":3},{"damage":12,"enemies":"Spire Growth","floor":48,"turns":3},{"damage":80,"enemies":"Donu and Deca","floor":50,"turns":7},{"damage":18,"enemies":"Time Eater","floor":51,"turns":2}],"seed_played":"2827503532415697306","potions_obtained":[{"floor":1.0,"key":"LiquidMemories"},{"floor":2.0,"key":"SteroidPotion"},{"floor":10.0,"key":"PowerPotion"},{"floor":12.0,"key":"SpeedPotion"},{"floor":18.0,"key":"Energy Potion"},{"floor":25.0,"key":"Block Potion"},{"floor":28.0,"key":"Fruit Juice"},{"floor":29.0,"key":"SpeedPotion"},{"floor":31.0,"key":"GamblersBrew"},{"floor":33.0,"key":"PowerPotion"},{"floor":38,"key":"BloodPotion"},{"floor":44,"key":"AttackPotion"}],"is_trial":false,"path_per_floor":["M","M","M","?","?","R","M","R","T","E","R","M","M","E","R","B",null,"M","?","?","M","$","E","R","E","T","E","M","M","T","M","R","B",null,"M","?","M","M","$","E","R","E","T","?","R","E","R","M","R","B","B"],"character_chosen":"IRONCLAD","items_purchased":["Lee\u0027s Waffle","Bag of Preparation","Magnetism"],"campfire_rested":2,"item_purchase_floors":[22,39,39],"current_hp_per_floor":[74,75,75,68,68,68,68,68,68,68,68,68,62,38,38,22,57,63,63,63,41,75,26,48,49,49,40,46,57,57,63,63,9,62,53,53,45,51,51,29,53,56,56,55,55,52,52,46,46,16,0,0],"gold":506,"neow_bonus":"THREE_ENEMY_KILL","is_daily":false,"chose_seed":false,"campfire_upgraded":7,"win_rate":0.0,"timestamp":1609549129,"path_taken":["M","M","?","?","?","R","M","R","T","E","R","M","M","E","R","BOSS","M","?","?","M","$","E","R","E","T","E","M","M","?","M","R","BOSS","M","?","M","M","?","E","R","E","T","?","R","E","R","M","R","BOSS","BOSS"],"items_purchased_type":["Relic","Relic","Card"],"build_version":"2020-12-22","purchased_purges":2,"victory":false,"max_hp_per_floor":[75,75,75,75,68,68,68,68,68,68,68,68,68,68,68,68,68,68,68,68,68,75,75,75,75,75,75,75,80,80,80,80,80,80,80,80,80,80,80,80,80,80,80,80,80,80,80,80,80,80,80,80],"card_choices":[{"not_picked":["Havoc","Ghostly Armor"],"picked":"Carnage","floor":1.0},{"not_picked":["Shockwave","Sword Boomerang"],"picked":"Pummel","floor":2.0},{"not_picked":["True Grit","Body Slam","Flex"],"picked":"SKIP","floor":3.0},{"not_picked":["True Grit","Anger"],"picked":"Fiend Fire","floor":7.0},{"not_picked":["Metallicize","Havoc","Sentinel"],"picked":"SKIP","floor":10.0},{"not_picked":["Heavy Blade","Dual Wield"],"picked":"Iron Wave","floor":12.0},{"not_picked":["Cleave","Sever Soul"],"picked":"Clothesline","floor":13.0},{"not_picked":["True Grit","Pommel Strike","Infernal Blade"],"picked":"SKIP","floor":14.0},{"not_picked":["Bludgeon","Corruption"],"picked":"Impervious","floor":16.0},{"not_picked":["Sever Soul","Havoc"],"picked":"Heavy Blade","floor":18.0},{"not_picked":["Pommel Strike","Armaments"],"picked":"Blood for Blood","floor":21.0},{"not_picked":["Ghostly Armor","Iron Wave","Metallicize"],"picked":"SKIP","floor":23.0},{"not_picked":["Fire Breathing","Wild Strike","Clash"],"picked":"SKIP","floor":25.0},{"not_picked":["Ghostly Armor","Twin Strike"],"picked":"Heavy Blade","floor":27.0},{"not_picked":["Anger","Body Slam","Havoc"],"picked":"SKIP","floor":28.0},{"not_picked":["Evolve","Intimidate","Searing Blow"],"picked":"SKIP","floor":29.0},{"not_picked":["Dark Embrace","Clothesline","Sever Soul+1"],"picked":"Bludgeon","floor":31.0},{"not_picked":["Offering","Double Tap","Limit Break"],"picked":"Demon Form","floor":33.0},{"not_picked":["Cleave","Searing Blow"],"picked":"SKIP","floor":35.0},{"not_picked":["Havoc"],"picked":"Shrug It Off","floor":37},{"not_picked":["Clash","Armaments"],"picked":"SKIP","floor":38},{"not_picked":["Iron Wave"],"picked":"Pommel Strike+1","floor":40},{"not_picked":["Rage"],"picked":"Burning Pact","floor":42},{"not_picked":["Havoc","Inflame"],"picked":"SKIP","floor":46},{"not_picked":["Havoc","Inflame"],"picked":"SKIP","floor":46},{"not_picked":["Twin Strike","Pommel Strike"],"picked":"SKIP","floor":48}],"player_experience":1910066,"relics_obtained":[{"floor":9.0,"key":"Smiling Mask"},{"floor":10.0,"key":"InkBottle"},{"floor":14.0,"key":"Lizard Tail"},{"floor":23.0,"key":"CeramicFish"},{"floor":25.0,"key":"Orichalcum"},{"floor":26.0,"key":"Pen Nib"},{"floor":27.0,"key":"Art of War"},{"floor":30.0,"key":"Question Card"},{"floor":40,"key":"Charon\u0027s Ashes"},{"floor":42,"key":"Red Skull"},{"floor":44,"key":"StoneCalendar"},{"floor":46,"key":"Anchor"}],"event_choices":[{"cards_removed":["Strike_R"],"damage_healed":0.0,"max_hp_gain":0.0,"max_hp_loss":0.0,"gold_gain":0.0,"event_name":"Golden Wing","player_choice":"Card Removal","floor":4.0,"gold_loss":0.0,"damage_taken":7.0},{"damage_healed":0.0,"max_hp_gain":0.0,"max_hp_loss":7.0,"gold_gain":0.0,"event_name":"Golden Idol","player_choice":"Lose Max HP","floor":5.0,"gold_loss":0.0,"damage_taken":0.0,"relics_obtained":["Golden Idol"]},{"damage_healed":0.0,"max_hp_gain":0.0,"max_hp_loss":0.0,"gold_gain":0.0,"event_name":"The Library","player_choice":"Read","floor":19.0,"gold_loss":0.0,"damage_taken":0.0,"cards_obtained":["Dark Embrace"]},{"damage_healed":0.0,"max_hp_gain":0.0,"max_hp_loss":0.0,"gold_gain":0.0,"event_name":"The Mausoleum","player_choice":"Opened","floor":20.0,"gold_loss":0.0,"damage_taken":0.0,"relics_obtained":["Ancient Tea Set"],"cards_obtained":["Writhe"]},{"damage_healed":0.0,"max_hp_gain":0.0,"max_hp_loss":0.0,"gold_gain":0.0,"event_name":"Duplicator","player_choice":"Copied","floor":36.0,"gold_loss":0.0,"damage_taken":0.0,"cards_obtained":["Impervious"]},{"damage_healed":0,"gold_gain":0,"player_choice":"Fight","damage_taken":0,"max_hp_gain":0,"max_hp_loss":0,"event_name":"Mysterious Sphere","floor":44,"gold_loss":0}],"is_beta":false,"boss_relics":[{"not_picked":["SacredBark","Philosopher\u0027s Stone"],"picked":"Snecko Eye"},{"not_picked":["SlaversCollar","Tiny House"],"picked":"Busted Crown"}],"items_purged_floors":[22,39],"is_endless":false,"potions_floor_spawned":[1,2,10,12,18,25,28,29,31,33,35,38,44],"killed_by":"Time Eater","ascension_level":20}}