{"host":"464ef02pwgdzxxwi","time":1609572590,"event":{"mods":["AchievementEnabler","BaseMod","Colored Map","Colored Powertips","DeckTracker","Downfall","Highlight Path","Hubris","Infinite Spire","Minty Spire (QoL Compilation)","Quick Restart","Replay The Spire","StSLib","SuperFastMode"],"gold_per_floor":[110,110,185,185,185,185,6,46,73,73,73,73,73,94,94,224,224,249,249,249,43,59,82,7,7,32,48,67,67,67,82,82,201,201,219,219,219],"floor_reached":36,"playtime":1600,"items_purged":["Voices","ReplayTheSpireMod:Splinters","Strike_G","infinitespire:Pacifist"],"score":458,"play_id":"5a447735-9fc3-4d29-b085-f1c05a2f2720","local_time":"20210102082950","is_ascension_mode":false,"campfire_choices":[{"data":"Neutralize","floor":6,"key":"SMITH"},{"data":"Pot Of Greed","floor":10,"key":"SMITH"},{"data":"Pot Of Greed","floor":13,"key":"SMITH"},{"data":"Accuracy","floor":15,"key":"SMITH"},{"data":"Accuracy","floor":25,"key":"SMITH"},{"data":"Hidden Blade","floor":32,"key":"SMITH"}],"circlet_count":0,"master_deck":["Strike_G","Strike_G","Defend_G","Defend_G","Defend_G","Defend_G","Survivor","Neutralize+1","Accuracy+1","Pot Of Greed+1","Pot Of Greed+1","Blade Dance","Accuracy+1","Hidden Blade+1","Hidden Blade"],"relics":["Ring of the Snake","NeowsBlessing","ReplayTheSpireMod:Ring of Challenge","ReplayTheSpireMod:CursedCoin","Blood Vial","Golden Idol","hubris:PeanutButter","Grinning Jar","Molten Egg 2","Cursed Key","Replay:Blank Codex","hubris:SlimyHat","BargainBundle","hubris:TerracottaHorce","ReplayTheSpireMod:DimensionalGlitch"],"acts_visited":["Exordium","TheCity","TheBeyond"],"potions_floor_usage":[16],"damage_taken":[{"damage":0,"enemies":"Small Slimes","floor":1,"turns":1},{"damage":0,"enemies":"Gremlin Nob","floor":8,"turns":1},{"damage":0,"enemies":"2 Louse","floor":14,"turns":1},{"damage":62,"enemies":"The Guardian","floor":16,"turns":26},{"damage":3,"enemies":"Shell Parasite","floor":18,"turns":9},{"damage":0,"enemies":"3 Byrds","floor":22,"turns":4},{"damage":0,"enemies":"Cultist and Chosen","floor":23,"turns":5},{"damage":0,"enemies":"Centurion and Healer","floor":27,"turns":4},{"damage":22,"enemies":"Snake Plant","floor":28,"turns":6},{"damage":5,"enemies":"Shelled Parasite and Fungi","floor":31,"turns":3},{"damage":5,"enemies":"hubris:MusketHawk","floor":33,"turns":4},{"damage":46,"enemies":"3 Shapes","floor":35,"turns":1}],"seed_played":"-6424709329257157165","potions_obtained":[{"floor":14,"key":"Slimebound:ThreeZeroPotion"},{"floor":18,"key":"SpeedPotion"},{"floor":22,"key":"FearPotion"},{"floor":23,"key":"SpeedPotion"},{"floor":31,"key":"Explosive Potion"}],"is_trial":false,"path_per_floor":["M","?","$","?","?","R","$","E","T","R","T","?","R","M","R","B",null,"M","?","?","$","M","M","?","R","T","M","M","?","AVR","M","R","B",null,"M","?"],"character_chosen":"THE_SILENT","items_purchased":["ReplayTheSpireMod:CursedCoin","Accuracy","Accuracy"],"campfire_rested":0,"item_purchase_floors":[3,7,21],"current_hp_per_floor":[70,70,70,67,65,65,65,65,65,65,65,65,65,65,65,3,65,62,46,46,46,48,50,50,50,50,52,32,53,53,50,50,47,61,16,0,0],"gold":219,"neow_bonus":"THREE_ENEMY_KILL","is_daily":false,"chose_seed":false,"campfire_upgraded":6,"win_rate":0.0,"timestamp":1609572590,"path_taken":["M","?","$","?","?","R","$","E","T","R","?","?","R","M","R","BOSS","M","?","?","$","M","?","?","R","T","M","M","?","AVR","M","R","BOSS","M","?"],"items_purchased_type":["Relic","Card","Card"],"build_version":"2020-12-22","purchased_purges":4,"victory":false,"max_hp_per_floor":[70,70,70,70,65,65,65,65,65,65,65,65,65,65,65,65,65,65,65,65,65,65,65,65,65,65,65,65,65,65,65,65,65,65,65,65,65],"card_choices":[{"not_picked":["Fluid Movement","Poisoned Stab","Backflip"],"picked":"SKIP","floor":1},{"not_picked":["PiercingWail","hubris:SlightOfHand","infinitespire:Neurotoxin"],"picked":"SKIP","floor":8},{"not_picked":["Masterful Stab+1","Caltrops","Acrobatics"],"picked":"SKIP","floor":14},{"not_picked":["Skewer+1","Backstab+1"],"picked":"Blade Dance","floor":18},{"not_picked":["Choke+1","Replay:Poison Smokescreen"],"picked":"Hidden Blade","floor":22},{"not_picked":["Bane+1","Blur+1","Poisoned Stab+1"],"picked":"SKIP","floor":23},{"not_picked":["Backflip","Deadly Poison","Poisoned Stab+1"],"picked":"SKIP","floor":27},{"not_picked":["ReplayTheSpireMod:Exploit Weakness","Well Laid Plans"],"picked":"Hidden Blade","floor":28},{"not_picked":["Outmaneuver","All Out Attack+1","Acrobatics"],"picked":"SKIP","floor":31},{"not_picked":["Flying Knee+1","Deflect+1","Replay:Poison Smokescreen+1"],"picked":"SKIP","floor":35}],"player_experience":195024,"relics_obtained":[{"floor":2,"key":"ReplayTheSpireMod:Ring of Challenge"},{"floor":8,"key":"hubris:PeanutButter"},{"floor":9,"key":"Grinning Jar"},{"floor":11,"key":"Molten Egg 2"},{"floor":19,"key":"Replay:Blank Codex"},{"floor":26,"key":"hubris:SlimyHat"}],"event_choices":[{"damage_healed":0,"gold_gain":0,"player_choice":"Success","damage_taken":3,"relics_obtained":["Blood Vial"],"max_hp_gain":0,"max_hp_loss":0,"event_name":"Scrap Ooze","floor":4,"gold_loss":0},{"damage_healed":0,"gold_gain":0,"player_choice":"Lose Max HP","damage_taken":0,"relics_obtained":["Golden Idol"],"max_hp_gain":0,"max_hp_loss":5,"event_name":"Golden Idol","floor":5,"gold_loss":0},{"damage_healed":0,"gold_gain":0,"player_choice":"Obtained Book","damage_taken":16,"max_hp_gain":0,"max_hp_loss":0,"event_name":"Cursed Tome","floor":19,"gold_loss":0},{"cards_removed":["Defend_G"],"damage_healed":0,"gold_gain":0,"player_choice":"Purged","damage_taken":0,"max_hp_gain":0,"max_hp_loss":0,"event_name":"Purifier","floor":20,"gold_loss":0},{"cards_removed":["Strike_G"],"damage_healed":0,"gold_gain":0,"player_choice":"Gave Gold","damage_taken":0,"max_hp_gain":0,"max_hp_loss":0,"event_name":"Beggar","floor":24,"gold_loss":75},{"damage_healed":21,"gold_gain":0,"player_choice":"Heal","damage_taken":0,"max_hp_gain":0,"max_hp_loss":0,"event_name":"The Library","floor":29,"gold_loss":0}],"is_beta":false,"boss_relics":[{"not_picked":["Snecko Eye","SacredBark"],"picked":"Cursed Key"},{"not_picked":["ChewingGum","Astrolabe"],"picked":"ReplayTheSpireMod:DimensionalGlitch"}],"items_purged_floors":[3,7,21,30],"is_endless":false,"potions_floor_spawned":[14,18,22,23,31],"ascension_level":0}}