{"host":"h4390p13uu6iw1q5","time":1609562987,"event":{"mods":["BaseMod","Colored Map","Minty Spire (QoL Compilation)"],"gold_per_floor":[114,129,144,159,159,159,189,204,204,219,249,56,71,86,86,186,186,201,201,126,141,4,34,49,64,64,79,109,109,139,139,139,239,239,254,254,269,284,284,284,299,299,374,389,404,404,404,437,437,437,437],"floor_reached":50,"playtime":2391,"items_purged":["Rampage"],"score":693,"play_id":"eef2620b-3573-4897-be25-7266ed5dff90","local_time":"20210101234947","daily_mods":["Insanity","Time Dilation","Binary"],"is_ascension_mode":false,"campfire_choices":[{"data":"Demon Form","floor":6,"key":"SMITH"},{"data":"True Grit","floor":15,"key":"SMITH"},{"floor":29,"key":"REST"},{"data":"Dark Embrace","floor":32,"key":"SMITH"},{"data":"True Grit","floor":40,"key":"SMITH"},{"data":"Demon Form","floor":42,"key":"SMITH"},{"floor":49,"key":"REST"}],"circlet_count":0,"master_deck":["Uppercut","Shrug It Off","Anger","Perfected Strike+1","Headbutt","Flame Barrier","Armaments","Sentinel","Heavy Blade","Havoc","Rage","Dropkick","Cleave","Havoc","Dark Embrace+1","Twin Strike","Battle Trance","Bloodletting","Twin Strike","Cleave","Inflame","True Grit+1","Burning Pact","Searing Blow","Spot Weakness","Bloodletting","Twin Strike","Twin Strike","Heavy Blade","True Grit","Warcry+1","True Grit+1","Cleave","Searing Blow","Shrug It Off","Thunderclap","Wild Strike","Havoc","Flex","Dual Wield","Wild Strike","Sentinel","Clothesline","Perfected Strike","Anger","Flex","Warcry","Clash","Demon Form+1","Flame Barrier","Inflame","Secret Technique","Limit Break","Warcry+1","Inflame+1","Immolate","Carnage+1","Perfected Strike+1","Flame Barrier+1","Ghostly","Ghostly","Ghostly","Ghostly","Ghostly","Demon Form+1","Disarm","Madness","Madness","Inflame+1","Headbutt+1","Doubt","Metallicize"],"relics":["Burning Blood","Bag of Preparation","Kunai","Happy Flower","Sozu","Smiling Mask","Pear","Strawberry","Turnip","SlaversCollar","Bronze Scales","Shuriken","Pocketwatch"],"acts_visited":["Exordium","TheCity","TheBeyond"],"potions_floor_usage":[16,23,27],"damage_taken":[{"damage":0,"enemies":"Cultist","floor":1,"turns":2},{"damage":3,"enemies":"Jaw Worm","floor":2,"turns":2},{"damage":0,"enemies":"2 Louse","floor":3,"turns":1},{"damage":5,"enemies":"Blue Slaver","floor":4,"turns":3},{"damage":3,"enemies":"Gremlin Nob","floor":7,"turns":2},{"damage":0,"enemies":"2 Fungi Beasts","floor":8,"turns":2},{"damage":0,"enemies":"Lots of Slimes","floor":10,"turns":1},{"damage":6,"enemies":"Lagavulin","floor":11,"turns":4},{"damage":0,"enemies":"Looter","floor":13,"turns":1},{"damage":3,"enemies":"Blue Slaver","floor":14,"turns":2},{"damage":25,"enemies":"Hexaghost","floor":16,"turns":6},{"damage":4,"enemies":"2 Thieves","floor":18,"turns":3},{"damage":3,"enemies":"Shell Parasite","floor":21,"turns":3},{"damage":26,"enemies":"Slavers","floor":23,"turns":3},{"damage":8,"enemies":"Centurion and Healer","floor":24,"turns":3},{"damage":1,"enemies":"Sentry and Sphere","floor":25,"turns":3},{"damage":18,"enemies":"Snake Plant","floor":27,"turns":3},{"damage":27,"enemies":"Gremlin Leader","floor":28,"turns":4},{"damage":18,"enemies":"Slavers","floor":30,"turns":3},{"damage":15,"enemies":"Collector","floor":33,"turns":8},{"damage":1,"enemies":"Orb Walker","floor":35,"turns":3},{"damage":4,"enemies":"3 Darklings","floor":37,"turns":6},{"damage":4,"enemies":"Spire Growth","floor":38,"turns":4},{"damage":1,"enemies":"Transient","floor":41,"turns":5},{"damage":10,"enemies":"Sphere and 2 Shapes","floor":44,"turns":6},{"damage":34,"enemies":"Writhing Mass","floor":45,"turns":6},{"damage":33,"enemies":"2 Orb Walkers","floor":48,"turns":4},{"damage":39,"enemies":"Donu and Deca","floor":50,"turns":3}],"seed_played":"-4486375853315586652","potions_obtained":[{"floor":1,"key":"SmokeBomb"},{"floor":2,"key":"Weak Potion"},{"floor":4,"key":"Fire Potion"},{"floor":10,"key":"FearPotion"},{"floor":16,"key":"SneckoOil"}],"is_trial":false,"path_per_floor":["M","M","M","M","?","R","E","M","T","M","E","$","M","M","R","B",null,"M","?","$","M","$","E","M","M","T","M","E","R","E","?","R","B",null,"M","?","M","M","?","R","M","R","T","M","M","?","?","?","R","B"],"character_chosen":"IRONCLAD","items_purchased":["Secret Technique","Immolate"],"campfire_rested":2,"item_purchase_floors":[12,22],"current_hp_per_floor":[80,80,80,80,64,64,67,73,73,79,79,79,80,80,80,61,80,80,80,80,80,80,60,58,63,73,61,47,76,64,48,48,39,48,48,42,44,46,46,46,48,48,48,44,16,48,48,21,35,0,0],"gold":437,"neow_bonus":"","is_daily":true,"chose_seed":false,"campfire_upgraded":5,"win_rate":0.0,"timestamp":1609562987,"path_taken":["M","M","?","M","?","R","E","M","T","M","E","$","M","M","R","BOSS","M","?","$","M","?","E","M","M","T","M","E","R","E","?","R","BOSS","M","?","M","M","?","R","M","R","T","M","?","?","?","?","R","BOSS"],"items_purchased_type":["Card","Card"],"build_version":"2020-12-22","purchased_purges":1,"victory":false,"max_hp_per_floor":[80,80,80,80,80,80,80,80,80,80,80,80,80,80,80,80,80,80,80,80,80,80,80,80,80,90,90,97,97,97,48,48,48,48,48,48,48,48,48,48,48,48,48,48,48,48,48,48,48,48,48],"card_choices":[{"not_picked":["Perfected Strike","Warcry"],"picked":"SKIP","floor":1},{"not_picked":["Twin Strike","Sentinel"],"picked":"SKIP","floor":2},{"not_picked":["Cleave","Headbutt"],"picked":"SKIP","floor":3},{"not_picked":["Clothesline"],"picked":"Demon Form","floor":4},{"not_picked":["Heavy Blade"],"picked":"Flame Barrier","floor":7},{"not_picked":["Perfected Strike"],"picked":"Inflame","floor":8},{"not_picked":["Armaments","Thunderclap"],"picked":"SKIP","floor":10},{"not_picked":["Thunderclap","Clothesline"],"picked":"SKIP","floor":11},{"not_picked":["True Grit","Cleave"],"picked":"SKIP","floor":13},{"not_picked":["Clothesline","Cleave"],"picked":"SKIP","floor":14},{"not_picked":["Reaper"],"picked":"Limit Break","floor":16},{"not_picked":["Pommel Strike"],"picked":"Warcry+1","floor":18},{"not_picked":["Armaments"],"picked":"Inflame+1","floor":21},{"not_picked":["Headbutt+1","Bloodletting"],"picked":"SKIP","floor":23},{"not_picked":["Dark Embrace","Shrug It Off"],"picked":"SKIP","floor":24},{"not_picked":["Carnage","Perfected Strike"],"picked":"SKIP","floor":25},{"not_picked":["Carnage","Perfected Strike"],"picked":"SKIP","floor":25},{"not_picked":["Combust"],"picked":"Carnage+1","floor":27},{"not_picked":["Headbutt+1"],"picked":"Perfected Strike+1","floor":28},{"not_picked":["Reckless Charge"],"picked":"Flame Barrier+1","floor":30},{"not_picked":["Immolate"],"picked":"Demon Form","floor":33},{"not_picked":["Searing Blow+1"],"picked":"Disarm","floor":35},{"not_picked":["Body Slam","Wild Strike+1"],"picked":"SKIP","floor":37},{"not_picked":["Burning Pact"],"picked":"Inflame+1","floor":38},{"not_picked":["Blood for Blood+1","Thunderclap"],"picked":"SKIP","floor":41},{"not_picked":["Immolate"],"picked":"Headbutt+1","floor":44},{"not_picked":["Flex","Anger"],"picked":"SKIP","floor":45},{"not_picked":["Flex"],"picked":"Metallicize","floor":48}],"player_experience":2398996,"relics_obtained":[{"floor":7,"key":"Bag of Preparation"},{"floor":9,"key":"Kunai"},{"floor":11,"key":"Happy Flower"},{"floor":23,"key":"Smiling Mask"},{"floor":26,"key":"Pear"},{"floor":28,"key":"Strawberry"},{"floor":30,"key":"Turnip"},{"floor":43,"key":"Shuriken"},{"floor":48,"key":"Pocketwatch"}],"event_choices":[{"damage_healed":0,"gold_gain":0,"player_choice":"Entered Light","damage_taken":16,"max_hp_gain":0,"max_hp_loss":0,"event_name":"Shining Light","floor":5,"gold_loss":0,"cards_upgraded":["Perfected Strike","Warcry"]},{"damage_healed":0,"gold_gain":0,"player_choice":"Got Potions","damage_taken":0,"max_hp_gain":0,"max_hp_loss":0,"event_name":"Lab","floor":19,"gold_loss":0},{"damage_healed":0,"gold_gain":0,"player_choice":"Became a Ghost","damage_taken":0,"max_hp_gain":0,"max_hp_loss":49,"event_name":"Ghosts","floor":31,"gold_loss":0,"cards_obtained":["Ghostly","Ghostly","Ghostly","Ghostly","Ghostly"]},{"damage_healed":0,"gold_gain":0,"player_choice":"Embrace Madness","damage_taken":6,"max_hp_gain":0,"max_hp_loss":0,"event_name":"Winding Halls","floor":36,"gold_loss":0,"cards_obtained":["Madness","Madness"]},{"damage_healed":0,"gold_gain":0,"player_choice":"Gave Potion","damage_taken":0,"relics_obtained":["Bronze Scales"],"max_hp_gain":0,"max_hp_loss":0,"event_name":"WeMeetAgain","floor":39,"gold_loss":0},{"damage_healed":32,"gold_gain":0,"player_choice":"Heal","damage_taken":0,"max_hp_gain":0,"max_hp_loss":0,"event_name":"MindBloom","floor":46,"gold_loss":0,"cards_obtained":["Doubt"]},{"cards_removed":["Body Slam"],"damage_healed":0,"gold_gain":0,"player_choice":"Removed Attack","damage_taken":0,"max_hp_gain":0,"max_hp_loss":0,"event_name":"Falling","floor":47,"gold_loss":0},{"damage_healed":0,"gold_gain":0,"player_choice":"Fight","damage_taken":0,"max_hp_gain":0,"max_hp_loss":0,"event_name":"Mysterious Sphere","floor":48,"gold_loss":0}],"is_beta":false,"boss_relics":[{"not_picked":["Cursed Key","Busted Crown"],"picked":"Sozu"},{"not_picked":["Calling Bell","Black Star"],"picked":"SlaversCollar"}],"items_purged_floors":[20],"is_endless":false,"potions_floor_spawned":[1,2,4,10,16,24,25,30,38,45,48],"killed_by":"Donu and Deca","ascension_level":0}}