{"host":"ac6e1xz8pi3qqstb","time":1609585204,"event":{"mods":["BaseMod","Minty Spire (QoL Compilation)","MostiFishMod","Relic Stats","Replay The Spire","StSLib","[IsaacMod]ÒÔÈö¼âËþ","¡¾ÒÅÎï¿¨ÅÆ¡¿REMEMod"],"gold_per_floor":[111,130,130,143,143,143,153,153,180,200,146,212,227,238,238,341,341,351,351],"floor_reached":18,"playtime":707,"items_purged":["Voices"],"score":154,"play_id":"afa89ac9-3f0f-49df-b98e-0dd89aa9d207","local_time":"20210102190004","is_ascension_mode":false,"campfire_choices":[{"data":"Sweeping Beam","floor":6,"key":"SMITH"},{"floor":15,"key":"REST"}],"circlet_count":0,"master_deck":["Strike_B","Strike_B","Strike_B","Strike_B","Defend_B","Defend_B","Defend_B","Defend_B","Zap","Doom and Gloom","Doom and Gloom","Auto Shields","Bash","Sweeping Beam+1","Turbo","Conserve Battery","Streamline","Firewall","Meteor Strike","Turbo+1"],"relics":["DaveBox","REME_ComplimentaryCards","HushsDoor","D6","OrangePellets","SynthV:TestCard","Iron Core","Ring of Peace","Ring of Shattering","Akabeko","InkBottle","Juzu Bracelet","NightmareShop"],"acts_visited":["Exordium","TheCity"],"potions_floor_usage":[10,10,16],"damage_taken":[{"damage":1,"enemies":"Cultist","floor":1,"turns":4},{"damage":8,"enemies":"Small Slimes","floor":2,"turns":2},{"damage":0,"enemies":"2 Louse","floor":4,"turns":2},{"damage":0,"enemies":"Gremlin Gang","floor":7,"turns":3},{"damage":30,"enemies":"Hiden Room Battle","floor":10,"turns":4},{"damage":0,"enemies":"3 Louse","floor":13,"turns":2},{"damage":5,"enemies":"Large Slime","floor":14,"turns":4},{"damage":14,"enemies":"Fading Forest","floor":16,"turns":11},{"damage":0,"enemies":"Spheric Guardian","floor":18,"turns":3}],"seed_played":"-8822450374755734709","potions_obtained":[{"floor":0,"key":"PotionOfCapacity"},{"floor":0,"key":"Fruit Juice"},{"floor":0,"key":"Cursed Concoction"},{"floor":18,"key":"Explosive Potion"}],"is_trial":false,"path_per_floor":["M","M","?","M","$","R","M","?","T","?","$","?","M","M","R","B",null,"M"],"character_chosen":"DEFECT","items_purchased":["Streamline","Meteor Strike"],"campfire_rested":1,"item_purchase_floors":[11,17],"current_hp_per_floor":[74,66,66,66,66,66,66,66,66,26,26,26,26,21,45,31,71,71,71],"gold":351,"neow_bonus":"THREE_SMALL_POTIONS","is_daily":false,"chose_seed":false,"campfire_upgraded":1,"win_rate":0.0,"timestamp":1609585204,"path_taken":["M","?","?","?","$","R","M","?","T","?","$","?","M","M","R","BOSS","M"],"items_purchased_type":["Card","Card"],"build_version":"2020-12-22","purchased_purges":1,"victory":false,"max_hp_per_floor":[75,75,75,75,75,75,75,75,75,80,80,80,80,80,80,80,71,71,71],"relic_stats":{"OrangePellets":[0],"counters":[9,35],"Juzu Bracelet":1,"obtain_stats":[{"KeepersGift":0,"Iron Core":3,"DaveBox":0,"Juzu Bracelet":10,"Akabeko":9,"OrangePellets":0,"D6":0,"SynthV:TestCard":1,"NightmareShop":17,"Ring of Peace":8,"Ring of Shattering":8,"Cracked Core":0,"HushsDoor":0,"InkBottle":10,"REME_ComplimentaryCards":0},{"KeepersGift":0,"Iron Core":2,"DaveBox":0,"Juzu Bracelet":5,"Akabeko":4,"OrangePellets":0,"D6":0,"SynthV:TestCard":1,"NightmareShop":8,"Ring of Peace":4,"Ring of Shattering":4,"Cracked Core":0,"HushsDoor":0,"InkBottle":5,"REME_ComplimentaryCards":0},{"KeepersGift":0,"Iron Core":6,"DaveBox":0,"Juzu Bracelet":15,"Akabeko":11,"OrangePellets":0,"D6":0,"SynthV:TestCard":4,"NightmareShop":32,"Ring of Peace":11,"Ring of Shattering":11,"Cracked Core":0,"HushsDoor":0,"InkBottle":15,"REME_ComplimentaryCards":0}],"InkBottle":[4]},"card_choices":[{"not_picked":["MostiFishMod:PushDownKick","Rebound"],"picked":"Doom and Gloom","floor":0},{"not_picked":["Defragment","Compile Driver","Heatsinks"],"picked":"SKIP","floor":1},{"not_picked":["Compile Driver","Streamline","Time Bomb","Ball Lightning"],"picked":"Auto Shields","floor":2},{"not_picked":["Darkness","MostiFishMod:FluxCapactior","Rebound","REME_Whirling"],"picked":"Sweeping Beam","floor":4},{"not_picked":["Beam Cell","ReplayTheSpireMod:Repulse","Hologram","Chill"],"picked":"Turbo","floor":7},{"not_picked":["BasicCrystalCard","Steam Power","Loop","Pulse"],"picked":"Conserve Battery","floor":10},{"not_picked":["Sweeping Beam","ReplayTheSpireMod:System Scan","Cancel","Doom and Gloom","Coolheaded"],"picked":"SKIP","floor":13},{"not_picked":["REME_Compress","Cold Snap","Panic Button","Fire Breathing"],"picked":"Firewall","floor":14},{"not_picked":["Hologram","Steam","BasicCrystalCard","FTL"],"picked":"Turbo+1","floor":18}],"player_experience":403003,"relics_obtained":[{"floor":1,"key":"SynthV:TestCard"},{"floor":8,"key":"Ring of Peace"},{"floor":8,"key":"Ring of Shattering"},{"floor":9,"key":"Akabeko"},{"floor":10,"key":"InkBottle"},{"floor":10,"key":"Juzu Bracelet"}],"event_choices":[{"damage_healed":0,"gold_gain":0,"player_choice":"Fight","damage_taken":0,"max_hp_gain":0,"max_hp_loss":0,"event_name":"HidenRoomEvent","floor":10,"gold_loss":0},{"damage_healed":0,"gold_gain":66,"player_choice":"Gained Gold","damage_taken":0,"max_hp_gain":0,"max_hp_loss":0,"event_name":"Golden Wing","floor":12,"gold_loss":0}],"is_beta":false,"boss_relics":[{"not_picked":["Painkiller Herb","Honey Jar"],"picked":"NightmareShop"},{"not_picked":[]}],"items_purged_floors":[17],"is_endless":false,"potions_floor_spawned":[2,4,18],"killed_by":"Spheric Guardian","ascension_level":0}}