{"host":"5wf60zc4jjt9ov65","time":1609553906,"event":{"mods":["AchievementEnabler","BaseMod","Beaked The Cultist","Better Altar","Better Match","Better Note","Better Sensory Stone","Better Skull","Better Third Choice","BetterRewards","Colored Map","Colored Powertips","Downfall","Googly Eyes","Halation","Highlight Path","Hubris","Infinite Spire","Minty Spire (QoL Compilation)","Permanent Neow","Quick Restart","Replay The Spire","StSLib","The Bug Knight","The Construct"],"gold_per_floor":[122,143,143,155,177,177,177,178,202,202,232,232,157,177,177,309,309,344,344,254,233,146,183,183,183,208,123,143,143,143,143,143,143,143,258,258,280,280,293,316,321,321],"floor_reached":41,"playtime":3308,"items_purged":["Defend_G"],"score":407,"play_id":"5adad403-b41b-46b8-b677-2817013b754c","local_time":"20210101211826","is_ascension_mode":false,"campfire_choices":[{"data":"Draining Mist","floor":6,"key":"SMITH"},{"data":"Blade Dance","floor":10,"key":"SMITH"},{"data":"Dash","floor":12,"key":"SMITH"},{"floor":15,"key":"REST"},{"floor":29,"key":"REST"},{"floor":34,"key":"REST"}],"circlet_count":0,"master_deck":["Strike_G+1","Strike_G+1","Strike_G+1","Defend_G+1","Defend_G+1","Defend_G+1","Defend_G+1","Survivor","Neutralize","Prepared","Draining Mist+1","Flying Knee","Blade Dance+1","Dash+1","Poisoned Stab","Replay:Bag of Tricks+1","Blade Dance+1","PiercingWail","Dagger Throw+1","Skewer","ReplayTheSpireMod:Muscle Training+1","hubris:SlightOfHand+1","infinitespire:Neurotoxin+1","ReplayTheSpireMod:Speed Training+1","Noxious Fumes","After Image"],"relics":["sneckomod:SneckoSoul","halation:IllGainedPizza","infinitespire:Cubic Diamond","Lantern","Matryoshka","halation:HeavySnake","Ancient Tea Set","hubris:AncientText","infinitespire:Satchel","halation:PrussianBluePaint","Toxic Egg 2","halation:PinkSoulGem","Sozu"],"acts_visited":["Exordium","TheCity","TheBeyond"],"potions_floor_usage":[11,23,23,23],"damage_taken":[{"damage":0,"enemies":"2 Louse","floor":1,"turns":4},{"damage":0,"enemies":"Jaw Worm","floor":2,"turns":4},{"damage":0,"enemies":"Cultist","floor":4,"turns":3},{"damage":12,"enemies":"Exordium Wildlife","floor":5,"turns":5},{"damage":16,"enemies":"Lagavulin","floor":11,"turns":7},{"damage":0,"enemies":"2 Fungi Beasts","floor":14,"turns":4},{"damage":15,"enemies":"The Guardian","floor":16,"turns":13},{"damage":0,"enemies":"3 Byrds","floor":18,"turns":4},{"damage":17,"enemies":"2 Thieves","floor":21,"turns":5},{"damage":35,"enemies":"Slavers","floor":23,"turns":6},{"damage":9,"enemies":"Centurion and Healer","floor":28,"turns":7},{"damage":48,"enemies":"Champ","floor":35,"turns":12},{"damage":0,"enemies":"Orb Walker","floor":37,"turns":4},{"damage":0,"enemies":"3 Shapes","floor":39,"turns":4},{"damage":55,"enemies":"Transient","floor":40,"turns":5},{"damage":18,"enemies":"Sphere and 2 Shapes","floor":41,"turns":4}],"seed_played":"3003891115707535959","potions_obtained":[{"floor":4,"key":"Energy Potion"},{"floor":5,"key":"FearPotion"},{"floor":18,"key":"champ:CounterPotion"},{"floor":21,"key":"Block Potion"}],"is_trial":false,"path_per_floor":["M","M","?","M","M","R","?","?","T","R","E","R","$","M","R","B",null,"M","?","?","M","$","E","?","AVR","T","?","M","R","PTL","PTL","?","?","R","B",null,"M","?","M","M","M"],"character_chosen":"THE_SILENT","items_purchased":["PiercingWail","Dagger Throw+1"],"campfire_rested":3,"item_purchase_floors":[22,22],"current_hp_per_floor":[70,70,70,70,58,58,58,51,51,51,35,35,35,35,56,41,70,70,70,70,53,53,18,18,18,18,18,9,30,30,30,30,30,51,3,70,70,70,70,15,0,0],"gold":321,"neow_bonus":"RANDOM_COMMON_RELIC","is_daily":false,"chose_seed":false,"campfire_upgraded":3,"win_rate":0.0,"timestamp":1609553906,"path_taken":["M","M","?","M","M","R","?","?","T","R","E","R","?","?","R","BOSS","M","?","?","M","$","E","?","AVR","T","?","?","R","PTL","PTL","?","?","R","BOSS","M","?","M","?","M"],"items_purchased_type":["Card","Card"],"build_version":"2020-12-22","purchased_purges":1,"victory":false,"max_hp_per_floor":[70,70,70,70,70,70,70,70,70,70,70,70,70,70,70,70,70,70,70,70,70,70,70,70,70,70,70,70,70,70,70,70,70,70,70,70,70,70,70,70,70,70],"card_choices":[{"not_picked":["Sucker Punch","Flechettes"],"picked":"Prepared","floor":1},{"not_picked":["Finisher","Dodge and Roll"],"picked":"Draining Mist","floor":2},{"not_picked":["Dodge and Roll","Deflect"],"picked":"Flying Knee","floor":4},{"not_picked":["PiercingWail","Expertise"],"picked":"Blade Dance","floor":5},{"not_picked":["ReplayTheSpireMod:The Works","Deadly Poison"],"picked":"Dash","floor":11},{"not_picked":["Masterful Stab","ReplayTheSpireMod:Exploit Weakness"],"picked":"Poisoned Stab","floor":14},{"not_picked":["Tools of the Trade","Wraith Form v2"],"picked":"Replay:Bag of Tricks","floor":16},{"not_picked":["Quick Slash+1","PiercingWail"],"picked":"Outmaneuver","floor":18},{"not_picked":["Backflip","Slice"],"picked":"Blade Dance+1","floor":21},{"not_picked":["Blade Dance","Backflip+1"],"picked":"Skewer","floor":23},{"not_picked":["Flechettes","Tactician+1"],"picked":"hubris:SlightOfHand+1","floor":28},{"not_picked":["Burst+1","Tools of the Trade"],"picked":"infinitespire:Neurotoxin+1","floor":35},{"not_picked":["Predator+1","Slice+1"],"picked":"ReplayTheSpireMod:Speed Training+1","floor":37},{"not_picked":["Slice","Infinite Blades"],"picked":"Noxious Fumes","floor":39},{"not_picked":["All Out Attack+1","Dagger Spray"],"picked":"After Image","floor":40}],"player_experience":2223,"relics_obtained":[{"floor":9,"key":"Lantern"},{"floor":11,"key":"Matryoshka"},{"floor":23,"key":"Ancient Tea Set"},{"floor":26,"key":"infinitespire:Satchel"},{"floor":26,"key":"halation:PrussianBluePaint"}],"event_choices":[{"cards_removed":["Strike_G"],"damage_healed":0,"gold_gain":0,"player_choice":"Card Removal","damage_taken":7,"max_hp_gain":0,"max_hp_loss":0,"event_name":"Golden Wing","floor":8,"gold_loss":0},{"cards_removed":["Outmaneuver"],"damage_healed":5,"gold_gain":0,"player_choice":"Offered Common","damage_taken":0,"max_hp_gain":0,"max_hp_loss":0,"event_name":"Bonfire Elementals","floor":19,"gold_loss":0},{"cards_removed":["Outmaneuver"],"damage_healed":5,"gold_gain":0,"player_choice":"Offered Special","damage_taken":0,"max_hp_gain":0,"max_hp_loss":0,"event_name":"Bonfire Elementals","floor":19,"gold_loss":0},{"cards_removed":["Strike_G"],"damage_healed":0,"gold_gain":0,"player_choice":"Upgrade and Remove","damage_taken":0,"max_hp_gain":0,"max_hp_loss":0,"event_name":"Designer","floor":20,"gold_loss":90,"cards_upgraded":["Strike_G"]},{"damage_healed":0,"gold_gain":0,"player_choice":"Take","damage_taken":0,"max_hp_gain":0,"max_hp_loss":0,"event_name":"betterNote:BetterNote","floor":24,"gold_loss":0,"cards_obtained":["ReplayTheSpireMod:Muscle Training"]},{"damage_healed":0,"gold_gain":0,"player_choice":"Obtained Relic","damage_taken":0,"relics_obtained":["Toxic Egg 2"],"max_hp_gain":0,"max_hp_loss":0,"event_name":"Addict","floor":27,"gold_loss":85},{"damage_healed":0,"gold_gain":0,"player_choice":"Simplicity","damage_taken":0,"max_hp_gain":0,"max_hp_loss":6,"event_name":"betterThird:BetterWriting","floor":32,"gold_loss":0},{"damage_healed":0,"gold_gain":0,"player_choice":"Forge","damage_taken":0,"max_hp_gain":0,"max_hp_loss":0,"event_name":"Accursed Blacksmith","floor":38,"gold_loss":0,"cards_upgraded":["Replay:Bag of Tricks"]}],"is_beta":false,"boss_relics":[{"not_picked":["Runic Pyramid","SacredBark"],"picked":"halation:HeavySnake"},{"not_picked":["ReplayTheSpireMod:DimensionalGlitch","hubris:GrandSneckoEye"],"picked":"Sozu"}],"items_purged_floors":[13],"is_endless":false,"potions_floor_spawned":[4,5,18,21,39],"killed_by":"Sphere and 2 Shapes","ascension_level":0}}