{"host":"h4lp0eeso8a0ssq0","time":1609621306,"event":{"mods":["2.2 Compatiblity","AchievementEnabler","BaseMod","CapriCore","Colored Map","Lobotomy","Minty Spire (QoL Compilation)","StSLib","SuperFastMode"],"gold_per_floor":[109,124,124,142,162,162,179,191,191,116,134,134,153,187,187,288,288,300,300,300,314,114,114,134,145,145,162,182,198,198,231,231,231,231],"floor_reached":33,"playtime":802,"items_purged":["Strike_R","Defend_R"],"score":275,"play_id":"c10f11a3-2102-44d9-a445-a071dee54cdb","local_time":"20210103060146","is_ascension_mode":false,"campfire_choices":[{"data":"Perfected Strike","floor":6.0,"key":"SMITH"},{"data":"Shockwave","floor":12,"key":"SMITH"},{"data":"Demon Form","floor":15,"key":"SMITH"},{"data":"Perfected Strike","floor":23,"key":"SMITH"},{"floor":30,"key":"REST"},{"floor":32,"key":"REST"}],"circlet_count":0,"master_deck":["Strike_R","Strike_R","Strike_R","Strike_R","Defend_R","Defend_R","Defend_R","Bash","Demon Form+1","Shrug It Off","Pommel Strike","Shockwave+1","Perfected Strike+1","Inflame","Twin Strike","Disarm","Pommel Strike","Perfected Strike+1","Spot Weakness","Disarm","Shrug It Off","Perfected Strike"],"relics":["Burning Blood","Dream Catcher","Pear","Cursed Key","Nunchaku"],"acts_visited":["Exordium","TheCity"],"potions_floor_usage":[31],"damage_taken":[{"damage":1.0,"enemies":"Cultist","floor":1.0,"turns":4.0},{"damage":0.0,"enemies":"2 Louse","floor":2.0,"turns":4.0},{"damage":8.0,"enemies":"Small Slimes","floor":4.0,"turns":4.0},{"damage":18.0,"enemies":"Exordium Thugs","floor":5.0,"turns":4.0},{"damage":8.0,"enemies":"Red Slaver","floor":7.0,"turns":3.0},{"damage":5,"enemies":"Looter","floor":8,"turns":3},{"damage":0,"enemies":"Large Slime","floor":11,"turns":4},{"damage":7,"enemies":"3 Louse","floor":13,"turns":4},{"damage":11,"enemies":"Lagavulin","floor":14,"turns":5},{"damage":35,"enemies":"Slime Boss","floor":16,"turns":7},{"damage":5,"enemies":"Chosen","floor":18,"turns":3},{"damage":9,"enemies":"3 Byrds","floor":21,"turns":5},{"damage":29,"enemies":"Centurion and Healer","floor":24,"turns":4},{"damage":22,"enemies":"Sentry and Sphere","floor":25,"turns":4},{"damage":13,"enemies":"3 Cultists","floor":27,"turns":5},{"damage":14,"enemies":"Snake Plant","floor":28,"turns":5},{"damage":2,"enemies":"Snecko","floor":29,"turns":4},{"damage":46,"enemies":"Gremlin Leader","floor":31,"turns":5},{"damage":68,"enemies":"Automaton","floor":33,"turns":6}],"seed_played":"7787674636799685574","potions_obtained":[{"floor":4.0,"key":"Regen Potion"},{"floor":8,"key":"ElixirPotion"},{"floor":11,"key":"FearPotion"}],"is_trial":false,"path_per_floor":["M","M","?","M","M","R","M","M","T","$","M","R","M","E","R","B",null,"M","?","?","M","$","R","M","M","T","M","M","M","R","E","R","B"],"character_chosen":"IRONCLAD","items_purchased":["Disarm","Shrug It Off"],"campfire_rested":2,"item_purchase_floors":[22,22],"current_hp_per_floor":[80,80,73,71,59,59,57,58,58,58,64,64,63,68,68,39,90,90,90,90,87,87,87,64,48,48,41,33,37,64,33,60,0,0],"gold":231,"neow_bonus":"ONE_RANDOM_RARE_CARD","is_daily":false,"chose_seed":false,"campfire_upgraded":4,"win_rate":0.0,"timestamp":1609621306,"path_taken":["M","?","?","M","M","R","M","M","T","$","M","R","M","E","R","BOSS","M","?","?","M","$","R","M","M","T","M","?","M","R","E","R","BOSS"],"items_purchased_type":["Card","Card"],"build_version":"2020-12-22","purchased_purges":2,"victory":false,"max_hp_per_floor":[80,80,80,80,80,80,80,80,80,80,80,80,80,90,90,90,90,90,90,90,90,90,90,90,90,90,90,90,90,90,90,90,90,90],"card_choices":[{"not_picked":["Wild Strike","Combust"],"picked":"Shrug It Off","floor":1.0},{"not_picked":["True Grit","Havoc"],"picked":"Pommel Strike","floor":2.0},{"not_picked":["Feel No Pain","Warcry"],"picked":"Shockwave","floor":4.0},{"not_picked":["Hemokinesis","Heavy Blade"],"picked":"Perfected Strike","floor":5.0},{"not_picked":["Cleave","Sword Boomerang"],"picked":"Inflame","floor":7},{"not_picked":["Demon Form","Cleave","Rupture"],"picked":"SKIP","floor":8},{"not_picked":["Body Slam","Iron Wave"],"picked":"Twin Strike","floor":11},{"not_picked":["Inflame","Anger"],"picked":"Disarm","floor":13},{"not_picked":["Intimidate","Double Tap"],"picked":"Pommel Strike","floor":14},{"not_picked":["Heavy Blade","Twin Strike"],"picked":"Perfected Strike","floor":18},{"not_picked":["Sentinel","Heavy Blade"],"picked":"Spot Weakness","floor":21},{"not_picked":["True Grit+1","Reckless Charge","Warcry"],"picked":"SKIP","floor":24},{"not_picked":["Fire Breathing","Armaments","Wild Strike+1"],"picked":"SKIP","floor":25},{"not_picked":["Flex","Havoc","Shockwave+1"],"picked":"SKIP","floor":27},{"not_picked":["Flex","Havoc","Shockwave+1"],"picked":"SKIP","floor":27},{"not_picked":["Flex","Thunderclap+1","Metallicize"],"picked":"SKIP","floor":28},{"not_picked":["Power Through","Reaper","Thunderclap"],"picked":"SKIP","floor":29},{"not_picked":["Sentinel","Iron Wave","Sword Boomerang"],"picked":"SKIP","floor":31},{"not_picked":["Clash","Warcry"],"picked":"Perfected Strike","floor":32}],"player_experience":34121,"relics_obtained":[{"floor":14,"key":"Pear"},{"floor":31,"key":"Nunchaku"}],"event_choices":[{"damage_healed":0.0,"max_hp_gain":0.0,"max_hp_loss":0.0,"gold_gain":0.0,"event_name":"Scrap Ooze","player_choice":"Success","floor":3.0,"gold_loss":0.0,"damage_taken":7.0,"relics_obtained":["Dream Catcher"]},{"damage_healed":0,"gold_gain":0,"player_choice":"Ignored","damage_taken":0,"max_hp_gain":0,"max_hp_loss":0,"event_name":"Vampires","floor":19,"gold_loss":0},{"damage_healed":0,"gold_gain":0,"player_choice":"Full Heal","damage_taken":0,"max_hp_gain":0,"max_hp_loss":0,"event_name":"Wheel of Change","floor":20,"gold_loss":0}],"is_beta":false,"boss_relics":[{"not_picked":["Ectoplasm","Black Blood"],"picked":"Cursed Key"}],"items_purged_floors":[10,22],"is_endless":false,"potions_floor_spawned":[4,8,11,14,16,24,25,27,29],"killed_by":"Automaton","ascension_level":0}}