{"host":"hfcva6mq15ctj0gu","time":1609624589,"event":{"mods":["Abigail Mod","AchievementEnabler","Act Like it!","Alarm Clock","BaseMod","Better Altar","Better Match","Better Note","Better Skull","Better Third Choice","BetterRewards","CapriCore","Card Forge","Colored Map","Curses Come First","Disable Question Mark Monsters","Displayed Cursed Tome","Emptier Cage","FoggyMod","Friendly Minions","Gold Saver","Grow up Mod","Highlight Path","Kiyohime????","Kratos Character Expansion","Marisa????????","Minty Spire (QoL Compilation)","Permanent Neow","Reimu??????","Remilia??????","Shade Mod","Shop Mod","StSLib","The Immortal","The Servant 0.9.4","The Vixen","Transform Curses","Virulent Crown","Yakumo Yukari mod","????"],"gold_per_floor":[2211,1188,1251,1095,1095,1122,1122,1155,1179,1179,1179,1215,605,621,179,322,334,369,381,393,405,436,36,89,125,137,8,8,8,78,78,78,208,208,233,3,3,3,72,103,116,43,88,124,139,173,173,173,173,173,173,22,22,57,57],"floor_reached":56,"playtime":2454,"items_purged":[],"score":1811,"play_id":"5329d057-57f1-4492-93e2-fcbcdde087f8","local_time":"20210102225629","is_ascension_mode":false,"campfire_choices":[{"floor":32,"key":"RECALL"},{"floor":49,"key":"REST"}],"circlet_count":0,"master_deck":["Observe_purple_1+1","Observe_purple_2+1","Panache+1","AdvanceAttack_purple+1","Bait_HighSpeedFlying_purple+1","Mirror_FormAndEmptin_purple+1","Photoelasticity_Doppler_Effect_purple+1","Shallow_ocean_purpleEX+1","StateErode_purple+1","DimensionStaggered_purple+1","EighthInstrument_OneDividesIntoTwo_purple+1","Fantasy_PerpetualMotionMachine_purple+1","Human_Monster_Realm_purple+1","Mayhem+1","WeekHit_purple+1","ExistenceContinue_purple+1","ExternalForce_HighSpeedFlying_purple+1","Insight+1","Boundary_DynamicStaticEquilibrium_purple+1","StateErode_purple+1","Mirror_FormAndEmptin_purple+1","Shallow_ocean_purpleEX+1","Know_ledgeAbilityRealm_purple+1","Mirror_FormAndEmptin_purple+1","Mirror_FourBoundary_purple+1","Shallow_ocean_purpleEX+1","OmniscientAndOmnipotent_Monster_purple+1","DistantPastFriend_purple+1","Human_Monster_Realm_purple+1","Photoelasticity_Doppler_Effect_purple+1"],"relics":["Boundary_crack","Memoryfragments_purpleEX","Hammer of Thor","Seething Fire","Anvil of the Gods","MerchantsRug","Sling","Nunchaku","WingedGreaves","Sundial","ClockworkSouvenir","TheEssenceOfRealm","Gremlin Horn","Pen Nib","Golden Idol","Lantern","ThegodofHakurei_purpleEX","Turnip","CrazyTorch:ReiMu","Strange Spoon","Mummified Hand","Toxic Egg 2","Pantograph","Membership Card","Ornamental Fan","Vajra","TheAbacus","Regal Pillow","Bag of Marbles","Frozen Eye","Smiling Mask","Ancient Tea Set","RuthlessExorcism:ReiMu","Shuriken","TentaclePot:ReiMu","InkBottle"],"acts_visited":["Exordium","TheCity","TheBeyond","TheEnding"],"potions_floor_usage":[],"damage_taken":[{"damage":0,"enemies":"Small Slimes","floor":1,"turns":2},{"damage":34,"enemies":"3 Sentries","floor":6,"turns":2},{"damage":40,"enemies":"Lagavulin","floor":8,"turns":3},{"damage":18,"enemies":"Gremlin Nob","floor":12,"turns":2},{"damage":3,"enemies":"Jaw Worm","floor":14,"turns":2},{"damage":17,"enemies":"The Guardian","floor":16,"turns":4},{"damage":0,"enemies":"Spheric Guardian","floor":18,"turns":1},{"damage":7,"enemies":"Shell Parasite","floor":22,"turns":2},{"damage":95,"enemies":"Book of Stabbing","floor":24,"turns":1},{"damage":1,"enemies":"Cultist and Chosen","floor":25,"turns":2},{"damage":0,"enemies":"Automaton","floor":33,"turns":3},{"damage":0,"enemies":"3 Darklings","floor":35,"turns":1},{"damage":0,"enemies":"Giant Head","floor":40,"turns":2},{"damage":0,"enemies":"Orb Walker","floor":41,"turns":1},{"damage":31,"enemies":"Nemesis","floor":44,"turns":4},{"damage":0,"enemies":"Spire Growth","floor":45,"turns":2},{"damage":0,"enemies":"Giant Head","floor":46,"turns":3},{"damage":169,"enemies":"Giant Head","floor":48,"turns":11},{"damage":18,"enemies":"Time Eater","floor":50,"turns":4},{"damage":0,"enemies":"Shield and Spear","floor":54,"turns":1},{"damage":19,"enemies":"The Heart","floor":55,"turns":5}],"seed_played":"-212816405152277846","potions_obtained":[{"floor":6,"key":"Strength Potion"},{"floor":14,"key":"AttackPotion"},{"floor":22,"key":"EssenceOfSteel"},{"floor":24,"key":"ColorlessPotion"},{"floor":33,"key":"Strength Potion"},{"floor":44,"key":"ColorlessPotion"},{"floor":46,"key":"Strength Potion"},{"floor":54,"key":"Weak Potion"}],"is_trial":false,"path_per_floor":["M","$","?","$","?","E","T","E","T","?","?","E","$","M","R","B",null,"M","?","$","?","M","R","E","M","T","$","?","R","T","?","R","B",null,"M","$","?","?","$","E","M","$","T","E","M","E","T","?","R","B",null,"R","$","E","B",null],"character_chosen":"Youkari","items_purchased":["MerchantsRug","Sling","Nunchaku","Panache","WingedGreaves","Sundial","ClockworkSouvenir","Mirror_FormAndEmptin_purple","Photoelasticity_Doppler_Effect_purple","KratosMod:FullCounter","TheEssenceOfRealm","ThegodofHakurei_purpleEX","CommonSense_AntiCommonSense_purple","Turnip","Fantasy_PerpetualMotionMachine_purple","EighthInstrument_OneDividesIntoTwo_purple","DollysMirror","MawBank","CrazyTorch:ReiMu","Strange Spoon","Mummified Hand","Membership Card","Vajra","TheAbacus","Regal Pillow","Frozen Eye","Shuriken","TentaclePot:ReiMu"],"campfire_rested":1,"item_purchase_floors":[0,0,0,0,2,2,2,2,2,2,4,13,13,13,15,15,15,15,23,23,23,27,36,36,36,42,52,52],"current_hp_per_floor":[61,71,81,91,101,81,91,67,85,51,61,59,69,82,92,91,257,267,277,287,297,306,316,231,244,254,264,274,284,294,304,314,354,427,437,447,457,467,477,487,497,507,517,501,516,529,539,567,577,574,597,607,617,627,633],"gold":57,"neow_bonus":"","is_daily":false,"chose_seed":false,"campfire_upgraded":0,"win_rate":0.0,"timestamp":1609624589,"path_taken":["M","$","?","$","?","E","?","E","T","?","?","E","$","?","R","BOSS","M","?","$","?","?","R","E","?","T","?","?","R","?","?","R","BOSS","M","$","?","?","$","E","?","?","T","E","?","E","?","?","R","BOSS","R","$","E","BOSS"],"items_purchased_type":["Relic","Relic","Relic","Card","Relic","Relic","Relic","Card","Card","Card","Relic","Relic","Card","Relic","Card","Card","Relic","Relic","Relic","Relic","Relic","Relic","Relic","Relic","Relic","Relic","Relic","Relic"],"build_version":"2020-12-22","purchased_purges":0,"victory":true,"max_hp_per_floor":[90,100,110,120,130,140,150,160,177,187,197,207,217,227,237,247,257,267,277,287,297,307,317,327,337,347,357,367,377,387,397,407,417,427,437,447,457,467,477,487,497,507,517,527,537,547,557,567,577,587,597,607,617,627,647],"card_choices":[{"not_picked":["MeetDecomposer_purple","StateDuplicate_purple"],"picked":"Bait_HighSpeedFlying_purple","floor":1},{"not_picked":["Mirror_WaveAndshot_purple","WasteWire_Metro_purple"],"picked":"Shallow_ocean_purpleEX","floor":6},{"not_picked":["SfantasyHide_purple","MonsterNeedle_purple"],"picked":"StateErode_purple","floor":8},{"not_picked":["Bait_HighSpeedFlying_purple","MonsterNeedle_purple"],"picked":"StateDuplicate_purple","floor":12},{"not_picked":["RuleDissolution_purple","StateErode_purple"],"picked":"DimensionStaggered_purple","floor":14},{"not_picked":["Fancifulhole_purple","WangLiang_LineAndCurveDreams_purple"],"picked":"Human_Monster_Realm_purple","floor":16},{"not_picked":["AdvanceAttack_purple","Boundary_ObjectiveBoundary_purple+1"],"picked":"ExternalForce_HighSpeedFlying_purple+1","floor":18},{"not_picked":["Boundary_DreamRealityDamnation_purple","Worldmountain_purple"],"picked":"Boundary_DynamicStaticEquilibrium_purple","floor":22},{"not_picked":["Nest_LightFlightworm_purple","MonsterNeedle_purple+1"],"picked":"StateErode_purple","floor":24},{"not_picked":["SharpContractionReality_purple","WeekHit_purple+1"],"picked":"Mirror_FormAndEmptin_purple+1","floor":25},{"not_picked":["MagicEyes_LaplaceDemon_purple+1","WangLiang_OokamiKakushi_purple"],"picked":"Know_ledgeAbilityRealm_purple","floor":33},{"not_picked":["Mirror_FourBoundary_purple","StateErode_purple"],"picked":"Mirror_FormAndEmptin_purple+1","floor":35},{"not_picked":["Mirror_FormAndEmptin_purple+1","Yakumo_Ran_purple+1"],"picked":"Mirror_FourBoundary_purple","floor":40},{"not_picked":["MeetDecomposer_purple+1","StateDuplicate_purple+1","Line_surface_state_purple+1"],"picked":"SKIP","floor":41},{"not_picked":["Erosivefilter_purple+1","PurpleNeedle_purple+1"],"picked":"Shallow_ocean_purpleEX","floor":44},{"not_picked":["WingOfChimera_purple+1","StateDuplicate_purple+1"],"picked":"OmniscientAndOmnipotent_Monster_purple","floor":45},{"not_picked":["Nest_LightFlightworm_purple+1","Worldmountain_purple","Charmbait_purple"],"picked":"SKIP","floor":46},{"not_picked":["Worldmountain_purple","StretchesForeverDream_purple+1"],"picked":"Human_Monster_Realm_purple+1","floor":48},{"not_picked":["MetroBOOM_purple+1","Mirror_FourBoundary_purple"],"picked":"Photoelasticity_Doppler_Effect_purple+1","floor":54}],"player_experience":96460,"relics_obtained":[{"floor":6,"key":"Dream Catcher"},{"floor":7,"key":"Gremlin Horn"},{"floor":8,"key":"Pen Nib"},{"floor":9,"key":"Strawberry"},{"floor":12,"key":"Lantern"},{"floor":24,"key":"Toxic Egg 2"},{"floor":26,"key":"Pantograph"},{"floor":30,"key":"Ornamental Fan"},{"floor":40,"key":"Bag of Marbles"},{"floor":43,"key":"Smiling Mask"},{"floor":44,"key":"Ancient Tea Set"},{"floor":46,"key":"RuthlessExorcism:ReiMu"},{"floor":54,"key":"InkBottle"}],"event_choices":[{"damage_healed":0,"gold_gain":63,"player_choice":"Gained Gold","damage_taken":0,"max_hp_gain":0,"max_hp_loss":0,"event_name":"Golden Wing","floor":3,"gold_loss":0},{"damage_healed":0,"gold_gain":0,"player_choice":"Take Damage","damage_taken":44,"relics_obtained":["Golden Idol"],"max_hp_gain":0,"max_hp_loss":0,"event_name":"Golden Idol","floor":10,"gold_loss":0},{"damage_healed":0,"gold_gain":0,"player_choice":"Ignored","damage_taken":0,"max_hp_gain":0,"max_hp_loss":0,"event_name":"betterNote:BetterNote","floor":11,"gold_loss":0,"cards_obtained":["Regret"]},{"damage_healed":0,"gold_gain":0,"player_choice":"Ignored","damage_taken":0,"max_hp_gain":0,"max_hp_loss":0,"event_name":"Purifier","floor":19,"gold_loss":0},{"damage_healed":0,"gold_gain":0,"player_choice":"Insight","damage_taken":0,"max_hp_gain":0,"max_hp_loss":0,"event_name":"betterThird:BetterWriting","floor":21,"gold_loss":0,"cards_obtained":["Insight"]},{"damage_healed":0,"gold_gain":0,"player_choice":"Read","damage_taken":0,"max_hp_gain":0,"max_hp_loss":0,"event_name":"TheLibraryeventEX","floor":28,"gold_loss":0,"cards_obtained":["Shallow_ocean_purpleEX"]},{"damage_healed":0,"gold_gain":0,"player_choice":"Ignored","damage_taken":0,"max_hp_gain":0,"max_hp_loss":0,"event_name":"Transmorgrifier","floor":31,"gold_loss":0},{"cards_removed":["CommonSense_AntiCommonSense_purple"],"damage_healed":0,"gold_gain":0,"player_choice":"Removed Power","damage_taken":0,"max_hp_gain":0,"max_hp_loss":0,"event_name":"Falling","floor":37,"gold_loss":0},{"damage_healed":0,"gold_gain":0,"player_choice":"Ignored","damage_taken":0,"max_hp_gain":0,"max_hp_loss":0,"event_name":"Upgrade Shrine","floor":38,"gold_loss":0}],"is_beta":false,"boss_relics":[{"not_picked":["Pandora\u0027s Box","Cursed Key"],"picked":"Astrolabe"},{"not_picked":["SacredBark","Calling Bell"],"picked":"Empty Cage"}],"items_purged_floors":[],"is_endless":false,"potions_floor_spawned":[6,14,22,24,33,44,46,48,54],"ascension_level":0}}