{"host":"jtlvi4oh1uvp31nc","time":1609589483,"event":{"mods":["Abigail Mod","BaseMod","CapriCore","Marisa£¨Ùöéë¡¡Øª×âÞÞ£©","Minty Spire (QoL Compilation)","Prisma Mod","StSLib","The Immortal","WarShipGirlsR/??á´Ò³R mod"],"gold_per_floor":[159,234,234,234,409,514,514,655,655,655,799,928,928,244,244,577,577,679,669,669,669,163,379,604,1,24,78,78,267,267,267,267,669,669,819,819,930,1086,1086,1368,795,978,1040,1040,237,447,675,876,876,1233,1233,1284,678,843,843,936,1035,1113,1063,1096,1096,274,364,442,523,523,838,838,838],"floor_reached":68,"playtime":4659,"items_purged":["OpenUniverse","Pain","rmod:heivgo","rmod:wasp","WitchOfGreed","DoubleSpark"],"score":2173,"play_id":"5d126468-0c63-4fbf-b8ca-502c361bb854","local_time":"20210102211123","daily_mods":["Draft","Heirloom","Time Dilation","Flight","Elite Swarm","Lethality","Midas"],"is_ascension_mode":true,"campfire_choices":[{"floor":7,"key":"DIG"},{"data":"Doubt","floor":10,"key":"PURGE"},{"data":"NonDirectionalLaser","floor":15,"key":"PURGE"},{"data":"Shame","floor":30,"key":"PURGE"},{"data":"Writhe","floor":32,"key":"PURGE"},{"data":"Parasite","floor":44,"key":"PURGE"},{"data":"WitchOfGreed","floor":49,"key":"PURGE"},{"data":"Writhe","floor":61,"key":"PURGE"},{"data":"rmod:highspeedmaneuver","floor":66,"key":"PURGE"}],"circlet_count":0,"master_deck":["rmod:diamondstrike+1","rmod:victimresponsibility+1","DoubleSpark","rmod:overbreakdown","SprinkleStarSeal","rmod:overbreakdown+1","rmod:intelligenceanalysis","rmod:overbreakdown","rmod:steelsupply","rmod:ridicule","rmod:supportaircraftcarrier+1","rmod:heivgo+1","rmod:diaomin+1","MaximisePower+1","rmod:aviationdawn+1","rmod:highspeedmaneuver+1","rmod:highspeedmaneuver+1","rmod:supriseattacks+1","TreasureHunter","rmod:supriseattacks+1","TreasureHunter","rmod:ammunitionsupply+1","CollectingQuirk+1"],"relics":["Shovel","Darkstone Periapt","StrikeDummy","Peace Pipe","Mango","Incense Burner","StoneCalendar","Anchor","Du-Vu Doll","Potion Belt","TungstenRod","Orrery","Cursed Key","WarpedTongs","Toxic Egg 2","Akabeko","Eternal Feather","Oddly Smooth Stone","FossilizedHelix","Lantern","Nunchaku","Strawberry","CeramicFish","rmod:mogul","Pocketwatch","Unceasing Top","DollysMirror","Juzu Bracelet","Orichalcum","Question Card","HandDrill","InkBottle","Ginger","Bronze Scales","Mummified Hand","Thread and Needle","rmod:quickrepair","Fusion Hammer","Dream Catcher","Kunai","Molten Egg 2","MealTicket","Odd Mushroom","Centennial Puzzle","Sundial","Singing Bowl","Meat on the Bone","Tiny Chest","War Paint","Sling","Prayer Wheel","Pen Nib","PreservedInsect","Smiling Mask","Vajra","rmod:extraamm","Blue Candle","Torii","Philosopher\u0027s Stone"],"acts_visited":["Exordium","TheCity","TheBeyond","Exordium","TheCity"],"potions_floor_usage":[6,12,12,23,23,23,29,29,29,33,33,33,33,37,40,42,42,42,42,46,67],"damage_taken":[{"damage":0,"enemies":"Cultist","floor":1,"turns":2},{"damage":0,"enemies":"Gremlin Nob","floor":6,"turns":2},{"damage":0,"enemies":"Lagavulin","floor":8,"turns":6},{"damage":0,"enemies":"Gremlin Nob","floor":11,"turns":2},{"damage":6,"enemies":"3 Sentries","floor":12,"turns":4},{"damage":13,"enemies":"Slime Boss","floor":16,"turns":5},{"damage":0,"enemies":"3 Byrds","floor":18,"turns":4},{"damage":24,"enemies":"Gremlin Leader","floor":23,"turns":4},{"damage":26,"enemies":"Book of Stabbing","floor":24,"turns":4},{"damage":0,"enemies":"Shell Parasite","floor":27,"turns":3},{"damage":16,"enemies":"Slavers","floor":29,"turns":3},{"damage":0,"enemies":"Collector","floor":33,"turns":8},{"damage":10,"enemies":"3 Darklings","floor":35,"turns":7},{"damage":0,"enemies":"Orb Walker","floor":37,"turns":2},{"damage":0,"enemies":"3 Darklings","floor":38,"turns":5},{"damage":0,"enemies":"Reptomancer","floor":40,"turns":6},{"damage":5,"enemies":"Nemesis","floor":42,"turns":7},{"damage":0,"enemies":"Giant Head","floor":46,"turns":7},{"damage":8,"enemies":"Nemesis","floor":47,"turns":5},{"damage":0,"enemies":"Reptomancer","floor":48,"turns":6},{"damage":0,"enemies":"Awakened One","floor":50,"turns":11},{"damage":0,"enemies":"2 Louse","floor":52,"turns":2},{"damage":0,"enemies":"Gremlin Nob","floor":54,"turns":1},{"damage":0,"enemies":"The Mushroom Lair","floor":56,"turns":1},{"damage":0,"enemies":"3 Sentries","floor":57,"turns":4},{"damage":0,"enemies":"Lagavulin","floor":58,"turns":2},{"damage":0,"enemies":"3 Sentries","floor":63,"turns":7},{"damage":0,"enemies":"Gremlin Nob","floor":64,"turns":2},{"damage":0,"enemies":"3 Sentries","floor":65,"turns":4},{"damage":0,"enemies":"Hexaghost","floor":67,"turns":3}],"seed_played":"-5120373979445664957","potions_obtained":[{"floor":1,"key":"Regen Potion"},{"floor":8,"key":"Explosive Potion"},{"floor":11,"key":"FairyPotion"},{"floor":11,"key":"Block Potion"},{"floor":12,"key":"SkillPotion"},{"floor":12,"key":"Energy Potion"},{"floor":16,"key":"SteroidPotion"},{"floor":18,"key":"SkillPotion"},{"floor":23,"key":"PowerPotion"},{"floor":24,"key":"Block Potion"},{"floor":24,"key":"Explosive Potion"},{"floor":29,"key":"EntropicBrew"},{"floor":29,"key":"PowerPotion"},{"floor":36,"key":"EntropicBrew"},{"floor":36,"key":"SkillPotion"},{"floor":36,"key":"ColorlessPotion"},{"floor":37,"key":"BlessingOfTheForge"},{"floor":38,"key":"DuplicationPotion"},{"floor":42,"key":"Regen Potion"},{"floor":42,"key":"EssenceOfSteel"},{"floor":46,"key":"FairyPotion"},{"floor":46,"key":"AttackPotion"},{"floor":47,"key":"LiquidMemories"},{"floor":50,"key":"FairyPotion"},{"floor":55,"key":"FairyPotion"},{"floor":67,"key":"AttackPotion"}],"is_trial":true,"path_per_floor":["M","?","?","?","?","E","R","E","T","R","E","E","T","$","R","B",null,"M","?","?","?","$","E","E","$","T","M","?","E","R","?","R","B",null,"M","?","M","M","?","E","$","E","T","R","$","E","E","E","R","B",null,"M","$","?","?","?","E","E","?","T","R","$","E","E","E","R","B",null],"character_chosen":"PRAEFECT","items_purchased":["Potion Belt","TungstenRod","Orrery","Toxic Egg 2","Akabeko","rmod:heivgo+1","Fruit Juice","FossilizedHelix","Lantern","Unceasing Top","DollysMirror","Question Card","HandDrill","InkBottle","rmod:ammunitionsupply+1","Dream Catcher","Kunai","War Paint","Sling","Prayer Wheel"],"campfire_rested":0,"item_purchase_floors":[14,14,14,22,22,25,25,25,25,41,41,45,45,45,53,53,53,62,62,62],"current_hp_per_floor":[75,64,49,46,52,57,57,71,71,71,71,65,65,65,65,52,95,95,95,95,101,101,77,51,51,57,57,70,59,71,61,73,73,125,115,115,115,115,115,115,115,110,116,128,128,128,120,120,128,128,128,128,128,128,128,128,130,132,132,138,138,138,140,142,144,144,146,146,146],"gold":838,"neow_bonus":"","is_daily":false,"chose_seed":false,"campfire_upgraded":0,"win_rate":0.0,"timestamp":1609589483,"path_taken":["M","?","?","?","?","E","R","E","T","R","E","E","?","$","R","BOSS","M","?","?","?","$","E","E","$","T","?","?","E","R","?","R","BOSS","M","?","?","?","?","E","$","E","T","R","$","E","E","E","R","BOSS","M","$","?","?","?","E","E","?","T","R","$","E","E","E","R","BOSS"],"items_purchased_type":["Relic","Relic","Relic","Relic","Relic","Card","Potion","Relic","Relic","Relic","Relic","Relic","Relic","Relic","Card","Relic","Relic","Relic","Relic","Relic"],"build_version":"2020-12-22","purchased_purges":6,"victory":false,"max_hp_per_floor":[75,75,75,75,81,81,81,95,95,95,95,95,95,95,95,95,95,95,95,95,101,101,101,101,101,107,107,120,125,125,125,125,125,125,125,125,125,125,125,125,125,125,131,128,128,128,128,128,128,128,128,128,128,128,128,128,130,132,132,138,138,138,140,142,144,144,146,146,146],"card_choices":[{"not_picked":["rmod:robin","GrandCross"],"picked":"rmod:diamondstrike","floor":0},{"not_picked":["AsteroidBelt","MysteriousBeam"],"picked":"NonDirectionalLaser","floor":0},{"not_picked":["AsteroidBelt","PowerUp"],"picked":"WitchOfGreed","floor":0},{"not_picked":["PowerUp","NonDirectionalLaser"],"picked":"rmod:victimresponsibility","floor":0},{"not_picked":["rmod:spoils","ChargeUpSpray"],"picked":"DoubleSpark","floor":0},{"not_picked":["LuminesStrike","WitchLeyline"],"picked":"rmod:heivgo","floor":0},{"not_picked":["OrrerysSun","WitchOfGreed"],"picked":"rmod:overbreakdown","floor":0},{"not_picked":["NonDirectionalLaser","DragonMeteor"],"picked":"DoubleSpark","floor":0},{"not_picked":["SuperPerseids","rmod:unsinkable"],"picked":"rmod:wasp","floor":0},{"not_picked":["DC","DoubleSpark"],"picked":"MysteriousBeam","floor":0},{"not_picked":["ManaConvection","DarkMatter"],"picked":"SprinkleStarSeal","floor":0},{"not_picked":["ShootingEcho","WitchLeyline"],"picked":"rmod:overbreakdown","floor":0},{"not_picked":["NonDirectionalLaser","rmod:lonelyqueen"],"picked":"rmod:intelligenceanalysis","floor":0},{"not_picked":["UnstableBomb","FairyDestructionRay"],"picked":"rmod:overbreakdown","floor":0},{"not_picked":["MilkyWay","DarkSpark"],"picked":"OpenUniverse","floor":0},{"not_picked":["rmod:generalist","6A"],"picked":"rmod:steelsupply","floor":1},{"not_picked":["rmod:stealaluminum","JA","MillisecondPulsars"],"picked":"SKIP","floor":6},{"not_picked":["EscapeVelocity","rmod:fletcher","rmod:timeschanged"],"picked":"SKIP","floor":8},{"not_picked":["JA","MillisecondPulsars"],"picked":"rmod:ridicule","floor":11},{"not_picked":["FinalSpark","ManaRampage"],"picked":"rmod:highspeedmaneuver","floor":12},{"not_picked":["IllusionStar","rmod:intelligenceanalysis"],"picked":"rmod:supportaircraftcarrier","floor":14},{"not_picked":["6A","MilkyWay"],"picked":"WitchOfGreed","floor":18},{"not_picked":["ManaRampage+1","rmod:windflower+1","BigCrunch+1"],"picked":"SKIP","floor":23},{"not_picked":["BigCrunch+1","SatelliteIllusion","rmod:abidefaith"],"picked":"SKIP","floor":24},{"not_picked":["rmod:wolves","ShootTheMoon"],"picked":"rmod:diaomin+1","floor":27},{"not_picked":["JA","SatelliteIllusion"],"picked":"MaximisePower+1","floor":29},{"not_picked":["6A","MysteriousBeam","DC+1"],"picked":"SKIP","floor":35},{"not_picked":["DC+1","AsteroidBelt+1"],"picked":"rmod:aviationdawn+1","floor":37},{"not_picked":["DeepEcoloBomb+1","GalacticHalo+1","MeteoricShower"],"picked":"SKIP","floor":38},{"not_picked":["StarDustReverie+1","BigCrunch+1"],"picked":"rmod:highspeedmaneuver+1","floor":40},{"not_picked":["ManaRampage+1","rmod:expeditionaryescort"],"picked":"rmod:supriseattacks+1","floor":42},{"not_picked":["ManaRampage+1","rmod:highspeedmaneuver+1","CasketOfStar"],"picked":"TreasureHunter","floor":46},{"not_picked":["MaximisePower+1","BinaryStars+1","EscapeVelocity"],"picked":"rmod:supriseattacks+1","floor":47},{"not_picked":["EscapeVelocity","BinaryStars+1","rmod:secretscript"],"picked":"TreasureHunter","floor":48},{"not_picked":["rmod:fletcherpendant","rmod:combined","MysteriousBeam","WitchOfGreed"],"picked":"SKIP","floor":52},{"not_picked":["rmod:luckystar+1","WitchOfGreed","rmod:gendarmerie+1"],"picked":"CollectingQuirk+1","floor":56},{"not_picked":["MillisecondPulsars","rmod:auspiciousomen+1","rmod:fletcher+1","JA+1"],"picked":"Singing Bowl","floor":57},{"not_picked":["rmod:supriseattacks+1","rmod:seals","CasketOfStar","CollectingQuirk+1"],"picked":"Singing Bowl","floor":58},{"not_picked":["StarDustReverie+1","ManaRampage+1","rmod:u235+1","rmod:secretscript"],"picked":"Singing Bowl","floor":63},{"not_picked":["rmod:saltedfish+1","rmod:windflower+1","rmod:desperatesituation","rmod:supriseattacks+1"],"picked":"Singing Bowl","floor":64},{"not_picked":["CasketOfStar","FinalSpark+1","SuperNova","EscapeVelocity"],"picked":"Singing Bowl","floor":65},{"not_picked":["rmod:seals","rmod:desperatesituation","StarDustReverie+1","MillisecondPulsars"],"picked":"Singing Bowl","floor":67}],"player_experience":591094,"relics_obtained":[{"floor":6,"key":"StrikeDummy"},{"floor":7,"key":"Peace Pipe"},{"floor":8,"key":"Mango"},{"floor":9,"key":"Incense Burner"},{"floor":11,"key":"StoneCalendar"},{"floor":12,"key":"Anchor"},{"floor":13,"key":"Du-Vu Doll"},{"floor":23,"key":"Eternal Feather"},{"floor":24,"key":"Oddly Smooth Stone"},{"floor":26,"key":"Nunchaku"},{"floor":29,"key":"CeramicFish"},{"floor":40,"key":"Pocketwatch"},{"floor":42,"key":"Juzu Bracelet"},{"floor":43,"key":"Orichalcum"},{"floor":46,"key":"Ginger"},{"floor":47,"key":"Bronze Scales"},{"floor":47,"key":"Mummified Hand"},{"floor":48,"key":"Thread and Needle"},{"floor":50,"key":"rmod:quickrepair"},{"floor":54,"key":"Molten Egg 2"},{"floor":54,"key":"MealTicket"},{"floor":56,"key":"Odd Mushroom"},{"floor":57,"key":"Centennial Puzzle"},{"floor":57,"key":"Sundial"},{"floor":57,"key":"Singing Bowl"},{"floor":58,"key":"Meat on the Bone"},{"floor":60,"key":"Tiny Chest"},{"floor":63,"key":"Pen Nib"},{"floor":63,"key":"PreservedInsect"},{"floor":64,"key":"Smiling Mask"},{"floor":65,"key":"Vajra"},{"floor":65,"key":"rmod:extraamm"},{"floor":65,"key":"Blue Candle"},{"floor":67,"key":"Torii"}],"event_choices":[{"damage_healed":0,"gold_gain":75,"player_choice":"Gather Gold","damage_taken":11,"max_hp_gain":0,"max_hp_loss":0,"event_name":"World of Goop","floor":2,"gold_loss":0},{"damage_healed":0,"gold_gain":0,"player_choice":"Entered Light","damage_taken":15,"max_hp_gain":0,"max_hp_loss":0,"event_name":"Shining Light","floor":3,"gold_loss":0,"cards_upgraded":["rmod:victimresponsibility","rmod:diamondstrike"]},{"damage_healed":0,"gold_gain":0,"player_choice":"Success","damage_taken":3,"relics_obtained":["Darkstone Periapt"],"max_hp_gain":0,"max_hp_loss":0,"event_name":"Scrap Ooze","floor":4,"gold_loss":0},{"damage_healed":0,"gold_gain":175,"player_choice":"AGREE","damage_taken":0,"max_hp_gain":0,"max_hp_loss":0,"event_name":"Liars Game","floor":5,"gold_loss":0,"cards_obtained":["Doubt"]},{"cards_removed":["MysteriousBeam"],"damage_healed":0,"gold_gain":0,"player_choice":"Elegance","damage_taken":0,"max_hp_gain":0,"max_hp_loss":0,"event_name":"Back to Basics","floor":20,"gold_loss":0},{"damage_healed":0,"gold_gain":0,"player_choice":"Rummage","damage_taken":0,"relics_obtained":["WarpedTongs"],"max_hp_gain":0,"max_hp_loss":0,"event_name":"Accursed Blacksmith","floor":21,"gold_loss":0,"cards_obtained":["Pain"]},{"damage_healed":0,"gold_gain":0,"player_choice":"Stole Relic","damage_taken":0,"relics_obtained":["Strawberry"],"max_hp_gain":0,"max_hp_loss":0,"event_name":"Addict","floor":28,"gold_loss":0,"cards_obtained":["Shame"]},{"damage_healed":0,"gold_gain":0,"player_choice":"POTION ","damage_taken":12,"max_hp_gain":0,"max_hp_loss":0,"event_name":"Knowing Skull","floor":31,"potions_obtained":["LiquidMemories"],"gold_loss":0,"cards_obtained":[]},{"damage_healed":0,"gold_gain":0,"player_choice":"Got Potions","damage_taken":0,"max_hp_gain":0,"max_hp_loss":0,"event_name":"Lab","floor":36,"gold_loss":0},{"damage_healed":0,"gold_gain":0,"player_choice":"Bought 0 Potions","damage_taken":0,"max_hp_gain":0,"max_hp_loss":0,"event_name":"The Woman in Blue","floor":39,"gold_loss":0},{"damage_healed":0,"gold_gain":0,"player_choice":"Searched \u00271\u0027 times","damage_taken":0,"max_hp_gain":0,"max_hp_loss":0,"event_name":"Dead Adventurer","floor":54,"gold_loss":0},{"damage_healed":0,"gold_gain":0,"player_choice":"Got Potions","damage_taken":0,"max_hp_gain":0,"max_hp_loss":0,"event_name":"Lab","floor":55,"gold_loss":0},{"damage_healed":0,"gold_gain":0,"player_choice":"Fought Mushrooms","damage_taken":0,"max_hp_gain":0,"max_hp_loss":0,"event_name":"Mushrooms","floor":56,"gold_loss":0},{"cards_removed":["rmod:fletcherpendant"],"damage_healed":0,"gold_gain":0,"player_choice":"Card Removal","damage_taken":0,"max_hp_gain":0,"max_hp_loss":0,"event_name":"The Cleric","floor":59,"gold_loss":50}],"is_beta":false,"boss_relics":[{"not_picked":["Snecko Eye","Astrolabe"],"picked":"Cursed Key"},{"not_picked":["Empty Cage","Black Star"],"picked":"rmod:mogul"},{"not_picked":["Runic Dome","SlaversCollar"],"picked":"Fusion Hammer"},{"not_picked":["Busted Crown","Black Star"],"picked":"Philosopher\u0027s Stone"}],"items_purged_floors":[14,22,41,45,53,62],"is_endless":true,"potions_floor_spawned":[1,11,12,18,33,50,52,54,67],"ascension_level":1}}