{"host":"37dk0reb6x0du8wx","time":1609586578,"event":{"mods":["BaseMod","Colored Map","DeckTracker","Minty Spire (QoL Compilation)","Quick Restart","StSLib","The Dragon Tamer"],"gold_per_floor":[118,118,118,43,56,56,85,85,85,103,178,208,224,224,224,224,224],"floor_reached":16,"playtime":380,"items_purged":["Strike_B"],"score":119,"play_id":"98630e6d-aedc-4aba-933d-59c0822f4945","local_time":"20210102202258","is_ascension_mode":true,"campfire_choices":[{"data":"Zap","floor":6,"key":"SMITH"},{"floor":8,"key":"REST"},{"floor":15,"key":"REST"}],"circlet_count":0,"master_deck":["Strike_B","Strike_B","Defend_B","Defend_B","Defend_B","Defend_B","Zap+1","Dualcast","Ball Lightning","Redo","Consume"],"relics":["Cracked Core","Pen Nib","MealTicket","Toy Ornithopter","DataDisk","Bird Faced Urn","Peace Pipe"],"acts_visited":["Exordium"],"potions_floor_usage":[12,16],"damage_taken":[{"damage":0,"enemies":"Small Slimes","floor":1,"turns":3},{"damage":0,"enemies":"Cultist","floor":5,"turns":3},{"damage":26,"enemies":"Lagavulin","floor":7,"turns":5},{"damage":12,"enemies":"Jaw Worm","floor":10,"turns":3},{"damage":14,"enemies":"3 Sentries","floor":12,"turns":6},{"damage":24,"enemies":"Exordium Thugs","floor":13,"turns":3},{"damage":39,"enemies":"Hexaghost","floor":16,"turns":7}],"seed_played":"-5620609092447809353","potions_obtained":[{"floor":10,"key":"EssenceOfSteel"},{"floor":13,"key":"Energy Potion"}],"is_trial":false,"path_per_floor":["M","?","?","$","M","R","E","R","T","M","?","E","M","T","R","B"],"character_chosen":"DEFECT","items_purchased":[],"campfire_rested":2,"item_purchase_floors":[],"current_hp_per_floor":[75,57,57,72,72,72,46,68,68,56,45,36,12,12,34,0,0],"gold":224,"neow_bonus":"RANDOM_COMMON_RELIC","is_daily":false,"chose_seed":false,"campfire_upgraded":1,"win_rate":0.0,"timestamp":1609586578,"path_taken":["M","?","?","$","?","R","E","R","T","M","?","E","M","?","R","BOSS"],"items_purchased_type":[],"build_version":"2020-12-22","purchased_purges":1,"victory":false,"max_hp_per_floor":[75,75,75,75,75,75,75,75,75,75,75,75,75,75,75,75,75],"card_choices":[{"not_picked":["Leap","Hologram"],"picked":"Ball Lightning","floor":1},{"not_picked":["Ball Lightning","Coolheaded"],"picked":"Redo","floor":5},{"not_picked":["Turbo","Stack","Static Discharge"],"picked":"SKIP","floor":7},{"not_picked":["Double Energy","Tempest"],"picked":"Consume","floor":10},{"not_picked":["Go for the Eyes","Gash","Consume"],"picked":"SKIP","floor":12},{"not_picked":["Hologram","Lockon","White Noise"],"picked":"SKIP","floor":13}],"player_experience":117148,"relics_obtained":[{"floor":7,"key":"Toy Ornithopter"},{"floor":9,"key":"DataDisk"},{"floor":12,"key":"Bird Faced Urn"},{"floor":14,"key":"Peace Pipe"}],"event_choices":[{"damage_healed":0,"gold_gain":0,"player_choice":"Success","damage_taken":18,"relics_obtained":["MealTicket"],"max_hp_gain":0,"max_hp_loss":0,"event_name":"Scrap Ooze","floor":2,"gold_loss":0},{"cards_removed":["Strike_B"],"damage_healed":0,"gold_gain":0,"player_choice":"Purged","damage_taken":0,"max_hp_gain":0,"max_hp_loss":0,"event_name":"Purifier","floor":3,"gold_loss":0},{"damage_healed":0,"gold_gain":75,"player_choice":"Gather Gold","damage_taken":11,"max_hp_gain":0,"max_hp_loss":0,"event_name":"World of Goop","floor":11,"gold_loss":0}],"is_beta":false,"boss_relics":[],"items_purged_floors":[4],"is_endless":false,"potions_floor_spawned":[10,13],"killed_by":"Hexaghost","ascension_level":2}}