{"host":"xjyie0ctswsml60g","time":1609630402,"event":{"mods":["AchievementEnabler","BaseMod","Colored Map","Minty Spire (QoL Compilation)","Quick Restart","SuperFastMode"],"gold_per_floor":[113,128,138,138,63,98,98,98,98,98,98,132,132,145,145,244,244,259,259,274,297,217,217,231,260,287,287,304,304,219,2,2,106,106,119,119,119,135,15,15,26,55,55,73,123,142,174,84,84,84,84,84,26,61,61,61],"floor_reached":55,"playtime":2243,"items_purged":["Strike_P","Worship+1","ReachHeaven+1","Defend_P"],"score":751,"play_id":"30675a1a-404c-439a-8c20-81c117b35d5b","local_time":"20210103013322","is_ascension_mode":false,"campfire_choices":[{"floor":8.0,"key":"RECALL"},{"data":"PathToVictory","floor":13.0,"key":"SMITH"},{"data":"Sanctity","floor":15.0,"key":"SMITH"},{"data":"CutThroughFate","floor":23.0,"key":"SMITH"},{"floor":27.0,"key":"REST"},{"data":"LikeWater","floor":32.0,"key":"SMITH"},{"data":"Panacea","floor":40.0,"key":"SMITH"},{"floor":49.0,"key":"REST"},{"data":"DeceiveReality","floor":52.0,"key":"SMITH"}],"circlet_count":0,"master_deck":["Defend_P+1","Defend_P","Eruption+1","Vigilance","PathToVictory+1","Sanctity+1","CutThroughFate+1","PathToVictory+1","InnerPeace+1","LikeWater+1","ThirdEye+1","Panacea+1","DeceiveReality+1"],"relics":["PureWater","Nunchaku","The Courier","Astrolabe","Toy Ornithopter","Shuriken","Centennial Puzzle","Bag of Marbles","Lee\u0027s Waffle","SlaversCollar","Torii","Bottled Tornado","Gambling Chip","Whetstone","Boot"],"acts_visited":["Exordium","TheCity","TheBeyond","TheEnding"],"potions_floor_usage":[],"damage_taken":[{"damage":0.0,"enemies":"Small Slimes","floor":1.0,"turns":2.0},{"damage":0.0,"enemies":"2 Louse","floor":2.0,"turns":2.0},{"damage":1.0,"enemies":"Jaw Worm","floor":3.0,"turns":4.0},{"damage":28.0,"enemies":"3 Sentries","floor":6.0,"turns":15.0},{"damage":16.0,"enemies":"Gremlin Nob","floor":12.0,"turns":3.0},{"damage":0.0,"enemies":"Red Slaver","floor":14.0,"turns":2.0},{"damage":27.0,"enemies":"Slime Boss","floor":16.0,"turns":6.0},{"damage":13.0,"enemies":"3 Byrds","floor":18.0,"turns":6.0},{"damage":13.0,"enemies":"Spheric Guardian","floor":20.0,"turns":5.0},{"damage":0.0,"enemies":"Snake Plant","floor":24.0,"turns":2.0},{"damage":38.0,"enemies":"Slavers","floor":25.0,"turns":8.0},{"damage":2.0,"enemies":"Cultist and Chosen","floor":28.0,"turns":4.0},{"damage":71.0,"enemies":"Collector","floor":33.0,"turns":8.0},{"damage":38.0,"enemies":"3 Darklings","floor":35.0,"turns":7.0},{"damage":0.0,"enemies":"3 Shapes","floor":38.0,"turns":7.0},{"damage":2.0,"enemies":"Spire Growth","floor":41.0,"turns":4.0},{"damage":32.0,"enemies":"Nemesis","floor":42.0,"turns":5.0},{"damage":0.0,"enemies":"Maw","floor":44.0,"turns":5.0},{"damage":0.0,"enemies":"Mind Bloom Boss Battle","floor":45.0,"turns":7.0},{"damage":1.0,"enemies":"Writhing Mass","floor":46.0,"turns":4.0},{"damage":10.0,"enemies":"Reptomancer","floor":47.0,"turns":6.0},{"damage":31.0,"enemies":"Time Eater","floor":50.0,"turns":5.0},{"damage":23.0,"enemies":"Shield and Spear","floor":54.0,"turns":5.0},{"damage":53,"enemies":"The Heart","floor":55,"turns":6}],"seed_played":"6323249667266164406","potions_obtained":[{"floor":1.0,"key":"FearPotion"},{"floor":2.0,"key":"Block Potion"},{"floor":3.0,"key":"GamblersBrew"},{"floor":16.0,"key":"Fire Potion"},{"floor":18.0,"key":"SteroidPotion"},{"floor":20.0,"key":"Ambrosia"},{"floor":25.0,"key":"FearPotion"},{"floor":38.0,"key":"BlessingOfTheForge"},{"floor":47.0,"key":"Strength Potion"}],"is_trial":false,"path_per_floor":["M","M","M","?","$","E","?","R","T","?","?","E","R","M","R","B",null,"M","?","M","T","$","R","M","E","T","R","M","?","?","$","R","B",null,"M","?","?","M","$","R","M","E","T","M","?","M","E","?","R","B",null,"R","$","E","B"],"character_chosen":"WATCHER","items_purchased":["Lee\u0027s Waffle","LiquidMemories"],"campfire_rested":2,"item_purchase_floors":[31,53],"current_hp_per_floor":[79,79,78,62,62,34,34,34,34,60,60,44,44,44,44,17,79,66,66,53,53,53,53,58,20,20,43,46,46,46,86,86,15,86,53,53,53,58,58,58,61,29,29,29,29,28,18,18,43,12,86,86,86,69,16,16],"gold":61,"neow_bonus":"TEN_PERCENT_HP_BONUS","is_daily":false,"chose_seed":false,"campfire_upgraded":6,"win_rate":0.0,"timestamp":1609630402,"path_taken":["M","M","M","?","$","E","?","R","T","?","?","E","R","M","R","BOSS","M","?","M","?","$","R","?","E","T","R","M","?","?","?","R","BOSS","M","?","?","?","$","R","M","E","T","M","?","M","E","?","R","BOSS","R","$","E","BOSS"],"items_purchased_type":["Relic","Potion"],"build_version":"2020-12-22","purchased_purges":4,"victory":false,"max_hp_per_floor":[79,79,79,79,79,79,79,79,79,79,79,79,79,79,79,79,79,79,79,79,79,79,79,79,79,79,79,79,79,79,86,86,86,86,86,86,86,86,86,86,86,86,86,86,86,86,86,86,86,86,86,86,86,86,86,86],"card_choices":[{"not_picked":["Worship","Indignation"],"picked":"PathToVictory","floor":1.0},{"not_picked":["Evaluate","Perseverance","EmptyBody"],"picked":"SKIP","floor":2.0},{"not_picked":["Tantrum","Vengeance"],"picked":"Sanctity","floor":3.0},{"not_picked":["ReachHeaven","Protect"],"picked":"CutThroughFate","floor":6.0},{"not_picked":["Conclude","WheelKick"],"picked":"PathToVictory","floor":12.0},{"not_picked":["BattleHymn","Worship","FollowUp"],"picked":"SKIP","floor":14.0},{"not_picked":["Collect","Conclude"],"picked":"InnerPeace+1","floor":18.0},{"not_picked":["BowlingBash","Fasting2","Consecrate"],"picked":"SKIP","floor":20.0},{"not_picked":["Nirvana","TalkToTheHand"],"picked":"LikeWater","floor":24.0},{"not_picked":["FlyingSleeves","Swivel","Halt+1"],"picked":"SKIP","floor":25.0},{"not_picked":["ClearTheMind","Wish"],"picked":"ThirdEye","floor":28.0},{"not_picked":["SashWhip","Indignation+1","FlurryOfBlows"],"picked":"SKIP","floor":35.0},{"not_picked":["Finesse","Violence"],"picked":"Panacea","floor":36.0},{"not_picked":["Worship+1","FollowUp","Halt+1"],"picked":"SKIP","floor":38.0},{"not_picked":["CutThroughFate","SashWhip","BowlingBash+1"],"picked":"SKIP","floor":41.0},{"not_picked":["CutThroughFate","Wish","Protect+1"],"picked":"SKIP","floor":42.0},{"not_picked":["Weave+1","Worship","BowlingBash+1"],"picked":"SKIP","floor":44.0},{"not_picked":["Wallop","CrushJoints+1","ThirdEye"],"picked":"SKIP","floor":46.0},{"not_picked":["Worship+1","CrushJoints+1","Adaptation"],"picked":"SKIP","floor":47.0},{"not_picked":["CutThroughFate+1","EmptyFist","CarveReality+1"],"picked":"SKIP","floor":54.0}],"player_experience":489482,"relics_obtained":[{"floor":6.0,"key":"Nunchaku"},{"floor":12.0,"key":"The Courier"},{"floor":21.0,"key":"Toy Ornithopter"},{"floor":25.0,"key":"Shuriken"},{"floor":26.0,"key":"Centennial Puzzle"},{"floor":42.0,"key":"Torii"},{"floor":43.0,"key":"Bottled Tornado"},{"floor":45.0,"key":"Gambling Chip"},{"floor":47.0,"key":"Whetstone"},{"floor":54.0,"key":"Boot"}],"event_choices":[{"damage_healed":0.0,"max_hp_gain":0.0,"max_hp_loss":0.0,"gold_gain":0.0,"event_name":"Shining Light","player_choice":"Entered Light","floor":4.0,"gold_loss":0.0,"damage_taken":16.0,"cards_upgraded":["Defend_P","PathToVictory"]},{"damage_healed":0.0,"max_hp_gain":0.0,"max_hp_loss":0.0,"gold_gain":0.0,"event_name":"Liars Game","player_choice":"Ignored","floor":7.0,"gold_loss":0.0,"damage_taken":0.0},{"damage_healed":26.0,"max_hp_gain":0.0,"max_hp_loss":0.0,"gold_gain":0.0,"event_name":"Big Fish","player_choice":"Banana","floor":10.0,"gold_loss":0.0,"damage_taken":0.0},{"damage_healed":0.0,"max_hp_gain":0.0,"max_hp_loss":0.0,"gold_gain":0.0,"event_name":"Living Wall","player_choice":"Grow","floor":11.0,"gold_loss":0.0,"damage_taken":0.0,"cards_upgraded":["Eruption"]},{"damage_healed":0.0,"max_hp_gain":0.0,"max_hp_loss":0.0,"gold_gain":0.0,"event_name":"Vampires","player_choice":"Ignored","floor":19.0,"gold_loss":0.0,"damage_taken":0.0},{"damage_healed":0.0,"max_hp_gain":0.0,"max_hp_loss":0.0,"gold_gain":0.0,"event_name":"Ghosts","player_choice":"Ignored","floor":29.0,"gold_loss":0.0,"damage_taken":0.0},{"damage_healed":0.0,"max_hp_gain":0.0,"max_hp_loss":0.0,"gold_gain":0.0,"event_name":"Addict","player_choice":"Obtained Relic","floor":30.0,"gold_loss":85.0,"damage_taken":0.0,"relics_obtained":["Bag of Marbles"]},{"damage_healed":0.0,"max_hp_gain":0.0,"max_hp_loss":0.0,"gold_gain":0.0,"event_name":"SensoryStone","player_choice":"Memory 1","floor":36.0,"gold_loss":0.0,"damage_taken":0.0},{"damage_healed":0.0,"max_hp_gain":0.0,"max_hp_loss":0.0,"gold_gain":0.0,"cards_transformed":["Establishment"],"event_name":"Transmorgrifier","player_choice":"Transformed","floor":37.0,"gold_loss":0.0,"damage_taken":0.0,"cards_obtained":["DeceiveReality"]},{"damage_healed":0.0,"max_hp_gain":0.0,"max_hp_loss":0.0,"gold_gain":0.0,"event_name":"MindBloom","player_choice":"Fight","floor":45.0,"gold_loss":0.0,"damage_taken":0.0},{"cards_removed":["Defend_P"],"damage_healed":0.0,"max_hp_gain":0.0,"max_hp_loss":0.0,"gold_gain":0.0,"event_name":"Designer","player_choice":"Upgrade and Remove","floor":48.0,"gold_loss":90.0,"damage_taken":0.0,"cards_upgraded":["ThirdEye"]}],"is_beta":false,"boss_relics":[{"not_picked":["Fusion Hammer","Snecko Eye"],"picked":"Astrolabe"},{"not_picked":["Runic Dome","Busted Crown"],"picked":"SlaversCollar"}],"items_purged_floors":[5,22,31,39],"is_endless":false,"potions_floor_spawned":[1,2,3,16,18,20,25,38,47],"killed_by":"The Heart","ascension_level":0}}