{"host":"464ef02pwgdzxxwi","time":1609570985,"event":{"mods":["AchievementEnabler","BaseMod","Colored Map","Colored Powertips","DeckTracker","Downfall","Highlight Path","Hubris","Infinite Spire","Minty Spire (QoL Compilation)","Quick Restart","Replay The Spire","StSLib","SuperFastMode"],"gold_per_floor":[123,123,158,458,458,458,458,458,458,458,483,515,555,567,579,611,611],"floor_reached":16,"playtime":708,"items_purged":[],"score":98,"play_id":"6bf7b168-269a-4a25-8785-05f3a3635203","local_time":"20210102080305","is_ascension_mode":false,"campfire_choices":[{"data":"Slice","floor":6,"key":"SMITH"},{"data":"Neutralize","floor":8,"key":"SMITH"},{"data":"Survivor","floor":10,"key":"SMITH"},{"floor":15,"key":"REST"}],"circlet_count":0,"master_deck":["Strike_G","Strike_G","Strike_G","Strike_G","Defend_G","Defend_G","Defend_G","Survivor+1","Neutralize+1","Slice+1","Cloak And Dagger","Slice"],"relics":["Ring of the Snake","Replay:Bandana","Old Coin","infinitespire:Beetle Shell","MawBank"],"acts_visited":["Exordium"],"potions_floor_usage":[16],"damage_taken":[{"damage":0,"enemies":"Small Slimes","floor":1,"turns":5},{"damage":0,"enemies":"Cultist","floor":3,"turns":4},{"damage":1,"enemies":"2 Louse","floor":11,"turns":3},{"damage":3,"enemies":"Exordium Thugs","floor":12,"turns":6},{"damage":19,"enemies":"3 Sentries","floor":13,"turns":10},{"damage":103,"enemies":"Fading Forest","floor":16,"turns":11}],"seed_played":"-8520215624617104354","potions_obtained":[{"floor":11,"key":"Energy Potion"}],"is_trial":false,"path_per_floor":["M","?","M","T","$","R","?","R","T","R","M","M","E","?","R","B"],"character_chosen":"THE_SILENT","items_purchased":[],"campfire_rested":1,"item_purchase_floors":[],"current_hp_per_floor":[70,70,70,70,70,70,70,70,70,70,69,66,47,47,68,0,0],"gold":611,"neow_bonus":"RANDOM_COMMON_RELIC","is_daily":false,"chose_seed":false,"campfire_upgraded":3,"win_rate":0.0,"timestamp":1609570985,"path_taken":["M","?","?","?","$","R","?","R","T","R","?","M","E","?","R","BOSS"],"items_purchased_type":[],"build_version":"2020-12-22","purchased_purges":0,"victory":false,"max_hp_per_floor":[70,70,70,70,70,70,70,70,70,70,70,70,70,70,70,70,70],"card_choices":[{"not_picked":["Poisoned Stab","Dodge and Roll"],"picked":"Slice","floor":1},{"not_picked":["Dagger Spray","Bane","PiercingWail"],"picked":"SKIP","floor":3},{"not_picked":["Dagger Throw","Deflect"],"picked":"Cloak And Dagger","floor":11},{"not_picked":["Dagger Spray","Dagger Throw"],"picked":"Slice","floor":12},{"not_picked":["Noxious Fumes","Malaise","Bouncing Flask"],"picked":"SKIP","floor":13}],"player_experience":195024,"relics_obtained":[{"floor":4,"key":"Old Coin"},{"floor":9,"key":"infinitespire:Beetle Shell"},{"floor":13,"key":"MawBank"}],"event_choices":[{"cards_removed":["Strike_G"],"damage_healed":0,"gold_gain":0,"player_choice":"Purged","damage_taken":0,"max_hp_gain":0,"max_hp_loss":0,"event_name":"Purifier","floor":2,"gold_loss":0},{"cards_removed":["Defend_G"],"damage_healed":0,"gold_gain":0,"player_choice":"Card Removal","damage_taken":0,"max_hp_gain":0,"max_hp_loss":0,"event_name":"Wheel of Change","floor":14,"gold_loss":0}],"is_beta":false,"boss_relics":[],"items_purged_floors":[],"is_endless":false,"potions_floor_spawned":[11],"killed_by":"Fading Forest","ascension_level":0}}