{"host":"3jjxuhjpio8e4zkv","time":1609611625,"event":{"mods":["BaseMod","Colored Map","Highlight Path","Minty Spire (QoL Compilation)","Permanent Neow","Relic Stats","StSLib"],"gold_per_floor":[119,133,133,133,154,154,195,210,210,255,255,255,303,353,353,455,455,488,413,413,52,43,43,65,65,65],"floor_reached":25,"playtime":994,"items_purged":["Strike_G"],"score":638,"play_id":"ba44b0ef-4c3c-4663-8710-5b8f1826c3f6","local_time":"20210102132025","is_ascension_mode":true,"campfire_choices":[{"data":"Blade Dance","floor":6,"key":"SMITH"},{"data":"Finisher","floor":12,"key":"SMITH"},{"floor":15,"key":"REST"},{"data":"Terror","floor":23,"key":"SMITH"}],"circlet_count":0,"master_deck":["AscendersBane","Strike_G","Strike_G","Strike_G","Defend_G","Defend_G","Defend_G","Defend_G","Defend_G","Survivor+1","Neutralize","Acrobatics","Blade Dance+1","Terror+1","Finisher+1","Sucker Punch","Footwork","Bullet Time","Bouncing Flask","PiercingWail","Acrobatics"],"relics":["Ring of the Snake","Bloody Idol","Ancient Tea Set","CeramicFish","Question Card","Matryoshka","HoveringKite","OrangePellets"],"acts_visited":["Exordium","TheCity"],"potions_floor_usage":[7,13,16,24,24],"damage_taken":[{"damage":1,"enemies":"Cultist","floor":1,"turns":4},{"damage":0,"enemies":"Jaw Worm","floor":2,"turns":4},{"damage":7,"enemies":"Small Slimes","floor":5,"turns":5},{"damage":0,"enemies":"Gremlin Nob","floor":7,"turns":3},{"damage":9,"enemies":"3 Louse","floor":8,"turns":4},{"damage":37,"enemies":"3 Sentries","floor":10,"turns":9},{"damage":0,"enemies":"Gremlin Nob","floor":13,"turns":2},{"damage":0,"enemies":"Slime Boss","floor":16,"turns":6},{"damage":19,"enemies":"Shell Parasite","floor":18,"turns":9},{"damage":23,"enemies":"2 Thieves","floor":22,"turns":4},{"damage":20,"enemies":"Chosen and Byrds","floor":24,"turns":7},{"damage":19,"enemies":"Book of Stabbing","floor":25,"turns":5}],"seed_played":"-6628970341647268680","potions_obtained":[{"floor":2,"key":"FearPotion"},{"floor":10,"key":"Swift Potion"},{"floor":13,"key":"CunningPotion"},{"floor":22,"key":"SpeedPotion"}],"is_trial":false,"path_per_floor":["M","M","?","?","M","R","E","M","T","E","?","R","E","?","R","B",null,"M","?","?","$","M","R","M","E"],"character_chosen":"THE_SILENT","items_purchased":["OrangePellets","GhostInAJar"],"campfire_rested":1,"item_purchase_floors":[21,21],"current_hp_per_floor":[58,58,58,58,51,51,51,42,42,5,25,25,25,25,43,43,56,37,37,37,37,29,29,19,0,0],"gold":65,"neow_bonus":"UPGRADE_CARD","is_daily":false,"chose_seed":false,"campfire_upgraded":3,"win_rate":0.0,"timestamp":1609611625,"path_taken":["M","M","?","?","M","R","E","M","T","E","?","R","E","?","R","BOSS","M","?","?","$","M","R","M","E"],"items_purchased_type":["Relic","Potion"],"build_version":"2020-12-22","purchased_purges":1,"victory":false,"max_hp_per_floor":[66,66,60,60,60,60,60,60,60,60,60,60,60,60,60,60,60,60,60,60,60,60,60,60,60,60],"relic_stats":{"OrangePellets":[0],"counters":[12,62],"Bloody Idol":25,"CeramicFish":54,"HoveringKite":[11],"Question Card":5,"obtain_stats":[{"OrangePellets":21,"Matryoshka":13,"Golden Idol":3,"CeramicFish":9,"Bloody Idol":20,"HoveringKite":17,"Ancient Tea Set":7,"Question Card":10,"Ring of the Snake":0},{"OrangePellets":9,"Matryoshka":7,"Golden Idol":2,"CeramicFish":5,"Bloody Idol":9,"HoveringKite":8,"Ancient Tea Set":4,"Question Card":6,"Ring of the Snake":0},{"OrangePellets":46,"Matryoshka":31,"Golden Idol":8,"CeramicFish":20,"Bloody Idol":46,"HoveringKite":37,"Ancient Tea Set":16,"Question Card":29,"Ring of the Snake":0}],"Ring of the Snake":[24]},"card_choices":[{"not_picked":["PiercingWail","Infinite Blades","Deflect"],"picked":"SKIP","floor":1},{"not_picked":["Slice","Bane"],"picked":"Acrobatics","floor":2},{"not_picked":["Adrenaline","Acrobatics"],"picked":"Blade Dance","floor":5},{"not_picked":["Tactician","Quick Slash"],"picked":"Terror","floor":7},{"not_picked":["Heel Hook","Bane"],"picked":"Finisher","floor":8},{"not_picked":["Caltrops","Blade Dance"],"picked":"Sucker Punch","floor":10},{"not_picked":["Escape Plan","Acrobatics","Infinite Blades"],"picked":"Footwork","floor":13},{"not_picked":["Burst","Storm of Steel","Malaise"],"picked":"Bullet Time","floor":16},{"not_picked":["Accuracy","Dagger Spray","Caltrops"],"picked":"Bouncing Flask","floor":18},{"not_picked":["Finisher+1","Flying Knee","Underhanded Strike"],"picked":"PiercingWail","floor":22},{"not_picked":["Catalyst","Deflect","Dagger Throw"],"picked":"Acrobatics","floor":24}],"player_experience":1174088,"relics_obtained":[{"floor":7,"key":"Ancient Tea Set"},{"floor":9,"key":"CeramicFish"},{"floor":10,"key":"Question Card"},{"floor":13,"key":"Matryoshka"}],"event_choices":[{"damage_healed":0,"gold_gain":0,"player_choice":"Lose Max HP","damage_taken":0,"relics_obtained":["Golden Idol"],"max_hp_gain":0,"max_hp_loss":6,"event_name":"Golden Idol","floor":3,"gold_loss":0},{"damage_healed":0,"gold_gain":0,"player_choice":"Ignored","damage_taken":0,"max_hp_gain":0,"max_hp_loss":0,"event_name":"Liars Game","floor":4,"gold_loss":0},{"damage_healed":20,"gold_gain":0,"player_choice":"Banana","damage_taken":0,"max_hp_gain":0,"max_hp_loss":0,"event_name":"Big Fish","floor":11,"gold_loss":0},{"damage_healed":0,"gold_gain":50,"player_choice":"Pray","damage_taken":0,"max_hp_gain":0,"max_hp_loss":0,"event_name":"Golden Shrine","floor":14,"gold_loss":0},{"cards_removed":["Strike_G"],"damage_healed":0,"gold_gain":0,"player_choice":"Gave Gold","damage_taken":0,"max_hp_gain":0,"max_hp_loss":0,"event_name":"Beggar","floor":19,"gold_loss":75},{"damage_healed":0,"gold_gain":0,"player_choice":"Gave Idol","damage_taken":0,"relics_obtained":["Bloody Idol"],"max_hp_gain":0,"max_hp_loss":0,"event_name":"Forgotten Altar","floor":20,"relics_lost":["Golden Idol"],"gold_loss":0}],"is_beta":false,"boss_relics":[{"not_picked":["Runic Dome","Ectoplasm"],"picked":"HoveringKite"}],"items_purged_floors":[21],"is_endless":false,"potions_floor_spawned":[2,10,13,22],"killed_by":"Book of Stabbing","ascension_level":20}}