{"host":"h0xw20cia6ppa69g","time":1609586809,"event":{"mods":["AchievementEnabler","BaseMod","Colored Map","Filter the Spire","Googly Eyes","Minty Spire (QoL Compilation)","Relic Stats","StSLib","The Awakened One except there are too many feathers","everything is the same but u backflip on backflip"],"gold_per_floor":[115,115,125,125,71,105,105,139,166,185,205,215,215,226,226,331,331,344,344,54,54,54,83,83,115,115,145,162,262,296,296,296,398,398,410,410,423,423,433,433,465,484,484,511,285,316,165,192,192,192,192,192,138,170,170],"floor_reached":56,"playtime":3646,"items_purged":["Dagger Spray"],"score":1584,"play_id":"d8173cbb-1949-4652-8495-49d27b5d4310","local_time":"20210102052649","is_ascension_mode":true,"campfire_choices":[{"data":"Skewer","floor":7.0,"key":"SMITH"},{"data":"Prepared","floor":15.0,"key":"SMITH"},{"data":"Footwork","floor":32,"key":"SMITH"},{"floor":40,"key":"RECALL"},{"data":"Storm of Steel","floor":49,"key":"SMITH"},{"floor":52,"key":"DIG"}],"circlet_count":0,"master_deck":["Survivor","Neutralize+1","Corpse Explosion","Prepared+1","Adrenaline","Predator+1","Backflip","Cloak And Dagger","Skewer+1","Acrobatics","Reflex","Footwork","Blur","Blur","Reflex","PiercingWail","Underhanded Strike","Grand Finale","Phantasmal Killer","Footwork+1","Noxious Fumes","Concentrate+1","Tactician","Storm of Steel+1","Malaise","Dodge and Roll+1","Dagger Throw+1","Cloak And Dagger+1","Wraith Form v2","Tactician","Accuracy+1","Dodge and Roll","Night Terror"],"relics":["Pandora\u0027s Box","Centennial Puzzle","Ancient Tea Set","Runic Pyramid","TheAbacus","Nilry\u0027s Codex","Nloth\u0027s Gift","Mummified Hand","Ornamental Fan","Whetstone","Prayer Wheel","Kunai","MealTicket","StrikeDummy","Black Star","Meat on the Bone","Ninja Scroll","Bottled Tornado","Strawberry","Omamori","Toolbox","Shovel","Pen Nib","ClockworkSouvenir","Gremlin Horn","Question Card","Eternal Feather","Tough Bandages","Art of War"],"acts_visited":["Exordium","TheCity","TheBeyond","TheEnding"],"potions_floor_usage":[30,35,42,55,55,55],"damage_taken":[{"damage":0.0,"enemies":"Small Slimes","floor":1.0,"turns":2.0},{"damage":0.0,"enemies":"Jaw Worm","floor":3.0,"turns":3.0},{"damage":20.0,"enemies":"3 Sentries","floor":6.0,"turns":4.0},{"damage":11.0,"enemies":"Gremlin Nob","floor":8.0,"turns":3.0},{"damage":0.0,"enemies":"Cultist","floor":10.0,"turns":3.0},{"damage":5.0,"enemies":"Exordium Thugs","floor":11.0,"turns":3.0},{"damage":0.0,"enemies":"Blue Slaver","floor":12.0,"turns":6.0},{"damage":0.0,"enemies":"3 Louse","floor":14.0,"turns":3.0},{"damage":16.0,"enemies":"Hexaghost","floor":16.0,"turns":12.0},{"damage":0.0,"enemies":"Shell Parasite","floor":18.0,"turns":4.0},{"damage":4.0,"enemies":"Gremlin Leader","floor":23.0,"turns":5.0},{"damage":0.0,"enemies":"Slavers","floor":25.0,"turns":2.0},{"damage":0.0,"enemies":"Gremlin Leader","floor":27.0,"turns":2.0},{"damage":8.0,"enemies":"2 Thieves","floor":28.0,"turns":2.0},{"damage":6,"enemies":"Colosseum Slavers","floor":29,"turns":4},{"damage":7,"enemies":"Colosseum Nobs","floor":29,"turns":3},{"damage":0,"enemies":"Book of Stabbing","floor":30,"turns":5},{"damage":6,"enemies":"Collector","floor":33,"turns":7},{"damage":6,"enemies":"3 Shapes","floor":35,"turns":3},{"damage":0,"enemies":"Orb Walker","floor":37,"turns":3},{"damage":0,"enemies":"Maw","floor":39,"turns":7},{"damage":0,"enemies":"Giant Head","floor":41,"turns":8},{"damage":0,"enemies":"Jaw Worm Horde","floor":42,"turns":3},{"damage":5,"enemies":"Nemesis","floor":44,"turns":3},{"damage":0,"enemies":"Giant Head","floor":46,"turns":8},{"damage":0,"enemies":"Reptomancer","floor":48,"turns":4},{"damage":22,"enemies":"Donu and Deca","floor":50,"turns":7},{"damage":22,"enemies":"Shield and Spear","floor":54,"turns":4},{"damage":36,"enemies":"The Heart","floor":55,"turns":9}],"seed_played":"7320362181659061610","potions_obtained":[{"floor":1.0,"key":"Swift Potion"},{"floor":6.0,"key":"SteroidPotion"},{"floor":11.0,"key":"GhostInAJar"},{"floor":18.0,"key":"SkillPotion"},{"floor":27.0,"key":"Fire Potion"},{"floor":28.0,"key":"Regen Potion"},{"floor":30,"key":"EssenceOfSteel"},{"floor":39,"key":"Ancient Potion"},{"floor":41,"key":"LiquidMemories"},{"floor":44,"key":"SteroidPotion"}],"is_trial":false,"path_per_floor":["M","?","M","?","$","E","R","E","T","M","M","M","?","M","R","B",null,"M","?","$","?","?","E","?","E","T","E","M","?","E","T","R","B",null,"M","?","M","?","M","R","E","M","T","E","$","E","$","E","R","B",null,"R","$","E","B",null],"character_chosen":"THE_SILENT","items_purchased":["Outmaneuver","TheAbacus","Concentrate","Tactician","Toolbox","ClockworkSouvenir","Dodge and Roll"],"campfire_rested":0,"item_purchase_floors":[5,20,20,45,45,47,53],"current_hp_per_floor":[70,63,63,63,63,43,43,32,32,32,27,27,27,27,27,11,70,70,57,57,57,41,37,37,37,37,37,29,16,30,30,30,24,75,69,75,75,75,75,75,75,75,75,77,82,82,82,82,82,60,82,82,82,60,36],"gold":170,"neow_bonus":"BOSS_RELIC","is_daily":false,"chose_seed":false,"campfire_upgraded":4,"win_rate":0.0,"timestamp":1609586809,"path_taken":["M","?","M","?","$","E","R","E","T","M","M","M","?","?","R","BOSS","M","?","$","?","?","E","?","E","T","E","?","?","E","?","R","BOSS","M","?","?","?","M","R","E","M","T","E","$","E","?","E","R","BOSS","R","$","E","BOSS"],"items_purchased_type":["Card","Relic","Card","Card","Relic","Relic","Card"],"build_version":"2020-12-22","purchased_purges":1,"victory":true,"max_hp_per_floor":[70,70,70,70,70,70,70,70,70,70,70,70,70,70,70,70,70,70,75,75,75,75,75,75,75,75,75,75,75,75,75,75,75,75,75,75,75,75,75,75,75,75,75,82,82,82,82,82,82,82,82,82,82,82,82],"relic_stats":{"Gremlin Horn":[0,0],"counters":[29,132],"Eternal Feather":0,"Pen Nib":[7],"Whetstone":["Predator","Neutralize"],"Question Card":1,"Centennial Puzzle":[39],"Tough Bandages":[84],"TheAbacus":[120],"Shovel":1,"Mummified Hand":[66],"Ornamental Fan":[184],"Pandora\u0027s Box":["Corpse Explosion","Prepared","Adrenaline","Predator","Predator","Backflip","Cloak And Dagger","Skewer","Dagger Spray","Acrobatics"],"Prayer Wheel":4,"MealTicket":5,"Nloth\u0027s Gift":5,"Black Star":5,"Art of War":[0],"Kunai":[44],"obtain_stats":[{"Gremlin Horn":48,"Nilry\u0027s Codex":22,"Whetstone":27,"Bottled Tornado":43,"Ancient Tea Set":8,"ClockworkSouvenir":47,"Centennial Puzzle":6,"Tough Bandages":54,"TheAbacus":20,"Shovel":46,"Mummified Hand":25,"Ninja Scroll":41,"Strawberry":44,"Toolbox":45,"Prayer Wheel":29,"MealTicket":30,"Kunai":29,"Ring of the Snake":0,"Runic Pyramid":17,"Happy Flower":23,"Eternal Feather":52,"Pen Nib":46,"Omamori":44,"Question Card":48,"Ornamental Fan":26,"Pandora\u0027s Box":0,"Nloth\u0027s Gift":24,"Black Star":34,"Art of War":54,"StrikeDummy":31,"Meat on the Bone":41},{"Gremlin Horn":26,"Nilry\u0027s Codex":10,"Whetstone":13,"Bottled Tornado":23,"Ancient Tea Set":4,"ClockworkSouvenir":25,"Centennial Puzzle":3,"Tough Bandages":28,"TheAbacus":10,"Shovel":25,"Mummified Hand":12,"Ninja Scroll":22,"Strawberry":24,"Toolbox":24,"Prayer Wheel":16,"MealTicket":17,"Kunai":16,"Ring of the Snake":0,"Runic Pyramid":9,"Happy Flower":11,"Eternal Feather":27,"Pen Nib":25,"Omamori":24,"Question Card":26,"Ornamental Fan":12,"Pandora\u0027s Box":0,"Nloth\u0027s Gift":11,"Black Star":18,"Art of War":28,"StrikeDummy":17,"Meat on the Bone":22},{"Gremlin Horn":112,"Nilry\u0027s Codex":43,"Whetstone":52,"Bottled Tornado":97,"Ancient Tea Set":12,"ClockworkSouvenir":108,"Centennial Puzzle":9,"Tough Bandages":123,"TheAbacus":43,"Shovel":108,"Mummified Hand":50,"Ninja Scroll":94,"Strawberry":100,"Toolbox":100,"Prayer Wheel":61,"MealTicket":66,"Kunai":61,"Ring of the Snake":0,"Runic Pyramid":39,"Happy Flower":48,"Eternal Feather":119,"Pen Nib":108,"Omamori":100,"Question Card":112,"Ornamental Fan":50,"Pandora\u0027s Box":0,"Nloth\u0027s Gift":48,"Black Star":73,"Art of War":123,"StrikeDummy":66,"Meat on the Bone":94}],"Meat on the Bone":12},"card_choices":[{"not_picked":["Skewer","Underhanded Strike"],"picked":"Reflex","floor":1.0},{"not_picked":["Calculated Gamble","Blade Dance"],"picked":"Footwork","floor":3.0},{"not_picked":["Bane","Finisher"],"picked":"Well Laid Plans","floor":6.0},{"not_picked":["Footwork","Reflex"],"picked":"Blur","floor":8.0},{"not_picked":["Prepared","Blade Dance"],"picked":"Blur","floor":10.0},{"not_picked":["Outmaneuver","Flying Knee"],"picked":"Reflex","floor":11.0},{"not_picked":["Bane","Skewer"],"picked":"PiercingWail","floor":12.0},{"not_picked":["Dagger Spray","Sucker Punch","Underhanded Strike"],"picked":"SKIP","floor":14.0},{"not_picked":["Dagger Spray","Sucker Punch"],"picked":"Underhanded Strike","floor":14.0},{"not_picked":["Adrenaline","Venomology"],"picked":"Grand Finale","floor":16.0},{"not_picked":["Masterful Stab+1","Heel Hook+1","Reflex"],"picked":"SKIP","floor":18.0},{"not_picked":["Sucker Punch","Reflex+1","Deadly Poison"],"picked":"SKIP","floor":23.0},{"not_picked":["Envenom","Flying Knee"],"picked":"Phantasmal Killer","floor":25.0},{"not_picked":["Blade Dance","Flechettes+1"],"picked":"Footwork","floor":27.0},{"not_picked":["Deflect+1","Underhanded Strike+1"],"picked":"Noxious Fumes","floor":28.0},{"not_picked":["Crippling Poison","Riddle With Holes"],"picked":"Concentrate+1","floor":29},{"not_picked":["After Image","Finisher+1"],"picked":"Tactician","floor":30},{"not_picked":["Doppelganger","Envenom"],"picked":"Storm of Steel","floor":33},{"not_picked":["Dagger Throw","Leg Sweep","Backstab"],"picked":"SKIP","floor":35},{"not_picked":["Blade Dance","Backstab+1","Crippling Poison+1"],"picked":"SKIP","floor":35},{"not_picked":["Sucker Punch+1","Outmaneuver"],"picked":"Malaise","floor":37},{"not_picked":["Blur+1","Poisoned Stab+1","Infinite Blades"],"picked":"SKIP","floor":37},{"not_picked":["Poisoned Stab","Masterful Stab+1"],"picked":"Dodge and Roll+1","floor":39},{"not_picked":["Poisoned Stab","Deadly Poison+1","Backflip"],"picked":"SKIP","floor":39},{"not_picked":["Caltrops","Noxious Fumes+1"],"picked":"Dagger Throw+1","floor":41},{"not_picked":["Eviscerate+1","Blade Dance+1"],"picked":"Cloak And Dagger+1","floor":42},{"not_picked":["Crippling Poison","Blur","Glass Knife"],"picked":"SKIP","floor":42},{"not_picked":["Slice","Dodge and Roll"],"picked":"Wraith Form v2","floor":44},{"not_picked":["Caltrops+1","Adrenaline"],"picked":"Accuracy+1","floor":46},{"not_picked":["Distraction+1","Dash+1","Dagger Spray"],"picked":"SKIP","floor":48},{"not_picked":["Sucker Punch","Backstab","Phantasmal Killer"],"picked":"Night Terror","floor":54}],"player_experience":3592461,"relics_obtained":[{"floor":6.0,"key":"Centennial Puzzle"},{"floor":8.0,"key":"Ancient Tea Set"},{"floor":22.0,"key":"Nilry\u0027s Codex"},{"floor":23.0,"key":"Happy Flower"},{"floor":25.0,"key":"Mummified Hand"},{"floor":26.0,"key":"Ornamental Fan"},{"floor":27.0,"key":"Whetstone"},{"floor":29,"key":"Prayer Wheel"},{"floor":29,"key":"Kunai"},{"floor":30,"key":"MealTicket"},{"floor":31,"key":"StrikeDummy"},{"floor":41,"key":"Meat on the Bone"},{"floor":41,"key":"Ninja Scroll"},{"floor":43,"key":"Bottled Tornado"},{"floor":44,"key":"Strawberry"},{"floor":44,"key":"Omamori"},{"floor":46,"key":"Shovel"},{"floor":46,"key":"Pen Nib"},{"floor":48,"key":"Gremlin Horn"},{"floor":48,"key":"Question Card"},{"floor":52,"key":"Eternal Feather"},{"floor":54,"key":"Tough Bandages"},{"floor":54,"key":"Art of War"}],"event_choices":[{"cards_removed":["Predator"],"damage_healed":0.0,"max_hp_gain":0.0,"max_hp_loss":0.0,"gold_gain":0.0,"event_name":"Golden Wing","player_choice":"Card Removal","floor":2.0,"gold_loss":0.0,"damage_taken":7.0},{"damage_healed":0.0,"max_hp_gain":0.0,"max_hp_loss":0.0,"gold_gain":0.0,"event_name":"Liars Game","player_choice":"Ignored","floor":4.0,"gold_loss":0.0,"damage_taken":0.0},{"damage_healed":0.0,"max_hp_gain":0.0,"max_hp_loss":0.0,"gold_gain":0.0,"event_name":"NoteForYourself","player_choice":"Ignored","floor":13.0,"gold_loss":0.0,"damage_taken":0.0},{"damage_healed":0.0,"max_hp_gain":5.0,"max_hp_loss":0.0,"gold_gain":0.0,"event_name":"Forgotten Altar","player_choice":"Shed Blood","floor":19.0,"gold_loss":0.0,"damage_taken":18.0},{"cards_removed":["Well Laid Plans"],"damage_healed":0.0,"max_hp_gain":0.0,"max_hp_loss":0.0,"gold_gain":0.0,"event_name":"Back to Basics","player_choice":"Elegance","floor":21.0,"gold_loss":0.0,"damage_taken":0.0},{"damage_healed":0.0,"max_hp_gain":0.0,"max_hp_loss":0.0,"gold_gain":0.0,"event_name":"Cursed Tome","player_choice":"Obtained Book","floor":22.0,"gold_loss":0.0,"damage_taken":16.0},{"damage_healed":0.0,"max_hp_gain":0.0,"max_hp_loss":0.0,"gold_gain":0.0,"event_name":"N\u0027loth","player_choice":"Traded Relic","floor":24.0,"relics_lost":["Happy Flower"],"gold_loss":0.0,"damage_taken":0.0,"relics_obtained":["Nloth\u0027s Gift"]},{"damage_healed":0,"gold_gain":0,"player_choice":"Fight","damage_taken":0,"max_hp_gain":0,"max_hp_loss":0,"event_name":"Colosseum","floor":29,"gold_loss":0},{"damage_healed":0,"gold_gain":0,"player_choice":"Fought Nobs","damage_taken":0,"max_hp_gain":0,"max_hp_loss":0,"event_name":"Colosseum","floor":29,"gold_loss":0},{"cards_removed":["Concentrate"],"damage_healed":6,"gold_gain":0,"player_choice":"Offered Uncommon","damage_taken":0,"max_hp_gain":0,"max_hp_loss":0,"event_name":"Bonfire Elementals","floor":36,"gold_loss":0},{"cards_removed":["Outmaneuver"],"damage_healed":0,"gold_gain":0,"player_choice":"Purged","damage_taken":0,"max_hp_gain":0,"max_hp_loss":0,"event_name":"Purifier","floor":38,"gold_loss":0}],"is_beta":false,"boss_relics":[{"not_picked":["SlaversCollar","Philosopher\u0027s Stone"],"picked":"Runic Pyramid"},{"not_picked":["Busted Crown","Fusion Hammer"],"picked":"Black Star"}],"items_purged_floors":[20],"is_endless":false,"potions_floor_spawned":[1,6,11,18,27,28,30,39,41,44,46],"ascension_level":1}}