{"host":"i09pxcjttd31eh4q","time":1609597973,"event":{"mods":["AchievementEnabler","BaseMod","Colored Map","Keyboard Shortcuts","Minty Spire (QoL Compilation)","StSLib","SuperFastMode"],"gold_per_floor":[114,133,133,150,160,160,192,192,192,192,223,223,246,262,262,357,357,376,401,236,236,236,236,236],"floor_reached":23,"playtime":445,"items_purged":["Strike_B"],"score":502,"play_id":"de24a6e9-0d9b-459f-b0e9-fac83164beb4","local_time":"20210102233253","is_ascension_mode":true,"campfire_choices":[{"data":"Barrage","floor":6,"key":"SMITH"},{"data":"Sunder","floor":12,"key":"SMITH"},{"floor":15,"key":"REST"}],"circlet_count":0,"master_deck":["AscendersBane","Strike_B+1","Strike_B","Strike_B","Defend_B+1","Defend_B","Defend_B","Defend_B","Zap","Dualcast+1","Ball Lightning","Sunder+1","Buffer","Barrage+1","Sweeping Beam+1","BootSequence","Cold Snap","Chaos+1","Biased Cognition","Self Repair"],"relics":["Cracked Core","NeowsBlessing","Pear","Bloody Idol","InkBottle","Whetstone","Nuclear Battery"],"acts_visited":["Exordium","TheCity"],"potions_floor_usage":[7,16],"damage_taken":[{"damage":0,"enemies":"Jaw Worm","floor":1,"turns":1},{"damage":0,"enemies":"Small Slimes","floor":2,"turns":1},{"damage":0,"enemies":"Cultist","floor":4,"turns":1},{"damage":25,"enemies":"Large Slime","floor":5,"turns":6},{"damage":6,"enemies":"Gremlin Nob","floor":7,"turns":3},{"damage":15,"enemies":"Lagavulin","floor":11,"turns":6},{"damage":0,"enemies":"3 Louse","floor":13,"turns":3},{"damage":0,"enemies":"Lots of Slimes","floor":14,"turns":1},{"damage":0,"enemies":"Slime Boss","floor":16,"turns":7},{"damage":3,"enemies":"Spheric Guardian","floor":18,"turns":3},{"damage":7,"enemies":"Shell Parasite","floor":19,"turns":4},{"damage":59,"enemies":"Gremlin Leader","floor":23,"turns":5}],"seed_played":"4331933310180329889","potions_obtained":[{"floor":4,"key":"GamblersBrew"},{"floor":5,"key":"Weak Potion"},{"floor":7,"key":"Dexterity Potion"},{"floor":11,"key":"PowerPotion"}],"is_trial":false,"path_per_floor":["M","M","?","M","M","R","E","?","T","?","E","R","M","M","R","B",null,"M","M","$","?","?","E"],"character_chosen":"DEFECT","items_purchased":["Self Repair"],"campfire_rested":1,"item_purchase_floors":[20],"current_hp_per_floor":[64,64,43,43,18,18,22,22,22,22,7,7,7,7,28,28,62,59,52,52,52,52,0,0],"gold":236,"neow_bonus":"THREE_ENEMY_KILL","is_daily":false,"chose_seed":false,"campfire_upgraded":2,"win_rate":0.0,"timestamp":1609597973,"path_taken":["M","M","?","M","M","R","E","?","T","?","E","R","M","M","R","BOSS","M","M","$","?","?","E"],"items_purchased_type":["Card"],"build_version":"2020-12-22","purchased_purges":1,"victory":false,"max_hp_per_floor":[71,71,71,71,71,71,81,73,73,73,73,73,73,73,73,73,73,73,73,73,73,73,73,73],"card_choices":[{"not_picked":["Stack","Glacier"],"picked":"Ball Lightning","floor":1},{"not_picked":["Redo","Fusion"],"picked":"Sunder","floor":2},{"not_picked":["Beam Cell","Go for the Eyes"],"picked":"Buffer","floor":4},{"not_picked":["Redo","White Noise"],"picked":"Barrage","floor":5},{"not_picked":["Ball Lightning","Conserve Battery"],"picked":"Sweeping Beam","floor":7},{"not_picked":["Compile Driver","Sweeping Beam"],"picked":"BootSequence","floor":11},{"not_picked":["Ball Lightning","Sweeping Beam"],"picked":"Cold Snap","floor":13},{"not_picked":["Genetic Algorithm","Barrage"],"picked":"Chaos","floor":14},{"not_picked":["Amplify","Thunder Strike"],"picked":"Biased Cognition","floor":16},{"not_picked":["Turbo","Rebound+1","Hello World"],"picked":"SKIP","floor":18},{"not_picked":["FTL","Sunder","Stack"],"picked":"SKIP","floor":19}],"player_experience":821992,"relics_obtained":[{"floor":7,"key":"Pear"},{"floor":9,"key":"InkBottle"},{"floor":11,"key":"Whetstone"}],"event_choices":[{"damage_healed":0,"gold_gain":0,"player_choice":"Entered Light","damage_taken":21,"max_hp_gain":0,"max_hp_loss":0,"event_name":"Shining Light","floor":3,"gold_loss":0,"cards_upgraded":["Dualcast","Defend_B"]},{"damage_healed":0,"gold_gain":0,"player_choice":"Lose Max HP","damage_taken":0,"relics_obtained":["Golden Idol"],"max_hp_gain":0,"max_hp_loss":8,"event_name":"Golden Idol","floor":8,"gold_loss":0},{"damage_healed":0,"gold_gain":0,"player_choice":"Ignored","damage_taken":0,"max_hp_gain":0,"max_hp_loss":0,"event_name":"Liars Game","floor":10,"gold_loss":0},{"damage_healed":0,"gold_gain":0,"player_choice":"Gave Idol","damage_taken":0,"relics_obtained":["Bloody Idol"],"max_hp_gain":0,"max_hp_loss":0,"event_name":"Forgotten Altar","floor":21,"relics_lost":["Golden Idol"],"gold_loss":0},{"damage_healed":0,"gold_gain":0,"player_choice":"Forge","damage_taken":0,"max_hp_gain":0,"max_hp_loss":0,"event_name":"Accursed Blacksmith","floor":22,"gold_loss":0,"cards_upgraded":["Chaos"]}],"is_beta":false,"boss_relics":[{"not_picked":["Cursed Key","Empty Cage"],"picked":"Nuclear Battery"}],"items_purged_floors":[20],"is_endless":false,"potions_floor_spawned":[4,5,7,11,13],"killed_by":"Gremlin Leader","ascension_level":20}}