{"host":"qfskrnw3pl1q86j0","time":1609604894,"event":{"mods":["BaseMod","Block Reminder","Hermit","Marisa????????","Minty Spire (QoL Compilation)","Quick Restart","Random Character Button","Relic Stats","StSLib","The Poker Player","slay the spire mod where everything is the same but ironclad has a cowboy hat"],"gold_per_floor":[217,230,48,48,13,26,26,26,26,26,51,51,69,95,95,205,205,226,235,135,234,234,234,259,259,310,335,58,58,77,2,2,101,101,120,30,30,46,73,90,90,90,90,90,110,110,110,142,142,142],"floor_reached":51,"playtime":1754,"items_purged":["Strike_P","Strike_P","Defend_P"],"score":743,"play_id":"2d6b5d8f-ca07-41c1-8ebf-41388d19fe87","local_time":"20210102172814","is_ascension_mode":false,"campfire_choices":[{"data":"Eruption","floor":8.0,"key":"SMITH"},{"data":"LikeWater","floor":10.0,"key":"SMITH"},{"data":"MentalFortress","floor":12.0,"key":"SMITH"},{"data":"Vigilance","floor":15.0,"key":"SMITH"},{"data":"Evaluate","floor":23.0,"key":"SMITH"},{"data":"CarveReality","floor":25.0,"key":"SMITH"},{"data":"Establishment","floor":29.0,"key":"SMITH"},{"data":"FearNoEvil","floor":32.0,"key":"SMITH"},{"data":"Tantrum","floor":44.0,"key":"SMITH"},{"floor":46.0,"key":"REST"},{"floor":49,"key":"REST"}],"circlet_count":0,"master_deck":["Strike_P+1","Defend_P+1","Defend_P+1","Eruption+1","Vigilance+1","CarveReality+1","Meditate+1","Tantrum+1","LikeWater+1","MentalFortress+1","CutThroughFate+1","Evaluate+1","Establishment+1","Halt+1","CarveReality+1","FearNoEvil+1","BattleHymn","Halt+1"],"relics":["PureWater","CeramicFish","Centennial Puzzle","Sozu","Whetstone","Bottled Flame","Anchor","War Paint","SlaversCollar","White Beast Statue","InkBottle"],"acts_visited":["Exordium","TheCity","TheBeyond"],"potions_floor_usage":[],"damage_taken":[{"damage":1.0,"enemies":"Jaw Worm","floor":1.0,"turns":3.0},{"damage":0.0,"enemies":"Cultist","floor":2.0,"turns":2.0},{"damage":0.0,"enemies":"2 Louse","floor":6.0,"turns":2.0},{"damage":0.0,"enemies":"Gremlin Nob","floor":11.0,"turns":3.0},{"damage":7.0,"enemies":"Blue Slaver","floor":13.0,"turns":4.0},{"damage":0.0,"enemies":"Exordium Wildlife","floor":14.0,"turns":2.0},{"damage":33.0,"enemies":"Hexaghost","floor":16.0,"turns":8.0},{"damage":1.0,"enemies":"3 Byrds","floor":18.0,"turns":3.0},{"damage":0.0,"enemies":"Gremlin Leader","floor":24.0,"turns":5.0},{"damage":0.0,"enemies":"Spheric Guardian","floor":27.0,"turns":3.0},{"damage":0.0,"enemies":"Snecko","floor":30.0,"turns":5.0},{"damage":18.0,"enemies":"Automaton","floor":33.0,"turns":6.0},{"damage":13.0,"enemies":"3 Shapes","floor":35.0,"turns":3.0},{"damage":0.0,"enemies":"3 Darklings","floor":38.0,"turns":3.0},{"damage":10.0,"enemies":"4 Shapes","floor":39.0,"turns":6.0},{"damage":0.0,"enemies":"Transient","floor":40.0,"turns":5.0},{"damage":0.0,"enemies":"Jaw Worm Horde","floor":42.0,"turns":1.0},{"damage":4.0,"enemies":"Writhing Mass","floor":45.0,"turns":6.0},{"damage":6,"enemies":"Nemesis","floor":48,"turns":5},{"damage":22,"enemies":"Donu and Deca","floor":50,"turns":8}],"seed_played":"6883132851478825018","potions_obtained":[{"floor":1.0,"key":"SpeedPotion"},{"floor":6.0,"key":"SmokeBomb"},{"floor":13.0,"key":"Fire Potion"}],"is_trial":false,"path_per_floor":["M","M","$","?","$","M","?","R","T","R","E","R","M","M","R","B",null,"M","?","$","?","T","R","E","R","T","M","$","R","M","?","R","B",null,"M","?","$","M","M","M","?","M","T","R","M","R","$","E","R","B",null],"character_chosen":"WATCHER","items_purchased":["Tantrum","LikeWater","MentalFortress","War Paint"],"campfire_rested":2,"item_purchase_floors":[3,3,5,28],"current_hp_per_floor":[71,71,71,71,71,71,57,57,57,57,57,57,50,50,50,17,72,71,71,71,71,71,71,71,71,71,71,71,71,71,71,71,53,72,59,59,59,59,49,49,49,49,49,49,45,66,66,60,72,50],"gold":142,"neow_bonus":"HUNDRED_GOLD","is_daily":false,"chose_seed":false,"campfire_upgraded":9,"win_rate":0.0,"timestamp":1609604894,"path_taken":["M","M","$","?","?","M","?","R","T","R","E","R","M","M","R","BOSS","M","?","$","?","?","R","E","R","T","M","$","R","M","?","R","BOSS","M","?","$","M","?","M","?","M","T","R","M","R","$","E","R","BOSS"],"items_purchased_type":["Card","Card","Card","Relic"],"build_version":"2020-12-22","purchased_purges":3,"victory":true,"max_hp_per_floor":[72,72,72,72,72,72,72,72,72,72,72,72,72,72,72,72,72,72,72,72,72,72,72,72,72,72,72,72,72,72,72,72,72,72,72,72,72,72,72,72,72,72,72,72,72,72,72,72,72,72],"relic_stats":{"Sozu":10,"Centennial Puzzle":[27],"counters":[20,83],"CeramicFish":63,"Whetstone":["Strike_P","CarveReality"],"War Paint":["Defend_P","Halt"],"obtain_stats":[{"Sozu":17,"SlaversCollar":34,"Centennial Puzzle":11,"Bottled Flame":24,"Anchor":26,"CeramicFish":9,"Whetstone":22,"PureWater":0,"War Paint":28,"White Beast Statue":43,"InkBottle":48},{"Sozu":7,"SlaversCollar":12,"Centennial Puzzle":4,"Bottled Flame":9,"Anchor":9,"CeramicFish":3,"Whetstone":8,"PureWater":0,"War Paint":10,"White Beast Statue":17,"InkBottle":19},{"Sozu":24,"SlaversCollar":46,"Centennial Puzzle":10,"Bottled Flame":32,"Anchor":32,"CeramicFish":7,"Whetstone":27,"PureWater":0,"War Paint":35,"White Beast Statue":64,"InkBottle":75}],"InkBottle":[5]},"card_choices":[{"not_picked":["Adaptation","CrushJoints"],"picked":"CarveReality","floor":1.0},{"not_picked":["SandsOfTime","DeceiveReality"],"picked":"Meditate","floor":2.0},{"not_picked":["Crescendo","WheelKick"],"picked":"CutThroughFate","floor":6.0},{"not_picked":["Wireheading","DevaForm","InnerPeace"],"picked":"SKIP","floor":11.0},{"not_picked":["WaveOfTheHand","CrushJoints","DeceiveReality"],"picked":"SKIP","floor":13.0},{"not_picked":["TalkToTheHand","CrushJoints"],"picked":"Evaluate","floor":14.0},{"not_picked":["Omniscience","SpiritShield"],"picked":"Establishment","floor":16.0},{"not_picked":["Collect","ClearTheMind"],"picked":"Halt","floor":18.0},{"not_picked":["Consecrate+1","SandsOfTime","SashWhip+1"],"picked":"SKIP","floor":24.0},{"not_picked":["WaveOfTheHand","FlyingSleeves+1"],"picked":"FearNoEvil","floor":27.0},{"not_picked":["ReachHeaven","Prostrate","Protect"],"picked":"SKIP","floor":30.0},{"not_picked":["Consecrate+1","Weave+1","Protect"],"picked":"SKIP","floor":35.0},{"not_picked":["FlyingSleeves+1","PathToVictory","Wireheading"],"picked":"SKIP","floor":38.0},{"not_picked":["Prostrate+1","BowlingBash"],"picked":"BattleHymn","floor":39.0},{"not_picked":["CutThroughFate+1","SashWhip","ForeignInfluence+1"],"picked":"SKIP","floor":40.0},{"not_picked":["BowlingBash+1","SashWhip"],"picked":"Halt+1","floor":45.0},{"not_picked":["SandsOfTime+1","DevaForm","ClearTheMind+1"],"picked":"SKIP","floor":48}],"player_experience":900929,"relics_obtained":[{"floor":9.0,"key":"CeramicFish"},{"floor":11.0,"key":"Centennial Puzzle"},{"floor":22.0,"key":"Whetstone"},{"floor":24.0,"key":"Bottled Flame"},{"floor":26.0,"key":"Anchor"},{"floor":43.0,"key":"White Beast Statue"},{"floor":48,"key":"InkBottle"}],"event_choices":[{"damage_healed":0.0,"max_hp_gain":0.0,"max_hp_loss":0.0,"gold_gain":0.0,"event_name":"NoteForYourself","player_choice":"Ignored","floor":4.0,"gold_loss":0.0,"damage_taken":0.0},{"damage_healed":0.0,"max_hp_gain":0.0,"max_hp_loss":0.0,"gold_gain":0.0,"event_name":"Shining Light","player_choice":"Entered Light","floor":7.0,"gold_loss":0.0,"damage_taken":14.0,"cards_upgraded":["Meditate","Defend_P"]},{"damage_healed":0.0,"max_hp_gain":0.0,"max_hp_loss":0.0,"gold_gain":0.0,"event_name":"The Library","player_choice":"Read","floor":19.0,"gold_loss":0.0,"damage_taken":0.0,"cards_obtained":["CarveReality"]},{"damage_healed":0.0,"max_hp_gain":0.0,"max_hp_loss":0.0,"gold_gain":99.0,"event_name":"Nest","player_choice":"Stole From Cult","floor":21.0,"gold_loss":0.0,"damage_taken":0.0},{"cards_removed":["Strike_P"],"damage_healed":0.0,"max_hp_gain":0.0,"max_hp_loss":0.0,"gold_gain":0.0,"event_name":"Beggar","player_choice":"Gave Gold","floor":31.0,"gold_loss":75.0,"damage_taken":0.0},{"cards_removed":["Defend_P"],"damage_healed":0.0,"max_hp_gain":0.0,"max_hp_loss":0.0,"gold_gain":0.0,"event_name":"Designer","player_choice":"Upgrade and Remove","floor":36.0,"gold_loss":90.0,"damage_taken":0.0,"cards_upgraded":["CutThroughFate"]},{"damage_healed":0.0,"max_hp_gain":0.0,"max_hp_loss":0.0,"gold_gain":0.0,"event_name":"Lab","player_choice":"Got Potions","floor":41.0,"gold_loss":0.0,"damage_taken":0.0}],"is_beta":false,"boss_relics":[{"not_picked":["Ectoplasm","Velvet Choker"],"picked":"Sozu"},{"not_picked":["Fusion Hammer","Black Star"],"picked":"SlaversCollar"}],"items_purged_floors":[3,20,28],"is_endless":false,"potions_floor_spawned":[1,6,13,24,27,30,35,40,45,48],"ascension_level":0}}