{"host":"x52zk6e1f2bye2h7","time":1609601074,"event":{"mods":["AchievementEnabler","BaseMod","Highlight Path","Minty Spire (QoL Compilation)","everything is the same but u backflip on backflip"],"gold_per_floor":[109,124,124,137,62,91,21,55,55,66,66,79,79,97,97,194,194,210,223,223,223,71,102,102,127,127,142,42,42,58,68,68,167,167,184,184,24,35,53,80,80,100,100,150,150,150],"floor_reached":45,"playtime":3294,"items_purged":["Strike_G","Strike_G","Strike_G"],"score":520,"play_id":"7d410df0-3c53-49da-bed9-a6043e9734f2","local_time":"20210102152434","is_ascension_mode":false,"campfire_choices":[{"data":"Noxious Fumes","floor":11,"key":"SMITH"},{"data":"Footwork","floor":15,"key":"SMITH"},{"data":"Noxious Fumes","floor":24,"key":"SMITH"},{"floor":29,"key":"REST"},{"data":"Prepared","floor":32,"key":"SMITH"},{"data":"Noxious Fumes","floor":41,"key":"SMITH"}],"circlet_count":0,"master_deck":["Defend_G","Defend_G","Defend_G","Defend_G","Defend_G","Survivor","Neutralize","Poisoned Stab","Quick Slash","Noxious Fumes+1","Prepared+1","Noxious Fumes+1","Footwork+1","Corpse Explosion","Leg Sweep","Blur","Acrobatics","Dodge and Roll","Deflect+1","Dodge and Roll","Noxious Fumes+1","Dodge and Roll+1","Prepared+1"],"relics":["Ring of the Serpent","Ginger","Matryoshka","Bottled Tornado","Pear","Enchiridion","Oddly Smooth Stone","Potion Belt","Anchor","Strawberry","Letter Opener","Empty Cage","Pen Nib","Darkstone Periapt","TungstenRod"],"acts_visited":["Exordium","TheCity","TheBeyond"],"potions_floor_usage":[16,18,23,25,25,44,44,45],"damage_taken":[{"damage":0,"enemies":"Jaw Worm","floor":1,"turns":6},{"damage":0,"enemies":"Cultist","floor":2,"turns":4},{"damage":0,"enemies":"2 Louse","floor":4,"turns":3},{"damage":19,"enemies":"3 Sentries","floor":6,"turns":9},{"damage":28,"enemies":"Gremlin Nob","floor":8,"turns":5},{"damage":8,"enemies":"Exordium Wildlife","floor":10,"turns":4},{"damage":2,"enemies":"Blue Slaver","floor":12,"turns":5},{"damage":0,"enemies":"2 Fungi Beasts","floor":14,"turns":4},{"damage":27,"enemies":"The Guardian","floor":16,"turns":9},{"damage":4,"enemies":"3 Byrds","floor":18,"turns":3},{"damage":24,"enemies":"2 Thieves","floor":19,"turns":4},{"damage":7,"enemies":"Gremlin Leader","floor":23,"turns":6},{"damage":39,"enemies":"Slavers","floor":25,"turns":6},{"damage":2,"enemies":"Snecko","floor":27,"turns":7},{"damage":0,"enemies":"Cultist and Chosen","floor":30,"turns":4},{"damage":8,"enemies":"Snake Plant","floor":31,"turns":6},{"damage":14,"enemies":"Collector","floor":33,"turns":9},{"damage":16,"enemies":"3 Darklings","floor":35,"turns":4},{"damage":0,"enemies":"3 Shapes","floor":38,"turns":3},{"damage":15,"enemies":"Transient","floor":39,"turns":5},{"damage":8,"enemies":"Giant Head","floor":40,"turns":11},{"damage":0,"enemies":"Jaw Worm Horde","floor":42,"turns":4},{"damage":41,"enemies":"2 Orb Walkers","floor":44,"turns":5},{"damage":33,"enemies":"Reptomancer","floor":45,"turns":2}],"seed_played":"7556711649405088763","potions_obtained":[{"floor":4,"key":"Explosive Potion"},{"floor":12,"key":"FearPotion"},{"floor":14,"key":"AttackPotion"},{"floor":16,"key":"Fruit Juice"},{"floor":18,"key":"DistilledChaos"},{"floor":23,"key":"Weak Potion"},{"floor":30,"key":"AttackPotion"},{"floor":35,"key":"ColorlessPotion"},{"floor":39,"key":"ColorlessPotion"},{"floor":42,"key":"BlessingOfTheForge"}],"is_trial":false,"path_per_floor":["M","M","?","M","$","E","$","E","T","M","R","M","$","M","R","B",null,"M","M","?","?","$","E","R","E","T","M","$","R","M","M","R","B",null,"M","?","$","M","M","E","R","M","T","?","E"],"character_chosen":"THE_SILENT","items_purchased":["Noxious Fumes","Oddly Smooth Stone","Noxious Fumes"],"campfire_rested":1,"item_purchase_floors":[7,22,37],"current_hp_per_floor":[77,77,77,77,77,58,58,30,40,32,32,30,30,30,30,8,92,88,64,48,48,48,41,41,2,9,7,7,36,36,28,28,14,99,83,83,83,83,68,60,60,60,60,19,0,0],"gold":150,"neow_bonus":"TEN_PERCENT_HP_BONUS","is_daily":false,"chose_seed":false,"campfire_upgraded":5,"win_rate":0.0,"timestamp":1609601074,"path_taken":["M","M","?","M","?","E","$","E","T","M","R","M","$","?","R","BOSS","M","M","?","?","$","E","R","E","T","M","?","R","M","M","R","BOSS","M","?","$","M","M","E","R","M","T","?","E"],"items_purchased_type":["Card","Relic","Card"],"build_version":"2020-12-22","purchased_purges":3,"victory":false,"max_hp_per_floor":[77,77,77,77,77,77,77,77,87,87,87,87,87,87,87,92,92,92,92,92,92,92,92,92,92,99,99,99,99,99,99,99,99,99,99,99,99,99,99,99,99,99,99,99,99,99],"card_choices":[{"not_picked":["Slice","Deflect"],"picked":"Poisoned Stab","floor":1},{"not_picked":["Tactician","Calculated Gamble"],"picked":"Quick Slash","floor":2},{"not_picked":["Dagger Spray","Bouncing Flask"],"picked":"Noxious Fumes","floor":4},{"not_picked":["Outmaneuver","Terror"],"picked":"Prepared","floor":6},{"not_picked":["Cloak And Dagger","Poisoned Stab","Distraction"],"picked":"SKIP","floor":8},{"not_picked":["Quick Slash","Masterful Stab","Outmaneuver"],"picked":"SKIP","floor":10},{"not_picked":["Dash","Dagger Throw","Distraction"],"picked":"SKIP","floor":12},{"not_picked":["Skewer","Sucker Punch"],"picked":"Footwork","floor":14},{"not_picked":["Venomology","Adrenaline"],"picked":"Corpse Explosion","floor":16},{"not_picked":["Dagger Throw","Masterful Stab"],"picked":"Leg Sweep","floor":18},{"not_picked":["Accuracy","Deadly Poison"],"picked":"Blur","floor":19},{"not_picked":["Slice+1","Dash+1"],"picked":"Acrobatics","floor":23},{"not_picked":["Accuracy","Caltrops","Distraction"],"picked":"SKIP","floor":25},{"not_picked":["Caltrops+1","Slice+1"],"picked":"Dodge and Roll","floor":27},{"not_picked":["Heel Hook","Poisoned Stab+1","Dagger Throw"],"picked":"SKIP","floor":30},{"not_picked":["Terror","Storm of Steel"],"picked":"Deflect+1","floor":31},{"not_picked":["Acrobatics+1","Bane+1"],"picked":"Dodge and Roll","floor":35},{"not_picked":["Flechettes+1","Heel Hook+1","PiercingWail+1"],"picked":"SKIP","floor":38},{"not_picked":["Endless Agony+1","Choke"],"picked":"Dodge and Roll+1","floor":39},{"not_picked":["Underhanded Strike+1","Bouncing Flask+1","Sucker Punch+1"],"picked":"SKIP","floor":40},{"not_picked":["Accuracy+1","Terror","Phantasmal Killer"],"picked":"SKIP","floor":42},{"not_picked":["Flying Knee+1","Riddle With Holes+1"],"picked":"Prepared+1","floor":44}],"player_experience":46571,"relics_obtained":[{"floor":6,"key":"Ginger"},{"floor":8,"key":"Matryoshka"},{"floor":9,"key":"Bottled Tornado"},{"floor":9,"key":"Pear"},{"floor":20,"key":"Enchiridion"},{"floor":23,"key":"Potion Belt"},{"floor":25,"key":"Anchor"},{"floor":26,"key":"Strawberry"},{"floor":26,"key":"Letter Opener"},{"floor":40,"key":"Pen Nib"},{"floor":43,"key":"Darkstone Periapt"},{"floor":44,"key":"TungstenRod"}],"event_choices":[{"damage_healed":0,"gold_gain":0,"player_choice":"Ignored","damage_taken":0,"max_hp_gain":0,"max_hp_loss":0,"event_name":"NoteForYourself","floor":3,"gold_loss":0},{"damage_healed":0,"gold_gain":0,"player_choice":"Obtained Book","damage_taken":16,"max_hp_gain":0,"max_hp_loss":0,"event_name":"Cursed Tome","floor":20,"gold_loss":0},{"damage_healed":0,"gold_gain":0,"player_choice":"Ignored","damage_taken":0,"max_hp_gain":0,"max_hp_loss":0,"event_name":"Vampires","floor":21,"gold_loss":0},{"damage_healed":0,"gold_gain":0,"player_choice":"Ignored","damage_taken":0,"max_hp_gain":0,"max_hp_loss":0,"event_name":"Tomb of Lord Red Mask","floor":36,"gold_loss":0},{"damage_healed":0,"gold_gain":0,"player_choice":"Fight","damage_taken":0,"max_hp_gain":0,"max_hp_loss":0,"event_name":"Mysterious Sphere","floor":44,"gold_loss":0}],"is_beta":false,"boss_relics":[{"not_picked":["Velvet Choker","Busted Crown"],"picked":"Ring of the Serpent"},{"not_picked":["Tiny House","Fusion Hammer"],"picked":"Empty Cage"}],"items_purged_floors":[5,28,37],"is_endless":false,"potions_floor_spawned":[4,12,14,16,18,23,30,35,39,42],"killed_by":"Reptomancer","ascension_level":0}}