{"host":"yqwjrm3sou8w5ks3","time":1609582227,"event":{"mods":["Aspiration","BaseMod","Better Third Choice","BetterRewards","Colored Map","Colored Powertips","Conspire","Downfall","Energized Spire","GifTheSpireLib","Halation","Hermit","Hubris","Mimic Mod","Minty Spire (QoL Compilation)","Replay The Spire","Reworked Bosses","Spikes Relics","StSLib","Stuff the Spire","The Blue Laboratory","UnlockEverythingMod","Wandering Minibosses","vexMod"],"gold_per_floor":[111,696,706,686,703,731,750,762,762,791,808,261,274,300,300,372,372,390,409,409,422,77,77,94,126,208,243,257,286,303,919,919,1038,1038,1063,1079,1079,1276,1327,1406,1441,1523,1570,1664,1664,1162,1192,1229,1229,1250,1307,1307,1307,264,345,531],"floor_reached":57,"playtime":5535,"items_purged":["Strike_B","Strike_B","Strike_B","Strike_B","ReplayTheSpireMod:GoodbyeWorld","ReplayTheSpireMod:GoodbyeWorld"],"score":4477,"play_id":"0bb0465e-35d2-4ae2-9594-0ca2d2ab04dc","local_time":"20210102111027","is_ascension_mode":true,"campfire_choices":[{"data":"Master of Strategy","floor":15.0,"key":"SMITH"},{"floor":23.0,"key":"RECALL"},{"floor":32.0,"key":"DIG"},{"data":"Aggregate","floor":53,"key":"SMITH"},{"data":"Aggregate","floor":53,"key":"SMITH"}],"circlet_count":0,"master_deck":["Defend_B+1","Defend_B","Defend_B","Defend_B","Zap","Dualcast","Master of Strategy+1","Leap+1","Corruption+1","Glacier","Chrysalis+1","BootSequence","Steam","Dark Shackles","Aggregate+1","Steam Power","Leap","Force Field","Panic Button","Coolheaded","Aggregate+1","Madness","Conserve Battery","White Noise","Stack","Panic Button","BasicCrystalCard","Recycle+1","Madness","Glacier","Steam","Chill","Panic Button","BasicCrystalCard","White Noise","Stack","Redo","Secret Technique+1","Turbo","Steam Power","Stack","Leap","BasicCrystalCard","aspiration:Polymerization","BootSequence+1","Steam","Redo","Redo","StuffTheSpire:Rend+1","Mirror Shield","Skim","Redo","StuffTheSpire:CleanHardDrive+1","Coolheaded","Conserve Battery","Steam+1","Turbo","Redo+1","Hologram","Skim","Coolheaded","Recycle","Aggregate","Aggregate","BasicCrystalCard","Fission","BootSequence","Coolheaded","StuffTheSpire:Rend","Coolheaded","ReplaySort","Coolheaded+1","White Noise","Hologram","aspiration:Polymerization","Stack","Redo","Coolheaded+1","Redo","Panic Button","BasicCrystalCard+1","Thinking Ahead","Purity","Master of Strategy","Midas Touch","Auto Shields","ReplayTheSpireMod:System Scan","StuffTheSpire:Plugnplay","Chaos","ReplayTheSpireMod:Calculation Training","Steam+1","StuffTheSpire:NuclearReactor","BasicCrystalCard","StuffTheSpire:Plugnplay+1","Stack","Leap","Undo","White Noise","Coolheaded+1","Defend_B+1","Defend_B","Defend_B","Defend_B","Zap","Dualcast","Master of Strategy+1","Leap+1","Corruption+1","Glacier","Chrysalis+1","BootSequence","Steam","ReplayTheSpireMod:GoodbyeWorld","ReplayTheSpireMod:GoodbyeWorld","Dark Shackles","Aggregate","Steam Power","Leap","Force Field","Panic Button","Coolheaded","Aggregate","Madness","Conserve Battery","White Noise","Stack","Panic Button","BasicCrystalCard","Recycle+1","Madness","Glacier","Steam","Chill","Panic Button","BasicCrystalCard","White Noise","Stack","Redo","Secret Technique+1","Turbo","Steam Power","Stack","Leap","BasicCrystalCard","aspiration:Polymerization","BootSequence+1","Steam","Redo","Redo","StuffTheSpire:Rend+1","Mirror Shield","Skim","Redo","StuffTheSpire:CleanHardDrive+1","Coolheaded","Conserve Battery","Steam+1","Turbo","Redo+1","Hologram","Skim","Coolheaded","Recycle","Aggregate","Aggregate","BasicCrystalCard","Fission","BootSequence","Coolheaded","StuffTheSpire:Rend","Coolheaded","ReplaySort","Coolheaded+1","White Noise","Hologram","aspiration:Polymerization","Stack","Redo","Coolheaded+1","Redo","Panic Button","BasicCrystalCard+1","Thinking Ahead","Purity","Master of Strategy","Midas Touch","Auto Shields","ReplayTheSpireMod:System Scan","StuffTheSpire:Plugnplay","Chaos","ReplayTheSpireMod:Calculation Training","Steam+1","StuffTheSpire:NuclearReactor","BasicCrystalCard","StuffTheSpire:Plugnplay+1","Stack","Leap","Undo","White Noise","Coolheaded+1","Coolheaded+1","Glacier","Turbo","Coolheaded","Steam+1","Turbo","Time Bomb","Chaos","hubris:DoWhile","Conserve Battery","Leap","ReplayTheSpireMod:Calculation Training","Genetic Algorithm","White Noise+1","Fission","ReplaySolidLightProjector+1","Fusion","Panic Button+1","BasicCrystalCard+1","Redo+1","Hologram","Turbo","BasicCrystalCard+1","StuffTheSpire:Snapshot","StuffTheSpire:Snapshot","Leap+1"],"relics":["Cracked Core","SpikesRelics:DaevaFist","Dead Branch","Bottled Tornado","War Paint","StuffTheSpire:RubySignet","Replay:WaspNest","BicycleWheel","Prayer Wheel","conspire:TopHat","Toy Ornithopter","Prayer Wheel","Prayer Wheel","Prayer Wheel","ReplayTheSpireMod:Lightbulb","Coffee Dripper","vexMod:BarristanHead","TheAbacus","Replay:Arrowhead","Prayer Wheel","aspiration:Lifesprig","Gremlin Horn","StuffTheSpire:HeavyRock","Prayer Wheel","vexMod:InvisibilityCloak","Prayer Wheel","wanderingMiniBosses:Inkheart","Guide Book","BlackRope","Replay:Bandana","conspire:SpecialSausage","hubris:FunFungus","conspire:BottledYoYo","HandDrill","Prayer Wheel","hubris:MedicalManual","Prayer Wheel","Prayer Wheel","conspire:IceCreamScoop","Juzu Bracelet","hubris:SphereOfDissonance","aspiration:VileToxins","Bag of Marbles","Prayer Wheel","Prayer Wheel","Prayer Wheel","Prayer Wheel","Prayer Wheel","Prayer Wheel","conspire:DeflatedDodgeball","hubris:AstralHammer","Medical Kit","Prayer Wheel","Vajra","Prayer Wheel","Prayer Wheel","Prayer Wheel","Prayer Wheel","Prayer Wheel"],"acts_visited":["Exordium","TheCity","TheBeyond","TheEnding"],"potions_floor_usage":[56],"damage_taken":[{"damage":0.0,"enemies":"Jaw Worm","floor":1.0,"turns":1.0},{"damage":0.0,"enemies":"Cultist","floor":3.0,"turns":1.0},{"damage":6.0,"enemies":"conspire:RoseBush","floor":5.0,"turns":3.0},{"damage":0.0,"enemies":"Gremlin Nob","floor":6.0,"turns":3.0},{"damage":0.0,"enemies":"2 Fungi Beasts","floor":7.0,"turns":2.0},{"damage":0.0,"enemies":"3 Louse","floor":8.0,"turns":1.0},{"damage":0.0,"enemies":"3 Sentries","floor":10.0,"turns":2.0},{"damage":0.0,"enemies":"Looter","floor":11.0,"turns":2.0},{"damage":0.0,"enemies":"Large Slime","floor":13.0,"turns":1.0},{"damage":0.0,"enemies":"Lagavulin","floor":14.0,"turns":2.0},{"damage":0.0,"enemies":"The Guardian","floor":16.0,"turns":3.0},{"damage":0.0,"enemies":"2 Thieves","floor":18.0,"turns":1.0},{"damage":0.0,"enemies":"Shell Parasite","floor":19.0,"turns":2.0},{"damage":0.0,"enemies":"Shelled Parasite and Fungi","floor":21.0,"turns":1.0},{"damage":0.0,"enemies":"Snecko","floor":24.0,"turns":1.0},{"damage":0.0,"enemies":"Book of Stabbing","floor":25.0,"turns":1.0},{"damage":0.0,"enemies":"Slavers","floor":27.0,"turns":1.0},{"damage":0.0,"enemies":"Snake Plant","floor":28.0,"turns":1.0},{"damage":0.0,"enemies":"Gremlin Leader","floor":29.0,"turns":1.0},{"damage":0.0,"enemies":"Centurion and Healer","floor":30.0,"turns":4.0},{"damage":0.0,"enemies":"bossMod:newChamp","floor":33.0,"turns":1.0},{"damage":0,"enemies":"Orb Walker","floor":35,"turns":1},{"damage":0,"enemies":"3 Darklings","floor":36,"turns":1},{"damage":0,"enemies":"conspire:MimicChest","floor":39,"turns":1},{"damage":0,"enemies":"Nemesis","floor":40,"turns":1},{"damage":0,"enemies":"Maw","floor":41,"turns":1},{"damage":0,"enemies":"Giant Head","floor":42,"turns":1},{"damage":0,"enemies":"Reptomancer","floor":44,"turns":1},{"damage":0,"enemies":"Spire Growth","floor":47,"turns":1},{"damage":0,"enemies":"Sphere and 2 Shapes","floor":48,"turns":1},{"damage":0,"enemies":"bossMod:newShapes","floor":50,"turns":1},{"damage":0,"enemies":"Replay:Hell Engine","floor":51,"turns":1},{"damage":0,"enemies":"Shield and Spear","floor":55,"turns":1},{"damage":0,"enemies":"The Heart","floor":56,"turns":4}],"seed_played":"-3673614220436017708","potions_obtained":[{"floor":4.0,"key":"GamblersBrew"},{"floor":6.0,"key":"LiquidBronze"},{"floor":11.0,"key":"blueLaboratory:TrueEctoplasm"},{"floor":40,"key":"Slimebound:ThreeZeroPotion"},{"floor":49,"key":"blueLaboratory:ImpenetrablePotion"}],"is_trial":false,"path_per_floor":["M","$","M","?","M","E","M","M","T","E","M","$","M","E","R_BF","B",null,"M","M","?","M","$","R","M","E","T","E","M","E","M","$","R_BF","B",null,"M","M","?","$","?","E","M","E","T","E","?","$","M","M","R_BF","B","B",null,"R","$","E","B",null],"character_chosen":"DEFECT","items_purchased":["SpikesRelics:DaevaFist","Master of Strategy","Leap","War Paint","Chrysalis","BootSequence","Steam","ReplayTheSpireMod:GoodbyeWorld","Dark Shackles","conspire:TopHat","Toy Ornithopter","Aggregate","TheAbacus","Secret Technique","Aggregate","Guide Book","BlackRope","Flashbang","BasicCrystalCard","hubris:FunFungus","conspire:BottledYoYo","HandDrill","Midas Touch","aspiration:VileToxins","Bag of Marbles","conspire:DeflatedDodgeball","hubris:AstralHammer","Medical Kit","DuplicationPotion"],"campfire_rested":0,"item_purchase_floors":[0,0,0,2,2,2,2,2,2,12,12,12,22,22,31,31,31,31,31,38,38,38,38,46,46,54,54,54,54],"current_hp_per_floor":[64,64,64,64,58,58,60,60,60,60,60,60,60,60,60,60,68,68,68,68,70,70,70,70,70,70,70,70,70,70,70,70,70,71,71,71,61,61,61,61,61,61,61,61,64,64,64,64,64,64,64,69,69,69,69,71],"gold":531,"neow_bonus":"","is_daily":false,"chose_seed":false,"campfire_upgraded":3,"win_rate":0.0,"timestamp":1609582227,"path_taken":["M","$","M","?","M","E","M","M","T","E","M","$","M","E","R_BF","BOSS","M","M","?","M","$","R","M","E","T","E","M","E","M","$","R_BF","BOSS","M","?","?","$","?","E","M","E","T","E","?","$","M","M","R_BF","BOSS","BOSS","R","$","E","BOSS"],"items_purchased_type":["Relic","Card","Card","Relic","Card","Card","Card","Card","Card","Relic","Relic","Card","Relic","Card","Card","Relic","Relic","Potion","Card","Relic","Relic","Relic","Card","Relic","Relic","Relic","Relic","Relic","Potion"],"build_version":"2020-12-13","purchased_purges":6,"victory":true,"max_hp_per_floor":[71,71,71,71,71,71,71,71,71,71,71,71,71,71,71,71,71,71,71,71,71,71,71,71,71,71,71,71,71,71,71,71,71,71,71,71,71,71,71,71,71,71,71,71,71,71,71,71,71,71,71,71,71,71,71,71],"card_choices":[{"not_picked":["Redo","Hologram"],"picked":"Glacier","floor":1.0},{"not_picked":["Crystallizer","Cold Snap"],"picked":"Aggregate","floor":3.0},{"not_picked":["Chaos","BasicCrystalCard"],"picked":"Steam Power","floor":5.0},{"not_picked":["Sweeping Beam","Consume"],"picked":"Leap","floor":6.0},{"not_picked":["Doom and Gloom","conspire:SharedLibrary","Gash"],"picked":"SKIP","floor":7.0},{"not_picked":["Gash","StuffTheSpire:Plugnplay"],"picked":"White Noise","floor":8.0},{"not_picked":["StuffTheSpire:LoadUp","DiskWipe"],"picked":"Force Field","floor":10.0},{"not_picked":["StuffTheSpire:ShieldGenerator","Steam Power"],"picked":"Panic Button","floor":11.0},{"not_picked":["Leap","hubris:Ukulele"],"picked":"Coolheaded","floor":11.0},{"not_picked":["Loop","Gash"],"picked":"ReplayTheSpireMod:Fabricate Wheel","floor":13.0},{"not_picked":["StuffTheSpire:SnapShoot","FTL"],"picked":"Conserve Battery","floor":13.0},{"not_picked":["StuffTheSpire:Plugnplay","Redo"],"picked":"White Noise","floor":14.0},{"not_picked":["Coolheaded","Ball Lightning"],"picked":"Stack","floor":18.0},{"not_picked":["ReplayTheSpireMod:Reroute Power+1","StuffTheSpire:GlassShard"],"picked":"Panic Button","floor":18.0},{"not_picked":["Streamline","Darkness"],"picked":"BasicCrystalCard","floor":18.0},{"not_picked":["Chaos","Loop"],"picked":"Recycle+1","floor":18.0},{"not_picked":["Compile Driver","Rip and Tear","Rebound"],"picked":"SKIP","floor":18.0},{"not_picked":["hubris:Ukulele","RefreshScreen"],"picked":"Glacier","floor":19.0},{"not_picked":["Rebound","Self Repair"],"picked":"Steam","floor":19.0},{"not_picked":["Cold Snap","Doom and Gloom"],"picked":"Chill","floor":19.0},{"not_picked":["Go for the Eyes","Reinforced Body","Barrage"],"picked":"SKIP","floor":19.0},{"not_picked":["hubris:PowerSurge+1","Defragment","StuffTheSpire:ShieldGenerator"],"picked":"SKIP","floor":19.0},{"not_picked":["Ball Lightning","Genetic Algorithm"],"picked":"Panic Button","floor":21.0},{"not_picked":["conspire:SharedLibrary","StuffTheSpire:GlassShard"],"picked":"BasicCrystalCard","floor":21.0},{"not_picked":["StuffTheSpire:Plugnplay","Core Surge"],"picked":"White Noise","floor":21.0},{"not_picked":["Panic Button","Heatsinks+1"],"picked":"Stack","floor":21.0},{"not_picked":["Scrape","Panic Button"],"picked":"Redo","floor":21.0},{"not_picked":["Rip and Tear","Sweeping Beam"],"picked":"Turbo","floor":24.0},{"not_picked":["ReplayGash","FTL"],"picked":"Steam Power","floor":24.0},{"not_picked":["conspire:SharedLibrary","Beam Cell"],"picked":"Stack","floor":24.0},{"not_picked":["Compile Driver","Stack"],"picked":"Leap","floor":24.0},{"not_picked":["Loop","StuffTheSpire:EventHorizon"],"picked":"BasicCrystalCard","floor":24.0},{"not_picked":["Static Discharge","Stack"],"picked":"aspiration:Polymerization","floor":24.0},{"not_picked":["Streamline","Aggregate"],"picked":"BootSequence+1","floor":25.0},{"not_picked":["StuffTheSpire:LoadUp","StuffTheSpire:Plugnplay+1"],"picked":"Steam","floor":27.0},{"not_picked":["Chill","Streamline"],"picked":"Redo","floor":28.0},{"not_picked":["Gash","Compile Driver"],"picked":"Redo","floor":28.0},{"not_picked":["Ball Lightning","Gash"],"picked":"StuffTheSpire:Rend+1","floor":28.0},{"not_picked":["ReplayTheSpireMod:System Scan","FTL"],"picked":"Mirror Shield","floor":28.0},{"not_picked":["Compile Driver","Streamline+1"],"picked":"Skim","floor":28.0},{"not_picked":["Cold Snap+1","Gash"],"picked":"Redo","floor":28.0},{"not_picked":["StuffTheSpire:LoadUp","Streamline"],"picked":"StuffTheSpire:CleanHardDrive+1","floor":28.0},{"not_picked":["StuffTheSpire:LoadUp","Capacitor"],"picked":"Coolheaded","floor":29.0},{"not_picked":["StuffTheSpire:LoadUp","Static Discharge+1"],"picked":"Conserve Battery","floor":30.0},{"not_picked":["Redo","hubris:Ukulele"],"picked":"Steam+1","floor":30.0},{"not_picked":["Tempest","Panic Button"],"picked":"Turbo","floor":30.0},{"not_picked":["ReplayTheSpireMod:Dual Polarity","ReplayTheSpireMod:Reroute Power+1"],"picked":"Redo+1","floor":30.0},{"not_picked":["DiskWipe","StuffTheSpire:Plugnplay"],"picked":"Hologram","floor":30.0},{"not_picked":["ReplayTheSpireMod:Calculation Training","Genetic Algorithm"],"picked":"Skim","floor":30.0},{"not_picked":["Compile Driver","Cold Snap"],"picked":"Coolheaded","floor":30.0},{"not_picked":["Amplify","ReplayTheSpireMod:Reroute Power"],"picked":"Recycle","floor":30.0},{"not_picked":["hubris:SpecializedCircuitry","Machine Learning"],"picked":"Fission","floor":33.0},{"not_picked":["Steam","Tempest"],"picked":"BootSequence","floor":35},{"not_picked":["Sweeping Beam","ReplayGash"],"picked":"Coolheaded","floor":35},{"not_picked":["StuffTheSpire:ShieldGenerator","ReplayTheSpireMod:System Scan+1"],"picked":"StuffTheSpire:Rend","floor":35},{"not_picked":["StuffTheSpire:Plugnplay","Storm"],"picked":"Coolheaded","floor":35},{"not_picked":["Ball Lightning","Stack"],"picked":"ReplaySort","floor":35},{"not_picked":["BasicCrystalCard+1","Leap"],"picked":"Coolheaded+1","floor":35},{"not_picked":["Genetic Algorithm","Steam"],"picked":"White Noise","floor":35},{"not_picked":["ReplayTheSpireMod:Dual Polarity","FIFO Queue"],"picked":"Hologram","floor":35},{"not_picked":["ReplayRNGCard","Blizzard"],"picked":"aspiration:Polymerization","floor":36},{"not_picked":["Beam Cell","StuffTheSpire:Synthwave"],"picked":"Stack","floor":36},{"not_picked":["Leap","StuffTheSpire:Coldhearted"],"picked":"Redo","floor":36},{"not_picked":["Static Discharge+1","BasicCrystalCard"],"picked":"Coolheaded+1","floor":36},{"not_picked":["Cold Snap+1","Stack"],"picked":"Redo","floor":36},{"not_picked":["Rebound","BasicCrystalCard"],"picked":"Panic Button","floor":36},{"not_picked":["Leap","Sweeping Beam"],"picked":"BasicCrystalCard+1","floor":36},{"not_picked":["Multi-Cast","Storm","Scrape+1"],"picked":"SKIP","floor":36},{"not_picked":["Sharp Hide","PlatinumSkin"],"picked":"Thinking Ahead","floor":37},{"not_picked":["Replay:SS_fish_1","ReplayTheSpireMod:Necrogeddon"],"picked":"Purity","floor":37},{"not_picked":["expansioncontent:DonusPower","Survey Options"],"picked":"Master of Strategy","floor":37},{"not_picked":["Go for the Eyes+1","BasicCrystalCard"],"picked":"Auto Shields","floor":39},{"not_picked":["Reinforced Body","StuffTheSpire:Rend+1"],"picked":"ReplayTheSpireMod:System Scan","floor":40},{"not_picked":["Sweeping Beam","Beam Cell+1"],"picked":"StuffTheSpire:Plugnplay","floor":41},{"not_picked":["Darkness","RefreshScreen+1"],"picked":"Chaos","floor":41},{"not_picked":["Rebound","Redo"],"picked":"ReplayTheSpireMod:Calculation Training","floor":41},{"not_picked":["Cold Snap","Panic Button"],"picked":"Steam+1","floor":41},{"not_picked":["Self Repair","StuffTheSpire:GlassShard"],"picked":"StuffTheSpire:NuclearReactor","floor":41},{"not_picked":["Sunder","conspire:Rain"],"picked":"BasicCrystalCard","floor":41},{"not_picked":["conspire:SharedLibrary+1","Beam Cell"],"picked":"StuffTheSpire:Plugnplay+1","floor":41},{"not_picked":["Scrape","Multi-Cast"],"picked":"Stack","floor":41},{"not_picked":["StuffTheSpire:Plugnplay+1","Barrage"],"picked":"Leap","floor":41},{"not_picked":["Gash","Reinforced Body+1"],"picked":"Undo","floor":41},{"not_picked":["Cold Snap+1","Leap+1"],"picked":"White Noise","floor":41},{"not_picked":["Sweeping Beam","StuffTheSpire:EventHorizon","Gash"],"picked":"SKIP","floor":42},{"not_picked":["aspiration:Polymerization","Rebound"],"picked":"Coolheaded+1","floor":44},{"not_picked":["Tempest+1","Lockon"],"picked":"Coolheaded+1","floor":47},{"not_picked":["Leap","StuffTheSpire:Plugnplay"],"picked":"Glacier","floor":47},{"not_picked":["Ball Lightning","Coolheaded"],"picked":"Turbo","floor":47},{"not_picked":["Sweeping Beam+1","Stack"],"picked":"Coolheaded","floor":47},{"not_picked":["Gash","Sunder"],"picked":"Steam+1","floor":47},{"not_picked":["ReplayTheSpireMod:Calculation Training+1","Heatsinks"],"picked":"Turbo","floor":47},{"not_picked":["Beam Cell","Barrage"],"picked":"Time Bomb","floor":47},{"not_picked":["StuffTheSpire:CleanHardDrive","Compile Driver"],"picked":"Chaos","floor":47},{"not_picked":["ReplayGash","conspire:SharedLibrary"],"picked":"hubris:DoWhile","floor":47},{"not_picked":["BasicCrystalCard","RefreshScreen"],"picked":"Conserve Battery","floor":47},{"not_picked":["hubris:PowerSurge","Cold Snap","StuffTheSpire:GlassShard+1"],"picked":"SKIP","floor":47},{"not_picked":["Barrage","hubris:Ukulele+1","Sweeping Beam"],"picked":"SKIP","floor":47},{"not_picked":["ReplayGash","FIFO Queue","Self Repair"],"picked":"SKIP","floor":47},{"not_picked":["Cold Snap","Gash"],"picked":"Leap","floor":48},{"not_picked":["Steam+1","StuffTheSpire:GlassShard"],"picked":"ReplayTheSpireMod:Calculation Training","floor":48},{"not_picked":["StuffTheSpire:GlassShard","Scrape"],"picked":"Genetic Algorithm","floor":48},{"not_picked":["Cold Snap","Gash"],"picked":"White Noise+1","floor":48},{"not_picked":["Leap","ReplayTheSpireMod:Calculation Training+1"],"picked":"Fission","floor":48},{"not_picked":["Compile Driver+1","Doom and Gloom"],"picked":"ReplaySolidLightProjector+1","floor":48},{"not_picked":["StuffTheSpire:Rend","Barrage"],"picked":"Fusion","floor":48},{"not_picked":["StuffTheSpire:LoadUp","BasicCrystalCard"],"picked":"Panic Button+1","floor":48},{"not_picked":["Compile Driver","Rip and Tear"],"picked":"BasicCrystalCard+1","floor":48},{"not_picked":["Compile Driver","Go for the Eyes"],"picked":"Redo+1","floor":48},{"not_picked":["Go for the Eyes","Heatsinks"],"picked":"Hologram","floor":48},{"not_picked":["Leap+1","Ball Lightning"],"picked":"Turbo","floor":48},{"not_picked":["Stack+1","StuffTheSpire:EventHorizon"],"picked":"BasicCrystalCard+1","floor":48},{"not_picked":["Beam Cell","StuffTheSpire:SnapShoot+1","Hyperbeam"],"picked":"SKIP","floor":48},{"not_picked":["Rebound","Defragment"],"picked":"Leap+1","floor":55}],"player_experience":99238,"relics_obtained":[{"floor":6.0,"key":"StuffTheSpire:RubySignet"},{"floor":9.0,"key":"Replay:WaspNest"},{"floor":10.0,"key":"BicycleWheel"},{"floor":14.0,"key":"ReplayTheSpireMod:Lightbulb"},{"floor":25.0,"key":"aspiration:Lifesprig"},{"floor":26.0,"key":"Gremlin Horn"},{"floor":27.0,"key":"StuffTheSpire:HeavyRock"},{"floor":29.0,"key":"vexMod:InvisibilityCloak"},{"floor":30.0,"key":"wanderingMiniBosses:Inkheart"},{"floor":32.0,"key":"Replay:Bandana"},{"floor":39,"key":"hubris:MedicalManual"},{"floor":40,"key":"conspire:IceCreamScoop"},{"floor":42,"key":"Juzu Bracelet"},{"floor":44,"key":"hubris:SphereOfDissonance"},{"floor":55,"key":"Vajra"}],"event_choices":[{"damage_healed":0.0,"max_hp_gain":0.0,"max_hp_loss":0.0,"gold_gain":0.0,"event_name":"The Woman in Blue","player_choice":"Bought 1 Potion","floor":4.0,"gold_loss":0.0,"damage_taken":0.0},{"cards_removed":["White Noise"],"damage_healed":0.0,"max_hp_gain":0.0,"max_hp_loss":0.0,"gold_gain":0.0,"event_name":"WeMeetAgain","player_choice":"Gave Card","floor":20.0,"gold_loss":0.0,"damage_taken":0.0,"relics_obtained":["vexMod:BarristanHead"]},{"damage_healed":0,"gold_gain":0,"player_choice":"Memory 3","damage_taken":10,"max_hp_gain":0,"max_hp_loss":0,"event_name":"SensoryStone","floor":37,"gold_loss":0}],"is_beta":false,"boss_relics":[{"not_picked":["energizedSpire:RedRose","hubris:Backtick"],"picked":"Coffee Dripper"},{"not_picked":["hubris:GrandSneckoEye","energizedSpire:DeadBattery"],"picked":"conspire:SpecialSausage"}],"items_purged_floors":[0,2,12,38,46,54],"is_endless":false,"potions_floor_spawned":[1,6,7,8,11,19,25,27,28,35,40,41],"ascension_level":20}}