{"host":"ygfasg9u7olr7skw","time":1609619278,"event":{"mods":["AchievementEnabler","BaseMod","Better Note","Better Vampires","Colored Powertips","Minty Spire (QoL Compilation)","Replay The Spire","Spicy Shops","StSLib","The IronCluck"],"gold_per_floor":[213,224,244,94,108,122,151,169,194,194,207,207,207,207,225,256,256,361,361,371,371,388,313,113,144,144,155,155,165,165,115,115,132,132,132,132],"floor_reached":35,"playtime":1831,"items_purged":["Strike_B","Strike_B","ReplayTheSpireMod:Splinters"],"score":345,"play_id":"521f8957-f1c9-4709-91b2-82224ab59067","local_time":"20210102152758","is_ascension_mode":true,"campfire_choices":[{"floor":10,"key":"REST"},{"floor":14,"key":"REST"},{"floor":17,"key":"REST"},{"floor":26,"key":"REST"},{"floor":30,"key":"REST"},{"floor":32,"key":"REST"},{"floor":34,"key":"REST"}],"circlet_count":0,"master_deck":["Strike_B","Defend_B","Defend_B","Defend_B","Defend_B","Zap","Dualcast","Steam","Gash","Sweeping Beam","Beam Cell","Gash","Gash","Beam Cell","Genetic Algorithm","Gash","Gash","Pride","Go for the Eyes"],"relics":["Cracked Core","Oddly Smooth Stone","Anchor","Shuriken","Black Star","Replay:Wax Seal","Boot","Blue Doll","TungstenRod","ReplayTheSpireMod:CursedCoin"],"acts_visited":["Exordium","TheCity"],"potions_floor_usage":[7,20,33,35],"damage_taken":[{"damage":1,"enemies":"Cultist","floor":1,"turns":3},{"damage":0,"enemies":"2 Louse","floor":2,"turns":2},{"damage":0,"enemies":"Small Slimes","floor":3,"turns":2},{"damage":16,"enemies":"Exordium Thugs","floor":5,"turns":4},{"damage":0,"enemies":"3 Louse","floor":6,"turns":3},{"damage":30,"enemies":"Lagavulin","floor":7,"turns":8},{"damage":1,"enemies":"Blue Slaver","floor":8,"turns":3},{"damage":2,"enemies":"Large Slime","floor":11,"turns":5},{"damage":0,"enemies":"Exordium Thugs","floor":15,"turns":3},{"damage":25,"enemies":"Gremlin Nob","floor":16,"turns":5},{"damage":8,"enemies":"Slime Boss","floor":18,"turns":8},{"damage":18,"enemies":"Shell Parasite","floor":20,"turns":6},{"damage":21,"enemies":"2 Thieves","floor":22,"turns":5},{"damage":6,"enemies":"Gremlin Leader","floor":25,"turns":7},{"damage":12,"enemies":"Cultist and Chosen","floor":27,"turns":5},{"damage":30,"enemies":"Centurion and Healer","floor":29,"turns":5},{"damage":12,"enemies":"Shelled Parasite and Fungi","floor":33,"turns":5},{"damage":74,"enemies":"Collector","floor":35,"turns":9}],"seed_played":"4326922571418617145","potions_obtained":[{"floor":2,"key":"Block Potion"},{"floor":5,"key":"Strength Potion"},{"floor":6,"key":"BlessingOfTheForge"},{"floor":8,"key":"Swift Potion"},{"floor":20,"key":"BlessingOfTheForge"},{"floor":33,"key":"Milkshake"}],"is_trial":false,"path_per_floor":["M","M","M","$","M","M","E","M","T","R","M","PTL","PTL","R","M","E","R","B",null,"M","?","M","?","$","E","R","M","T","M","R","$","R","M","R","B"],"character_chosen":"DEFECT","items_purchased":["Sweeping Beam","Gash","Replay:Wax Seal","ReplayTheSpireMod:CursedCoin","Regen Potion"],"campfire_rested":7,"item_purchase_floors":[4,24,24,31,31],"current_hp_per_floor":[74,74,74,74,58,58,28,27,27,49,47,47,47,69,69,44,66,58,75,57,57,36,36,36,30,52,40,40,10,32,32,54,51,73,0,0],"gold":132,"neow_bonus":"HUNDRED_GOLD","is_daily":false,"chose_seed":false,"campfire_upgraded":0,"win_rate":0.0,"timestamp":1609619278,"path_taken":["M","?","M","$","M","M","E","M","T","R","M","PTL","PTL","R","M","E","R","BOSS","M","?","M","?","$","E","R","M","T","?","R","$","R","M","R","BOSS"],"items_purchased_type":["Card","Card","Relic","Relic","Potion"],"build_version":"2020-12-22","purchased_purges":3,"victory":false,"max_hp_per_floor":[75,75,75,75,75,75,75,75,75,75,75,75,75,75,75,75,75,75,75,75,75,75,75,75,75,75,75,75,75,75,75,75,75,75,75,75],"card_choices":[{"not_picked":["Go for the Eyes","Compile Driver"],"picked":"Steam","floor":1},{"not_picked":["Capacitor","BasicCrystalCard","Hello World"],"picked":"SKIP","floor":2},{"not_picked":["Panic Button","Glacier"],"picked":"Gash","floor":3},{"not_picked":["Rebound","Streamline"],"picked":"Beam Cell","floor":5},{"not_picked":["Redo","Turbo"],"picked":"Gash","floor":6},{"not_picked":["Sweeping Beam","ReplayTheSpireMod:Omega Cannon"],"picked":"Gash","floor":7},{"not_picked":["Go for the Eyes","Steam"],"picked":"Beam Cell","floor":8},{"not_picked":["Cold Snap","Ball Lightning","Hologram"],"picked":"SKIP","floor":11},{"not_picked":["Cold Snap","Ball Lightning","Hologram"],"picked":"SKIP","floor":11},{"not_picked":["Leap","Glacier"],"picked":"Genetic Algorithm","floor":15},{"not_picked":["Steam Power","Steam","Capacitor"],"picked":"SKIP","floor":16},{"not_picked":["Crystallizer","Stack+1","Leap+1"],"picked":"SKIP","floor":20},{"not_picked":["Rip and Tear","Cold Snap","Panic Button+1"],"picked":"SKIP","floor":22},{"not_picked":["Reboot","Reprogram","Barrage+1"],"picked":"SKIP","floor":25},{"not_picked":["Fusion","Crystallizer","Turbo+1"],"picked":"SKIP","floor":27},{"not_picked":["Glacier","ReplayTheSpireMod:System Scan"],"picked":"Go for the Eyes","floor":29},{"not_picked":["Ball Lightning+1","Reprogram","Stack+1"],"picked":"SKIP","floor":33}],"player_experience":202588,"relics_obtained":[{"floor":7,"key":"Oddly Smooth Stone"},{"floor":9,"key":"Anchor"},{"floor":16,"key":"Shuriken"},{"floor":25,"key":"Boot"},{"floor":25,"key":"Blue Doll"},{"floor":28,"key":"TungstenRod"}],"event_choices":[{"damage_healed":0,"gold_gain":0,"player_choice":"Read","damage_taken":0,"max_hp_gain":0,"max_hp_loss":0,"event_name":"The Library","floor":21,"gold_loss":0,"cards_obtained":["Gash"]},{"cards_removed":["Strike_B"],"damage_healed":0,"gold_gain":0,"player_choice":"Gave Gold","damage_taken":0,"max_hp_gain":0,"max_hp_loss":0,"event_name":"Beggar","floor":23,"gold_loss":75}],"is_beta":false,"boss_relics":[{"not_picked":["ReplayTheSpireMod:DimensionalGlitch","SacredBark"],"picked":"Black Star"}],"items_purged_floors":[4,24,31],"is_endless":false,"potions_floor_spawned":[2,5,6,8,16,20,33],"killed_by":"Collector","ascension_level":2}}