{"host":"3y33rrrkia6pkpow","time":1609615142,"event":{"mods":["2.2 Compatiblity","AchievementEnabler","Act Like it!","BaseMod","BetterRewards","Colored Map","Gensokyo","Minty Spire (QoL Compilation)","Quick Restart","Replay The Spire","Shop Mod","Spicy Shops","StSLib","Synergy Search","The Animator"],"gold_per_floor":[263,263,7,7,7,41,41,82,82,82,82,100,138,157,157,258,283,294,294,294,544,576,654,654,654,704,776,398,477,492,492,502,502],"floor_reached":33,"playtime":2635,"items_purged":["animator:Strike"],"score":479,"play_id":"d4d06d3b-1c8d-4f77-89d3-23f166815026","local_time":"20210102131902","is_ascension_mode":true,"campfire_choices":[{"data":"animator:Shimakaze","floor":7.0,"key":"SMITH"},{"data":"animator:Viivi","floor":10.0,"key":"SMITH"},{"floor":15.0,"key":"REST"},{"floor":24.0,"key":"REST"},{"floor":32.0,"key":"REST"}],"circlet_count":0,"master_deck":["AscendersBane","animator:Strike_Kancolle","animator:Defend_Kancolle","animator:Strike","animator:Strike","animator:Defend","animator:Defend","animator:Defend","animator:Shimakaze+1","animator:Viivi+1","animator:Elesis+2","animator:HighElfArcher+1","animator:Spearman+1","animator:Emonzaemon+1","animator:Konayuki","animator:Rena","animator:Gilgamesh+6","animator:Emonzaemon+1","Reinforced Body","animator:LizardPriest","animator:Hakurou+1","animator:Elsword+1","animator:UneriGinkaku+1","animator:Shizu+1","animator:Fredrika+1","Parasite","animator:Shizu+1","animator:YaoHaDucy+1","animator:Hakurou+1"],"relics":["animator:LivingPicture","animator:TheMissingPiece","animator:PurgingStone","NeowsBlessing","Gensokyo:PortableGap","Molten Egg 2","animator:BattleDrones","Golden Egg","animator:HeavyHalberd","Velvet Choker","Boot","Vajra","FossilizedHelix","DollysMirror","Potion Belt"],"acts_visited":["Exordium","Gensokyo:Gensokyo"],"potions_floor_usage":[33,33],"damage_taken":[{"damage":0.0,"enemies":"Gensokyo:Gryphon","floor":1.0,"turns":1.0},{"damage":0.0,"enemies":"Gensokyo:Mamizou","floor":6.0,"turns":2.0},{"damage":0.0,"enemies":"Gensokyo:Aya","floor":8.0,"turns":1.0},{"damage":3.0,"enemies":"Gensokyo:3_Fairies","floor":12.0,"turns":3.0},{"damage":12.0,"enemies":"Gensokyo:Python","floor":13.0,"turns":3.0},{"damage":10.0,"enemies":"Gensokyo:VengefulSpirit","floor":14.0,"turns":3.0},{"damage":31.0,"enemies":"Gensokyo:Yukari","floor":16.0,"turns":7.0},{"damage":0.0,"enemies":"Gensokyo:2_Gloops","floor":18.0,"turns":4.0},{"damage":20.0,"enemies":"Gensokyo:AngelMirror","floor":22.0,"turns":3.0},{"damage":10.0,"enemies":"Gensokyo:Tenshi","floor":23.0,"turns":5.0},{"damage":19.0,"enemies":"Gensokyo:Reisen","floor":27.0,"turns":5.0},{"damage":0.0,"enemies":"Gensokyo:Slime_Group","floor":31.0,"turns":3.0},{"damage":51,"enemies":"Gensokyo:Kaguya","floor":33,"turns":7}],"seed_played":"3202603990886043585","potions_obtained":[{"floor":6.0,"key":"ColorlessPotion"},{"floor":12.0,"key":"Adrenaline Potion"},{"floor":14.0,"key":"EntropicBrew"},{"floor":23.0,"key":"Ancient Potion"},{"floor":27.0,"key":"Explosive Potion"},{"floor":31.0,"key":"Explosive Potion"}],"is_trial":false,"path_per_floor":["M","?","$","?","COS","E","R","E","T","R","T","M","M","M","R","B",null,"M","?","?","?","M","E","R","?","T","E","$","T","M","R","B"],"character_chosen":"THE_ANIMATOR","items_purchased":["Molten Egg 2","animator:Shizu+1","animator:Fredrika+1","DollysMirror","animator:YaoHaDucy+1"],"campfire_rested":3,"item_purchase_floors":[3,29,29,29,29],"current_hp_per_floor":[59,59,59,65,65,65,65,65,65,65,65,63,51,42,62,31,59,59,59,59,59,39,29,49,49,49,30,30,30,30,49,0,0],"gold":502,"neow_bonus":"THREE_ENEMY_KILL","is_daily":false,"chose_seed":false,"campfire_upgraded":2,"win_rate":0.0,"timestamp":1609615142,"path_taken":["M","?","$","?","COS","E","R","E","T","R","?","M","M","M","R","BOSS","M","?","?","?","?","E","R","?","T","E","?","?","M","R","BOSS"],"items_purchased_type":["Relic","Card","Card","Relic","Card"],"build_version":"2020-12-22","purchased_purges":1,"victory":false,"max_hp_per_floor":[66,60,60,66,66,66,66,66,66,66,66,67,67,68,68,68,68,68,68,68,68,68,68,68,68,68,65,65,65,65,65,65,65],"card_choices":[{"not_picked":["animator:Evileye","animator:Emonzaemon"],"picked":"animator:Viivi","floor":1.0},{"not_picked":["animator:LeleiLaLalena","animator:LizardPriest"],"picked":"animator:Elesis+1","floor":6.0},{"not_picked":["animator:YaoHaDucy+1","animator:TukaLunaMarceau"],"picked":"animator:HighElfArcher+1","floor":8.0},{"not_picked":["animator:HighElfArcher+1","animator:Priestess"],"picked":"animator:Spearman+1","floor":12.0},{"not_picked":["animator:Demiurge","animator:PandorasActor"],"picked":"animator:Emonzaemon+1","floor":13.0},{"not_picked":["animator:Raven+1","animator:RinTohsaka"],"picked":"animator:Konayuki","floor":14.0},{"not_picked":["animator:Demiurge","animator:Laby"],"picked":"animator:Rena","floor":15.0},{"not_picked":["animator:SwordMaiden","animator:ItamiYouji+1"],"picked":"animator:Gilgamesh+1","floor":16.0},{"not_picked":["animator:Shion+1","animator:DwarfShaman+1"],"picked":"animator:Emonzaemon+1","floor":18.0},{"not_picked":["animator:DwarfShaman+1","animator:CowGirl"],"picked":"animator:LizardPriest","floor":22.0},{"not_picked":["animator:Father","animator:Alexander+1"],"picked":"animator:Hakurou+1","floor":23.0},{"not_picked":["animator:ElricEdward+1","animator:Chung"],"picked":"animator:UneriGinkaku+1","floor":27.0},{"not_picked":["animator:Ara+1","animator:RoyMustang+1"],"picked":"animator:Hakurou+1","floor":31.0}],"player_experience":821388,"relics_obtained":[{"floor":6.0,"key":"animator:BattleDrones"},{"floor":8.0,"key":"Golden Egg"},{"floor":9.0,"key":"Dream Catcher"},{"floor":11.0,"key":"animator:HeavyHalberd"},{"floor":23.0,"key":"Boot"},{"floor":26.0,"key":"Vajra"},{"floor":27.0,"key":"FossilizedHelix"},{"floor":30.0,"key":"Potion Belt"}],"event_choices":[],"is_beta":false,"boss_relics":[{"not_picked":["Replay:Bronze Core","Honey Jar"],"picked":"Velvet Choker"}],"items_purged_floors":[29],"is_endless":false,"potions_floor_spawned":[6,12,14,23,27,31],"killed_by":"Gensokyo:Kaguya","ascension_level":10}}