{"host":"7yxt37kap0q16lk4","time":1609609306,"event":{"mods":["2.2 Compatiblity","Act Like it!","BaseMod","Better Third Choice","Better-Laid Plans","Colored Map","Custom Start","Highlight Path","Keyboard Shortcuts","Minty Spire (QoL Compilation)","Quick Restart","Rare Cards Sparkle","Relic Stats","Shop Mod","Slay the Relics Exporter","StSLib","SuperFastMode"],"gold_per_floor":[110,110,110,129,129,170,195,1,1,1,25,68,86,101,101,197,197,221,246,267,10,10,10,48,48,48,48,66,66,66,66,66],"floor_reached":31,"playtime":739,"items_purged":["Strike_B"],"score":530,"play_id":"a9cade56-0ac4-4a3f-98d7-a7ed16495e8e","local_time":"20210103024146","is_ascension_mode":true,"campfire_choices":[{"floor":10.0,"key":"REST"},{"data":"Apotheosis","floor":15.0,"key":"SMITH"},{"floor":23.0,"key":"REST"},{"floor":27.0,"key":"REST"}],"circlet_count":0,"master_deck":["AscendersBane","Strike_B","Strike_B","Strike_B","Defend_B","Defend_B","Defend_B","Defend_B+1","Zap","Dualcast","Machine Learning+1","Sweeping Beam","Streamline","Glacier","Go for the Eyes","Apotheosis+1","Undo","BootSequence","Buffer","Undo","Capacitor","Defragment"],"relics":["FrozenCore","Smiling Mask","Bloody Idol","Ice Cream","Symbiotic Virus","Bottled Flame","Runic Capacitor","Art of War","Toxic Egg 2"],"acts_visited":["Exordium","TheCity"],"potions_floor_usage":[31],"damage_taken":[{"damage":9.0,"enemies":"Jaw Worm","floor":1.0,"turns":4.0},{"damage":13.0,"enemies":"Small Slimes","floor":4.0,"turns":3.0},{"damage":17.0,"enemies":"Lagavulin","floor":6.0,"turns":5.0},{"damage":0.0,"enemies":"2 Louse","floor":7.0,"turns":3.0},{"damage":9.0,"enemies":"Large Slime","floor":11.0,"turns":4.0},{"damage":10.0,"enemies":"Gremlin Nob","floor":12.0,"turns":4.0},{"damage":0.0,"enemies":"2 Fungi Beasts","floor":13.0,"turns":3.0},{"damage":0.0,"enemies":"Red Slaver","floor":14.0,"turns":5.0},{"damage":15.0,"enemies":"The Guardian","floor":16.0,"turns":9.0},{"damage":0.0,"enemies":"Chosen","floor":18.0,"turns":7.0},{"damage":7.0,"enemies":"2 Thieves","floor":19.0,"turns":4.0},{"damage":14.0,"enemies":"Shelled Parasite and Fungi","floor":20.0,"turns":10.0},{"damage":74.0,"enemies":"Slavers","floor":24.0,"turns":12.0},{"damage":12.0,"enemies":"Snake Plant","floor":28.0,"turns":5.0},{"damage":15,"enemies":"Gremlin Leader","floor":31,"turns":4}],"seed_played":"-9091466917214517125","potions_obtained":[{"floor":4.0,"key":"SkillPotion"},{"floor":6.0,"key":"BlessingOfTheForge"},{"floor":14.0,"key":"FocusPotion"},{"floor":18.0,"key":"ColorlessPotion"},{"floor":28.0,"key":"FocusPotion"}],"is_trial":false,"path_per_floor":["M","?","?","M","?","E","M","$","T","R","M","E","M","M","R","B",null,"M","M","M","$","?","R","E","?","T","R","M","?","?","E"],"character_chosen":"DEFECT","items_purchased":["Apotheosis","Runic Capacitor","Capacitor"],"campfire_rested":3,"item_purchase_floors":[8,21,21],"current_hp_per_floor":[55,34,34,21,21,4,4,4,4,23,14,4,4,4,4,16,52,52,45,31,31,31,50,3,3,3,22,10,10,10,0,0],"gold":66,"neow_bonus":"ONE_RANDOM_RARE_CARD","is_daily":false,"chose_seed":false,"campfire_upgraded":1,"win_rate":0.0,"timestamp":1609609306,"path_taken":["M","?","?","M","?","E","M","?","T","R","M","E","?","M","R","BOSS","M","M","M","$","?","R","E","?","T","R","M","?","?","E"],"items_purchased_type":["Card","Relic","Card"],"build_version":"2020-12-22","purchased_purges":1,"victory":false,"max_hp_per_floor":[71,71,64,64,64,64,64,64,64,64,64,64,64,64,64,64,64,64,64,64,64,64,64,64,64,64,64,64,64,64,64,64],"relic_stats":{"counters":[15,82],"Bloody Idol":0,"Art of War":[3],"Smiling Mask":25,"obtain_stats":[{"Ice Cream":6,"Bottled Flame":12,"Golden Idol":3,"Bloody Idol":29,"Runic Capacitor":21,"Art of War":24,"Toxic Egg 2":26,"Cracked Core":0,"Smiling Mask":1,"Symbiotic Virus":9,"FrozenCore":17},{"Ice Cream":3,"Bottled Flame":6,"Golden Idol":1,"Bloody Idol":14,"Runic Capacitor":12,"Art of War":13,"Toxic Egg 2":13,"Cracked Core":0,"Smiling Mask":1,"Symbiotic Virus":4,"FrozenCore":9},{"Ice Cream":12,"Bottled Flame":23,"Golden Idol":4,"Bloody Idol":78,"Runic Capacitor":61,"Art of War":73,"Toxic Egg 2":73,"Cracked Core":0,"Smiling Mask":1,"Symbiotic Virus":15,"FrozenCore":40}],"FrozenCore":[16]},"card_choices":[{"not_picked":["Steam Power","Aggregate"],"picked":"Sweeping Beam","floor":1.0},{"not_picked":["Reprogram","Coolheaded"],"picked":"Streamline","floor":4.0},{"not_picked":["Beam Cell","Hello World"],"picked":"Glacier","floor":6.0},{"not_picked":["Coolheaded","Glacier"],"picked":"Go for the Eyes","floor":7.0},{"not_picked":["Lockon","Reprogram"],"picked":"Undo","floor":11.0},{"not_picked":["Darkness","Streamline"],"picked":"BootSequence","floor":12.0},{"not_picked":["Hologram","Compile Driver","Consume"],"picked":"SKIP","floor":13.0},{"not_picked":["Hologram","Compile Driver","Consume"],"picked":"SKIP","floor":13.0},{"not_picked":["Aggregate","Sweeping Beam","Scrape"],"picked":"SKIP","floor":14.0},{"not_picked":["All For One","Fission"],"picked":"Buffer","floor":16.0},{"not_picked":["Stack","Leap","Cold Snap+1"],"picked":"SKIP","floor":18.0},{"not_picked":["Go for the Eyes","Leap"],"picked":"Undo","floor":19.0},{"not_picked":["Go for the Eyes+1","Steam+1","Sweeping Beam"],"picked":"SKIP","floor":20.0},{"not_picked":["Undo","Steam"],"picked":"Defragment","floor":24.0},{"not_picked":["Cold Snap","Capacitor+1","Stack+1"],"picked":"SKIP","floor":28.0}],"player_experience":1036043,"relics_obtained":[{"floor":6.0,"key":"Ice Cream"},{"floor":9.0,"key":"Symbiotic Virus"},{"floor":12.0,"key":"Bottled Flame"},{"floor":24.0,"key":"Art of War"},{"floor":26.0,"key":"Toxic Egg 2"}],"event_choices":[{"damage_healed":55.0,"max_hp_gain":0.0,"max_hp_loss":71.0,"gold_gain":0.0,"event_name":"betterThird:BetterShining","player_choice":"Upgrade","floor":2.0,"gold_loss":0.0,"damage_taken":21.0,"cards_upgraded":["Machine Learning","Defend_B"]},{"damage_healed":0.0,"max_hp_gain":0.0,"max_hp_loss":7.0,"gold_gain":0.0,"event_name":"Golden Idol","player_choice":"Lose Max HP","floor":3.0,"gold_loss":0.0,"damage_taken":0.0,"relics_obtained":["Golden Idol"]},{"damage_healed":0.0,"max_hp_gain":0.0,"max_hp_loss":0.0,"gold_gain":0.0,"event_name":"betterThird:BetterSerpent","player_choice":"Ignored","floor":5.0,"gold_loss":0.0,"damage_taken":129.0},{"damage_healed":0.0,"max_hp_gain":0.0,"max_hp_loss":0.0,"gold_gain":0.0,"event_name":"The Mausoleum","player_choice":"Ignored","floor":22.0,"gold_loss":0.0,"damage_taken":0.0},{"damage_healed":0.0,"max_hp_gain":0.0,"max_hp_loss":0.0,"gold_gain":0.0,"event_name":"Forgotten Altar","player_choice":"Gave Idol","floor":29.0,"relics_lost":["Golden Idol"],"gold_loss":0.0,"damage_taken":0.0,"relics_obtained":["Bloody Idol"]},{"damage_healed":0.0,"max_hp_gain":0.0,"max_hp_loss":0.0,"gold_gain":0.0,"event_name":"Cursed Tome","player_choice":"Ignored","floor":30.0,"gold_loss":0.0,"damage_taken":0.0}],"is_beta":false,"boss_relics":[{"not_picked":["Cursed Key","Coffee Dripper"],"picked":"FrozenCore"}],"items_purged_floors":[21],"is_endless":false,"potions_floor_spawned":[4,6,14,18,28],"killed_by":"Gremlin Leader","ascension_level":20}}