{"host":"3jjxuhjpio8e4zkv","time":1609614580,"event":{"mods":["BaseMod","Colored Map","Highlight Path","Minty Spire (QoL Compilation)","Permanent Neow","Relic Stats","StSLib"],"gold_per_floor":[210,175,6,6,22,47,47,65,92,103,113,141,141,159,159,237,237,251,265,276,276,276,276,276,276,576,595,0,0,10,37,37,114,114,130,130,146,164,64,64,64],"floor_reached":40,"playtime":1627,"items_purged":["Strike_G","Decay"],"score":911,"play_id":"637b294c-3620-44cc-be2d-f380c4fabed8","local_time":"20210102140940","is_ascension_mode":true,"campfire_choices":[{"floor":7,"key":"REST"},{"data":"Noxious Fumes","floor":15,"key":"SMITH"},{"floor":23,"key":"REST"},{"data":"Wraith Form v2","floor":25,"key":"SMITH"},{"floor":32,"key":"REST"}],"circlet_count":0,"master_deck":["AscendersBane","Defend_G+1","Defend_G+1","Defend_G+1","Defend_G+1","Defend_G+1","Survivor+1","Neutralize+1","Dagger Spray","Terror","Blade Dance","Backflip","Noxious Fumes+1","Sucker Punch","Dash","Dagger Throw","Wraith Form v2+1","Crippling Poison+1","Accuracy","Footwork+1","Calculated Gamble+1","Concentrate","Bane+1","Reflex","Reflex","Burst","Adrenaline","Corpse Explosion","Outmaneuver+1","Unload+1","Backstab+1","Deflect","Slice+1","Heel Hook+1"],"relics":["Ring of the Snake","Regal Pillow","Lantern","Unceasing Top","Sozu","Old Coin","Orrery","Shuriken","HornCleat","Astrolabe"],"acts_visited":["Exordium","TheCity","TheBeyond"],"potions_floor_usage":[6,30],"damage_taken":[{"damage":5,"enemies":"Jaw Worm","floor":1,"turns":7},{"damage":4,"enemies":"Small Slimes","floor":5,"turns":4},{"damage":25,"enemies":"3 Sentries","floor":6,"turns":8},{"damage":1,"enemies":"2 Louse","floor":8,"turns":3},{"damage":0,"enemies":"2 Fungi Beasts","floor":10,"turns":3},{"damage":0,"enemies":"Exordium Wildlife","floor":11,"turns":3},{"damage":0,"enemies":"Gremlin Nob","floor":12,"turns":3},{"damage":0,"enemies":"Looter","floor":14,"turns":3},{"damage":18,"enemies":"The Guardian","floor":16,"turns":11},{"damage":12,"enemies":"Spheric Guardian","floor":18,"turns":6},{"damage":8,"enemies":"2 Thieves","floor":19,"turns":4},{"damage":19,"enemies":"Centurion and Healer","floor":20,"turns":8},{"damage":46,"enemies":"Shelled Parasite and Fungi","floor":27,"turns":5},{"damage":0,"enemies":"Snake Plant","floor":30,"turns":4},{"damage":20,"enemies":"Book of Stabbing","floor":31,"turns":4},{"damage":43,"enemies":"Collector","floor":33,"turns":10},{"damage":0,"enemies":"Orb Walker","floor":35,"turns":3},{"damage":31,"enemies":"3 Shapes","floor":37,"turns":2},{"damage":8,"enemies":"Writhing Mass","floor":38,"turns":6},{"damage":20,"enemies":"Reptomancer","floor":40,"turns":2}],"seed_played":"7351146564658471948","potions_obtained":[{"floor":6,"key":"Explosive Potion"},{"floor":8,"key":"ColorlessPotion"},{"floor":11,"key":"LiquidMemories"}],"is_trial":false,"path_per_floor":["M","?","$","?","M","E","R","M","T","M","M","E","?","M","R","B",null,"M","M","M","?","?","R","?","R","T","M","$","?","M","E","R","B",null,"M","?","M","M","$","E"],"character_chosen":"THE_SILENT","items_purchased":["FairyPotion","Strength Potion","Orrery","Shuriken","Reflex"],"campfire_rested":3,"item_purchase_floors":[3,3,28,28,28],"current_hp_per_floor":[54,66,66,46,42,17,51,50,50,50,50,50,43,43,43,25,56,44,36,17,17,17,51,51,51,51,5,5,5,5,19,53,10,52,52,52,21,13,13,0,0],"gold":64,"neow_bonus":"HUNDRED_GOLD","is_daily":false,"chose_seed":false,"campfire_upgraded":2,"win_rate":0.0,"timestamp":1609614580,"path_taken":["M","?","$","?","M","E","R","M","T","M","M","E","?","M","R","BOSS","M","M","M","?","?","R","?","R","T","M","$","?","?","E","R","BOSS","M","?","M","?","$","E"],"items_purchased_type":["Potion","Potion","Relic","Relic","Card"],"build_version":"2020-12-22","purchased_purges":2,"victory":false,"max_hp_per_floor":[66,66,66,66,66,66,66,66,66,66,66,66,66,66,66,66,66,66,66,66,66,66,66,66,66,66,66,66,66,66,66,66,66,66,66,66,66,66,66,66,66],"relic_stats":{"Sozu":5,"Regal Pillow":45,"counters":[20,99],"Shuriken":[14],"Astrolabe":["Outmaneuver","Unload","Backstab"],"obtain_stats":[{"Sozu":17,"Regal Pillow":6,"Lantern":9,"HornCleat":31,"Shuriken":28,"Astrolabe":34,"Orrery":28,"Unceasing Top":12,"Ring of the Snake":0,"Old Coin":26},{"Sozu":9,"Regal Pillow":3,"Lantern":4,"HornCleat":15,"Shuriken":13,"Astrolabe":16,"Orrery":13,"Unceasing Top":7,"Ring of the Snake":0,"Old Coin":12},{"Sozu":45,"Regal Pillow":19,"Lantern":22,"HornCleat":76,"Shuriken":68,"Astrolabe":86,"Orrery":68,"Unceasing Top":31,"Ring of the Snake":0,"Old Coin":63}],"Unceasing Top":[32],"Ring of the Snake":[40]},"card_choices":[{"not_picked":["Backflip","Endless Agony"],"picked":"Dagger Spray","floor":1},{"not_picked":["Setup","Deflect"],"picked":"Terror","floor":5},{"not_picked":["Grand Finale","Slice"],"picked":"Blade Dance","floor":6},{"not_picked":["Blade Dance","Calculated Gamble"],"picked":"Backflip","floor":8},{"not_picked":["Outmaneuver","Heel Hook"],"picked":"Noxious Fumes","floor":10},{"not_picked":["Poisoned Stab","Tactician"],"picked":"Sucker Punch","floor":11},{"not_picked":["Underhanded Strike","Quick Slash"],"picked":"Dash","floor":12},{"not_picked":["Slice","Endless Agony"],"picked":"Dagger Throw","floor":14},{"not_picked":["Burst","Doppelganger"],"picked":"Wraith Form v2","floor":16},{"not_picked":["Sucker Punch","Concentrate"],"picked":"Crippling Poison+1","floor":18},{"not_picked":["Underhanded Strike","Outmaneuver"],"picked":"Accuracy","floor":19},{"not_picked":["Infinite Blades","Distraction","Dagger Throw"],"picked":"SKIP","floor":20},{"not_picked":["Endless Agony","PiercingWail"],"picked":"Footwork","floor":27},{"not_picked":["Dash","Terror"],"picked":"Calculated Gamble+1","floor":28},{"not_picked":["Setup","Envenom"],"picked":"Concentrate","floor":28},{"not_picked":["Setup","Blade Dance"],"picked":"Bane+1","floor":28},{"not_picked":["Bane","Dagger Throw"],"picked":"Reflex","floor":28},{"not_picked":["Underhanded Strike","Dagger Spray"],"picked":"Burst","floor":30},{"not_picked":["Dodge and Roll","Predator"],"picked":"Adrenaline","floor":31},{"not_picked":["Phantasmal Killer","Grand Finale"],"picked":"Corpse Explosion","floor":33},{"not_picked":["Underhanded Strike","Dagger Throw"],"picked":"Deflect","floor":35},{"not_picked":["Quick Slash","Cloak And Dagger"],"picked":"Slice+1","floor":37},{"not_picked":["Deflect","Reflex"],"picked":"Heel Hook+1","floor":38}],"player_experience":1176370,"relics_obtained":[{"floor":6,"key":"Regal Pillow"},{"floor":9,"key":"Lantern"},{"floor":12,"key":"Unceasing Top"},{"floor":26,"key":"Old Coin"},{"floor":31,"key":"HornCleat"}],"event_choices":[{"damage_healed":16,"gold_gain":0,"player_choice":"Healed","damage_taken":0,"max_hp_gain":0,"max_hp_loss":0,"event_name":"The Cleric","floor":2,"gold_loss":35},{"damage_healed":0,"gold_gain":0,"player_choice":"Entered Light","damage_taken":20,"max_hp_gain":0,"max_hp_loss":0,"event_name":"Shining Light","floor":4,"gold_loss":0,"cards_upgraded":["Neutralize","Survivor"]},{"cards_removed":["Strike_G"],"damage_healed":0,"gold_gain":0,"player_choice":"Card Removal","damage_taken":7,"max_hp_gain":0,"max_hp_loss":0,"event_name":"Golden Wing","floor":13,"gold_loss":0},{"damage_healed":0,"gold_gain":0,"player_choice":"Ignored","damage_taken":0,"max_hp_gain":0,"max_hp_loss":0,"event_name":"Cursed Tome","floor":21,"gold_loss":0},{"damage_healed":0,"gold_gain":0,"player_choice":"Smashed Altar","damage_taken":0,"max_hp_gain":0,"max_hp_loss":0,"event_name":"Forgotten Altar","floor":22,"gold_loss":0,"cards_obtained":["Decay"]},{"damage_healed":0,"gold_gain":0,"player_choice":"Ignored","damage_taken":0,"max_hp_gain":0,"max_hp_loss":0,"event_name":"The Mausoleum","floor":24,"gold_loss":0},{"damage_healed":0,"gold_gain":0,"player_choice":"Simplicity","damage_taken":0,"max_hp_gain":0,"max_hp_loss":0,"event_name":"Back to Basics","floor":29,"gold_loss":0,"cards_upgraded":["Strike_G","Strike_G","Strike_G","Defend_G","Defend_G","Defend_G","Defend_G","Defend_G"]},{"damage_healed":0,"gold_gain":0,"player_choice":"Forge","damage_taken":0,"max_hp_gain":0,"max_hp_loss":0,"event_name":"Accursed Blacksmith","floor":36,"gold_loss":0,"cards_upgraded":["Footwork"]}],"is_beta":false,"boss_relics":[{"not_picked":["Busted Crown","Ring of the Serpent"],"picked":"Sozu"},{"not_picked":["Snecko Eye","Fusion Hammer"],"picked":"Astrolabe"}],"items_purged_floors":[28,39],"is_endless":false,"potions_floor_spawned":[5,6,8,11,20,27,30,33,38],"killed_by":"Reptomancer","ascension_level":20}}