{"host":"cyiefo55v5hz1ih5","time":1609625816,"event":{"mods":["2.2 Compatiblity","AchievementEnabler","BaseMod","GifTheSpireLib","Hubris","Minty Spire (QoL Compilation)","Replay The Spire","Spicy Shops","StSLib","The Animator"],"gold_per_floor":[118,163,179,179,179,205,55,74,74,87,97,121,139,139,139,239,239,269,300,300,350,376,409,409,427,473,572,165,179,139,139,139,248,248,259,277,277,277,187,224,235,252,323,339,352,352,371,130,130,130,130,130,494,494,494],"floor_reached":54,"playtime":6090,"items_purged":["animator:Strike","animator:Strike+1","animator:Strike+1"],"score":823,"play_id":"1248008e-9119-405c-ab4a-2efc3e31d869","local_time":"20210102171656","is_ascension_mode":true,"campfire_choices":[{"floor":15.0,"key":"REST"},{"floor":24.0,"key":"REST"},{"floor":32,"key":"REST"},{"floor":49,"key":"RECALL"},{"data":"animator:Saitama","floor":52,"key":"SMITH"}],"circlet_count":0,"master_deck":["animator:Defend_OnePunchMan+1","animator:Defend","animator:Defend+1","animator:Genos","animator:MumenRider","animator:Kaijin","animator:Sonic","animator:Envy","animator:HighElfArcher","animator:Emonzaemon+1","animator:ChaikaTrabant","animator:LizardPriest","animator:SilverFang","animator:Saitama","animator:MisakiNakahara"],"relics":["animator:TheEgnaroPiece","animator:AncientMedallion"],"acts_visited":["Exordium","TheCity","TheBeyond","TheEnding","EYB:TheUnnamedReign"],"potions_floor_usage":[33,41,45],"damage_taken":[{"damage":0.0,"enemies":"Small Slimes","floor":1.0,"turns":3.0},{"damage":4.0,"enemies":"2 Louse","floor":3.0,"turns":2.0},{"damage":24.0,"enemies":"3 Sentries","floor":6.0,"turns":11.0},{"damage":6.0,"enemies":"Jaw Worm","floor":8.0,"turns":4.0},{"damage":0.0,"enemies":"Looter","floor":10.0,"turns":3.0},{"damage":2.0,"enemies":"Red Slaver","floor":11.0,"turns":3.0},{"damage":7.0,"enemies":"Exordium Thugs","floor":13.0,"turns":3.0},{"damage":12.0,"enemies":"The Guardian","floor":16.0,"turns":15.0},{"damage":5.0,"enemies":"3 Byrds","floor":18.0,"turns":12.0},{"damage":43.0,"enemies":"Masked Bandits","floor":19.0,"turns":7.0},{"damage":0.0,"enemies":"Chosen","floor":22.0,"turns":4.0},{"damage":0.0,"enemies":"Gremlin Leader","floor":23.0,"turns":6.0},{"damage":0.0,"enemies":"Snake Plant","floor":25.0,"turns":5.0},{"damage":21,"enemies":"Chosen and Byrds","floor":29,"turns":7},{"damage":31,"enemies":"Automaton","floor":33,"turns":12},{"damage":0,"enemies":"3 Shapes","floor":35,"turns":9},{"damage":13,"enemies":"Orb Walker","floor":36,"turns":5},{"damage":17,"enemies":"R_Hoarder","floor":40,"turns":10},{"damage":15,"enemies":"Spire Growth","floor":41,"turns":6},{"damage":0,"enemies":"Sphere and 2 Shapes","floor":42,"turns":4},{"damage":12,"enemies":"3 Darklings","floor":44,"turns":8},{"damage":0,"enemies":"Jaw Worm Horde","floor":45,"turns":6},{"damage":0,"enemies":"Writhing Mass","floor":47,"turns":8},{"damage":33,"enemies":"Time Eater","floor":50,"turns":11},{"damage":91,"enemies":"animator:TRIPLE_SHAPES_WEAK","floor":54,"turns":6}],"seed_played":"-7840865959719744607","potions_obtained":[{"floor":8.0,"key":"Elixir"},{"floor":10.0,"key":"Fire Potion"},{"floor":11.0,"key":"SteroidPotion"},{"floor":18.0,"key":"Adrenaline Potion"},{"floor":22.0,"key":"Energy Potion"},{"floor":29,"key":"LifebloodPotion"},{"floor":35,"key":"SkillPotion"},{"floor":44,"key":"Energy Potion"}],"is_trial":false,"path_per_floor":["M","?","M","?","?","E","$","M","T","M","M","T","M","?","R","B",null,"M","?","?","T","M","E","R","M","T","?","$","M","$","?","R","B",null,"M","M","?","?","?","E","M","M","T","M","M","?","M","$","R","B",null,"R","??","M"],"character_chosen":"THE_ANIMATOR","items_purchased":["animator:Sonic","hubris:MedicalManual","ReplayTheSpireMod:CursedCoin","Ginger","Red Skull","AttackPotion"],"campfire_rested":3,"item_purchase_floors":[7,28,30,30,48,48],"current_hp_per_floor":[71,71,67,67,67,43,43,37,37,37,35,35,28,14,41,29,71,66,23,23,23,23,24,54,54,54,54,54,33,33,33,60,29,72,72,59,59,59,59,42,27,27,27,15,15,63,63,63,63,30,63,63,98,7,7],"gold":494,"neow_bonus":"RANDOM_EVENT","is_daily":false,"chose_seed":false,"campfire_upgraded":1,"win_rate":0.0,"timestamp":1609625816,"path_taken":["M","?","M","?","?","E","?","M","T","M","?","?","M","?","R","BOSS","M","?","?","?","M","E","R","M","T","?","$","M","$","?","R","BOSS","M","?","?","?","?","E","M","M","T","?","M","?","M","?","R","BOSS","R","??","M"],"items_purchased_type":["Card","Relic","Relic","Relic","Relic","Potion"],"build_version":"2020-12-22","purchased_purges":3,"victory":false,"max_hp_per_floor":[71,71,71,71,71,71,71,71,71,71,71,71,71,71,71,71,71,71,71,71,71,71,72,72,72,72,72,72,72,72,72,72,72,72,72,72,72,72,72,72,72,72,72,72,72,63,63,63,63,63,63,63,98,98,98],"card_choices":[{"not_picked":["animator:ShinjiMatou","animator:Shuna","animator:MaesHughes"],"picked":"SKIP","floor":1.0},{"not_picked":["animator:AcuraTooru","animator:Berserker"],"picked":"animator:Kaijin","floor":3.0},{"not_picked":["animator:SwordMaiden","animator:AcuraTooru","animator:ZankiKiguchi"],"picked":"SKIP","floor":6.0},{"not_picked":["animator:ElricEdward","animator:Viivi","animator:ChaikaBohdan"],"picked":"SKIP","floor":8.0},{"not_picked":["animator:Shuna","animator:Rider","animator:Priestess"],"picked":"SKIP","floor":10.0},{"not_picked":["animator:Azekura","animator:Gluttony","animator:Benimaru"],"picked":"SKIP","floor":11.0},{"not_picked":["animator:Konayuki","animator:Priestess","animator:CowGirl"],"picked":"SKIP","floor":13.0},{"not_picked":["animator:Greed","animator:Rimuru"],"picked":"animator:Envy","floor":16.0},{"not_picked":["animator:Rider+1","animator:ZankiKiguchi"],"picked":"animator:HighElfArcher","floor":18.0},{"not_picked":["animator:ElricAlphonse","animator:Gluttony"],"picked":"animator:Emonzaemon+1","floor":19.0},{"not_picked":["animator:LizardPriest","animator:Archer"],"picked":"animator:ChaikaTrabant","floor":22.0},{"not_picked":["animator:Benimaru","animator:Genos"],"picked":"animator:LizardPriest","floor":23.0},{"not_picked":["animator:Archer","animator:SakuraMatou+1","animator:LizardPriest"],"picked":"SKIP","floor":25.0},{"not_picked":["animator:LizardPriest","animator:Rider+1","animator:Benimaru"],"picked":"SKIP","floor":29},{"not_picked":["animator:Envy","animator:Shizu"],"picked":"animator:Saitama","floor":33},{"not_picked":["animator:Alexander","animator:DwarfShaman+1","animator:Geryuganshoop"],"picked":"SKIP","floor":35},{"not_picked":["animator:ChaikaBohdan+1","animator:RoyMustang","animator:Berserker+1"],"picked":"SKIP","floor":36},{"not_picked":["animator:LimeBell","animator:Kuroyukihime"],"picked":"animator:MisakiNakahara","floor":37},{"not_picked":["animator:RinTohsaka+1","animator:TsurugaMeisai+1","animator:DwarfShaman"],"picked":"SKIP","floor":40},{"not_picked":["animator:AcuraAkari+1","animator:LizardPriest","animator:Azekura+1"],"picked":"SKIP","floor":41},{"not_picked":["animator:Berserker+1","animator:Hitei+1","animator:Archer+1"],"picked":"SKIP","floor":42},{"not_picked":["animator:ChaikaTrabant","animator:Kaijin","animator:Shichika"],"picked":"SKIP","floor":44},{"not_picked":["animator:ShinjiMatou","animator:MumenRider+1","animator:Shuna"],"picked":"SKIP","floor":45},{"not_picked":["animator:WinryRockbell+1","animator:Witch+1","animator:Genos"],"picked":"SKIP","floor":47}],"player_experience":661529,"relics_obtained":[{"floor":6.0,"key":"Eternal Feather"},{"floor":9.0,"key":"TungstenRod"},{"floor":12.0,"key":"hubris:ToyBattleship"},{"floor":19.0,"key":"Red Mask"},{"floor":23.0,"key":"Omamori"},{"floor":26.0,"key":"Gremlin Food"},{"floor":38,"key":"ReplayTheSpireMod:Ring of Collecting"},{"floor":38,"key":"ReplayTheSpireMod:Ring of Exchange"},{"floor":40,"key":"Onion Ring"},{"floor":43,"key":"Ring of Fury"},{"floor":43,"key":"Replay:Bottled Steam"},{"floor":53,"key":"animator:TheEgnaroPiece"},{"floor":53,"key":"animator:AncientMedallion"}],"event_choices":[{"damage_healed":0.0,"max_hp_gain":5.0,"max_hp_loss":0.0,"gold_gain":0.0,"event_name":"Big Fish","player_choice":"Donut","floor":0.0,"gold_loss":0.0,"damage_taken":0.0},{"damage_healed":0.0,"max_hp_gain":0.0,"max_hp_loss":0.0,"gold_gain":0.0,"event_name":"Liars Game","player_choice":"Ignored","floor":5.0,"gold_loss":0.0,"damage_taken":0.0},{"damage_healed":0.0,"max_hp_gain":0.0,"max_hp_loss":0.0,"gold_gain":0.0,"event_name":"Scrap Ooze","player_choice":"Success","floor":14.0,"gold_loss":0.0,"damage_taken":18.0,"relics_obtained":["hubris:DeckOfHolding"]},{"damage_healed":0.0,"max_hp_gain":0.0,"max_hp_loss":0.0,"gold_gain":0.0,"event_name":"Masked Bandits","player_choice":"Fought Bandits","floor":19.0,"gold_loss":0.0,"damage_taken":0.0},{"damage_healed":0.0,"max_hp_gain":0.0,"max_hp_loss":0.0,"gold_gain":0.0,"event_name":"Back to Basics","player_choice":"Simplicity","floor":20.0,"gold_loss":0.0,"damage_taken":0.0,"cards_upgraded":["animator:Defend_OnePunchMan","animator:Strike","animator:Defend","animator:Defend","animator:Defend"]},{"damage_healed":0.0,"max_hp_gain":0.0,"max_hp_loss":0.0,"gold_gain":99.0,"event_name":"Nest","player_choice":"Stole From Cult","floor":27.0,"gold_loss":0.0,"damage_taken":0.0},{"damage_healed":0,"gold_gain":0,"player_choice":"Read","damage_taken":0,"max_hp_gain":0,"max_hp_loss":0,"event_name":"The Library","floor":31,"gold_loss":0,"cards_obtained":["animator:SilverFang"]},{"damage_healed":0,"gold_gain":0,"player_choice":"Memory 1","damage_taken":0,"max_hp_gain":0,"max_hp_loss":0,"event_name":"SensoryStone","floor":37,"gold_loss":0},{"cards_removed":["animator:Defend"],"damage_healed":0,"gold_gain":0,"player_choice":"Upgrade and Remove","damage_taken":0,"max_hp_gain":0,"max_hp_loss":0,"event_name":"Designer","floor":39,"gold_loss":90,"cards_upgraded":["animator:SilverFang"]},{"damage_healed":63,"gold_gain":0,"player_choice":"Heal","damage_taken":0,"max_hp_gain":0,"max_hp_loss":9,"event_name":"The Moai Head","floor":46,"gold_loss":0}],"is_beta":false,"boss_relics":[{"not_picked":["Astrolabe","hubris:Stopwatch"],"picked":"Replay:Bronze Core"},{"not_picked":["Sozu","hubris:GrandSneckoEye"],"picked":"ChewingGum"}],"items_purged_floors":[7,28,30],"is_endless":false,"potions_floor_spawned":[8,10,11,18,22,29,35,44],"killed_by":"animator:TRIPLE_SHAPES_WEAK","ascension_level":1}}