{"host":"dgf4n6lo35jtjz0c","time":1609623652,"event":{"mods":["AchievementEnabler","BaseMod","Bestiary","Colored Powertips","Minty Spire (QoL Compilation)"],"gold_per_floor":[117,129,147,167,6,6,21,37,37,53,66,83,83,109,109,209,209,223,205,216,216,13,13,31,47,124,135,148,148,94,105,105,207,207,223,243,256,271,285,285,298,298,324,324,324,344,146,0,0,0],"floor_reached":51,"playtime":3751,"items_purged":["Decay","Parasite"],"score":703,"play_id":"f5af4483-c514-4fbc-af80-d641b9de16d4","local_time":"20210103084052","is_ascension_mode":false,"campfire_choices":[{"data":"Barricade","floor":6.0,"key":"SMITH"},{"data":"Reaper","floor":13.0,"key":"SMITH"},{"data":"Flame Barrier","floor":15.0,"key":"SMITH"},{"floor":23.0,"key":"REST"},{"floor":29.0,"key":"REST"},{"floor":32.0,"key":"REST"},{"floor":40.0,"key":"REST"},{"data":"Juggernaut","floor":42.0,"key":"SMITH"},{"data":"Metallicize","floor":44.0,"key":"SMITH"},{"floor":49.0,"key":"REST"}],"circlet_count":0,"master_deck":["Strike_R","Strike_R","Strike_R","Strike_R","Strike_R","Defend_R","Defend_R","Defend_R","Bash","Headbutt","Ghostly Armor","Headbutt","Body Slam","Barricade+1","Flame Barrier+1","Metallicize+1","Sentinel","Reaper+1","Shrug It Off","Second Wind","Exhume","Rage","Carnage","Inflame","Dark Embrace","Armaments","Ghostly Armor","Shrug It Off+1","Body Slam","Armaments","Armaments","Juggernaut+1","Juggernaut","Flame Barrier","Perfected Strike+1","Wild Strike+1","Cleave+1","Flame Barrier","Ghostly Armor+1","Body Slam","Armaments"],"relics":["Burning Blood","NeowsBlessing","Pear","Odd Mushroom","Velvet Choker","Mercury Hourglass","Mark of Pain","Happy Flower","Red Mask"],"acts_visited":["Exordium","TheCity","TheBeyond"],"potions_floor_usage":[50,50],"damage_taken":[{"damage":0.0,"enemies":"Cultist","floor":1.0,"turns":1.0},{"damage":0.0,"enemies":"Jaw Worm","floor":2.0,"turns":1.0},{"damage":0.0,"enemies":"Small Slimes","floor":3.0,"turns":1.0},{"damage":3.0,"enemies":"2 Fungi Beasts","floor":4.0,"turns":5.0},{"damage":0.0,"enemies":"Large Slime","floor":7.0,"turns":7.0},{"damage":14.0,"enemies":"Blue Slaver","floor":8.0,"turns":5.0},{"damage":0.0,"enemies":"Looter","floor":10.0,"turns":5.0},{"damage":13.0,"enemies":"Red Slaver","floor":11.0,"turns":6.0},{"damage":0.0,"enemies":"2 Fungi Beasts","floor":12.0,"turns":7.0},{"damage":19.0,"enemies":"The Mushroom Lair","floor":14.0,"turns":11.0},{"damage":0.0,"enemies":"Slime Boss","floor":16.0,"turns":17.0},{"damage":15.0,"enemies":"Spheric Guardian","floor":18.0,"turns":8.0},{"damage":20.0,"enemies":"2 Thieves","floor":19.0,"turns":5.0},{"damage":69.0,"enemies":"3 Cultists","floor":20.0,"turns":8.0},{"damage":29.0,"enemies":"Snake Plant","floor":24.0,"turns":7.0},{"damage":15.0,"enemies":"Sentry and Sphere","floor":25.0,"turns":11.0},{"damage":0.0,"enemies":"Centurion and Healer","floor":27.0,"turns":6.0},{"damage":0.0,"enemies":"Snecko","floor":28.0,"turns":7.0},{"damage":29.0,"enemies":"Snake Plant","floor":31.0,"turns":5.0},{"damage":25.0,"enemies":"Champ","floor":33.0,"turns":14.0},{"damage":5.0,"enemies":"Orb Walker","floor":35.0,"turns":3.0},{"damage":0.0,"enemies":"3 Shapes","floor":36.0,"turns":4.0},{"damage":23.0,"enemies":"Sphere and 2 Shapes","floor":37.0,"turns":6.0},{"damage":5.0,"enemies":"Writhing Mass","floor":38.0,"turns":5.0},{"damage":40.0,"enemies":"Transient","floor":39.0,"turns":5.0},{"damage":15.0,"enemies":"Sphere and 2 Shapes","floor":41.0,"turns":6.0},{"damage":30.0,"enemies":"Jaw Worm Horde","floor":46.0,"turns":4.0},{"damage":26,"enemies":"Time Eater","floor":50,"turns":11}],"seed_played":"-1174684382114164888","potions_obtained":[{"floor":1.0,"key":"Weak Potion"},{"floor":3.0,"key":"SpeedPotion"},{"floor":8.0,"key":"AttackPotion"},{"floor":10.0,"key":"FairyPotion"},{"floor":12.0,"key":"LiquidBronze"},{"floor":16.0,"key":"BlessingOfTheForge"},{"floor":24.0,"key":"DuplicationPotion"},{"floor":25.0,"key":"Swift Potion"},{"floor":31.0,"key":"Explosive Potion"},{"floor":33.0,"key":"Strength Potion"},{"floor":41.0,"key":"DistilledChaos"},{"floor":46.0,"key":"Block Potion"}],"is_trial":false,"path_per_floor":["M","M","M","M","$","R","M","M","T","M","M","M","R","?","R","B",null,"M","M","M","?","$","R","M","M","T","M","M","R","$","M","R","B",null,"M","M","M","M","M","R","M","R","T","R","?","M","$","?","R","B",null],"character_chosen":"IRONCLAD","items_purchased":["Barricade","Dark Embrace","Armaments","Armaments","Body Slam","Armaments"],"campfire_rested":5,"item_purchase_floors":[5,22,22,30,47,47],"current_hp_per_floor":[80,80,80,80,80,80,80,72,82,88,81,90,90,87,87,90,90,83,76,27,27,27,54,36,27,27,47,58,85,85,67,90,81,90,90,90,73,74,47,74,70,70,70,70,70,52,52,52,78,58],"gold":0,"neow_bonus":"THREE_ENEMY_KILL","is_daily":false,"chose_seed":false,"campfire_upgraded":5,"win_rate":0.0,"timestamp":1609623652,"path_taken":["M","M","M","M","$","R","M","M","T","M","M","M","R","?","R","BOSS","M","M","M","?","$","R","M","M","T","?","M","R","?","M","R","BOSS","M","M","M","M","M","R","M","R","T","R","?","M","$","?","R","BOSS"],"items_purchased_type":["Card","Card","Card","Card","Card","Card"],"build_version":"2020-12-22","purchased_purges":2,"victory":true,"max_hp_per_floor":[80,80,80,80,80,80,80,80,90,90,90,90,90,90,90,90,90,90,90,90,90,90,90,90,90,90,90,90,90,90,90,90,90,90,90,90,90,90,90,90,90,90,90,90,90,90,87,87,87,87],"card_choices":[{"not_picked":["Sever Soul","Wild Strike"],"picked":"Headbutt","floor":1.0},{"not_picked":["Second Wind","Bloodletting"],"picked":"Ghostly Armor","floor":2.0},{"not_picked":["Pummel","Anger"],"picked":"Headbutt","floor":3.0},{"not_picked":["Perfected Strike","Disarm"],"picked":"Body Slam","floor":4.0},{"not_picked":["Reckless Charge","Body Slam"],"picked":"Flame Barrier","floor":7.0},{"not_picked":["Shrug It Off","Thunderclap"],"picked":"Metallicize","floor":8.0},{"not_picked":["Headbutt","Iron Wave"],"picked":"Sentinel","floor":10.0},{"not_picked":["Flame Barrier","Uppercut"],"picked":"Reaper","floor":11.0},{"not_picked":["Second Wind","Twin Strike"],"picked":"Shrug It Off","floor":12.0},{"not_picked":["Warcry","Dropkick"],"picked":"Second Wind","floor":14.0},{"not_picked":["Limit Break","Brutality"],"picked":"Exhume","floor":16.0},{"not_picked":["Seeing Red","Disarm"],"picked":"Rage","floor":18.0},{"not_picked":["Spot Weakness","True Grit+1"],"picked":"Carnage","floor":19.0},{"not_picked":["Disarm+1","Carnage"],"picked":"Inflame","floor":20.0},{"not_picked":["Pummel","Clothesline"],"picked":"Ghostly Armor","floor":24.0},{"not_picked":["Perfected Strike+1","Anger"],"picked":"Shrug It Off+1","floor":25.0},{"not_picked":["Armaments","Anger"],"picked":"Body Slam","floor":27.0},{"not_picked":["Carnage","Clash"],"picked":"Armaments","floor":28.0},{"not_picked":["Sword Boomerang","Inflame"],"picked":"Juggernaut","floor":31.0},{"not_picked":["Bludgeon","Demon Form"],"picked":"Juggernaut","floor":33.0},{"not_picked":["Warcry+1","Fire Breathing"],"picked":"Flame Barrier","floor":35.0},{"not_picked":["Pommel Strike","True Grit"],"picked":"Perfected Strike+1","floor":36.0},{"not_picked":["Second Wind+1","Searing Blow+1"],"picked":"Wild Strike+1","floor":37.0},{"not_picked":["Thunderclap+1","Combust","Pummel"],"picked":"SKIP","floor":38.0},{"not_picked":["Thunderclap+1","Combust","Pummel"],"picked":"SKIP","floor":38.0},{"not_picked":["True Grit+1","Seeing Red"],"picked":"Cleave+1","floor":39.0},{"not_picked":["Uppercut+1","Burning Pact+1"],"picked":"Flame Barrier","floor":41.0},{"not_picked":["Warcry","Havoc"],"picked":"Ghostly Armor+1","floor":46.0}],"player_experience":23268,"relics_obtained":[{"floor":9.0,"key":"Pear"},{"floor":14.0,"key":"Odd Mushroom"},{"floor":26.0,"key":"Mercury Hourglass"},{"floor":43.0,"key":"Happy Flower"}],"event_choices":[{"damage_healed":0.0,"max_hp_gain":0.0,"max_hp_loss":0.0,"gold_gain":0.0,"event_name":"Mushrooms","player_choice":"Fought Mushrooms","floor":14.0,"gold_loss":0.0,"damage_taken":0.0},{"damage_healed":0.0,"max_hp_gain":0.0,"max_hp_loss":0.0,"gold_gain":0.0,"event_name":"Wheel of Change","player_choice":"Cursed","floor":21.0,"gold_loss":0.0,"damage_taken":0.0,"cards_obtained":["Decay"]},{"cards_removed":["Defend_R"],"damage_healed":0.0,"max_hp_gain":0.0,"max_hp_loss":0.0,"gold_gain":0.0,"event_name":"Falling","player_choice":"Removed Skill","floor":45.0,"gold_loss":0.0,"damage_taken":0.0},{"damage_healed":0.0,"max_hp_gain":0.0,"max_hp_loss":0.0,"gold_gain":0.0,"event_name":"Tomb of Lord Red Mask","player_choice":"Paid","floor":48.0,"gold_loss":146.0,"damage_taken":0.0,"relics_obtained":["Red Mask"]}],"is_beta":false,"boss_relics":[{"not_picked":["Cursed Key","Astrolabe"],"picked":"Velvet Choker"},{"not_picked":["Calling Bell","Black Star"],"picked":"Mark of Pain"}],"items_purged_floors":[22,47],"is_endless":false,"potions_floor_spawned":[1,3,8,10,12,16,19,24,25,31,33,37,41,46],"ascension_level":0}}