{"host":"gc9rk8b4vlc0bstx","time":1609626818,"event":{"mods":["Ascension Unlocker","BaseMod","Minty Spire (QoL Compilation)","Permanent Neow","Relic Stats","StSLib"],"gold_per_floor":[113,113,113,26,36,36,48,48,48],"floor_reached":8,"playtime":437,"items_purged":[],"score":92,"play_id":"97244ca6-e1d9-4fff-abd8-24a2045d64bd","local_time":"20210102143338","is_ascension_mode":true,"campfire_choices":[{"data":"Streamline","floor":6,"key":"SMITH"}],"circlet_count":0,"master_deck":["AscendersBane","Strike_B","Strike_B","Strike_B","Strike_B","Defend_B","Defend_B","Defend_B","Zap","Dualcast","Double Energy","Streamline+1","Hologram","All For One","Go for the Eyes"],"relics":["Cracked Core","Omamori","The Courier"],"acts_visited":["Exordium"],"potions_floor_usage":[8,8],"damage_taken":[{"damage":0,"enemies":"2 Louse","floor":1,"turns":1},{"damage":2,"enemies":"Jaw Worm","floor":5,"turns":3},{"damage":6,"enemies":"Cultist","floor":7,"turns":3},{"damage":32,"enemies":"3 Sentries","floor":8,"turns":6}],"seed_played":"-2588265372878992462","potions_obtained":[{"floor":1,"key":"EssenceOfSteel"},{"floor":7,"key":"SpeedPotion"}],"is_trial":false,"path_per_floor":["M","?","?","$","M","R","M","E"],"character_chosen":"DEFECT","items_purchased":["Streamline","Hologram"],"campfire_rested":0,"item_purchase_floors":[4,4],"current_hp_per_floor":[64,46,39,39,37,37,31,0,0],"gold":48,"neow_bonus":"RANDOM_COMMON_RELIC","is_daily":false,"chose_seed":false,"campfire_upgraded":1,"win_rate":0.0,"timestamp":1609626818,"path_taken":["M","?","?","?","?","R","?","E"],"items_purchased_type":["Card","Card"],"build_version":"2020-12-22","purchased_purges":0,"victory":false,"max_hp_per_floor":[71,71,71,71,71,71,71,71,71],"relic_stats":{"counters":[4,13],"obtain_stats":[{"The Courier":2,"Omamori":0,"Cracked Core":0},{"The Courier":1,"Omamori":0,"Cracked Core":0},{"The Courier":1,"Omamori":0,"Cracked Core":0}]},"card_choices":[{"not_picked":["Redo","Steam"],"picked":"Double Energy","floor":1},{"not_picked":["Beam Cell","Go for the Eyes"],"picked":"All For One","floor":5},{"not_picked":["Gash","Streamline"],"picked":"Go for the Eyes","floor":7}],"player_experience":842053,"relics_obtained":[],"event_choices":[{"damage_healed":0,"gold_gain":0,"player_choice":"Success","damage_taken":18,"relics_obtained":["The Courier"],"max_hp_gain":0,"max_hp_loss":0,"event_name":"Scrap Ooze","floor":2,"gold_loss":0},{"cards_removed":["Defend_B"],"damage_healed":0,"gold_gain":0,"player_choice":"Card Removal","damage_taken":7,"max_hp_gain":0,"max_hp_loss":0,"event_name":"Golden Wing","floor":3,"gold_loss":0}],"is_beta":false,"boss_relics":[],"items_purged_floors":[],"is_endless":false,"potions_floor_spawned":[1,7],"killed_by":"3 Sentries","ascension_level":20}}