{"host":"79pwvnyrdes6uj7k","time":1609563877,"event":{"mods":["2.2 Compatiblity","Astrologer","BaseMod","Beaked The Cultist","Colored Powertips","Downfall","Exacting","Friendly Minions","HexUI Lib","Highlight Path","Hubris","Infinite Spire","JesterMod","Mad Scientist","Mimic Mod","Minty Spire (QoL Compilation)","Random Character Button","Replay The Spire","Reworked Bosses","Shop Mod","Somnambulant","StSLib","The Cursed","The Disciple","The Factory","The Judge","The Jungle","The Marked","The Poker Player","The Runesmith","TheHeartMod"],"gold_per_floor":[99,99,109,123,133,159,159,193,223,73,73,73,73,97,129,249,249,249,290,290,328,364,364,364,411,411,511,540,573,573,623,659,799,799,799,828,1178,1234,1440,1440,1440,1440,1405,1457,1382,1382,1312,1236,1156,1174],"floor_reached":51,"playtime":4670,"items_purged":["Pain"],"score":978,"play_id":"229a53d9-5f57-4c93-a3e3-02f7a1d2dc91","local_time":"20210101230437","is_ascension_mode":false,"campfire_choices":[{"floor":1.0,"key":"RECALL"},{"floor":10.0,"key":"REST"},{"floor":13.0,"key":"REST"},{"data":"sneckomod:MorePower","floor":18.0,"key":"SMITH"},{"floor":30.0,"key":"REST"},{"data":"sneckomod:Cheat","floor":35.0,"key":"SMITH"},{"floor":40,"key":"REST"},{"floor":45,"key":"REST"}],"circlet_count":0,"master_deck":["sneckomod:TailWhip","sneckomod:SnekBite","sneckomod:Unknown","sneckomod:Unknown","sneckomod:SoulDraw","sneckomod:WideSting","sneckomod:UnknownClassMAD_SCIENCE+1","sneckomod:UnknownRareAttack","sneckomod:QuickMove","sneckomod:UnknownClassGUARDIAN","sneckomod:QuickBite","sneckomod:DiceCrush","sneckomod:MorePower+1","CurseOfTheBell","sneckomod:UnknownClassINFINITE_BLACK+1","sneckomod:UnknownClassINFINITE_BLACK","sneckomod:UnknownClassDEFAULT_GRAY_COLOR","sneckomod:UnknownRareAttack","sneckomod:UnknownRareAttack","sneckomod:UnknownClassWORDO_MOD_COLOR","sneckomod:UnknownClassASTROLOGER","sneckomod:UnknownX","sneckomod:UnknownRareAttack+1","sneckomod:Cheat+1","sneckomod:UnknownClassGUARDIAN+1","sneckomod:UnknownClassBEAKED_YELLOW+1","sneckomod:UnknownClassDEFAULT_GRAY_COLOR+1","ReplayTheSpireMod:??????????????????????","sneckomod:UnknownStrike","sneckomod:UnknownX+1","sneckomod:UnknownUncommonPower+1","sneckomod:UnknownClassGREEN+1","sneckomod:UnknownUncommonAttack+1","sneckomod:UnknownCommonAttack+1","sneckomod:UnknownUncommonPower+1","sneckomod:DangerNoodle+1","WordoMod:Accursed","WordoMod:Accursed","Voices","sneckomod:UnknownRareAttack+1","sneckomod:RainOfDice+1","Languid","Clumsy","Voices","sneckomod:WideSting+1","Spreading Infection","infinitespire:TheBestDefense","ReplayTheSpireMod:Compounding Headache","TheCursedMod:Dregs","Amnesia","CommonCold","hubris:Compulsion","Overencumbered","Writhe","sneckomod:CheapStock","ReplayTheSpireMod:Chaos Vortex","ReplayTheSpireMod:Compounding Headache","sneckomod:WideSting+1","sneckomod:PureSnecko","sneckomod:UnknownStrike+1"],"relics":["SlaversCollar","Replay:Bandana","downfall:HeartBlessingBlue","downfall:HeartBlessingRed","Pen Nib","War Paint","Calling Bell","PreservedInsect","Chameleon Ring","Incense Burner","Golden Egg","HornCleat","downfall:KnowingSkull","Juzu Bracelet","Replay:Wanted Poster","Replay:Ancient Bell","Bronze Scales","Molten Egg 2","Thread and Needle","Counterbalance","Ring of Greed","Old Coin","Golden Idol","ReplayTheSpireMod:Ring of Sloth","hubris:CuriousFeather","Anchor","Replay:Bottled Steam","OrangePellets","infinitespire:Cupcake","hubris:SlimyHat","downfall:HeartBlessingGreen","ReplayTheSpireMod:Shallot","hubris:Macrotransations","hubris:EvacipatedBox"],"acts_visited":["Exordium","TheCity","TheBeyond"],"potions_floor_usage":[50,50],"damage_taken":[{"damage":1.0,"enemies":"Cultist","floor":3.0,"turns":3.0},{"damage":16.0,"enemies":"infinitespire:Voidling","floor":4.0,"turns":4.0},{"damage":4.0,"enemies":"Small Slimes","floor":5.0,"turns":3.0},{"damage":16.0,"enemies":"Blue Slaver","floor":6.0,"turns":5.0},{"damage":24.0,"enemies":"Replay:BlueRogue","floor":8.0,"turns":5.0},{"damage":2.0,"enemies":"Exordium Wildlife","floor":9.0,"turns":4.0},{"damage":16.0,"enemies":"Red Slaver","floor":14.0,"turns":4.0},{"damage":0.0,"enemies":"Blue Slaver","floor":15.0,"turns":1.0},{"damage":24.0,"enemies":"downfall:Watcher","floor":16.0,"turns":5.0},{"damage":38.0,"enemies":"3 Byrds","floor":19.0,"turns":5.0},{"damage":10.0,"enemies":"Spheric Guardian","floor":21.0,"turns":3.0},{"damage":15.0,"enemies":"Snecko","floor":22.0,"turns":5.0},{"damage":25.0,"enemies":"Slavers","floor":25.0,"turns":2.0},{"damage":1.0,"enemies":"Snake Plant","floor":28.0,"turns":3.0},{"damage":1.0,"enemies":"Centurion and Healer","floor":29.0,"turns":4.0},{"damage":1.0,"enemies":"Chosen and Byrds","floor":31.0,"turns":3.0},{"damage":4.0,"enemies":"Snecko","floor":32.0,"turns":3.0},{"damage":31.0,"enemies":"downfall:Silent","floor":33.0,"turns":5.0},{"damage":11.0,"enemies":"3 Darklings","floor":36.0,"turns":10.0},{"damage":8.0,"enemies":"3 Darklings","floor":38.0,"turns":4.0},{"damage":9.0,"enemies":"infinitespire:Three Voidlings","floor":39.0,"turns":4.0},{"damage":56.0,"enemies":"Nightmare_Alpha","floor":39.0,"turns":8.0},{"damage":20,"enemies":"Reptomancer","floor":43,"turns":7},{"damage":1,"enemies":"3 Shapes","floor":44,"turns":1},{"damage":0,"enemies":"Maw","floor":47,"turns":2},{"damage":0,"enemies":"4 Shapes","floor":48,"turns":1},{"damage":0,"enemies":"Jaw Worm Horde","floor":49,"turns":1},{"damage":0,"enemies":"downfall:Ironclad","floor":50,"turns":4}],"seed_played":"1053121450983275312","potions_obtained":[{"floor":6.0,"key":"SkillPotion"},{"floor":8.0,"key":"AttackPotion"},{"floor":15.0,"key":"Dexterity Potion"},{"floor":16.0,"key":"EssenceOfSteel"},{"floor":19.0,"key":"LiquidMemories"},{"floor":28.0,"key":"Regen Potion"},{"floor":32.0,"key":"LiquidMemories"},{"floor":33.0,"key":"Milkshake"},{"floor":38.0,"key":"FearPotion"},{"floor":48,"key":"Doom Potion"}],"is_trial":false,"path_per_floor":["R","?","M","M","M","M","T","E","M","R","T","?","R","M","M","B",null,"R","M","?","M","M","?","T","E","?","AVR","M","M","R","M","M","B",null,"R","MIM","?","M","?","R","T","AVR","E","M","R","$","M","M","M","B",null],"character_chosen":"THE_SNECKO","items_purchased":["ReplayTheSpireMod:Shallot","hubris:Macrotransations","hubris:EvacipatedBox"],"campfire_rested":5,"item_purchase_floors":[46,46,46],"current_hp_per_floor":[90,90,89,73,69,53,53,29,27,67,67,49,79,63,63,39,100,100,62,62,52,37,40,40,15,8,8,10,27,57,59,55,24,103,103,93,93,85,16,46,46,46,26,25,55,1,1,1,1,1],"gold":1174,"neow_bonus":"BOSS_RELIC","is_daily":false,"chose_seed":false,"campfire_upgraded":2,"win_rate":0.0,"timestamp":1609563877,"path_taken":["R","?","?","?","M","M","T","E","M","R","?","?","R","M","M","BOSS","R","M","?","M","M","?","T","E","?","AVR","M","M","R","M","M","BOSS","R","?","?","M","?","R","T","AVR","E","M","R","?","M","M","M","BOSS"],"items_purchased_type":["Relic","Relic","Relic"],"build_version":"2020-12-22","purchased_purges":1,"victory":true,"max_hp_per_floor":[90,90,90,90,90,90,90,90,90,100,100,100,100,100,100,100,100,100,100,100,100,100,103,103,103,103,103,103,103,103,103,103,103,103,103,103,103,103,103,103,103,103,103,103,103,103,103,103,103,103],"card_choices":[{"not_picked":["sneckomod:SoulCleanse","sneckomod:UnknownClassTHE_HEART_CYAN_COLOR"],"picked":"sneckomod:SoulDraw","floor":3.0},{"not_picked":["sneckomod:UnknownCommonSkill","sneckomod:UnknownClassSLIMEBOUND"],"picked":"sneckomod:WideSting","floor":4.0},{"not_picked":["sneckomod:SoulDraw","sneckomod:WideSting"],"picked":"sneckomod:UnknownClassMAD_SCIENCE","floor":5.0},{"not_picked":["sneckomod:UnknownUncommonSkill","sneckomod:Unknown1Cost"],"picked":"sneckomod:UnknownRareAttack","floor":6.0},{"not_picked":["sneckomod:UnknownVulnerable","sneckomod:Unknown1Cost"],"picked":"sneckomod:QuickMove","floor":8.0},{"not_picked":["sneckomod:SoulDraw","sneckomod:UnknownBlock"],"picked":"sneckomod:UnknownClassGUARDIAN","floor":9.0},{"not_picked":["sneckomod:IronFang","sneckomod:SoulRoll"],"picked":"sneckomod:QuickBite","floor":14.0},{"not_picked":["sneckomod:SnakeSap","sneckomod:Unknown1Cost"],"picked":"sneckomod:DiceCrush","floor":15.0},{"not_picked":["sneckomod:Restock","sneckomod:UnlimitedRolls"],"picked":"sneckomod:MorePower","floor":16.0},{"not_picked":["sneckomod:UnknownClassGREEN+1","sneckomod:Unknown+1"],"picked":"sneckomod:UnknownClassINFINITE_BLACK+1","floor":19.0},{"not_picked":["sneckomod:IronFang+1","sneckomod:UnknownBlock"],"picked":"sneckomod:UnknownClassINFINITE_BLACK","floor":19.0},{"not_picked":["sneckomod:UnknownX+1","sneckomod:UnknownColorless+1"],"picked":"sneckomod:UnknownRareAttack+1","floor":21.0},{"not_picked":["sneckomod:SoulDraw","sneckomod:DiceBlock"],"picked":"sneckomod:Cheat","floor":21.0},{"not_picked":["sneckomod:UnknownDexterity+1","sneckomod:UnknownClassASTROLOGER+1"],"picked":"sneckomod:UnknownClassGUARDIAN+1","floor":22.0},{"not_picked":["sneckomod:UnknownBlock","sneckomod:UnknownClassASTROLOGER"],"picked":"sneckomod:UnknownClassBEAKED_YELLOW+1","floor":22.0},{"not_picked":["sneckomod:Unknown1Cost","sneckomod:QuickBite"],"picked":"sneckomod:UnknownClassDEFAULT_GRAY_COLOR+1","floor":25.0},{"not_picked":["sneckomod:UnknownWeak","sneckomod:UnknownClassTHE_CURSED_PURPLE"],"picked":"sneckomod:UnknownStrike","floor":28.0},{"not_picked":["sneckomod:UnknownClassMAD_SCIENCE+1","sneckomod:UnknownBlock+1"],"picked":"sneckomod:UnknownX+1","floor":29.0},{"not_picked":["sneckomod:QuickMove","sneckomod:UnknownClassMAD_SCIENCE"],"picked":"sneckomod:UnknownUncommonPower+1","floor":29.0},{"not_picked":["sneckomod:UnknownCommonSkill+1","sneckomod:Unknown1Cost+1"],"picked":"sneckomod:UnknownClassGREEN+1","floor":31.0},{"not_picked":["sneckomod:UnknownClassWORDO_MOD_COLOR","sneckomod:SoulRoll"],"picked":"sneckomod:UnknownUncommonAttack+1","floor":31.0},{"not_picked":["sneckomod:Unknown1Cost","sneckomod:DiceBlock"],"picked":"sneckomod:UnknownCommonAttack+1","floor":32.0},{"not_picked":["sneckomod:UnknownClassHEXA_GHOST_PURPLE+1","sneckomod:Unknown0Cost+1"],"picked":"sneckomod:UnknownUncommonPower+1","floor":33.0},{"not_picked":["sneckomod:Restock","sneckomod:MorePower"],"picked":"sneckomod:DangerNoodle","floor":33.0},{"not_picked":["CommonCold","WordoMod:FoggyMind"],"picked":"WordoMod:Accursed","floor":34.0},{"not_picked":["TheCursedMod:Dregs","Pain"],"picked":"WordoMod:Accursed","floor":34.0},{"not_picked":["Pain","Decay"],"picked":"Voices","floor":34.0},{"not_picked":["sneckomod:UnknownWeak+1","sneckomod:UnknownClassTHE_CURSED_PURPLE+1"],"picked":"sneckomod:UnknownRareAttack+1","floor":36.0},{"not_picked":["sneckomod:UnknownUncommonAttack+1","sneckomod:UnknownVulnerable"],"picked":"sneckomod:RainOfDice+1","floor":36.0},{"not_picked":["sneckomod:UnknownClassBEAKED_YELLOW+1","sneckomod:DiceBlock"],"picked":"sneckomod:WideSting+1","floor":38.0},{"not_picked":["infinitespire:UltimateForm","infinitespire:SevenWalls"],"picked":"infinitespire:TheBestDefense","floor":39},{"not_picked":["sneckomod:UnknownClassTHE_CHAMP_GRAY","sneckomod:UnknownRareAttack+1"],"picked":"sneckomod:CheapStock","floor":39},{"not_picked":["sneckomod:Unknown1Cost","sneckomod:UnknownVulnerable"],"picked":"sneckomod:WideSting+1","floor":43},{"not_picked":["sneckomod:UnknownClassTHE_CHAMP_GRAY+1","sneckomod:DiceCrush+1"],"picked":"sneckomod:PureSnecko","floor":44},{"not_picked":["sneckomod:UnknownWeak","sneckomod:SoulRoll+1","sneckomod:Unknown1Cost+1"],"picked":"SKIP","floor":47},{"not_picked":["sneckomod:UnknownClassTHE_HEART_CYAN_COLOR","sneckomod:Unknown0Cost","sneckomod:Nope"],"picked":"SKIP","floor":48},{"not_picked":["sneckomod:UnknownClassTHE_HEART_CYAN_COLOR+1","sneckomod:UnknownCommonAttack+1"],"picked":"sneckomod:UnknownStrike+1","floor":49}],"player_experience":358551,"relics_obtained":[{"floor":8.0,"key":"Replay:Bandana"},{"floor":11.0,"key":"Pen Nib"},{"floor":17.0,"key":"PreservedInsect"},{"floor":17.0,"key":"Chameleon Ring"},{"floor":17.0,"key":"Incense Burner"},{"floor":24.0,"key":"Golden Egg"},{"floor":25.0,"key":"HornCleat"},{"floor":36.0,"key":"Counterbalance"},{"floor":37.0,"key":"Ring of Greed"},{"floor":37.0,"key":"Old Coin"},{"floor":37.0,"key":"Golden Idol"},{"floor":37.0,"key":"ReplayTheSpireMod:Ring of Sloth"},{"floor":39,"key":"hubris:CuriousFeather"},{"floor":41,"key":"Replay:Bottled Steam"},{"floor":43,"key":"hubris:SlimyHat"}],"event_choices":[{"damage_healed":0.0,"max_hp_gain":0.0,"max_hp_loss":0.0,"gold_gain":0.0,"event_name":"NoteForYourself","player_choice":"Ignored","floor":2.0,"gold_loss":0.0,"damage_taken":0.0},{"damage_healed":0.0,"max_hp_gain":0.0,"max_hp_loss":0.0,"gold_gain":0.0,"event_name":"Scrap Ooze","player_choice":"Success","floor":12.0,"gold_loss":0.0,"damage_taken":18.0,"relics_obtained":["War Paint"]},{"damage_healed":0,"gold_gain":0,"player_choice":"Success","damage_taken":12,"relics_obtained":["Anchor"],"max_hp_gain":0,"max_hp_loss":0,"event_name":"Scrap Ooze","floor":39,"gold_loss":0}],"is_beta":false,"boss_relics":[{"not_picked":["hubris:VirtuousBlindfold","Fusion Hammer"],"picked":"Calling Bell"},{"not_picked":["SacredBark","Runesmith:UraniumAnvil"],"picked":"Replay:Ancient Bell"},{"not_picked":["Replay:Mystery Machine","Toy Ornithopter"],"picked":"Bronze Scales"},{"not_picked":["hubris:CrystalStatue","infinitespire:FocusingShard"],"picked":"Molten Egg 2"},{"not_picked":["hubris:Potato","Replay:PocketPolymizer"],"picked":"Thread and Needle"}],"items_purged_floors":[42],"is_endless":false,"potions_floor_spawned":[6,8,15,16,19,21,28,32,33,38,44,48],"ascension_level":0}}