{"host":"2brg86hfzr3u5cix","time":1609597791,"event":{"mods":["AchievementEnabler","Ascension Unlocker","BaseMod","CapriCore","DeckTracker","Highlight Path","Keyboard Shortcuts","Minty Spire (QoL Compilation)","Permanent Neow","Relic Stats","StSLib","The Cursed","Twitch Utils","Uncapped","UnlockEverythingMod"],"gold_per_floor":[114,126,126,47,64,64,98,4,4,4,15,15,15,15,15,15,15],"floor_reached":16,"playtime":452,"items_purged":[],"score":246,"play_id":"990f07aa-f4f4-42aa-8d2a-a72b6f6084bb","local_time":"20210102232951","is_ascension_mode":true,"campfire_choices":[{"data":"TheCursedMod:Grudge","floor":6.0,"key":"SMITH"},{"data":"Discovery","floor":10.0,"key":"SMITH"},{"floor":15,"key":"REST"}],"circlet_count":0,"master_deck":["AscendersBane","TheCursedMod:Strike_TheCursed","TheCursedMod:Strike_TheCursed","TheCursedMod:Strike_TheCursed","TheCursedMod:Defend_TheCursed","TheCursedMod:Defend_TheCursed","TheCursedMod:Defend_TheCursed","TheCursedMod:CursedWand","TheCursedMod:CleanUpWorkshop","TheCursedMod:Dregs","TheCursedMod:VoidForm","TheCursedMod:Grudge+1","TheCursedMod:LuckyCharm","TheCursedMod:SmokeScreen","Discovery+1","TheCursedMod:CursedStaff"],"relics":["TheCursedMod:BlackMagic101","Darkstone Periapt"],"acts_visited":["Exordium"],"potions_floor_usage":[],"damage_taken":[{"damage":3.0,"enemies":"2 Louse","floor":1.0,"turns":3.0},{"damage":4.0,"enemies":"Jaw Worm","floor":2.0,"turns":4.0},{"damage":5.0,"enemies":"Small Slimes","floor":5.0,"turns":5.0},{"damage":5.0,"enemies":"Lagavulin","floor":7.0,"turns":6.0},{"damage":23.0,"enemies":"Gremlin Gang","floor":11.0,"turns":6.0},{"damage":0,"enemies":"The Guardian","floor":16,"turns":2}],"seed_played":"-546074704928766807","potions_obtained":[{"floor":2.0,"key":"Dexterity Potion"}],"is_trial":false,"path_per_floor":["M","M","?","$","M","R","E","$","T","R","M","$","?","?","R","B"],"character_chosen":"THE_CURSED","items_purchased":["TheCursedMod:LuckyCharm","Discovery"],"campfire_rested":1,"item_purchase_floors":[4,8],"current_hp_per_floor":[61,57,50,50,45,45,40,40,40,40,17,17,17,17,38,38,38],"gold":15,"neow_bonus":"TRANSFORM_CARD","is_daily":false,"chose_seed":false,"campfire_upgraded":2,"win_rate":0.0,"timestamp":1609597791,"path_taken":["M","M","?","$","M","R","E","$","T","R","M","$","?","?","R","BOSS"],"items_purchased_type":["Card","Card"],"build_version":"2020-12-22","purchased_purges":0,"victory":false,"max_hp_per_floor":[71,71,71,71,71,71,71,71,71,71,71,71,71,71,71,71,71],"relic_stats":{"Darkstone Periapt":0,"counters":[6,26],"obtain_stats":[{"Darkstone Periapt":7,"TheCursedMod:BlackMagic101":0},{"Darkstone Periapt":4,"TheCursedMod:BlackMagic101":0},{"Darkstone Periapt":18,"TheCursedMod:BlackMagic101":0}]},"card_choices":[{"not_picked":["TheCursedMod:FleshFromBone","TheCursedMod:WearCloak","TheCursedMod:Obscuration"],"picked":"SKIP","floor":1.0},{"not_picked":["TheCursedMod:CircleOfFocus","TheCursedMod:RapidMovement"],"picked":"TheCursedMod:Grudge","floor":2.0},{"not_picked":["TheCursedMod:Wield","TheCursedMod:CursedBlade"],"picked":"TheCursedMod:SmokeScreen","floor":5.0},{"not_picked":["TheCursedMod:Stigma","TheCursedMod:CursedMace","TheCursedMod:SaltUponWound"],"picked":"SKIP","floor":7.0},{"not_picked":["TheCursedMod:TacticalStrike","TheCursedMod:CursedArmor"],"picked":"TheCursedMod:CursedStaff","floor":11}],"player_experience":328598,"relics_obtained":[{"floor":7.0,"key":"Darkstone Periapt"}],"event_choices":[{"cards_removed":["TheCursedMod:Defend_TheCursed"],"damage_healed":0.0,"max_hp_gain":0.0,"max_hp_loss":0.0,"gold_gain":0.0,"event_name":"Golden Wing","player_choice":"Card Removal","floor":3.0,"gold_loss":0.0,"damage_taken":7.0},{"damage_healed":0,"gold_gain":0,"player_choice":"Ignored","damage_taken":0,"max_hp_gain":0,"max_hp_loss":0,"event_name":"Shining Light","floor":13,"gold_loss":0},{"damage_healed":0,"gold_gain":0,"player_choice":"Leave","damage_taken":0,"max_hp_gain":0,"max_hp_loss":0,"event_name":"FaceTrader","floor":14,"gold_loss":0}],"is_beta":false,"boss_relics":[],"items_purged_floors":[],"is_endless":false,"potions_floor_spawned":[2],"killed_by":"The Guardian","ascension_level":20}}