{"host":"792mtbovsoa03nb3","time":1609557402,"event":{"mods":["BaseMod","Colored Map","Curses Come First","Dota2Spire","Downfall","Ekko","Evolution","Hubris","Infinite Spire","Minty Spire (QoL Compilation)","Replay The Spire","Spicy Shops","StSLib","The Blue Laboratory","The Jungle","??????REMEMod"],"gold_per_floor":[111,73,73,73,96,128,128,153,228,239,256,18,52,52,52,149,149,169,189,25,25,25,25,55,74,74,103,103,28,28,46,46,150,150,165,165,165,180,194,229,229,229,229,58,69,103,116,127,127,134],"floor_reached":51,"playtime":3458,"items_purged":["Strike_R","Cleave"],"score":905,"play_id":"4745383f-5eae-4e39-8b7c-e7a920364353","local_time":"20210101191642","is_ascension_mode":true,"campfire_choices":[{"data":"Armaments","floor":7,"key":"SMITH"},{"data":"Flex","floor":15,"key":"SMITH"},{"data":"Hemogenesis","floor":23,"key":"SMITH"},{"data":"Uppercut","floor":28,"key":"SMITH"},{"data":"Whirlwind","floor":30,"key":"SMITH"},{"data":"Iron Wave","floor":32,"key":"SMITH"},{"data":"Pummel","floor":42,"key":"SMITH"},{"data":"Sever Soul","floor":49,"key":"SMITH"}],"circlet_count":0,"master_deck":["Cleave","Strike_R","Defend_R","Bash","Flex+1","Uppercut+1","Armaments+1","Hemogenesis+1","Iron Wave","Burning Pact","Iron Wave+1","Whirlwind+1","Berserk+1","Combust+1","Seeing Red+1","Seeing Red+1","REME_FearOfPain+1","REME_FearOfPain+1","Eclipse+1","Battle Trance+1","Rupture+1","Power Through","Reckless Charge+1","Flex+1","Pummel+1","REME_Cut+1","Sever Soul+1"],"relics":["Burning Blood","EVO:Axolotl","REME_ComplimentaryCards","NeowsBlessing","Paper Frog","ReplayTheSpireMod:TigerMarble","Blue Doll","Dota2Spire:MonkeyKingBar","Sundial","Dota2Spire:CrimsonGuard","Golden Egg","Dota2Spire:Bloodstone","Replay:Lucky Slots","ReplayTheSpireMod:Lightbulb","hubris:BottledRain","Dota2Spire:AghanimScepter","Astrolabe","Question Card","Dota2Spire:HeartOfTarrasque","hubris:MysteriousPyramids"],"acts_visited":["Exordium","TheCity","TheBeyond"],"potions_floor_usage":[13,16,33,33,46,50],"damage_taken":[{"damage":0,"enemies":"2 Louse","floor":1,"turns":1},{"damage":0,"enemies":"Lagavulin","floor":6,"turns":1},{"damage":0,"enemies":"Gremlin Nob","floor":8,"turns":1},{"damage":5,"enemies":"Small Slimes","floor":10,"turns":3},{"damage":9,"enemies":"Jaw Worm","floor":11,"turns":2},{"damage":9,"enemies":"Lagavulin","floor":13,"turns":5},{"damage":26,"enemies":"Slime Boss","floor":16,"turns":8},{"damage":0,"enemies":"3 Byrds","floor":18,"turns":2},{"damage":3,"enemies":"Spheric Guardian","floor":19,"turns":3},{"damage":8,"enemies":"Gremlin Leader","floor":24,"turns":3},{"damage":1,"enemies":"Snecko","floor":25,"turns":2},{"damage":38,"enemies":"REME_1_Revenger","floor":27,"turns":4},{"damage":14,"enemies":"Chosen and Byrds","floor":31,"turns":4},{"damage":39,"enemies":"hubris:MusketHawk","floor":33,"turns":5},{"damage":27,"enemies":"3 Shapes","floor":35,"turns":2},{"damage":0,"enemies":"3 Darklings","floor":38,"turns":1},{"damage":27,"enemies":"Spire Growth","floor":39,"turns":4},{"damage":17,"enemies":"Giant Head","floor":40,"turns":5},{"damage":20,"enemies":"Sphere and 2 Shapes","floor":45,"turns":5},{"damage":52,"enemies":"Nemesis","floor":46,"turns":5},{"damage":11,"enemies":"Transient","floor":47,"turns":5},{"damage":1,"enemies":"3 Darklings","floor":48,"turns":2},{"damage":59,"enemies":"Replay:Hell Engine","floor":50,"turns":5}],"seed_played":"2055677877062591404","potions_obtained":[{"floor":8,"key":"blueLaboratory:LouseDecoction"},{"floor":11,"key":"blueLaboratory:IronCompound"},{"floor":24,"key":"Regen Potion"},{"floor":27,"key":"ColorlessPotion"},{"floor":33,"key":"blueLaboratory:LouseDecoction"},{"floor":35,"key":"blueLaboratory:PolymorphPotion"},{"floor":38,"key":"Energy Potion"},{"floor":40,"key":"AttackPotion"}],"is_trial":false,"path_per_floor":["M","$","?","?","T","E","R","E","T","M","M","$","E","$","R","B",null,"M","M","$","?","?","R","E","M","T","E","R","$","R","M","R","B",null,"M","?","?","M","M","E","?","R","T","$","M","E","M","M","R","B",null],"character_chosen":"IRONCLAD","items_purchased":["Uppercut","Dota2Spire:CrimsonGuard","Replay:Lucky Slots","Seeing Red","REME_FearOfPain","REME_Cut"],"campfire_rested":0,"item_purchase_floors":[2,12,20,20,20,44],"current_hp_per_floor":[78,78,75,75,75,80,80,80,80,80,77,77,77,77,77,62,76,80,80,80,65,65,65,72,77,77,74,74,74,74,66,66,47,76,57,57,57,63,73,77,77,77,85,85,82,53,79,92,92,51],"gold":134,"neow_bonus":"THREE_ENEMY_KILL","is_daily":false,"chose_seed":false,"campfire_upgraded":8,"win_rate":0.0,"timestamp":1609557402,"path_taken":["M","$","?","?","?","E","R","E","T","?","M","$","E","$","R","BOSS","M","M","$","?","?","R","E","M","T","E","R","?","R","M","R","BOSS","M","?","?","M","M","E","?","R","T","$","?","E","M","?","R","BOSS"],"items_purchased_type":["Card","Relic","Relic","Card","Card","Card"],"build_version":"2020-12-22","purchased_purges":2,"victory":true,"max_hp_per_floor":[80,80,80,80,80,80,80,80,80,80,80,80,80,80,80,80,80,80,80,80,85,85,85,85,85,85,85,85,85,85,85,85,85,85,87,87,87,87,89,89,89,89,97,97,97,97,97,97,97,97],"card_choices":[{"not_picked":["Hemokinesis","Heavy Blade"],"picked":"Flex","floor":1},{"not_picked":["Warcry","Massacre"],"picked":"Armaments","floor":6},{"not_picked":["Anger","Intimidate"],"picked":"Iron Wave","floor":8},{"not_picked":["Infernal Blade","Pommel Strike"],"picked":"Burning Pact","floor":10},{"not_picked":["Twin Strike","Bludgeon"],"picked":"Iron Wave","floor":11},{"not_picked":["Anger","Warcry"],"picked":"Whirlwind","floor":13},{"not_picked":["Brutality","Double Tap"],"picked":"Berserk","floor":16},{"not_picked":["ReplayTheSpireMod:LeadingStrike+1","Twin Strike+1"],"picked":"Combust+1","floor":18},{"not_picked":["Twin Strike","Shockwave","Sword Boomerang"],"picked":"SKIP","floor":19},{"not_picked":["Carnage+1","Body Slam"],"picked":"REME_FearOfPain+1","floor":24},{"not_picked":["Armaments","Corruption","Anger+1"],"picked":"SKIP","floor":25},{"not_picked":["Sword Boomerang","Entrench","Cleave+1"],"picked":"SKIP","floor":27},{"not_picked":["Bloodletting+1","True Grit","REME_Scribble"],"picked":"SKIP","floor":31},{"not_picked":["Exhume","Brutality"],"picked":"Eclipse","floor":33},{"not_picked":["Twin Strike+1","Thunderclap","Perfected Strike+1"],"picked":"SKIP","floor":35},{"not_picked":["Shrug It Off","Dark Embrace"],"picked":"Power Through","floor":38},{"not_picked":["Infernal Blade","Wild Strike+1"],"picked":"Reckless Charge+1","floor":39},{"not_picked":["Body Slam","Eclipse"],"picked":"Flex+1","floor":40},{"not_picked":["Heavy Blade","Flex","Shockwave+1","Run Through+1"],"picked":"SKIP","floor":45},{"not_picked":["Whirlwind+1","Eclipse","Thunderclap+1","Body Slam+1"],"picked":"SKIP","floor":46},{"not_picked":["Shrug It Off","Bludgeon","Rupture+1"],"picked":"Sever Soul","floor":47},{"not_picked":["Headbutt+1","Run Through+1","Twin Strike","Clothesline+1"],"picked":"SKIP","floor":48}],"player_experience":829998,"relics_obtained":[{"floor":5,"key":"ReplayTheSpireMod:TigerMarble"},{"floor":6,"key":"Blue Doll"},{"floor":8,"key":"Dota2Spire:MonkeyKingBar"},{"floor":9,"key":"Sundial"},{"floor":13,"key":"Golden Egg"},{"floor":24,"key":"ReplayTheSpireMod:Lightbulb"},{"floor":26,"key":"hubris:BottledRain"},{"floor":27,"key":"Dota2Spire:AghanimScepter"},{"floor":40,"key":"Question Card"},{"floor":43,"key":"Dota2Spire:HeartOfTarrasque"},{"floor":46,"key":"hubris:MysteriousPyramids"}],"event_choices":[{"damage_healed":0,"gold_gain":0,"player_choice":"Success","damage_taken":3,"relics_obtained":["Paper Frog"],"max_hp_gain":0,"max_hp_loss":0,"event_name":"Scrap Ooze","floor":3,"gold_loss":0},{"damage_healed":0,"gold_gain":0,"player_choice":"Shed Blood","damage_taken":20,"max_hp_gain":5,"max_hp_loss":0,"event_name":"Forgotten Altar","floor":21,"gold_loss":0},{"cards_removed":["Cleave"],"damage_healed":0,"gold_gain":0,"player_choice":"Removed Attack","damage_taken":0,"max_hp_gain":0,"max_hp_loss":0,"event_name":"Falling","floor":36,"gold_loss":0},{"damage_healed":0,"gold_gain":0,"cards_transformed":["Defend_R"],"player_choice":"Transformed","damage_taken":0,"max_hp_gain":0,"max_hp_loss":0,"event_name":"Transmorgrifier","floor":41,"gold_loss":0,"cards_obtained":["Pummel"]}],"is_beta":false,"boss_relics":[{"not_picked":["hubris:CrackedHourglass","hubris:TerracottaHorce"],"picked":"Dota2Spire:Bloodstone"},{"not_picked":["hubris:RunicObelisk","Velvet Choker"],"picked":"Astrolabe"}],"items_purged_floors":[29,44],"is_endless":false,"potions_floor_spawned":[8,11,24,27,33,35,38,39,40],"ascension_level":8}}