{"host":"sav7uxregyirlf69","time":1609560741,"event":{"mods":["AchievementEnabler","BaseMod","Colored Map","DeckTracker","Keyboard Shortcuts","Minty Spire (QoL Compilation)","READ ME - Guardian Mod","StSLib","SuperFastMode"],"gold_per_floor":[213,213,223,240,139,139,139,139,139,64,84,112,130,150,150,222,222,241,72,90,101,110,110,137,52,75,102,27,27,27,27],"floor_reached":30,"playtime":653,"items_purged":["Strike_G","Strike_G"],"score":485,"play_id":"0446787f-d7ab-4061-97fe-472feb1b7720","local_time":"20210102131221","is_ascension_mode":true,"campfire_choices":[{"data":"Crippling Poison","floor":6,"key":"SMITH"},{"data":"Deadly Poison","floor":8,"key":"SMITH"},{"floor":15,"key":"REST"},{"data":"Acrobatics","floor":23,"key":"SMITH"}],"circlet_count":0,"master_deck":["AscendersBane","Strike_G","Defend_G","Defend_G","Defend_G","Defend_G","Survivor","Neutralize","Crippling Poison+1","Calculated Gamble","Deadly Poison+1","Footwork","Backflip","Well Laid Plans","Prepared","Expertise","Acrobatics+1","Escape Plan","Acrobatics","Burst"],"relics":["Ring of the Snake","Mango","Paper Crane","CeramicFish","HoveringKite","Meat on the Bone","Lantern"],"acts_visited":["Exordium","TheCity"],"potions_floor_usage":[13,14,16,16,30],"damage_taken":[{"damage":0,"enemies":"2 Louse","floor":1,"turns":3},{"damage":3,"enemies":"Small Slimes","floor":3,"turns":4},{"damage":3,"enemies":"Jaw Worm","floor":4,"turns":7},{"damage":0,"enemies":"3 Louse","floor":11,"turns":2},{"damage":47,"enemies":"3 Sentries","floor":12,"turns":14},{"damage":6,"enemies":"Large Slime","floor":13,"turns":5},{"damage":0,"enemies":"Blue Slaver","floor":14,"turns":4},{"damage":3,"enemies":"The Guardian","floor":16,"turns":10},{"damage":25,"enemies":"Chosen","floor":18,"turns":6},{"damage":2,"enemies":"Shell Parasite","floor":21,"turns":5},{"damage":0,"enemies":"Snecko","floor":24,"turns":7},{"damage":13,"enemies":"3 Cultists","floor":27,"turns":7},{"damage":43,"enemies":"Cultist and Chosen","floor":30,"turns":5}],"seed_played":"170252527221357318","potions_obtained":[{"floor":1,"key":"Fire Potion"},{"floor":3,"key":"EntropicBrew"},{"floor":24,"key":"PowerPotion"},{"floor":27,"key":"CunningPotion"}],"is_trial":false,"path_per_floor":["M","?","M","M","$","R","?","R","T","?","M","E","M","M","R","B",null,"M","$","?","M","?","R","M","?","T","M","$","?","M"],"character_chosen":"THE_SILENT","items_purchased":["Deadly Poison","Well Laid Plans","Burst"],"campfire_rested":1,"item_purchase_floors":[5,19,28],"current_hp_per_floor":[59,62,59,56,56,56,61,61,61,61,61,14,8,8,33,30,71,46,46,46,44,44,44,44,44,44,43,43,31,0,0],"gold":27,"neow_bonus":"HUNDRED_GOLD","is_daily":false,"chose_seed":false,"campfire_upgraded":3,"win_rate":0.0,"timestamp":1609560741,"path_taken":["M","?","M","M","$","R","?","R","T","?","M","E","?","M","R","BOSS","M","$","?","M","?","R","M","?","T","M","?","?","M"],"items_purchased_type":["Card","Card","Card"],"build_version":"2020-12-22","purchased_purges":2,"victory":false,"max_hp_per_floor":[66,80,80,80,80,80,85,85,85,85,85,85,85,85,85,85,85,85,85,85,85,85,85,85,85,85,85,85,85,85,85],"card_choices":[{"not_picked":["Outmaneuver","Bane"],"picked":"Crippling Poison","floor":1},{"not_picked":["Acrobatics","Dodge and Roll"],"picked":"Calculated Gamble","floor":3},{"not_picked":["Sucker Punch","Cloak And Dagger","Blade Dance"],"picked":"SKIP","floor":4},{"not_picked":["Blade Dance","Endless Agony"],"picked":"Footwork","floor":11},{"not_picked":["Outmaneuver","Acrobatics","All Out Attack"],"picked":"SKIP","floor":12},{"not_picked":["Finisher","Predator","Quick Slash"],"picked":"SKIP","floor":13},{"not_picked":["All Out Attack","Flying Knee","Riddle With Holes"],"picked":"SKIP","floor":14},{"not_picked":["Dash","Footwork"],"picked":"Backflip","floor":18},{"not_picked":["Backflip","Outmaneuver","Caltrops"],"picked":"SKIP","floor":21},{"not_picked":["Dodge and Roll","Slice"],"picked":"Escape Plan","floor":24},{"not_picked":["Blade Dance","Choke"],"picked":"Acrobatics","floor":27}],"player_experience":1109670,"relics_obtained":[{"floor":9,"key":"Paper Crane"},{"floor":12,"key":"CeramicFish"},{"floor":26,"key":"Lantern"}],"event_choices":[{"damage_healed":0,"gold_gain":0,"player_choice":"Success","damage_taken":11,"relics_obtained":["Mango"],"max_hp_gain":0,"max_hp_loss":0,"event_name":"Scrap Ooze","floor":2,"gold_loss":0},{"damage_healed":0,"gold_gain":0,"player_choice":"Donut","damage_taken":0,"max_hp_gain":5,"max_hp_loss":0,"event_name":"Big Fish","floor":7,"gold_loss":0},{"cards_removed":["Strike_G"],"damage_healed":0,"gold_gain":0,"player_choice":"Card Removal","damage_taken":0,"max_hp_gain":0,"max_hp_loss":0,"event_name":"The Cleric","floor":10,"gold_loss":75},{"damage_healed":0,"gold_gain":0,"cards_transformed":["Strike_G","Defend_G"],"player_choice":"Became Test Subject","damage_taken":0,"max_hp_gain":0,"max_hp_loss":0,"event_name":"Drug Dealer","floor":20,"gold_loss":0,"cards_obtained":["Prepared","Expertise"]},{"damage_healed":0,"gold_gain":0,"player_choice":"Read","damage_taken":0,"max_hp_gain":0,"max_hp_loss":0,"event_name":"The Library","floor":22,"gold_loss":0,"cards_obtained":["Acrobatics"]},{"damage_healed":0,"gold_gain":0,"player_choice":"Obtained Relic","damage_taken":0,"relics_obtained":["Meat on the Bone"],"max_hp_gain":0,"max_hp_loss":0,"event_name":"Addict","floor":25,"gold_loss":85},{"damage_healed":0,"gold_gain":0,"player_choice":"Damaged","damage_taken":12,"max_hp_gain":0,"max_hp_loss":0,"event_name":"Wheel of Change","floor":29,"gold_loss":0}],"is_beta":false,"boss_relics":[{"not_picked":["WristBlade","Ectoplasm"],"picked":"HoveringKite"}],"items_purged_floors":[5,19],"is_endless":false,"potions_floor_spawned":[1,3,4,11,24,27],"killed_by":"Cultist and Chosen","ascension_level":20}}