{"host":"naykp6d9ulahlwib","time":1609620691,"event":{"mods":["BaseMod","Highlight Path","Minty Spire (QoL Compilation)","Shop Mod","StSLib"],"gold_per_floor":[219,169,17,92,107,107,140,140,140,160,170,189,89,89,89,193,193,211,229,246,246,161,161,175,192,216,216,228,228,228,103,103,200,200,217,228,228,78,95,123,123,143,223,242,242,254,268,268,268,268,268,268,117,146,146],"floor_reached":56,"playtime":5898,"items_purged":["Strike_P","Defend_P","Strike_P","Defend_P"],"score":1231,"play_id":"ff5a2505-e655-4f46-9fa4-2fd5e25c00bf","local_time":"20210102145131","is_ascension_mode":false,"campfire_choices":[{"data":"Eruption","floor":6.0,"key":"SMITH"},{"floor":8.0,"key":"REST"},{"data":"SpiritShield","floor":15.0,"key":"SMITH"},{"data":"Vault","floor":23.0,"key":"SMITH"},{"floor":27.0,"key":"REST"},{"data":"Wireheading","floor":30.0,"key":"SMITH"},{"data":"DevaForm","floor":32.0,"key":"SMITH"},{"data":"Scrawl","floor":41.0,"key":"SMITH"},{"data":"Vigilance","floor":45.0,"key":"SMITH"},{"floor":49,"key":"RECALL"},{"data":"Fasting2","floor":52,"key":"SMITH"}],"circlet_count":0,"master_deck":["Defend_P","Eruption+1","Vigilance+1","PathToVictory","Vault+1","SpiritShield+1","DevaForm+1","BowlingBash","PathToVictory+1","Wireheading+1","Sanctity+1","Scrawl+1","EmptyMind","EmptyBody+1","PathToVictory+1","Conclude+1","PathToVictory","WaveOfTheHand+1","Fasting2+1","SpiritShield+1","Protect+1"],"relics":["PureWater","MealTicket","Gambling Chip","Empty Cage","Molten Egg 2","Torii","Philosopher\u0027s Stone","Lantern","Toxic Egg 2","DollysMirror","Gremlin Horn"],"acts_visited":["Exordium","TheCity","TheBeyond","TheEnding"],"potions_floor_usage":[55,55],"damage_taken":[{"damage":0.0,"enemies":"Jaw Worm","floor":1.0,"turns":3.0},{"damage":2.0,"enemies":"2 Louse","floor":5.0,"turns":3.0},{"damage":49.0,"enemies":"3 Sentries","floor":7.0,"turns":19.0},{"damage":0.0,"enemies":"Small Slimes","floor":10.0,"turns":2.0},{"damage":3.0,"enemies":"3 Louse","floor":11.0,"turns":5.0},{"damage":8.0,"enemies":"Lots of Slimes","floor":12.0,"turns":5.0},{"damage":10.0,"enemies":"The Guardian","floor":16.0,"turns":12.0},{"damage":29.0,"enemies":"Chosen","floor":18.0,"turns":5.0},{"damage":8.0,"enemies":"Spheric Guardian","floor":19.0,"turns":6.0},{"damage":6.0,"enemies":"Shelled Parasite and Fungi","floor":20.0,"turns":5.0},{"damage":14.0,"enemies":"Sentry and Sphere","floor":24.0,"turns":6.0},{"damage":12.0,"enemies":"Snake Plant","floor":25.0,"turns":4.0},{"damage":2.0,"enemies":"Snecko","floor":28.0,"turns":5.0},{"damage":0.0,"enemies":"Champ","floor":33.0,"turns":7.0},{"damage":1.0,"enemies":"Orb Walker","floor":35.0,"turns":3.0},{"damage":1.0,"enemies":"3 Shapes","floor":36.0,"turns":4.0},{"damage":0.0,"enemies":"Jaw Worm Horde","floor":39.0,"turns":5.0},{"damage":0.0,"enemies":"Giant Head","floor":40.0,"turns":5.0},{"damage":1.0,"enemies":"3 Darklings","floor":42.0,"turns":4.0},{"damage":0.0,"enemies":"Writhing Mass","floor":44.0,"turns":3.0},{"damage":0,"enemies":"Spire Growth","floor":46,"turns":4},{"damage":0,"enemies":"4 Shapes","floor":47,"turns":4},{"damage":33,"enemies":"Time Eater","floor":50,"turns":6},{"damage":18,"enemies":"Shield and Spear","floor":54,"turns":5},{"damage":44,"enemies":"The Heart","floor":55,"turns":8}],"seed_played":"-8049810157963255861","potions_obtained":[{"floor":7.0,"key":"Regen Potion"},{"floor":10.0,"key":"BlessingOfTheForge"},{"floor":24.0,"key":"BottledMiracle"},{"floor":28.0,"key":"SkillPotion"},{"floor":33.0,"key":"Weak Potion"},{"floor":46,"key":"DuplicationPotion"}],"is_trial":false,"path_per_floor":["M","?","$","?","M","R","E","R","T","M","M","M","$","?","R","B",null,"M","M","M","?","?","R","M","M","T","R","M","?","R","$","R","B",null,"M","M","?","$","M","E","R","M","T","M","R","M","M","?","R","B",null,"R","$","E","B",null],"character_chosen":"WATCHER","items_purchased":["Vault","DollysMirror"],"campfire_rested":2,"item_purchase_floors":[3,53],"current_hp_per_floor":[72,72,72,61,59,59,10,31,31,31,28,20,35,59,59,49,72,43,50,44,44,44,44,30,18,18,39,37,37,37,52,52,52,72,71,70,70,72,72,72,72,71,71,71,71,71,71,71,71,38,72,72,72,54,10],"gold":146,"neow_bonus":"HUNDRED_GOLD","is_daily":false,"chose_seed":false,"campfire_upgraded":8,"win_rate":0.0,"timestamp":1609620691,"path_taken":["M","?","$","?","M","R","E","R","T","M","M","M","$","?","R","BOSS","M","M","M","?","?","R","M","M","T","R","M","?","R","$","R","BOSS","M","M","?","$","?","E","R","M","T","M","R","?","M","?","R","BOSS","R","$","E","BOSS"],"items_purchased_type":["Card","Relic"],"build_version":"2020-12-22","purchased_purges":4,"victory":true,"max_hp_per_floor":[72,72,72,72,72,72,72,72,72,72,72,72,72,72,72,72,72,72,72,72,72,72,72,72,72,72,72,72,72,72,72,72,72,72,72,72,72,72,72,72,72,72,72,72,72,72,72,72,72,72,72,72,72,72,72],"card_choices":[{"not_picked":["Evaluate","DeceiveReality"],"picked":"PathToVictory","floor":1.0},{"not_picked":["FlyingSleeves","CarveReality","Evaluate"],"picked":"SKIP","floor":5.0},{"not_picked":["WreathOfFlame","Consecrate"],"picked":"SpiritShield","floor":7.0},{"not_picked":["Protect","SashWhip","ForeignInfluence"],"picked":"SKIP","floor":10.0},{"not_picked":["ThirdEye","WreathOfFlame","Prostrate"],"picked":"SKIP","floor":11.0},{"not_picked":["SashWhip","CutThroughFate","WreathOfFlame"],"picked":"SKIP","floor":12.0},{"not_picked":["Brilliance","Scrawl"],"picked":"DevaForm","floor":16.0},{"not_picked":["Vengeance+1","ThirdEye"],"picked":"BowlingBash","floor":18.0},{"not_picked":["FlyingSleeves","EmptyFist"],"picked":"PathToVictory+1","floor":19.0},{"not_picked":["JustLucky","Tantrum"],"picked":"Wireheading","floor":20.0},{"not_picked":["FollowUp+1","ForeignInfluence"],"picked":"Sanctity+1","floor":24.0},{"not_picked":["Tantrum+1","Perseverance","SashWhip+1"],"picked":"SKIP","floor":25.0},{"not_picked":["Consecrate+1","ClearTheMind","BowlingBash+1"],"picked":"SKIP","floor":28.0},{"not_picked":["Blasphemy","Brilliance+1"],"picked":"Scrawl","floor":33.0},{"not_picked":["BattleHymn+1","Collect"],"picked":"EmptyMind","floor":35.0},{"not_picked":["SashWhip+1","ClearTheMind+1"],"picked":"EmptyBody+1","floor":36.0},{"not_picked":["ClearTheMind","Weave+1"],"picked":"Conclude+1","floor":39.0},{"not_picked":["Study+1","Ragnarok+1","SignatureMove+1"],"picked":"SKIP","floor":40.0},{"not_picked":["SashWhip+1","BattleHymn"],"picked":"PathToVictory","floor":42.0},{"not_picked":["ForeignInfluence+1","JustLucky+1"],"picked":"WaveOfTheHand+1","floor":44.0},{"not_picked":["FollowUp+1","Evaluate+1"],"picked":"Fasting2","floor":46},{"not_picked":["Crescendo+1","Consecrate+1","Study"],"picked":"SKIP","floor":47},{"not_picked":["CrushJoints+1","Tantrum+1"],"picked":"Protect+1","floor":54}],"player_experience":965010,"relics_obtained":[{"floor":7.0,"key":"MealTicket"},{"floor":9.0,"key":"Gambling Chip"},{"floor":40.0,"key":"Lantern"},{"floor":43.0,"key":"Toxic Egg 2"},{"floor":54,"key":"Gremlin Horn"}],"event_choices":[{"cards_removed":["Strike_P"],"damage_healed":0.0,"max_hp_gain":0.0,"max_hp_loss":0.0,"gold_gain":0.0,"event_name":"The Cleric","player_choice":"Card Removal","floor":2.0,"gold_loss":50.0,"damage_taken":0.0},{"damage_healed":0.0,"max_hp_gain":0.0,"max_hp_loss":0.0,"gold_gain":75.0,"event_name":"World of Goop","player_choice":"Gather Gold","floor":4.0,"gold_loss":0.0,"damage_taken":11.0},{"damage_healed":24.0,"max_hp_gain":0.0,"max_hp_loss":0.0,"gold_gain":0.0,"event_name":"Big Fish","player_choice":"Banana","floor":14.0,"gold_loss":0.0,"damage_taken":0.0},{"damage_healed":0.0,"max_hp_gain":0.0,"max_hp_loss":0.0,"gold_gain":0.0,"event_name":"Cursed Tome","player_choice":"Ignored","floor":21.0,"gold_loss":0.0,"damage_taken":0.0},{"damage_healed":0.0,"max_hp_gain":0.0,"max_hp_loss":0.0,"gold_gain":0.0,"event_name":"Addict","player_choice":"Obtained Relic","floor":22.0,"gold_loss":85.0,"damage_taken":0.0,"relics_obtained":["Molten Egg 2"]},{"damage_healed":0.0,"max_hp_gain":0.0,"max_hp_loss":0.0,"gold_gain":0.0,"event_name":"The Mausoleum","player_choice":"Opened","floor":29.0,"gold_loss":0.0,"damage_taken":0.0,"relics_obtained":["Torii"]},{"damage_healed":0.0,"max_hp_gain":0.0,"max_hp_loss":0.0,"gold_gain":0.0,"event_name":"Duplicator","player_choice":"Copied","floor":37.0,"gold_loss":0.0,"damage_taken":0.0,"cards_obtained":["PathToVictory"]},{"damage_healed":0,"gold_gain":0,"player_choice":"Ignored","damage_taken":0,"max_hp_gain":0,"max_hp_loss":0,"event_name":"Tomb of Lord Red Mask","floor":48,"gold_loss":0}],"is_beta":false,"boss_relics":[{"not_picked":["Snecko Eye","Runic Dome"],"picked":"Empty Cage"},{"not_picked":["VioletLotus","Velvet Choker"],"picked":"Philosopher\u0027s Stone"}],"items_purged_floors":[3,13,31,38],"is_endless":false,"potions_floor_spawned":[7,10,24,28,33,42,46,47],"ascension_level":0}}