{"host":"hfxp6ue4pvwo3fit","time":1609584005,"event":{"mods":["AchievementEnabler","BaseMod","Colored Map","Colored Powertips","Highlight Path","Minty Spire (QoL Compilation)","Relic Stats","StSLib","SuperFastMode"],"gold_per_floor":[114,114,114,125,125,160,160,160,160],"floor_reached":8,"playtime":267,"items_purged":[],"score":108,"play_id":"0bafb876-d1f6-4b79-bedc-d462add57e14","local_time":"20210102044005","is_ascension_mode":true,"campfire_choices":[{"floor":7,"key":"REST"}],"circlet_count":0,"master_deck":["AscendersBane","Strike_R","Strike_R","Strike_R","Strike_R","Strike_R","Defend_R","Defend_R","Defend_R","Defend_R","Bash","Armaments+1","Burning Pact","Feel No Pain"],"relics":["Burning Blood","Incense Burner","Torii","Potion Belt"],"acts_visited":["Exordium"],"potions_floor_usage":[6],"damage_taken":[{"damage":5,"enemies":"Small Slimes","floor":1,"turns":4},{"damage":2,"enemies":"Jaw Worm","floor":4,"turns":7},{"damage":40,"enemies":"3 Sentries","floor":6,"turns":12},{"damage":56,"enemies":"Gremlin Nob","floor":8,"turns":5}],"seed_played":"4388033225945793380","potions_obtained":[{"floor":4,"key":"PowerPotion"}],"is_trial":false,"path_per_floor":["M","?","?","M","?","E","R","E"],"character_chosen":"IRONCLAD","items_purchased":[],"campfire_rested":1,"item_purchase_floors":[],"current_hp_per_floor":[68,68,63,67,67,33,53,0,0],"gold":160,"neow_bonus":"ONE_RARE_RELIC","is_daily":false,"chose_seed":false,"campfire_upgraded":0,"win_rate":0.0,"timestamp":1609584005,"path_taken":["M","?","?","M","?","E","R","E"],"items_purchased_type":[],"build_version":"2020-12-22","purchased_purges":0,"victory":false,"max_hp_per_floor":[68,68,68,68,68,68,68,68,68],"relic_stats":{"Torii":4,"counters":[4,28],"obtain_stats":[{"Potion Belt":6,"Torii":3,"Incense Burner":0,"Burning Blood":0},{"Potion Belt":3,"Torii":1,"Incense Burner":0,"Burning Blood":0},{"Potion Belt":23,"Torii":4,"Incense Burner":0,"Burning Blood":0}],"Burning Blood":17},"card_choices":[{"not_picked":["Headbutt","Searing Blow"],"picked":"Armaments","floor":1},{"not_picked":["Power Through","Armaments"],"picked":"Burning Pact","floor":4},{"not_picked":["Power Through","Pommel Strike"],"picked":"Feel No Pain","floor":6}],"player_experience":461945,"relics_obtained":[{"floor":6,"key":"Potion Belt"}],"event_choices":[{"damage_healed":0,"gold_gain":0,"player_choice":"Grow","damage_taken":0,"max_hp_gain":0,"max_hp_loss":0,"event_name":"Living Wall","floor":2,"gold_loss":0,"cards_upgraded":["Armaments"]},{"damage_healed":0,"gold_gain":0,"player_choice":"Success","damage_taken":5,"relics_obtained":["Torii"],"max_hp_gain":0,"max_hp_loss":0,"event_name":"Scrap Ooze","floor":3,"gold_loss":0},{"damage_healed":0,"gold_gain":0,"player_choice":"Ignored","damage_taken":0,"max_hp_gain":0,"max_hp_loss":0,"event_name":"Liars Game","floor":5,"gold_loss":0}],"is_beta":false,"boss_relics":[],"items_purged_floors":[],"is_endless":false,"potions_floor_spawned":[4],"killed_by":"Gremlin Nob","ascension_level":20}}