{"host":"65bhxfoqsqjg61le","time":1609580127,"event":{"mods":["2.2 Compatiblity","AchievementEnabler","BaseMod","Better Third Choice","Colored Powertips","Conspire","DeckTracker","Downfall","Energized Spire","GifTheSpireLib","Googly Eyes","Hubris","Infinite Spire","Minty Spire (QoL Compilation)","Quick Restart","RRrroohrrRGHHhhh!!","Random Character Button","Rare Cards Sparkle","Replay The Spire","Shade Mod","StSLib","Stuff the Spire","The IronCluck","Wandering Minibosses","egg","everything is the same but u backflip on backflip","slay the spire mod where everything is the same but ironclad has a cowboy hat","thorton"],"gold_per_floor":[109,109,128,128,128,159,159,188,242,271,290,50,50,158,158,257,257,310,1,1,101,125,125,155,188,188,188,248,282,282,304,304,455,455,516,516,542,542,605,703,703,807,830,830,1151,1151,1267,562,562,584,584,584,46,100,122],"floor_reached":56,"playtime":3054,"items_purged":["Strike_G","Strike_G"],"score":1683,"play_id":"d3579940-5947-469a-9d5a-05e2a187130c","local_time":"20210102043527","is_ascension_mode":true,"campfire_choices":[{"data":"infinitespire:SevenWalls","floor":7,"key":"SMITH"},{"data":"Survivor","floor":13,"key":"SMITH"},{"floor":15,"key":"REST"},{"data":"A Thousand Cuts","floor":23,"key":"SMITH"},{"floor":30,"key":"RECALL"},{"data":"rorgmod:Tendon Slice","floor":32,"key":"SMITH"},{"data":"After Image","floor":41,"key":"SMITH"},{"data":"rorgmod:Storm of Steel","floor":44,"key":"SMITH"},{"data":"rorgmod:Accuracy","floor":49,"key":"SMITH"},{"data":"Infinite Blades","floor":52,"key":"SMITH"}],"circlet_count":0,"master_deck":["Strike_G","Strike_G","Strike_G","Defend_G","Defend_G","Defend_G","Defend_G","Defend_G","Survivor+1","Neutralize","Cloak And Dagger","infinitespire:SevenWalls+1","Blade Dance","rorgmod:Prepared","rorgmod:Tendon Slice+1","A Thousand Cuts+1","Backstab+1","Infinite Blades+1","rorgmod:Storm of Steel+1","After Image+1","rorgmod:Accuracy+1","Sneak Up"],"relics":["Ring of the Snake","NeowsBlessing","Shuriken","hubris:SphereOfDissonance","Blood Vial","Replay:Wax Seal","StoneCalendar","Onion Ring","energizedSpire:OgreHead","Replay:Bandana","Juzu Bracelet","White Beast Statue","infinitespire:EvilPickle","SacredBark","Cauldron","Garlic","conspire:Flyswatter","ReplayTheSpireMod:TigerMarble","Ice Cream","Replay:Baseball","ClockworkSouvenir","hubris:Potato","HandDrill","infinitespire:CursedDice"],"acts_visited":["Exordium","TheCity","TheBeyond","TheEnding"],"potions_floor_usage":[8,16,33,33,33,40,45,45,45,50,50,55],"damage_taken":[{"damage":0,"enemies":"2 Louse","floor":1,"turns":1},{"damage":0,"enemies":"Small Slimes","floor":3,"turns":1},{"damage":0,"enemies":"3 Sentries","floor":6,"turns":1},{"damage":0,"enemies":"Gremlin Nob","floor":8,"turns":4},{"damage":0,"enemies":"Replay:BlueRogue","floor":10,"turns":3},{"damage":0,"enemies":"Jaw Worm","floor":11,"turns":2},{"damage":8,"enemies":"Hexaghost","floor":16,"turns":6},{"damage":0,"enemies":"Spheric Guardian","floor":18,"turns":4},{"damage":12,"enemies":"2 Thieves","floor":22,"turns":3},{"damage":4,"enemies":"Centurion and Healer","floor":24,"turns":3},{"damage":0,"enemies":"Shelled Parasite and Fungi","floor":25,"turns":3},{"damage":0,"enemies":"conspire:SneckoGhost","floor":28,"turns":3},{"damage":0,"enemies":"Snecko","floor":29,"turns":2},{"damage":4,"enemies":"Snake Plant","floor":31,"turns":2},{"damage":0,"enemies":"Pondfish","floor":33,"turns":10},{"damage":0,"enemies":"3 Shapes","floor":35,"turns":3},{"damage":0,"enemies":"Orb Walker","floor":39,"turns":2},{"damage":0,"enemies":"Nemesis","floor":40,"turns":4},{"damage":0,"enemies":"Giant Head","floor":42,"turns":6},{"damage":0,"enemies":"Transient","floor":45,"turns":5},{"damage":0,"enemies":"Sphere and 2 Shapes","floor":47,"turns":4},{"damage":0,"enemies":"Replay:Hell Engine","floor":50,"turns":10},{"damage":23,"enemies":"Shield and Spear","floor":54,"turns":6},{"damage":109,"enemies":"The Heart","floor":55,"turns":10}],"seed_played":"-7600411116791359045","potions_obtained":[{"floor":6,"key":"LifebloodPotion"},{"floor":10,"key":"Fire Potion"},{"floor":25,"key":"Regen Potion"},{"floor":28,"key":"Explosive Potion"},{"floor":29,"key":"LifebloodPotion"},{"floor":33,"key":"Adrenaline Potion"},{"floor":35,"key":"champ:CounterPotion"},{"floor":36,"key":"infinitespire:BlackPotion"},{"floor":36,"key":"AttackPotion"},{"floor":36,"key":"infinitespire:BlackPotion"},{"floor":40,"key":"hexamod:EctoCoolerPotion"},{"floor":45,"key":"EssenceOfSteel"},{"floor":47,"key":"EssenceOfSteel"},{"floor":54,"key":"Flashbang"}],"is_trial":false,"path_per_floor":["M","?","M","?","T","E","R","E","T","E","M","$","R","?","R","B",null,"M","$","?","?","M","R","M","M","T","?","E","M","R","M","R","B",null,"M","AVR","T","?","M","E","R","E","T","R","M","?","M","$","R","B",null,"R","$","E","B",null],"character_chosen":"THE_SILENT","items_purchased":["Onion Ring","Infinite Blades","Replay:Bandana","Ice Cream","Replay:Baseball","ClockworkSouvenir","hubris:Potato","HandDrill","FairyPotion"],"campfire_rested":1,"item_purchase_floors":[12,19,19,48,48,48,53,53,53],"current_hp_per_floor":[70,70,70,53,53,53,53,53,53,55,57,57,57,29,50,44,70,70,70,70,70,58,58,56,58,58,55,57,59,59,57,57,70,70,70,70,70,66,66,66,66,66,66,66,66,66,66,66,66,66,66,66,66,51,1],"gold":122,"neow_bonus":"THREE_ENEMY_KILL","is_daily":false,"chose_seed":false,"campfire_upgraded":8,"win_rate":0.0,"timestamp":1609580127,"path_taken":["M","?","M","?","?","E","R","E","T","E","M","$","R","?","R","BOSS","M","?","?","?","M","R","M","M","T","?","E","M","R","M","R","BOSS","M","AVR","?","?","M","E","R","E","T","R","M","?","M","$","R","BOSS","R","$","E","BOSS"],"items_purchased_type":["Relic","Card","Relic","Relic","Relic","Relic","Relic","Relic","Potion"],"build_version":"2020-12-22","purchased_purges":2,"victory":true,"max_hp_per_floor":[70,70,70,70,70,70,70,70,70,70,70,70,70,70,70,70,70,70,70,70,70,70,70,70,70,70,70,70,70,70,70,70,70,70,70,70,70,66,66,66,66,66,66,66,66,66,66,66,66,66,66,66,66,66,66],"card_choices":[{"not_picked":["Dodge and Roll","StuffTheSpire:ClusterCrunch","ReplayTheSpireMod:Tripwire"],"picked":"SKIP","floor":1},{"not_picked":["Deflect","hubris:SlightOfHand"],"picked":"Cloak And Dagger","floor":3},{"not_picked":["infinitespire:Execution","infinitespire:SealOfDarkness+"],"picked":"infinitespire:SevenWalls","floor":4},{"not_picked":["Backflip","Well Laid Plans","StuffTheSpire:Incantation"],"picked":"SKIP","floor":6},{"not_picked":["Bane","Outmaneuver","Fluid Movement"],"picked":"SKIP","floor":8},{"not_picked":["Flying Knee","rorgmod:Catalyst"],"picked":"Blade Dance","floor":10},{"not_picked":["ReplayTheSpireMod:Exploit Weakness","StuffTheSpire:Injection","Dagger Spray"],"picked":"SKIP","floor":11},{"not_picked":["StuffTheSpire:Injection","StuffTheSpire:ClusterCrunch"],"picked":"rorgmod:Prepared","floor":14},{"not_picked":["Bane","Dodge and Roll"],"picked":"rorgmod:Tendon Slice","floor":14},{"not_picked":["Bullet Time","StuffTheSpire:FinalStruggle"],"picked":"A Thousand Cuts","floor":16},{"not_picked":["Finisher","Bane"],"picked":"Backstab+1","floor":18},{"not_picked":["hubris:SlightOfHand+1","Bane+1","Cloak And Dagger"],"picked":"SKIP","floor":22},{"not_picked":["Flying Knee","hubris:Counter","Toxin Wave"],"picked":"SKIP","floor":24},{"not_picked":["rorgmod:Tendon Slice","StuffTheSpire:Incursion","Backflip"],"picked":"SKIP","floor":25},{"not_picked":["ReplayTheSpireMod:Speed Training","Poison Darts","rorgmod:Tendon Slice"],"picked":"SKIP","floor":28},{"not_picked":["Dagger Throw+1","Eviscerate","Deadly Poison"],"picked":"SKIP","floor":29},{"not_picked":["rorgmod:Tendon Slice+1","ReplayTheSpireMod:Speed Training","Dagger Spray+1"],"picked":"SKIP","floor":31},{"not_picked":["rorgmod:Phantasmal Killer","After Image"],"picked":"rorgmod:Storm of Steel","floor":33},{"not_picked":["Deadly Poison","Flying Knee","rorgmod:Tendon Slice+1"],"picked":"SKIP","floor":35},{"not_picked":["Setup","rorgmod:Prepared+1","Footwork"],"picked":"SKIP","floor":39},{"not_picked":["StuffTheSpire:BumpUp+1","Acrobatics+1"],"picked":"After Image","floor":40},{"not_picked":["Caltrops","Predator+1","Bane"],"picked":"SKIP","floor":42},{"not_picked":["ReplayTheSpireMod:Exploit Weakness+1","Calculated Gamble"],"picked":"rorgmod:Accuracy","floor":45},{"not_picked":["Caltrops","After Image","Flying Knee+1"],"picked":"SKIP","floor":47},{"not_picked":["Cloak And Dagger+1","Dash"],"picked":"Sneak Up","floor":54}],"player_experience":1026896,"relics_obtained":[{"floor":5,"key":"Shuriken"},{"floor":6,"key":"hubris:SphereOfDissonance"},{"floor":8,"key":"Blood Vial"},{"floor":9,"key":"Replay:Wax Seal"},{"floor":10,"key":"StoneCalendar"},{"floor":26,"key":"Juzu Bracelet"},{"floor":28,"key":"White Beast Statue"},{"floor":40,"key":"Garlic"},{"floor":42,"key":"conspire:Flyswatter"},{"floor":43,"key":"ReplayTheSpireMod:TigerMarble"},{"floor":54,"key":"infinitespire:CursedDice"}],"event_choices":[{"damage_healed":0,"gold_gain":0,"player_choice":"Leave","damage_taken":0,"max_hp_gain":0,"max_hp_loss":0,"event_name":"The Cleric","floor":2,"gold_loss":0},{"damage_healed":0,"gold_gain":100,"player_choice":"Pray","damage_taken":0,"max_hp_gain":0,"max_hp_loss":0,"event_name":"Golden Shrine","floor":21,"gold_loss":0},{"damage_healed":0,"gold_gain":0,"player_choice":"","damage_taken":6,"max_hp_gain":0,"max_hp_loss":0,"event_name":"Knowing Skull","floor":27,"potions_obtained":[],"gold_loss":0,"cards_obtained":[]},{"damage_healed":0,"gold_gain":0,"player_choice":"Max HP","damage_taken":0,"max_hp_gain":0,"max_hp_loss":4,"event_name":"Winding Halls","floor":38,"gold_loss":0},{"cards_removed":["Replay:Fractal Strike"],"damage_healed":5,"gold_gain":0,"player_choice":"Offered Special","damage_taken":0,"max_hp_gain":0,"max_hp_loss":0,"event_name":"Bonfire Elementals","floor":46,"gold_loss":0}],"is_beta":false,"boss_relics":[{"not_picked":["energizedSpire:PogoStick","StuffTheSpire:Kangaroo"],"picked":"energizedSpire:OgreHead"},{"not_picked":["Snecko Eye","hubris:RunicObelisk"],"picked":"SacredBark"}],"items_purged_floors":[19,48],"is_endless":false,"potions_floor_spawned":[6,10,25,28,29,31,33,35,39,40,42,45,47,54],"ascension_level":2}}