{"host":"37dk0reb6x0du8wx","time":1609600444,"event":{"mods":["BaseMod","Colored Map","DeckTracker","Minty Spire (QoL Compilation)","Quick Restart","StSLib","The Dragon Tamer"],"gold_per_floor":[112,129,129,129,57,91,106,135,185,185,185,195,195,22,22,122,122,134,49,49,42,59,59,59,59],"floor_reached":24,"playtime":775,"items_purged":[],"score":265,"play_id":"0fde1f44-2ced-4351-b619-694f84d21264","local_time":"20210103001404","is_ascension_mode":true,"campfire_choices":[{"floor":10,"key":"REST"},{"floor":13,"key":"REST"},{"data":"Noxious Fumes","floor":15,"key":"SMITH"},{"floor":23,"key":"REST"}],"circlet_count":0,"master_deck":["Strike_G","Strike_G","Strike_G","Strike_G","Strike_G","Defend_G","Defend_G","Defend_G","Defend_G","Defend_G","Survivor","Neutralize","Noxious Fumes+1","Noxious Fumes","Poisoned Stab","Poisoned Stab","Malaise","Poisoned Stab","Catalyst","Deadly Poison","Poisoned Stab"],"relics":["Ring of the Snake","NeowsBlessing","InkBottle","Omamori","Paper Crane","Centennial Puzzle","Ice Cream","OrangePellets","HoveringKite","Dream Catcher","Nilry\u0027s Codex"],"acts_visited":["Exordium","TheCity"],"potions_floor_usage":[8,21],"damage_taken":[{"damage":0,"enemies":"2 Louse","floor":1,"turns":1},{"damage":0,"enemies":"Jaw Worm","floor":2,"turns":1},{"damage":0,"enemies":"Lagavulin","floor":6,"turns":1},{"damage":9,"enemies":"Cultist","floor":7,"turns":4},{"damage":24,"enemies":"3 Sentries","floor":8,"turns":8},{"damage":8,"enemies":"Exordium Wildlife","floor":12,"turns":5},{"damage":36,"enemies":"The Guardian","floor":16,"turns":9},{"damage":17,"enemies":"Shell Parasite","floor":18,"turns":5},{"damage":11,"enemies":"2 Thieves","floor":21,"turns":4},{"damage":26,"enemies":"Snecko","floor":22,"turns":5},{"damage":29,"enemies":"Centurion and Healer","floor":24,"turns":4}],"seed_played":"-1289485025100106222","potions_obtained":[{"floor":1,"key":"CunningPotion"},{"floor":2,"key":"EssenceOfSteel"},{"floor":12,"key":"Block Potion"},{"floor":22,"key":"Ancient Potion"}],"is_trial":false,"path_per_floor":["M","M","?","?","$","E","M","E","T","R","?","M","R","$","R","B",null,"M","?","?","M","M","R","M"],"character_chosen":"THE_SILENT","items_purchased":["Noxious Fumes","Poisoned Stab","OrangePellets"],"campfire_rested":3,"item_purchase_floors":[5,14,14],"current_hp_per_floor":[70,70,75,72,72,72,63,39,39,61,61,53,75,75,75,39,75,58,58,42,31,5,27,0,0],"gold":59,"neow_bonus":"THREE_ENEMY_KILL","is_daily":false,"chose_seed":false,"campfire_upgraded":1,"win_rate":0.0,"timestamp":1609600444,"path_taken":["M","M","?","?","$","E","M","E","T","R","?","M","R","$","R","BOSS","M","?","?","M","M","R","M"],"items_purchased_type":["Card","Card","Relic"],"build_version":"2020-12-22","purchased_purges":0,"victory":false,"max_hp_per_floor":[70,70,75,75,75,75,75,75,75,75,75,75,75,75,75,75,75,75,75,75,75,75,75,75,75],"card_choices":[{"not_picked":["Bouncing Flask","Prepared"],"picked":"Noxious Fumes","floor":1},{"not_picked":["Sucker Punch","Cloak And Dagger","Choke"],"picked":"SKIP","floor":2},{"not_picked":["Sucker Punch","Cloak And Dagger","Choke"],"picked":"SKIP","floor":2},{"not_picked":["Terror","Setup","Underhanded Strike"],"picked":"SKIP","floor":6},{"not_picked":["Bane","Finisher"],"picked":"Poisoned Stab","floor":7},{"not_picked":["Slice","PiercingWail","Dodge and Roll"],"picked":"SKIP","floor":8},{"not_picked":["Prepared","Quick Slash","Slice"],"picked":"SKIP","floor":12},{"not_picked":["Doppelganger","Envenom"],"picked":"Malaise","floor":16},{"not_picked":["Acrobatics","Cloak And Dagger"],"picked":"Poisoned Stab","floor":18},{"not_picked":["Prepared","Dodge and Roll+1"],"picked":"Catalyst","floor":21},{"not_picked":["Cloak And Dagger","Prepared"],"picked":"Deadly Poison","floor":22},{"not_picked":["Dagger Throw","Predator+1"],"picked":"Poisoned Stab","floor":23}],"player_experience":122942,"relics_obtained":[{"floor":6,"key":"Omamori"},{"floor":8,"key":"Paper Crane"},{"floor":9,"key":"Centennial Puzzle"},{"floor":20,"key":"Nilry\u0027s Codex"}],"event_choices":[{"damage_healed":0,"gold_gain":0,"player_choice":"Donut","damage_taken":0,"max_hp_gain":5,"max_hp_loss":0,"event_name":"Big Fish","floor":3,"gold_loss":0},{"damage_healed":0,"gold_gain":0,"player_choice":"Success","damage_taken":3,"relics_obtained":["InkBottle"],"max_hp_gain":0,"max_hp_loss":0,"event_name":"Scrap Ooze","floor":4,"gold_loss":0},{"damage_healed":0,"gold_gain":0,"player_choice":"Gave Potion","damage_taken":0,"relics_obtained":["Ice Cream"],"max_hp_gain":0,"max_hp_loss":0,"event_name":"WeMeetAgain","floor":11,"gold_loss":0},{"damage_healed":0,"gold_gain":0,"player_choice":"Obtained Relic","damage_taken":0,"relics_obtained":["Dream Catcher"],"max_hp_gain":0,"max_hp_loss":0,"event_name":"Addict","floor":19,"gold_loss":85},{"damage_healed":0,"gold_gain":0,"player_choice":"Obtained Book","damage_taken":16,"max_hp_gain":0,"max_hp_loss":0,"event_name":"Cursed Tome","floor":20,"gold_loss":0}],"is_beta":false,"boss_relics":[{"not_picked":["Coffee Dripper","Cursed Key"],"picked":"HoveringKite"}],"items_purged_floors":[],"is_endless":false,"potions_floor_spawned":[1,2,12,22],"killed_by":"Centurion and Healer","ascension_level":1}}