{"host":"v4tuy5ykrbdcm9o9","time":1609613157,"event":{"mods":["BaseMod","Duelist Mod","Minty Spire (QoL Compilation)","Replay The Spire","StSLib"],"gold_per_floor":[109,109,120,43,43,43,77,90,90,124,299,299,299,309,309,410,410,390,406,417,417,417,417],"floor_reached":22,"playtime":1830,"items_purged":[],"score":243,"play_id":"fd616a93-0acb-4de3-bb2c-42a179c22de8","local_time":"20210102134557","is_ascension_mode":true,"campfire_choices":[{"floor":6,"key":"REST"},{"floor":12,"key":"REST"},{"floor":15,"key":"REST"}],"circlet_count":0,"master_deck":["Strike_G","Strike_G","Strike_G","Strike_G","Strike_G","Defend_G","Defend_G","Defend_G","Defend_G","Defend_G","Survivor+1","Neutralize+1","Flying Knee","Flying Knee","Flying Knee","Dodge and Roll+1","Sneak Up","Hidden Blade","Backflip","Underhanded Strike","Bullet Time","Acrobatics+1","Backflip","Poisoned Stab"],"relics":["Ring of the Snake","Pondfish Scales","Replay:Bottled Flurry","SacredBark","Nloth\u0027s Gift"],"acts_visited":["Exordium","TheCity"],"potions_floor_usage":[7,10,20,20],"damage_taken":[{"damage":1,"enemies":"Cultist","floor":1,"turns":4},{"damage":0,"enemies":"2 Louse","floor":3,"turns":3},{"damage":39,"enemies":"Lagavulin","floor":7,"turns":11},{"damage":1,"enemies":"Small Slimes","floor":8,"turns":5},{"damage":10,"enemies":"Gremlin Nob","floor":10,"turns":4},{"damage":0,"enemies":"2 Fungi Beasts","floor":14,"turns":4},{"damage":22,"enemies":"The Guardian","floor":16,"turns":16},{"damage":7,"enemies":"2 Thieves","floor":18,"turns":4},{"damage":1,"enemies":"Shell Parasite","floor":19,"turns":6},{"damage":1,"enemies":"Snake Plant","floor":20,"turns":4},{"damage":20,"enemies":"Cultist and Chosen","floor":22,"turns":6}],"seed_played":"-7770410806953684788","potions_obtained":[{"floor":3,"key":"Energy Potion"},{"floor":8,"key":"Fire Potion"},{"floor":16,"key":"SkillPotion"},{"floor":19,"key":"Strength Potion"}],"is_trial":false,"path_per_floor":["M","?","M","$","?","R","E","M","T","E","?","R","?","M","R","B",null,"M","M","M","?","M"],"character_chosen":"THE_SILENT","items_purchased":["Flying Knee","Dodge and Roll"],"campfire_rested":3,"item_purchase_floors":[4,4],"current_hp_per_floor":[76,61,61,61,61,77,38,37,37,27,27,50,43,43,66,44,69,62,61,60,60,40,40],"gold":417,"neow_bonus":"TEN_PERCENT_HP_BONUS","is_daily":false,"chose_seed":false,"campfire_upgraded":0,"win_rate":0.0,"timestamp":1609613157,"path_taken":["M","?","M","$","?","R","E","M","T","E","?","R","?","M","R","BOSS","M","M","M","?","?"],"items_purchased_type":["Card","Card"],"build_version":"2020-12-22","purchased_purges":0,"victory":false,"max_hp_per_floor":[77,77,77,77,77,77,77,77,77,77,77,77,77,77,77,77,77,77,77,77,77,77,77],"card_choices":[{"not_picked":["Deadly Poison","Setup"],"picked":"Flying Knee","floor":1},{"not_picked":["Reflex","Dagger Throw"],"picked":"Flying Knee","floor":3},{"not_picked":["ReplayTheSpireMod:Tripwire","Prepared"],"picked":"Sneak Up","floor":7},{"not_picked":["ReplayTheSpireMod:The Works","Acrobatics"],"picked":"Hidden Blade","floor":8},{"not_picked":["ReplayTheSpireMod:Necrosis","Well Laid Plans"],"picked":"Backflip","floor":10},{"not_picked":["Acrobatics","Deflect"],"picked":"Underhanded Strike","floor":14},{"not_picked":["Poison Darts","Glass Knife"],"picked":"Bullet Time","floor":16},{"not_picked":["Poisoned Stab","Deflect"],"picked":"Acrobatics+1","floor":18},{"not_picked":["Poisoned Stab","ReplayTheSpireMod:Exploit Weakness"],"picked":"Backflip","floor":19},{"not_picked":["Blade Dance","Deadly Poison"],"picked":"Poisoned Stab","floor":20}],"player_experience":535344,"relics_obtained":[{"floor":7,"key":"Pondfish Scales"},{"floor":9,"key":"Sundial"},{"floor":10,"key":"Replay:Bottled Flurry"}],"event_choices":[{"damage_healed":0,"gold_gain":0,"player_choice":"Entered Light","damage_taken":15,"max_hp_gain":0,"max_hp_loss":0,"event_name":"Shining Light","floor":2,"gold_loss":0,"cards_upgraded":["Neutralize","Survivor"]},{"damage_healed":0,"gold_gain":0,"player_choice":"Grow","damage_taken":0,"max_hp_gain":0,"max_hp_loss":0,"event_name":"Living Wall","floor":5,"gold_loss":0,"cards_upgraded":["Dodge and Roll"]},{"damage_healed":0,"gold_gain":175,"player_choice":"AGREE","damage_taken":0,"max_hp_gain":0,"max_hp_loss":0,"event_name":"Liars Game","floor":11,"gold_loss":0,"cards_obtained":["Doubt"]},{"cards_removed":["Doubt"],"damage_healed":0,"gold_gain":0,"player_choice":"Card Removal","damage_taken":7,"max_hp_gain":0,"max_hp_loss":0,"event_name":"Golden Wing","floor":13,"gold_loss":0},{"damage_healed":0,"gold_gain":0,"player_choice":"Traded Relic","damage_taken":0,"relics_obtained":["Nloth\u0027s Gift"],"max_hp_gain":0,"max_hp_loss":0,"event_name":"N\u0027loth","floor":21,"relics_lost":["Sundial"],"gold_loss":0}],"is_beta":false,"boss_relics":[{"not_picked":["Replay:Wanted Poster","Ring of Chaos"],"picked":"SacredBark"}],"items_purged_floors":[],"is_endless":false,"potions_floor_spawned":[3,8,16,19],"killed_by":"Cultist and Chosen","ascension_level":5}}