{"host":"i9477i93mjcyimye","time":1609607387,"event":{"mods":["Aspiration","BaseMod","Bestiary","Colored Powertips","Downfall","Ironclad Rager","Minty Spire (QoL Compilation)","Quick Restart","Relic Stats","Replay The Spire","Spicy Shops","StSLib","The Jungle","Wandering Minibosses"],"gold_per_floor":[113,113,113,113,113,113,146,34,34,54,54,54,74,90,90,214,214,238,238,238,52,52,52,93,93,93,111,10,10,10,31,31,152,152,170,25,40,40,64,64,87,87,114,150,150,170,208,208,208],"floor_reached":48,"playtime":4374,"items_purged":[],"score":719,"play_id":"8dbafc82-c42e-4bc5-9777-c01dbbfca939","local_time":"20210103040947","is_ascension_mode":true,"campfire_choices":[{"data":"Zap","floor":6,"key":"SMITH"},{"floor":11,"key":"REST"},{"floor":15,"key":"REST"},{"floor":23,"key":"REST"},{"floor":25,"key":"REST"},{"floor":29,"key":"REST"},{"floor":32,"key":"REST"},{"floor":40,"key":"RECALL"},{"floor":45,"key":"REST"}],"circlet_count":0,"master_deck":["Zap+1","Dualcast+1","ICR:ProbingStrike+1","ICR:ProbingStrike+1","ICR:ProbingStrike+1","ICR:ProbingStrike+1","ICR:AutoDefend+1","ICR:AutoDefend+1","ICR:AutoDefend+1","Barrage+1","ReplayTheSpireMod:Calculation Training+1","Storm","Coolheaded","Conserve Battery","Genetic Algorithm","ReplayRNGCard+1","Hologram","RitualDagger+1","expansioncontent:Corrupt","Reinforced Body","Panic Button+1","expansioncontent:DecasProtection","Thunder Strike","Lockon+1","Machine Learning","Hello World","FIFO Queue+1","Specialist","ReplayTheSpireMod:Reroute Power","Redo+1","Writhe","Buffer","aspiration:Polymerization+1","Sunder"],"relics":["FrozenCore","Golden Idol","Gremlin Food","Emotion Chip","ReplayTheSpireMod:Ninjato","Strawberry","Gremlin Horn","Chemical X","Boot","Blood Vial","Du-Vu Doll"],"acts_visited":["Exordium","TheCity","TheBeyond"],"potions_floor_usage":[16,16,33,41,44,47,47],"damage_taken":[{"damage":2,"enemies":"Cultist","floor":1,"turns":3},{"damage":24,"enemies":"3 Sentries","floor":7,"turns":9},{"damage":0,"enemies":"2 Louse","floor":10,"turns":2},{"damage":0,"enemies":"Small Slimes","floor":13,"turns":3},{"damage":17,"enemies":"3 Louse","floor":14,"turns":2},{"damage":29,"enemies":"Hexaghost","floor":16,"turns":8},{"damage":22,"enemies":"3 Byrds","floor":18,"turns":6},{"damage":61,"enemies":"Slavers","floor":24,"turns":6},{"damage":5,"enemies":"Chosen","floor":27,"turns":4},{"damage":60,"enemies":"Shelled Parasite and Fungi","floor":31,"turns":5},{"damage":12,"enemies":"Pondfish","floor":33,"turns":12},{"damage":11,"enemies":"3 Darklings","floor":35,"turns":5},{"damage":20,"enemies":"Orb Walker","floor":37,"turns":5},{"damage":26,"enemies":"Writhing Mass","floor":39,"turns":5},{"damage":16,"enemies":"Spire Growth","floor":41,"turns":4},{"damage":60,"enemies":"Reptomancer","floor":44,"turns":8},{"damage":9,"enemies":"3 Darklings","floor":46,"turns":9},{"damage":10,"enemies":"Giant Head","floor":47,"turns":8},{"damage":51,"enemies":"4 Shapes","floor":48,"turns":3}],"seed_played":"2000444865800282807","potions_obtained":[{"floor":10,"key":"FearPotion"},{"floor":13,"key":"PowerPotion"},{"floor":16,"key":"FairyPotion"},{"floor":27,"key":"Reflective Coating"},{"floor":35,"key":"DistilledChaos"},{"floor":41,"key":"Venom Potion"},{"floor":44,"key":"sneckomod:MuddlingPotion"},{"floor":46,"key":"Swift Potion"}],"is_trial":false,"path_per_floor":["M","T","?","?","?","R","E","$","T","M","R","?","M","M","R","B",null,"M","?","?","$","?","R","E","R","T","M","$","R","$","M","R","B",null,"M","$","M","?","M","R","M","?","T","E","R","M","E","M"],"character_chosen":"DEFECT","items_purchased":["Emotion Chip","Storm","expansioncontent:Corrupt","expansioncontent:DecasProtection","Thunder Strike","Chemical X"],"campfire_rested":7,"item_purchase_floors":[8,8,21,28,28,36],"current_hp_per_floor":[73,73,55,60,60,60,36,36,36,36,60,53,53,36,60,31,80,58,58,52,52,52,76,22,48,48,43,43,69,69,9,35,23,87,76,76,56,56,30,30,14,36,36,12,38,31,23,0,0],"gold":208,"neow_bonus":"DEFECT_WARDEN","is_daily":false,"chose_seed":false,"campfire_upgraded":1,"win_rate":0.0,"timestamp":1609607387,"path_taken":["M","?","?","?","?","R","E","$","T","M","R","?","?","M","R","BOSS","M","?","?","$","?","R","E","R","T","M","$","R","?","M","R","BOSS","M","$","M","?","M","R","M","?","T","E","R","M","E","M"],"items_purchased_type":["Relic","Card","Card","Card","Card","Relic"],"build_version":"2020-12-22","purchased_purges":0,"victory":false,"max_hp_per_floor":[75,75,75,80,80,80,80,80,80,80,80,80,80,80,80,80,80,80,80,80,80,80,80,87,87,87,87,87,87,87,87,87,87,87,87,87,87,87,87,87,87,87,87,87,87,87,87,87,87],"relic_stats":{"Blood Vial":6,"Emotion Chip":[72,37,28,6,1],"Gremlin Horn":[15,15],"counters":[19,107],"Golden Idol":124,"Chemical X":[17],"Boot":[3],"obtain_stats":[{"Gremlin Food":7,"Blood Vial":44,"Du-Vu Doll":47,"Emotion Chip":8,"ReplayTheSpireMod:Ninjato":9,"Gremlin Horn":26,"Golden Idol":3,"Strawberry":24,"Chemical X":36,"Cracked Core":0,"Boot":43,"FrozenCore":34},{"Gremlin Food":2,"Blood Vial":16,"Du-Vu Doll":18,"Emotion Chip":2,"ReplayTheSpireMod:Ninjato":2,"Gremlin Horn":8,"Golden Idol":1,"Strawberry":8,"Chemical X":12,"Cracked Core":0,"Boot":15,"FrozenCore":11},{"Gremlin Food":12,"Blood Vial":87,"Du-Vu Doll":104,"Emotion Chip":12,"ReplayTheSpireMod:Ninjato":12,"Gremlin Horn":39,"Golden Idol":3,"Strawberry":39,"Chemical X":65,"Cracked Core":0,"Boot":79,"FrozenCore":60}],"FrozenCore":[30]},"card_choices":[{"not_picked":["Go for the Eyes","Self Repair"],"picked":"Barrage","floor":1},{"not_picked":["Redo","Beam Cell"],"picked":"ReplayTheSpireMod:Calculation Training","floor":7},{"not_picked":["Gash","Heatsinks"],"picked":"Coolheaded","floor":10},{"not_picked":["Barrage","Beam Cell"],"picked":"Conserve Battery","floor":13},{"not_picked":["Go for the Eyes","Stack"],"picked":"Genetic Algorithm","floor":14},{"not_picked":["Buffer","Amplify"],"picked":"ReplayRNGCard","floor":16},{"not_picked":["Consume","Conserve Battery"],"picked":"Hologram","floor":18},{"not_picked":["Scrape+1","Beam Cell"],"picked":"Reinforced Body","floor":24},{"not_picked":["Sweeping Beam","Compile Driver+1"],"picked":"Panic Button+1","floor":27},{"not_picked":["ReplayTheSpireMod:Omega Cannon","Gash+1"],"picked":"Lockon","floor":31},{"not_picked":["Amplify","Seek"],"picked":"Machine Learning","floor":33},{"not_picked":["Barrage","Cold Snap"],"picked":"Hello World","floor":35},{"not_picked":["Ball Lightning+1","Gash+1"],"picked":"FIFO Queue+1","floor":37},{"not_picked":["HandOfGreed","Replay:Sssssssssshield"],"picked":"Specialist","floor":38},{"not_picked":["Barrage+1","Turbo+1"],"picked":"ReplayTheSpireMod:Reroute Power","floor":39},{"not_picked":["ReplayTheSpireMod:Repulse+1","Storm"],"picked":"Redo+1","floor":41},{"not_picked":["Scrape","Turbo+1"],"picked":"Buffer","floor":44},{"not_picked":["Rebound+1","Storm"],"picked":"aspiration:Polymerization+1","floor":46},{"not_picked":["Capacitor","FIFO Queue+1"],"picked":"Sunder","floor":47}],"player_experience":202054,"relics_obtained":[{"floor":7,"key":"Gremlin Food"},{"floor":9,"key":"ReplayTheSpireMod:Ninjato"},{"floor":24,"key":"Strawberry"},{"floor":26,"key":"Gremlin Horn"},{"floor":43,"key":"Boot"},{"floor":44,"key":"Blood Vial"},{"floor":47,"key":"Du-Vu Doll"}],"event_choices":[{"damage_healed":0,"gold_gain":0,"player_choice":"Take Damage","damage_taken":18,"relics_obtained":["Golden Idol"],"max_hp_gain":0,"max_hp_loss":0,"event_name":"Golden Idol","floor":3,"gold_loss":0},{"damage_healed":0,"gold_gain":0,"player_choice":"Donut","damage_taken":0,"max_hp_gain":5,"max_hp_loss":0,"event_name":"Big Fish","floor":4,"gold_loss":0},{"cards_removed":["ICR:AutoDefend"],"damage_healed":0,"gold_gain":0,"player_choice":"Card Removal","damage_taken":7,"max_hp_gain":0,"max_hp_loss":0,"event_name":"Golden Wing","floor":12,"gold_loss":0},{"damage_healed":0,"gold_gain":0,"player_choice":"Ignored","damage_taken":0,"max_hp_gain":0,"max_hp_loss":0,"event_name":"Vampires","floor":19,"gold_loss":0},{"damage_healed":0,"gold_gain":0,"player_choice":"Joined the Cult","damage_taken":6,"max_hp_gain":0,"max_hp_loss":0,"event_name":"Nest","floor":20,"gold_loss":0,"cards_obtained":["RitualDagger"]},{"damage_healed":0,"gold_gain":0,"player_choice":"Simplicity","damage_taken":0,"max_hp_gain":0,"max_hp_loss":0,"event_name":"Back to Basics","floor":22,"gold_loss":0,"cards_upgraded":["ICR:ProbingStrike","ICR:ProbingStrike","ICR:ProbingStrike","ICR:AutoDefend","ICR:AutoDefend"]},{"damage_healed":0,"gold_gain":0,"player_choice":"Memory 1","damage_taken":0,"max_hp_gain":0,"max_hp_loss":0,"event_name":"SensoryStone","floor":38,"gold_loss":0},{"damage_healed":22,"gold_gain":0,"player_choice":"Writhe","damage_taken":0,"max_hp_gain":0,"max_hp_loss":0,"event_name":"Winding Halls","floor":42,"gold_loss":0,"cards_obtained":["Writhe"]}],"is_beta":false,"boss_relics":[{"not_picked":["SacredBark","Replay:Drink Me","Painkiller Herb"]},{"not_picked":["SlaversCollar","Replay:Bronze Core"],"picked":"FrozenCore"}],"items_purged_floors":[],"is_endless":false,"potions_floor_spawned":[10,13,16,27,35,37,41,44,46],"killed_by":"4 Shapes","ascension_level":2}}