{"host":"64h6jdpsiwrne03s","time":1609610675,"event":{"mods":["Act Like it!","BaseMod","Bestiary","Colored Powertips","Gensokyo","Marisa£®ÏF”Í°°ƒß¿Ì…≥£©","Minty Spire (QoL Compilation)","Reimu£®≤©¿ˆ¡È√Œ£©","Remilia£®¿Ÿ√◊¿Ú—«£©","RumiaBox-¬∂√◊Ê´µƒ…Ò√ÿ∫–◊”","StSLib","The Servant 0.9.4","Youmu£®ªÍ∆«—˝√Œ£©"],"gold_per_floor":[109,209,134,134,12,12,43,43,70,99,99,29,29,61,61,161,161,176,176,0,100,113,141,53,85,139,139,139,139,139,165,165,263,263,273,31,31,31,79,79,104,104,185,210,210,210,63,243,243,243,243,243,2,34,34],"floor_reached":56,"playtime":3661,"items_purged":["Strike_Lin:ReiMu","Injury"],"score":2031,"play_id":"94111173-868f-4b52-93b1-ad9c6e1f1130","local_time":"20210103020435","is_ascension_mode":true,"campfire_choices":[{"data":"NB:ReiMu","floor":6.0,"key":"SMITH"},{"data":"TightArray:ReiMu","floor":15.0,"key":"SMITH"},{"data":"Free:ReiMu","floor":27.0,"key":"SMITH"},{"floor":29.0,"key":"REST"},{"data":"SubAcupoint:ReiMu","floor":32.0,"key":"SMITH"},{"data":"DependentForm:ReiMu","floor":40.0,"key":"SMITH"},{"floor":42.0,"key":"RECALL"},{"data":"YinYangSign:ReiMu","floor":49.0,"key":"SMITH"},{"data":"1","floor":52.0,"key":"LIFT"}],"circlet_count":0,"master_deck":["AscendersBane","NB:ReiMu+1","Stagnation:ReiMu+1","RainPray2:ReiMu","OctopathBindingBorder2:ReiMu+1","TightArray:ReiMu+1","CleanRite:ReiMu","YinYangSange:ReiMu","LovePray:ReiMu","YinYangSign:ReiMu+1","Shading:ReiMu","SpreadBorder2:ReiMu+1","Free:ReiMu+1","RainPray2:ReiMu+1","Determination:ReiMu","SubAcupoint:ReiMu+1","DependentForm:ReiMu+1","Free:ReiMu+1","Gensokyo:UnlikelyAid+1","CleanRite:ReiMu+1","OctopathBindingBorder2:ReiMu+1","Revelation:ReiMu","FineLineFantasy:ReiMu+1"],"relics":["FlyPower:ReiMu","NeowsBlessing","Bronze Scales","Happy Flower","Juzu Bracelet","Gambling Chip","GodSword7","Gensokyo:Mercy","Tiny Chest","Pandora\u0027s Box","StoneCalendar","Gensokyo:DirgeOfMelancholy","SecretRecord","Girya","MawBank","GodSword3","Centennial Puzzle","ScarletDevilRocket","SoulBox","DollysMirror","Akabeko","Pen Nib","Shuriken","Tea:ReiMu","Eternal Feather","Lee\u0027s Waffle","MealTicket","War Paint","MagicDraw1","BodyOfKamiR:ReiMu"],"acts_visited":["Gensokyo:Gensokyo","Gensokyo:Gensokyoer","Gensokyo:Gensokyoest","TheEnding"],"potions_floor_usage":[55],"damage_taken":[{"damage":0.0,"enemies":"Gensokyo:2_Kodama","floor":1.0,"turns":1.0},{"damage":0.0,"enemies":"Gensokyo:Cirno","floor":7.0,"turns":2.0},{"damage":0.0,"enemies":"Gensokyo:Mamizou","floor":10.0,"turns":2.0},{"damage":16.0,"enemies":"Gensokyo:Cirno","floor":14.0,"turns":7.0},{"damage":7.0,"enemies":"Gensokyo:Kokoro","floor":16.0,"turns":10.0},{"damage":2.0,"enemies":"Gensokyo:CosmicMonolith","floor":18.0,"turns":3.0},{"damage":21.0,"enemies":"Gensokyo:CosmicMonolith","floor":21.0,"turns":7.0},{"damage":2.0,"enemies":"Gensokyo:AngelMirror","floor":22.0,"turns":2.0},{"damage":11.0,"enemies":"Gensokyo:Reisen","floor":23.0,"turns":6.0},{"damage":12.0,"enemies":"Gensokyo:Tenshi","floor":25.0,"turns":5.0},{"damage":0.0,"enemies":"Gensokyo:Reisen","floor":31.0,"turns":3.0},{"damage":16.0,"enemies":"Gensokyo:Eiki","floor":33.0,"turns":6.0},{"damage":8.0,"enemies":"Gensokyo:3_Boulders","floor":35.0,"turns":4.0},{"damage":0.0,"enemies":"Gensokyo:3_Boulders","floor":37.0,"turns":7.0},{"damage":13.0,"enemies":"Gensokyo:Kasen","floor":41.0,"turns":6.0},{"damage":0.0,"enemies":"Gensokyo:Doremy","floor":44.0,"turns":4.0},{"damage":3.0,"enemies":"Gensokyo:Marisa","floor":48.0,"turns":4.0},{"damage":14.0,"enemies":"Gensokyo:Scarlet_Devils","floor":50.0,"turns":7.0},{"damage":16.0,"enemies":"Shield and Spear","floor":54.0,"turns":5.0},{"damage":40,"enemies":"The Heart","floor":55,"turns":6}],"seed_played":"4941185979419755782","potions_obtained":[{"floor":7.0,"key":"Swift Potion"},{"floor":10.0,"key":"DuplicationPotion"},{"floor":41.0,"key":"Explosive Potion"},{"floor":44.0,"key":"Swift Potion"},{"floor":48.0,"key":"Dexterity Potion"}],"is_trial":false,"path_per_floor":["M","?","$","?","COS","R","E","?","T","E","T","?","?","E","R","B",null,"M","?","?","?","M","E","$","E","T","R","T","R","?","E","R","B",null,"M","COS","?","?","T","R","E","R","T","E","?","?","$","E","R","B",null,"R","$","E","B",null],"character_chosen":"REIMU","items_purchased":["Lee\u0027s Waffle","MagicDraw1"],"campfire_rested":1,"item_purchase_floors":[47,53],"current_hp_per_floor":[59,59,59,59,59,59,59,59,59,59,59,59,59,43,43,36,58,56,56,56,35,33,22,22,10,10,10,10,29,29,29,29,13,52,44,44,44,35,35,35,22,22,22,22,9,9,72,69,72,58,69,72,72,56,16],"gold":34,"neow_bonus":"THREE_ENEMY_KILL","is_daily":false,"chose_seed":false,"campfire_upgraded":6,"win_rate":0.0,"timestamp":1609610675,"path_taken":["M","?","$","?","COS","R","E","?","T","E","?","?","?","E","R","BOSS","M","?","?","?","M","E","$","E","T","R","?","R","?","E","R","BOSS","M","COS","?","?","?","R","E","R","T","E","?","?","?","E","R","BOSS","R","$","E","BOSS"],"items_purchased_type":["Relic","Relic"],"build_version":"2020-12-22","purchased_purges":2,"victory":true,"max_hp_per_floor":[65,65,65,65,65,65,65,65,65,65,65,65,65,65,65,65,65,65,65,65,65,65,65,65,65,65,65,65,65,65,65,65,65,65,65,65,65,65,65,65,65,65,65,65,65,65,72,72,72,72,72,72,72,72,72],"card_choices":[{"not_picked":["NineCharacters:ReiMu","CareerPray:ReiMu"],"picked":"RainPray2:ReiMu","floor":1.0},{"not_picked":["LovePray:ReiMu","PrepareRite:ReiMu"],"picked":"OctopathSalyBorderN:ReiMu","floor":7.0},{"not_picked":["SubcavityInstant:ReiMu","EmergencyTakeOff:ReiMu"],"picked":"RainPray2:ReiMu","floor":10.0},{"not_picked":["Mountainwind:ReiMu+1","UpKicking:ReiMu+1"],"picked":"OctopathBindingBorder2:ReiMu+1","floor":14.0},{"not_picked":["SealNeedle:ReiMu","SpringWay:ReiMu"],"picked":"TightArray:ReiMu","floor":14.0},{"not_picked":["Authority:ReiMu","CardOfSanctity:ReiMu"],"picked":"CleanRite:ReiMu","floor":16.0},{"not_picked":["SpringWay:ReiMu","Conquer:ReiMu"],"picked":"RainPray2:ReiMu+1","floor":18.0},{"not_picked":["Conquer:ReiMu","KamiSacrifice:ReiMu","ManaGlint:ReiMu"],"picked":"SKIP","floor":22.0},{"not_picked":["EmergencyTakeOff:ReiMu+1","YinYangSange:ReiMu","ForcedLanding:ReiMu"],"picked":"SKIP","floor":23.0},{"not_picked":["PrepareRite:ReiMu","EmergencyTakeOff:ReiMu"],"picked":"TightArray:ReiMu","floor":25.0},{"not_picked":["FineLineFantasy:ReiMu+1","CareerPray:ReiMu"],"picked":"SubAcupoint:ReiMu","floor":31.0},{"not_picked":["CardOfSanctity:ReiMu","Dreaming:ReiMu"],"picked":"DependentForm:ReiMu","floor":33.0},{"not_picked":["Amulet:ReiMu","Meditation:ReiMu","SubcavityInstant:ReiMu"],"picked":"SKIP","floor":35.0},{"not_picked":["Gensokyo:RainbowDanmaku+1","Gensokyo:Dawn+1"],"picked":"Gensokyo:UnlikelyAid+1","floor":37.0},{"not_picked":["Enchanting:ReiMu+1","Conquer:ReiMu+1"],"picked":"CleanRite:ReiMu+1","floor":41.0},{"not_picked":["SubcavityInstant:ReiMu","CareerPray:ReiMu+1"],"picked":"OctopathBindingBorder2:ReiMu+1","floor":41.0},{"not_picked":["AlertArray:ReiMu","Meditation:ReiMu"],"picked":"Revelation:ReiMu","floor":44.0},{"not_picked":["CollectionFlower2:ReiMu","SpreadBorder2:ReiMu","OrbThrow:ReiMu"],"picked":"SKIP","floor":48.0},{"not_picked":["SafetyPray:ReiMu","YinYangSange:ReiMu"],"picked":"FineLineFantasy:ReiMu+1","floor":54.0}],"player_experience":363383,"relics_obtained":[{"floor":7.0,"key":"Happy Flower"},{"floor":9.0,"key":"Juzu Bracelet"},{"floor":10.0,"key":"Gambling Chip"},{"floor":11.0,"key":"GodSword7"},{"floor":14.0,"key":"Tiny Chest"},{"floor":21.0,"key":"SecretRecord"},{"floor":21.0,"key":"Girya"},{"floor":23.0,"key":"MawBank"},{"floor":25.0,"key":"GodSword3"},{"floor":28.0,"key":"Centennial Puzzle"},{"floor":31.0,"key":"ScarletDevilRocket"},{"floor":39.0,"key":"Akabeko"},{"floor":41.0,"key":"Pen Nib"},{"floor":43.0,"key":"Shuriken"},{"floor":44.0,"key":"Tea:ReiMu"},{"floor":48.0,"key":"War Paint"},{"floor":54.0,"key":"BodyOfKamiR:ReiMu"}],"event_choices":[],"is_beta":false,"boss_relics":[{"not_picked":["Snecko Eye","CrownOfHeavens:ReiMu"],"picked":"Pandora\u0027s Box"},{"not_picked":["Velvet Choker","Fusion Hammer"],"picked":"SoulBox"}],"items_purged_floors":[3,24],"is_endless":false,"potions_floor_spawned":[7,10,18,22,23,41,44,48],"ascension_level":12}}