{"host":"sabve5zmqufxyc5o","time":1609611874,"event":{"mods":["2.2 Compatiblity","AchievementEnabler","Act Like it!","Arknights The Spire","BaseMod","Block Reminder","Colored Map","Colored Powertips","DeckTracker","KOR Keyword Fix","Keyboard Shortcuts","Minty Spire (QoL Compilation)","Quick Restart","Rare Cards Sparkle","Relic Stats","StSLib","SuperFastMode"],"gold_per_floor":[119,139,156,156,177,177,208,208,208,224,224,3,3,3,3,3,3],"floor_reached":16,"playtime":300,"items_purged":["ats:Strike V"],"score":115,"play_id":"1a40672e-7c04-4ecb-8137-415adb1bca83","local_time":"20210103032434","is_ascension_mode":true,"campfire_choices":[{"data":"ats:Emotion Absorption","floor":6.0,"key":"SMITH"},{"floor":8.0,"key":"REST"},{"data":"ats:Part Time Job","floor":11.0,"key":"SMITH"},{"floor":13.0,"key":"REST"},{"data":"ats:Ignite","floor":15.0,"key":"SMITH"}],"circlet_count":0,"master_deck":["ats:Strike C","ats:Strike G","ats:Armor Crushing Shot","ats:Defend","ats:Defend","ats:Defend","ats:Defend","ats:Emotion Absorption+1","ats:Ignite+1","ats:Part Time Job+1","ats:Assault Order","ats:Shell Defense"],"relics":["ats:Sanity","Golden Idol","ats:Originium","PreservedInsect","ClockworkSouvenir"],"acts_visited":["Exordium"],"potions_floor_usage":[16],"damage_taken":[{"damage":7.0,"enemies":"Small Slimes","floor":1.0,"turns":4.0},{"damage":11.0,"enemies":"2 Louse","floor":2.0,"turns":2.0},{"damage":1.0,"enemies":"Cultist","floor":3.0,"turns":3.0},{"damage":8.0,"enemies":"Gremlin Gang","floor":5.0,"turns":2.0},{"damage":45.0,"enemies":"3 Sentries","floor":7.0,"turns":11.0},{"damage":10.0,"enemies":"2 Fungi Beasts","floor":10.0,"turns":5.0},{"damage":43,"enemies":"The Guardian","floor":16,"turns":9}],"seed_played":"-6503458454803198049","potions_obtained":[{"floor":0.0,"key":"AttackPotion"},{"floor":0.0,"key":"Strength Potion"},{"floor":0.0,"key":"PowerPotion"},{"floor":5.0,"key":"Swift Potion"}],"is_trial":false,"path_per_floor":["M","M","M","?","M","R","E","R","T","M","R","$","R","?","R","B"],"character_chosen":"DOCTOR_CLASS","items_purchased":["ClockworkSouvenir"],"campfire_rested":2,"item_purchase_floors":[12],"current_hp_per_floor":[65,54,53,53,45,45,6,26,26,22,22,22,42,42,42,23,23],"gold":3,"neow_bonus":"THREE_SMALL_POTIONS","is_daily":false,"chose_seed":false,"campfire_upgraded":3,"win_rate":0.0,"timestamp":1609611874,"path_taken":["M","M","M","?","M","R","E","R","T","M","R","$","R","?","R","BOSS"],"items_purchased_type":["Relic"],"build_version":"2020-12-22","purchased_purges":1,"victory":false,"max_hp_per_floor":[72,72,72,67,67,67,67,67,67,67,67,67,67,67,67,67,67],"relic_stats":{"counters":[7,36],"Golden Idol":13,"PreservedInsect":0,"obtain_stats":[{"ats:Originium":7,"Golden Idol":4,"PreservedInsect":7,"ats:Sanity":0,"ClockworkSouvenir":12},{"ats:Originium":5,"Golden Idol":3,"PreservedInsect":5,"ats:Sanity":0,"ClockworkSouvenir":6},{"ats:Originium":22,"Golden Idol":9,"PreservedInsect":22,"ats:Sanity":0,"ClockworkSouvenir":27}]},"card_choices":[{"not_picked":["ats:Song Of Battle","ats:Flexible Camouflage"],"picked":"ats:Ignite","floor":1.0},{"not_picked":["ats:Powerful Strike","ats:Leaping Hammer","ats:Flexible Camouflage"],"picked":"SKIP","floor":2.0},{"not_picked":["ats:Leaping Hammer","ats:Neurotoxin","ats:Flexible Camouflage"],"picked":"SKIP","floor":3.0},{"not_picked":["ats:Leaping Hammer","ats:Durian"],"picked":"ats:Part Time Job","floor":5.0},{"not_picked":["ats:Ignite","ats:Childhood Dance"],"picked":"ats:Assault Order","floor":7.0},{"not_picked":["ats:Shadow Raid","ats:Guardian Obelisk"],"picked":"ats:Shell Defense","floor":10.0}],"player_experience":827914,"relics_obtained":[{"floor":7.0,"key":"ats:Originium"},{"floor":7.0,"key":"PreservedInsect"}],"event_choices":[{"damage_healed":0.0,"max_hp_gain":0.0,"max_hp_loss":5.0,"gold_gain":0.0,"event_name":"Golden Idol","player_choice":"Lose Max HP","floor":4.0,"gold_loss":0.0,"damage_taken":0.0,"relics_obtained":["Golden Idol"]},{"cards_removed":["ats:Strike S"],"damage_healed":0.0,"max_hp_gain":0.0,"max_hp_loss":0.0,"gold_gain":0.0,"event_name":"Bonfire Elementals","player_choice":"Offered Basic","floor":14.0,"gold_loss":0.0,"damage_taken":0.0}],"is_beta":false,"boss_relics":[],"items_purged_floors":[12],"is_endless":false,"potions_floor_spawned":[3,5],"killed_by":"The Guardian","ascension_level":3}}