{"host":"cyiefo55v5hz1ih5","time":1609630573,"event":{"mods":["2.2 Compatiblity","AchievementEnabler","BaseMod","GifTheSpireLib","Hubris","Minty Spire (QoL Compilation)","Replay The Spire","Spicy Shops","StSLib","The Animator"],"gold_per_floor":[122,47,64,64,14,14,14,85,85,85,116,116,116,141,141,262,262,278,278,303,323,323,323,364,389,414,439,439,439,439,453,453,579,679,694,694,694,756,509,543,543,573,573],"floor_reached":42,"playtime":4657,"items_purged":["animator:Strike","animator:Defend"],"score":650,"play_id":"ebe528c5-536c-4d7e-8596-0ef914a8aa68","local_time":"20210102183613","is_ascension_mode":true,"campfire_choices":[{"floor":6.0,"key":"RECALL"},{"floor":13.0,"key":"REST"},{"data":"animator:Togame","floor":15.0,"key":"SMITH"},{"floor":23.0,"key":"REST"},{"floor":28.0,"key":"REST"},{"floor":32.0,"key":"REST"},{"floor":41,"key":"REST"}],"circlet_count":0,"master_deck":["animator:Strike_Overlord","animator:Defend_Overlord+1","animator:Defend","animator:Defend","animator:Cocytus","animator:Demiurge","animator:Biyorigo+1","animator:Sebas","animator:Togame+1","animator:Cocytus","animator:Viivi","animator:Albedo+1","animator:SirTouchMe","animator:Envy+1","animator:EmiyaShirou+1","animator:Vesta","animator:Emonzaemon+1"],"relics":["animator:LivingPicture","animator:TheMissingPiece","ReplayTheSpireMod:Ring of Challenge","Frozen Egg 2","Golden Idol","Omamori","Mark of Pain","animator:CursedGlyph","Blue Doll","Shovel","TungstenRod","Replay:Wanted Poster","hubris:Towel","Guide Book","PreservedInsect"],"acts_visited":["Exordium","TheCity","TheBeyond"],"potions_floor_usage":[42],"damage_taken":[{"damage":5.0,"enemies":"Small Slimes","floor":1.0,"turns":5.0},{"damage":6.0,"enemies":"2 Louse","floor":3.0,"turns":4.0},{"damage":3.0,"enemies":"Jaw Worm","floor":8.0,"turns":6.0},{"damage":2.0,"enemies":"Lagavulin","floor":11.0,"turns":7.0},{"damage":1.0,"enemies":"Blue Slaver","floor":14.0,"turns":5.0},{"damage":22.0,"enemies":"Hexaghost","floor":16.0,"turns":9.0},{"damage":26.0,"enemies":"2 Thieves","floor":18.0,"turns":4.0},{"damage":7.0,"enemies":"Shell Parasite","floor":20.0,"turns":8.0},{"damage":19.0,"enemies":"3 Cultists","floor":21.0,"turns":6.0},{"damage":15.0,"enemies":"animator:HornedBat","floor":24.0,"turns":9.0},{"damage":3.0,"enemies":"Centurion and Healer","floor":25.0,"turns":7.0},{"damage":5.0,"enemies":"Cultist and Chosen","floor":27.0,"turns":5.0},{"damage":7.0,"enemies":"Snake Plant","floor":31.0,"turns":4.0},{"damage":42.0,"enemies":"Pondfish","floor":33.0,"turns":12.0},{"damage":8,"enemies":"3 Darklings","floor":35,"turns":7},{"damage":28,"enemies":"3 Shapes","floor":38,"turns":5},{"damage":0,"enemies":"R_Hoarder","floor":40,"turns":11},{"damage":48,"enemies":"Reptomancer","floor":42,"turns":2}],"seed_played":"-774987810044456194","potions_obtained":[{"floor":1.0,"key":"DuplicationPotion"},{"floor":3.0,"key":"SteroidPotion"},{"floor":11.0,"key":"SteroidPotion"},{"floor":16.0,"key":"Doom Potion"},{"floor":18.0,"key":"SkillPotion"},{"floor":21.0,"key":"AttackPotion"},{"floor":25.0,"key":"Venom Potion"},{"floor":40,"key":"Regen Potion"}],"is_trial":false,"path_per_floor":["M","$","M","?","?","R","?","M","T","?","E","?","R","M","R","B",null,"M","?","M","M","?","R","E","M","T","M","R","?","?","M","R","B",null,"M","?","?","M","$","E","R","E"],"character_chosen":"THE_ANIMATOR","items_purchased":["Guide Book"],"campfire_rested":5,"item_purchase_floors":[39],"current_hp_per_floor":[61,61,55,55,55,55,55,52,52,52,50,38,56,55,55,34,62,36,36,29,10,29,46,31,28,28,23,40,40,40,33,50,8,58,50,50,50,22,22,23,40,0,0],"gold":573,"neow_bonus":"ONE_RANDOM_RARE_CARD","is_daily":false,"chose_seed":false,"campfire_upgraded":1,"win_rate":0.0,"timestamp":1609630573,"path_taken":["M","$","M","?","?","R","?","?","T","?","E","?","R","M","R","BOSS","M","?","M","M","?","R","E","M","T","M","R","?","?","M","R","BOSS","M","?","?","?","$","E","R","E"],"items_purchased_type":["Relic"],"build_version":"2020-12-22","purchased_purges":2,"victory":false,"max_hp_per_floor":[66,66,66,66,66,66,66,66,66,61,61,61,61,61,61,62,62,62,62,62,58,58,58,58,58,58,58,58,58,58,58,58,58,58,58,58,58,58,58,59,59,59,59],"card_choices":[{"not_picked":["animator:SilverFang","animator:Rider"],"picked":"animator:Sebas","floor":1.0},{"not_picked":["animator:Archer","animator:Layla","animator:SilverFang"],"picked":"SKIP","floor":3.0},{"not_picked":["animator:Viivi","animator:Rider"],"picked":"animator:Togame","floor":8.0},{"not_picked":["animator:Evileye","animator:NarberalGamma"],"picked":"animator:Cocytus","floor":11.0},{"not_picked":["animator:Hitei+1","animator:Tatsumaki"],"picked":"animator:Viivi","floor":14.0},{"not_picked":["animator:Envy+1","animator:Boros+1"],"picked":"animator:Albedo","floor":16.0},{"not_picked":["animator:Melzalgald+1","animator:Rider","animator:ElricAlphonse"],"picked":"SKIP","floor":18.0},{"not_picked":["animator:ChaikaBohdan","animator:MumenRider+1","animator:ElricAlphonse+1"],"picked":"SKIP","floor":20.0},{"not_picked":["animator:Entoma","animator:NarberalGamma"],"picked":"animator:SirTouchMe","floor":21.0},{"not_picked":["animator:Azekura+1","animator:Geryuganshoop","animator:ZankiKiguchi"],"picked":"SKIP","floor":24.0},{"not_picked":["animator:MetalKnight","animator:Entoma","animator:ElricEdward+1"],"picked":"SKIP","floor":25.0},{"not_picked":["animator:ElricAlphonse+1","animator:Shuna+1","animator:Sloth"],"picked":"SKIP","floor":27.0},{"not_picked":["animator:Greed+1","animator:Father"],"picked":"animator:Envy+1","floor":33.0},{"not_picked":["animator:Azekura+1","animator:Gluttony"],"picked":"animator:EmiyaShirou+1","floor":35},{"not_picked":["animator:Cocytus+1","animator:Rider"],"picked":"animator:Vesta","floor":38},{"not_picked":["animator:Gillette","animator:Assassin"],"picked":"animator:Emonzaemon+1","floor":40}],"player_experience":667619,"relics_obtained":[{"floor":7.0,"key":"ReplayTheSpireMod:Ring of Challenge"},{"floor":9.0,"key":"Frozen Egg 2"},{"floor":11.0,"key":"Omamori"},{"floor":21.0,"key":"animator:CursedGlyph"},{"floor":24.0,"key":"Blue Doll"},{"floor":40,"key":"PreservedInsect"}],"event_choices":[{"cards_removed":["animator:Strike"],"damage_healed":0.0,"max_hp_gain":0.0,"max_hp_loss":0.0,"gold_gain":0.0,"event_name":"The Cleric","player_choice":"Card Removal","floor":5.0,"gold_loss":50.0,"damage_taken":0.0},{"damage_healed":0.0,"max_hp_gain":0.0,"max_hp_loss":5.0,"gold_gain":0.0,"event_name":"Golden Idol","player_choice":"Lose Max HP","floor":10.0,"gold_loss":0.0,"damage_taken":0.0,"relics_obtained":["Golden Idol"]},{"damage_healed":0.0,"max_hp_gain":0.0,"max_hp_loss":0.0,"gold_gain":0.0,"event_name":"Shining Light","player_choice":"Entered Light","floor":12.0,"gold_loss":0.0,"damage_taken":12.0,"cards_upgraded":["animator:Strike","animator:Defend_Overlord"]},{"damage_healed":19.0,"max_hp_gain":0.0,"max_hp_loss":0.0,"gold_gain":0.0,"event_name":"The Library","player_choice":"Heal","floor":22.0,"gold_loss":0.0,"damage_taken":0.0},{"damage_healed":0.0,"max_hp_gain":0.0,"max_hp_loss":0.0,"gold_gain":0.0,"event_name":"Addict","player_choice":"Stole Relic","floor":30.0,"gold_loss":0.0,"damage_taken":0.0,"relics_obtained":["TungstenRod"],"cards_obtained":["Shame"]},{"cards_removed":["animator:Strike"],"damage_healed":0,"gold_gain":0,"player_choice":"Purged","damage_taken":0,"max_hp_gain":0,"max_hp_loss":0,"event_name":"Purifier","floor":37,"gold_loss":0}],"is_beta":false,"boss_relics":[{"not_picked":["Pandora\u0027s Box","hubris:HollowSoul"],"picked":"Mark of Pain"},{"not_picked":["hubris:VirtuousBlindfold","Honey Jar"],"picked":"Replay:Wanted Poster"}],"items_purged_floors":[2,39],"is_endless":false,"potions_floor_spawned":[1,3,11,16,18,21,25,40],"killed_by":"Reptomancer","ascension_level":1}}