{"host":"ds1yr10zonoc6w4a","time":1609550562,"event":{"mods":["2.2 Compatiblity","AchievementEnabler","Act Like it!","BaseMod","Better Match","Better Third Choice","BetterRewards","Downfall","Elementarium","Evolution","Gensokyo","GifTheSpireLib","Infinite Spire","Jorbs\u0027s Wanderer Trilogy","Koishi","Menagerie","Minty Spire (QoL Compilation)","Pale of the Ancients","Replay The Spire","StSLib","Stuff the Spire","The Animator","Wandering Minibosses","vexMod","??????REMEMod"],"gold_per_floor":[125,167,267,302,330,364,10,46,92,133,176,196,34,64,64,178,178,213,242,298,344,344,344,400,27,27,66,117,149,149,205,205,311,311,345,320,542,542,563,624,662,714,714,754,801,356,356,356,356,386,386,386,643,693,693,693],"floor_reached":55,"playtime":7127,"items_purged":["animator:Defend","animator:Raven","animator:Defend","animator:Defend","animator:Curse_Rozen","Gensokyo:AllTheWorldsEvil"],"score":1934,"play_id":"d6d1b41f-7ab8-49fb-b206-cfbb2042f5cd","local_time":"20210101182242","is_ascension_mode":true,"campfire_choices":[{"floor":23,"key":"RECALL"},{"data":"animator:FeridBathory","floor":30,"key":"SMITH"},{"data":"animator:LeleiLaLalena","floor":32,"key":"SMITH"},{"data":"animator:Tatsumaki","floor":49,"key":"SMITH"},{"data":"animator:Shiro","floor":52,"key":"SMITH"}],"circlet_count":0,"master_deck":["AscendersBane","animator:Raven","animator:Raven","animator:Raven","animator:Chung","animator:Raven","animator:DolaRiku","animator:Shiro","animator:Shuna","animator:Mitsurugi","animator:Add","animator:Lu","animator:Boros","animator:NagisaMomoe","animator:Aisha","animator:IrohaTamaki","animator:ElricAlphonse","animator:FeridBathory","animator:LizardPriest","animator:YuiTsuruno","animator:Melzalgald","animator:NarberalGamma","animator:Hans","animator:WinryRockbell","animator:Urushihara","animator:ElricAlphonse","animator:Add","animator:IzunaHatsuse","animator:LeleiLaLalena","animator:Elesis","AbeCurse","animator:Elsword","animator:Ciel","animator:Aisha","animator:YachiyoNanami","animator:SayakaMiki","animator:Aisha","animator:YunYun","animator:NagisaMomoe","animator:Jibril","animator:Elsword","animator:Aisha","animator:Aisha","animator:DwarfShaman","animator:Tatsumaki","animator:FielNirvalen","animator:HinaKagiyama","animator:Curse_Dizziness","animator:Melzalgald+1","animator:Rena+1"],"relics":["animator:TheEgnaroPiece"],"acts_visited":["Exordium","TheCity","TheBeyond","TheEnding","EYB:TheUnnamedReign"],"potions_floor_usage":[1,6,11,16,21,21,33,41,41,50,50,55],"damage_taken":[{"damage":0,"enemies":"Jaw Worm","floor":1,"turns":4},{"damage":0,"enemies":"Cultist","floor":2,"turns":5},{"damage":0,"enemies":"2 Louse","floor":4,"turns":3},{"damage":7,"enemies":"Blue Slaver","floor":5,"turns":6},{"damage":26,"enemies":"Gremlin Nob","floor":6,"turns":6},{"damage":9,"enemies":"Replay:BlueRogue","floor":8,"turns":6},{"damage":4,"enemies":"Gremlin Nob","floor":10,"turns":4},{"damage":0,"enemies":"3 Louse","floor":11,"turns":3},{"damage":7,"enemies":"Exordium Thugs","floor":12,"turns":4},{"damage":0,"enemies":"Lots of Slimes","floor":14,"turns":7},{"damage":1,"enemies":"Hexaghost","floor":16,"turns":7},{"damage":0,"enemies":"Shell Parasite","floor":18,"turns":3},{"damage":0,"enemies":"Chosen","floor":19,"turns":5},{"damage":10,"enemies":"Centurion and Healer","floor":21,"turns":6},{"damage":13,"enemies":"REME_1_Revenger","floor":24,"turns":4},{"damage":0,"enemies":"Snake Plant","floor":27,"turns":2},{"damage":0,"enemies":"Masked Bandits","floor":28,"turns":2},{"damage":0,"enemies":"3 Cultists","floor":29,"turns":3},{"damage":0,"enemies":"Book of Stabbing","floor":31,"turns":3},{"damage":8,"enemies":"Automaton","floor":33,"turns":5},{"damage":6,"enemies":"3 Shapes","floor":35,"turns":2},{"damage":3,"enemies":"Orb Walker","floor":39,"turns":2},{"damage":3,"enemies":"R_Hoarder","floor":40,"turns":4},{"damage":6,"enemies":"3 Darklings","floor":41,"turns":4},{"damage":12,"enemies":"Sphere and 2 Shapes","floor":42,"turns":3},{"damage":3,"enemies":"Transient","floor":44,"turns":6},{"damage":3,"enemies":"Giant Head","floor":45,"turns":4},{"damage":3,"enemies":"infinitespire:MassOfShapes","floor":50,"turns":6},{"damage":13,"enemies":"animator:UNNAMED_CULTIST_1","floor":54,"turns":10},{"damage":105,"enemies":"animator:TRIPLE_SHAPES_WEAK","floor":55,"turns":5}],"seed_played":"-1092359159751302284","potions_obtained":[{"floor":2,"key":"DuplicationPotion"},{"floor":5,"key":"DuplicationPotion"},{"floor":8,"key":"Languid Potion"},{"floor":10,"key":"Energy Potion"},{"floor":14,"key":"REME_GoldPotion"},{"floor":18,"key":"GamblersBrew"},{"floor":20,"key":"Regen Potion"},{"floor":27,"key":"AttackPotion"},{"floor":28,"key":"Reflective Coating"},{"floor":35,"key":"Weak Potion"},{"floor":40,"key":"Block Potion"},{"floor":48,"key":"Slimebound:ThreeZeroPotion"},{"floor":48,"key":"hexamod:EctoCoolerPotion"},{"floor":54,"key":"animator:FalseLifePotion"}],"is_trial":false,"path_per_floor":["M","M","?","M","M","E","$","E","T","E","M","M","$","M","R","B",null,"M","M","?","M","AVR","R","E","$","T","M","?","M","R","E","R","B",null,"M","?","?","?","M","E","M","M","T","M","E","$","?","?","R","B",null,"R","??","M","M"],"character_chosen":"THE_ANIMATOR","items_purchased":["Fruit Juice","Anchor","Replay:Bandana","infinitespire:FocusingShard","animator:YaoHaDucy","Vajra","animator:WinryRockbell","animator:Urushihara","animator:Aisha","StuffTheSpire:GrapeVine","animator:DwarfShaman","animator:Tatsumaki","animator:FielNirvalen"],"campfire_rested":0,"item_purchase_floors":[0,0,0,7,13,25,25,25,46,46,46,46,46],"current_hp_per_floor":[64,64,64,64,58,39,39,36,36,37,40,38,38,52,52,57,74,74,74,74,76,76,76,64,64,64,72,72,72,72,72,72,65,77,71,75,75,75,76,77,75,67,67,68,78,78,78,78,78,79,87,87,98,91,0,0],"gold":693,"neow_bonus":"","is_daily":false,"chose_seed":false,"campfire_upgraded":4,"win_rate":0.0,"timestamp":1609550562,"path_taken":["M","M","?","?","M","E","?","E","T","E","M","M","$","M","R","BOSS","M","M","?","?","AVR","R","E","$","T","?","?","M","R","E","R","BOSS","M","?","?","?","M","E","M","?","T","M","E","$","?","?","R","BOSS","R","??","M","M"],"items_purchased_type":["Potion","Relic","Relic","Relic","Card","Relic","Card","Card","Card","Relic","Card","Card","Card"],"build_version":"2020-12-22","purchased_purges":6,"victory":false,"max_hp_per_floor":[71,71,71,71,72,79,79,79,79,79,79,79,79,79,79,79,79,79,79,79,79,79,79,80,80,80,80,80,80,80,80,80,81,81,81,85,85,85,85,85,85,85,85,85,90,90,90,90,90,90,90,90,98,98,98,98],"card_choices":[{"not_picked":["animator:SayakaMiki","animator:Geryuganshoop"],"picked":"animator:Shuna","floor":1},{"not_picked":["animator:Azekura","animator:MaesHughes"],"picked":"animator:Mitsurugi","floor":2},{"not_picked":["animator:Caster","animator:DolaRiku"],"picked":"animator:Add","floor":4},{"not_picked":["animator:Chung","animator:Elsword"],"picked":"animator:Lu","floor":5},{"not_picked":["animator:KrulTepes","animator:Berserker"],"picked":"animator:Boros","floor":6},{"not_picked":["animator:Guy","animator:YaoHaDucy"],"picked":"animator:Assassin","floor":8},{"not_picked":["animator:Nanami","animator:Demiurge"],"picked":"animator:NagisaMomoe","floor":10},{"not_picked":["animator:Raven","animator:Ciel"],"picked":"animator:Aisha","floor":11},{"not_picked":["animator:Chung","animator:Yuuichirou"],"picked":"animator:IrohaTamaki","floor":12},{"not_picked":["animator:Verdia","animator:Chung"],"picked":"animator:ElricAlphonse","floor":14},{"not_picked":["animator:Boros","animator:Saber"],"picked":"animator:FeridBathory","floor":16},{"not_picked":["animator:Mikaela","animator:Benimaru"],"picked":"animator:LizardPriest","floor":18},{"not_picked":["animator:IrohaTamaki","animator:SuzuneAmano"],"picked":"animator:YuiTsuruno","floor":19},{"not_picked":["animator:Assassin","animator:SuzuneAmano"],"picked":"animator:Melzalgald","floor":20},{"not_picked":["animator:Mitsuba","animator:Fredrika"],"picked":"animator:NarberalGamma","floor":21},{"not_picked":["animator:Mikaela","animator:YuiTsuruno+1"],"picked":"animator:Hans","floor":24},{"not_picked":["animator:Benimaru","animator:Jibril"],"picked":"animator:ElricAlphonse","floor":27},{"not_picked":["animator:Jibril","animator:Ciel"],"picked":"animator:Add","floor":28},{"not_picked":["animator:DolaCouronne","animator:DolaSchwi"],"picked":"animator:IzunaHatsuse","floor":29},{"not_picked":["animator:Rider","animator:Assassin"],"picked":"animator:LeleiLaLalena","floor":31},{"not_picked":["animator:HomuraAkemi","animator:SwordMaiden"],"picked":"animator:Elesis","floor":33},{"not_picked":["animator:SuzuneAmano+1","animator:Demiurge"],"picked":"animator:YachiyoNanami+1","floor":35},{"not_picked":["animator:Cocytus+1","animator:Mikaela"],"picked":"animator:SayakaMiki","floor":39},{"not_picked":["animator:Laby","animator:Elsword"],"picked":"animator:Aisha","floor":40},{"not_picked":["animator:WinryRockbell","animator:AcuraTooru"],"picked":"animator:YunYun","floor":41},{"not_picked":["animator:KyokoSakura+1","animator:ElricAlphonse+1"],"picked":"animator:NagisaMomoe","floor":42},{"not_picked":["animator:Rider","animator:IzunaHatsuse"],"picked":"animator:Jibril","floor":44},{"not_picked":["animator:Raven","animator:Chung"],"picked":"animator:Elsword","floor":45},{"not_picked":["animator:Priestess","animator:Rider","animator:MaesHughes"],"picked":"SKIP","floor":54}],"player_experience":691950,"relics_obtained":[{"floor":6,"key":"StuffTheSpire:CocoNut"},{"floor":8,"key":"StuffTheSpire:Barrel"},{"floor":10,"key":"animator:HallowedScabbard"},{"floor":15,"key":"Ring of Panic"},{"floor":15,"key":"Ring of Misfortune"},{"floor":20,"key":"Matryoshka"},{"floor":24,"key":"Smiling Mask"},{"floor":28,"key":"Red Mask"},{"floor":31,"key":"Charon\u0027s Ashes"},{"floor":40,"key":"StuffTheSpire:EmeraldSignet"},{"floor":43,"key":"StuffTheSpire:Experiment12"},{"floor":43,"key":"animator:BattleDrones"},{"floor":44,"key":"wanderingMiniBosses:AbyssPearl"},{"floor":45,"key":"Durian"},{"floor":53,"key":"animator:TheEgnaroPiece"}],"event_choices":[{"damage_healed":0,"gold_gain":100,"player_choice":"Pray","damage_taken":0,"max_hp_gain":0,"max_hp_loss":0,"event_name":"Golden Shrine","floor":3,"gold_loss":0},{"damage_healed":0,"gold_gain":0,"player_choice":"Fought Bandits","damage_taken":0,"max_hp_gain":0,"max_hp_loss":0,"event_name":"Masked Bandits","floor":28,"gold_loss":0},{"damage_healed":0,"gold_gain":222,"player_choice":"Wore Mask","damage_taken":0,"max_hp_gain":0,"max_hp_loss":0,"event_name":"Tomb of Lord Red Mask","floor":37,"gold_loss":0},{"damage_healed":0,"gold_gain":0,"player_choice":"Gave Potion","damage_taken":0,"relics_obtained":["animator:Buoy"],"max_hp_gain":0,"max_hp_loss":0,"event_name":"WeMeetAgain","floor":38,"gold_loss":0},{"damage_healed":0,"gold_gain":0,"player_choice":"Got Potions","damage_taken":0,"max_hp_gain":0,"max_hp_loss":0,"event_name":"Lab","floor":48,"gold_loss":0}],"is_beta":false,"boss_relics":[{"not_picked":["vexMod:MegatonBomb","Kintsugi"],"picked":"Cursed Key"},{"not_picked":["StuffTheSpire:RunicHypercube","vexMod:MysteryBossChallenge"],"picked":"Replay:Grab Bag"},{"not_picked":["ReplayTheSpireMod:DimensionalGlitch","Velvet Choker"],"picked":"Abe\u0027s Treasure"},{"not_picked":["REME_ChargedStone","Astrolabe"],"picked":"animator:RacePiece"}],"items_purged_floors":[0,7,13,22,25,46],"is_endless":false,"potions_floor_spawned":[2,5,8,10,14,18,19,27,28,31,35,40,54],"killed_by":"animator:TRIPLE_SHAPES_WEAK","ascension_level":13}}