{"host":"pvafbce70weqvzks","time":1609552584,"event":{"mods":["BaseMod","Gremlin Mod","Hermit","Minty Spire (QoL Compilation)","StSLib","themimic"],"gold_per_floor":[114,128,128,148,163,163,196,196,247,257,287,287,304,322,322,426,426,438,7,20,37,37,37,52,52,77,24,24,36,69,69,69,166,166,183,193,207,207,257,257,275,291,291,291,291,291],"floor_reached":45,"playtime":1871,"items_purged":[],"score":489,"play_id":"21735744-8bde-45b5-a231-19505c6e144c","local_time":"20210101225624","is_ascension_mode":false,"campfire_choices":[{"data":"Phantasmal Killer","floor":6,"key":"SMITH"},{"floor":12,"key":"REST"},{"data":"Blade Dance","floor":15,"key":"SMITH"},{"data":"Infinite Blades","floor":23,"key":"SMITH"},{"data":"Dash","floor":25,"key":"SMITH"},{"floor":32,"key":"REST"},{"floor":40,"key":"REST"}],"circlet_count":0,"master_deck":["Strike_G","Strike_G","Strike_G","Strike_G","Strike_G","Defend_G","Defend_G","Defend_G+1","Defend_G","Defend_G+1","Survivor","Neutralize","Flying Knee","Phantasmal Killer+1","Flying Knee","Dash+1","Blade Dance+1","Neutralize","Deadly Poison","Riddle With Holes","Deadly Poison","Sucker Punch","Unload","Bouncing Flask","Infinite Blades+1","PiercingWail+1","Poisoned Stab","Well Laid Plans","Bane","Deadly Poison+1","Blade Dance+1","RitualDagger","Envenom","Poisoned Stab","Quick Slash","Prepared+1","Sucker Punch","Acrobatics+1","Quick Slash"],"relics":["Ring of the Serpent","Omamori","Shuriken","Juzu Bracelet","Odd Mushroom","Toxic Egg 2","Nunchaku","War Paint","Strawberry","Bottled Lightning","Busted Crown","Unceasing Top","InkBottle"],"acts_visited":["Exordium","TheCity","TheBeyond"],"potions_floor_usage":[14,16,16,30,30,33,37,39,45],"damage_taken":[{"damage":0,"enemies":"Small Slimes","floor":1,"turns":5},{"damage":0,"enemies":"Cultist","floor":2,"turns":6},{"damage":0,"enemies":"2 Louse","floor":4,"turns":3},{"damage":18,"enemies":"Lots of Slimes","floor":5,"turns":5},{"damage":12,"enemies":"Gremlin Nob","floor":7,"turns":4},{"damage":0,"enemies":"Looter","floor":10,"turns":2},{"damage":15,"enemies":"The Mushroom Lair","floor":11,"turns":5},{"damage":0,"enemies":"Exordium Thugs","floor":13,"turns":3},{"damage":4,"enemies":"Blue Slaver","floor":14,"turns":3},{"damage":26,"enemies":"The Guardian","floor":16,"turns":8},{"damage":19,"enemies":"2 Thieves","floor":18,"turns":3},{"damage":25,"enemies":"Spheric Guardian","floor":20,"turns":4},{"damage":23,"enemies":"Snake Plant","floor":21,"turns":4},{"damage":12,"enemies":"Shelled Parasite and Fungi","floor":24,"turns":3},{"damage":14,"enemies":"Sentry and Sphere","floor":29,"turns":4},{"damage":39,"enemies":"Slavers","floor":30,"turns":4},{"damage":19,"enemies":"Champ","floor":33,"turns":8},{"damage":51,"enemies":"3 Darklings","floor":35,"turns":5},{"damage":7,"enemies":"Orb Walker","floor":36,"turns":2},{"damage":15,"enemies":"Writhing Mass","floor":37,"turns":5},{"damage":0,"enemies":"Mind Bloom Boss Battle","floor":39,"turns":3},{"damage":7,"enemies":"4 Shapes","floor":41,"turns":3},{"damage":16,"enemies":"Maw","floor":42,"turns":6},{"damage":19,"enemies":"Spire Growth","floor":45,"turns":2}],"seed_played":"-6381510683096139589","potions_obtained":[{"floor":5,"key":"Strength Potion"},{"floor":7,"key":"DuplicationPotion"},{"floor":11,"key":"Regen Potion"},{"floor":13,"key":"Explosive Potion"},{"floor":14,"key":"DuplicationPotion"},{"floor":29,"key":"PowerPotion"},{"floor":30,"key":"Dexterity Potion"},{"floor":33,"key":"Dexterity Potion"},{"floor":37,"key":"PowerPotion"},{"floor":39,"key":"GamblersBrew"},{"floor":42,"key":"Swift Potion"}],"is_trial":false,"path_per_floor":["M","M","?","M","M","R","E","?","T","M","?","R","M","M","R","B",null,"M","$","M","M","?","R","M","R","T","$","?","M","E","?","R","B",null,"M","M","M","?","?","R","M","M","T","?","M"],"character_chosen":"THE_SILENT","items_purchased":["Toxic Egg 2","Nunchaku","Infinite Blades","Bane"],"campfire_rested":3,"item_purchase_floors":[19,19,19,27],"current_hp_per_floor":[70,70,70,70,52,52,40,40,40,40,25,46,46,54,54,28,70,51,51,26,3,80,80,68,68,68,68,75,61,22,16,42,23,87,36,29,14,14,14,40,33,17,17,17,0,0],"gold":291,"neow_bonus":"RANDOM_COMMON_RELIC","is_daily":false,"chose_seed":false,"campfire_upgraded":4,"win_rate":0.0,"timestamp":1609552584,"path_taken":["M","M","?","?","M","R","E","?","T","M","?","R","M","M","R","BOSS","M","$","M","M","?","R","M","R","T","?","?","M","E","?","R","BOSS","M","M","M","?","?","R","M","M","T","?","M"],"items_purchased_type":["Relic","Relic","Card","Card"],"build_version":"2020-12-22","purchased_purges":0,"victory":false,"max_hp_per_floor":[70,70,70,70,70,70,70,70,70,70,70,70,70,70,70,70,70,70,70,70,70,80,80,80,80,80,80,87,87,87,87,87,87,87,87,87,87,87,87,87,87,87,87,87,87,87],"card_choices":[{"not_picked":["Sucker Punch","Eviscerate"],"picked":"Flying Knee","floor":1},{"not_picked":["Tactician","Noxious Fumes"],"picked":"Outmaneuver","floor":2},{"not_picked":["Eviscerate","Malaise"],"picked":"Flying Knee","floor":4},{"not_picked":["PiercingWail","Choke"],"picked":"Dash","floor":5},{"not_picked":["Acrobatics","Riddle With Holes"],"picked":"Blade Dance","floor":7},{"not_picked":["Backflip","Outmaneuver"],"picked":"Deadly Poison","floor":10},{"not_picked":["Eviscerate","Noxious Fumes"],"picked":"Riddle With Holes","floor":11},{"not_picked":["Flechettes","Dodge and Roll"],"picked":"Deadly Poison","floor":13},{"not_picked":["Bullet Time","Acrobatics"],"picked":"Sucker Punch","floor":14},{"not_picked":["Night Terror","Tools of the Trade"],"picked":"Unload","floor":16},{"not_picked":["Deadly Poison+1","Tactician"],"picked":"Bouncing Flask","floor":18},{"not_picked":["Flying Knee","Expertise+1"],"picked":"PiercingWail+1","floor":20},{"not_picked":["Terror+1","PiercingWail+1"],"picked":"Poisoned Stab","floor":21},{"not_picked":["Acrobatics+1","Expertise+1"],"picked":"Well Laid Plans","floor":24},{"not_picked":["Acrobatics+1","Catalyst+1"],"picked":"Deadly Poison+1","floor":29},{"not_picked":["Unload","Dagger Throw"],"picked":"Blade Dance+1","floor":30},{"not_picked":["Malaise+1","Night Terror+1"],"picked":"Envenom","floor":33},{"not_picked":[],"picked":"Poisoned Stab","floor":35},{"not_picked":[],"picked":"Quick Slash","floor":36},{"not_picked":[],"picked":"Prepared+1","floor":37},{"not_picked":[],"picked":"Sucker Punch","floor":39},{"not_picked":[],"picked":"Acrobatics+1","floor":41},{"not_picked":[],"picked":"Quick Slash","floor":42}],"player_experience":20673,"relics_obtained":[{"floor":7,"key":"Shuriken"},{"floor":9,"key":"Juzu Bracelet"},{"floor":11,"key":"Odd Mushroom"},{"floor":26,"key":"War Paint"},{"floor":30,"key":"Bottled Lightning"},{"floor":39,"key":"Unceasing Top"},{"floor":43,"key":"InkBottle"}],"event_choices":[{"damage_healed":0,"gold_gain":0,"cards_transformed":["Outmaneuver"],"player_choice":"Transformed","damage_taken":0,"max_hp_gain":0,"max_hp_loss":0,"event_name":"Transmorgrifier","floor":3,"gold_loss":0,"cards_obtained":["Phantasmal Killer"]},{"damage_healed":0,"gold_gain":0,"player_choice":"2 cards matched","damage_taken":0,"max_hp_gain":0,"max_hp_loss":0,"event_name":"Match and Keep!","floor":8,"gold_loss":0,"cards_obtained":["Neutralize","Malaise"]},{"damage_healed":0,"gold_gain":0,"player_choice":"Fought Mushrooms","damage_taken":0,"max_hp_gain":0,"max_hp_loss":0,"event_name":"Mushrooms","floor":11,"gold_loss":0},{"cards_removed":["Malaise"],"damage_healed":67,"gold_gain":0,"player_choice":"Offered Rare","damage_taken":0,"max_hp_gain":10,"max_hp_loss":0,"event_name":"Bonfire Elementals","floor":22,"gold_loss":0},{"damage_healed":0,"gold_gain":0,"player_choice":"Stole Relic","damage_taken":0,"relics_obtained":["Strawberry"],"max_hp_gain":0,"max_hp_loss":0,"event_name":"Addict","floor":28,"gold_loss":0,"cards_obtained":["Shame"]},{"damage_healed":0,"gold_gain":0,"player_choice":"Joined the Cult","damage_taken":6,"max_hp_gain":0,"max_hp_loss":0,"event_name":"Nest","floor":31,"gold_loss":0,"cards_obtained":["RitualDagger"]},{"damage_healed":0,"gold_gain":0,"player_choice":"Ignored","damage_taken":0,"max_hp_gain":0,"max_hp_loss":0,"event_name":"SecretPortal","floor":38,"gold_loss":0},{"damage_healed":0,"gold_gain":0,"player_choice":"Fight","damage_taken":0,"max_hp_gain":0,"max_hp_loss":0,"event_name":"MindBloom","floor":39,"gold_loss":0},{"damage_healed":0,"gold_gain":0,"player_choice":"Ignored","damage_taken":0,"max_hp_gain":0,"max_hp_loss":0,"event_name":"Tomb of Lord Red Mask","floor":44,"gold_loss":0}],"is_beta":false,"boss_relics":[{"not_picked":["Tiny House","Fusion Hammer"],"picked":"Ring of the Serpent"},{"not_picked":["Philosopher\u0027s Stone","Calling Bell"],"picked":"Busted Crown"}],"items_purged_floors":[],"is_endless":false,"potions_floor_spawned":[5,7,11,13,14,29,30,33,37,39,42],"killed_by":"Spire Growth","ascension_level":0}}