{"host":"mruvby243fwgm3bp","time":1609580863,"event":{"mods":["AchievementEnabler","BaseMod","Colored Map","Colored Powertips","Minty Spire (QoL Compilation)","Permanent Neow","Random Character Button","StSLib"],"gold_per_floor":[116,116,116,129,54,71,71,71,142,161,111,111,122,135,135,135,135],"floor_reached":16,"playtime":515,"items_purged":["Strike_R"],"score":120,"play_id":"fffe1b24-4d8c-4e41-95bb-e76a417fff4a","local_time":"20210102014743","is_ascension_mode":true,"campfire_choices":[{"data":"Shockwave","floor":8,"key":"SMITH"},{"data":"Bash","floor":12,"key":"SMITH"},{"data":"Armaments","floor":15,"key":"SMITH"}],"circlet_count":0,"master_deck":["Strike_R","Strike_R","Strike_R","Defend_R","Defend_R","Defend_R","Defend_R","Bash+1","Corruption+1","Shockwave+1","Sever Soul","Shrug It Off","Armaments+1"],"relics":["Burning Blood","Centennial Puzzle","Question Card"],"acts_visited":["Exordium"],"potions_floor_usage":[10,10,16],"damage_taken":[{"damage":6,"enemies":"Jaw Worm","floor":1,"turns":5},{"damage":5,"enemies":"Small Slimes","floor":4,"turns":4},{"damage":1,"enemies":"2 Louse","floor":6,"turns":3},{"damage":21,"enemies":"Exordium Thugs","floor":10,"turns":4},{"damage":27,"enemies":"Large Slime","floor":13,"turns":7},{"damage":27,"enemies":"Gremlin Gang","floor":14,"turns":4},{"damage":23,"enemies":"The Guardian","floor":16,"turns":7}],"seed_played":"4288238012683712060","potions_obtained":[{"floor":1,"key":"ColorlessPotion"},{"floor":6,"key":"AttackPotion"},{"floor":14,"key":"PowerPotion"}],"is_trial":false,"path_per_floor":["M","?","?","M","$","M","T","R","T","M","?","R","M","M","R","B"],"character_chosen":"IRONCLAD","items_purchased":[],"campfire_rested":0,"item_purchase_floors":[],"current_hp_per_floor":[72,72,72,73,73,78,78,78,78,63,63,63,42,21,21,0,0],"gold":135,"neow_bonus":"ONE_RANDOM_RARE_CARD","is_daily":false,"chose_seed":false,"campfire_upgraded":3,"win_rate":0.0,"timestamp":1609580863,"path_taken":["M","?","?","M","$","M","?","R","T","M","?","R","M","M","R","BOSS"],"items_purchased_type":[],"build_version":"2020-12-22","purchased_purges":1,"victory":false,"max_hp_per_floor":[80,80,80,80,80,80,80,80,80,80,80,80,80,80,80,80,80],"card_choices":[{"not_picked":["Body Slam","Perfected Strike"],"picked":"Shockwave","floor":1},{"not_picked":["Iron Wave","Headbutt","Sword Boomerang"],"picked":"SKIP","floor":4},{"not_picked":["Berserk","Pommel Strike"],"picked":"Sever Soul","floor":6},{"not_picked":["Dual Wield","True Grit","Clothesline","Body Slam"],"picked":"SKIP","floor":10},{"not_picked":["Flex","Headbutt","Twin Strike"],"picked":"Shrug It Off","floor":13},{"not_picked":["Anger","Body Slam","Iron Wave"],"picked":"Armaments","floor":14}],"player_experience":363351,"relics_obtained":[{"floor":7,"key":"Centennial Puzzle"},{"floor":9,"key":"Question Card"}],"event_choices":[{"damage_healed":0,"gold_gain":0,"player_choice":"Ignored","damage_taken":0,"max_hp_gain":0,"max_hp_loss":0,"event_name":"Liars Game","floor":2,"gold_loss":0},{"damage_healed":0,"gold_gain":0,"player_choice":"Grow","damage_taken":0,"max_hp_gain":0,"max_hp_loss":0,"event_name":"Living Wall","floor":3,"gold_loss":0,"cards_upgraded":["Corruption"]},{"cards_removed":["Strike_R"],"damage_healed":0,"gold_gain":0,"player_choice":"Card Removal","damage_taken":0,"max_hp_gain":0,"max_hp_loss":0,"event_name":"The Cleric","floor":11,"gold_loss":50}],"is_beta":false,"boss_relics":[],"items_purged_floors":[5],"is_endless":false,"potions_floor_spawned":[1,6,14],"killed_by":"The Guardian","ascension_level":6}}