{"host":"1qhzi8r9ejho5yph","time":1609561957,"event":{"mods":["AchievementEnabler","BaseMod","Colored Map","Colored Powertips","Highlight Path","Minty Spire (QoL Compilation)","Permanent Neow","Quick Restart","Random Character Button","StSLib","SuperFastMode"],"gold_per_floor":[12,30,50,50,63,63,93,93,93,93,124,124,124,124,124,226,276,261,274,286,65,65,93,107,118,118,118,148,63,63,81,81,81,81],"floor_reached":33,"playtime":886,"items_purged":["Strike_R"],"score":480,"play_id":"cd56b922-239b-497b-a413-cc31ded69300","local_time":"20210102123237","is_ascension_mode":true,"campfire_choices":[{"data":"Rampage","floor":6,"key":"SMITH"},{"data":"True Grit","floor":10,"key":"SMITH"},{"data":"Limit Break","floor":13,"key":"SMITH"},{"floor":15,"key":"REST"},{"floor":27,"key":"REST"},{"data":"Sword Boomerang","floor":30,"key":"SMITH"},{"data":"Sword Boomerang","floor":32,"key":"SMITH"}],"circlet_count":0,"master_deck":["AscendersBane","Strike_R+1","Strike_R+1","Defend_R","Defend_R","Defend_R","Defend_R","Bash+1","Limit Break+1","Sword Boomerang+1","Rampage+1","True Grit+1","Shrug It Off","Shrug It Off","Disarm+1","Sword Boomerang+1"],"relics":["Burning Blood","Red Skull","Self Forming Clay","Turnip","Tiny House","Lantern","MutagenicStrength","Mercury Hourglass","Darkstone Periapt","Toy Ornithopter","Blood Vial"],"acts_visited":["Exordium","TheCity"],"potions_floor_usage":[7,7,16,23,23,28,33,33],"damage_taken":[{"damage":15,"enemies":"Small Slimes","floor":1,"turns":5},{"damage":13,"enemies":"Jaw Worm","floor":2,"turns":4},{"damage":0,"enemies":"2 Louse","floor":3,"turns":2},{"damage":11,"enemies":"Blue Slaver","floor":5,"turns":3},{"damage":10,"enemies":"Gremlin Nob","floor":7,"turns":3},{"damage":6,"enemies":"Lagavulin","floor":11,"turns":5},{"damage":38,"enemies":"Slime Boss","floor":16,"turns":8},{"damage":25,"enemies":"2 Thieves","floor":18,"turns":4},{"damage":26,"enemies":"Chosen","floor":19,"turns":5},{"damage":0,"enemies":"Centurion and Healer","floor":20,"turns":6},{"damage":0,"enemies":"Gremlin Leader","floor":23,"turns":5},{"damage":18,"enemies":"Snecko","floor":24,"turns":3},{"damage":9,"enemies":"Chosen and Byrds","floor":25,"turns":4},{"damage":35,"enemies":"Book of Stabbing","floor":28,"turns":7},{"damage":4,"enemies":"3 Cultists","floor":31,"turns":4},{"damage":96,"enemies":"Automaton","floor":33,"turns":6}],"seed_played":"-201871301726854903","potions_obtained":[{"floor":3,"key":"SteroidPotion"},{"floor":5,"key":"HeartOfIron"},{"floor":7,"key":"AttackPotion"},{"floor":17,"key":"SkillPotion"},{"floor":18,"key":"ColorlessPotion"},{"floor":23,"key":"BloodPotion"},{"floor":25,"key":"Fruit Juice"},{"floor":31,"key":"Regen Potion"}],"is_trial":false,"path_per_floor":["M","M","M","?","M","R","E","?","T","R","E","?","R","?","R","B",null,"M","M","M","$","?","E","M","M","T","R","E","?","R","M","R","B"],"character_chosen":"IRONCLAD","items_purchased":["Lantern"],"campfire_rested":2,"item_purchase_floors":[21],"current_hp_per_floor":[63,56,62,46,41,41,37,37,37,37,37,30,30,30,54,22,71,52,32,38,38,38,44,32,29,29,54,30,30,30,34,34,0,0],"gold":81,"neow_bonus":"THREE_RARE_CARDS","is_daily":false,"chose_seed":false,"campfire_upgraded":5,"win_rate":0.0,"timestamp":1609561957,"path_taken":["M","M","M","?","M","R","E","?","T","R","E","?","R","?","R","BOSS","M","M","M","$","?","E","M","M","T","R","E","?","R","M","R","BOSS"],"items_purchased_type":["Relic"],"build_version":"2020-12-22","purchased_purges":1,"victory":false,"max_hp_per_floor":[80,80,80,80,80,80,80,80,80,80,80,80,80,80,80,80,85,85,85,85,85,85,85,85,85,85,85,90,90,90,90,90,90,90],"card_choices":[{"not_picked":["Reaper","Offering"],"picked":"Limit Break","floor":0},{"not_picked":["Sever Soul","Body Slam"],"picked":"Sword Boomerang","floor":1},{"not_picked":["Combust","Clothesline"],"picked":"Rampage","floor":2},{"not_picked":["Bloodletting","Sword Boomerang","Heavy Blade"],"picked":"SKIP","floor":3},{"not_picked":["Warcry","Reckless Charge"],"picked":"True Grit","floor":5},{"not_picked":["Body Slam","Twin Strike"],"picked":"Shrug It Off","floor":7},{"not_picked":["Infernal Blade","Pummel","Limit Break"],"picked":"SKIP","floor":11},{"not_picked":["Iron Wave","Combust"],"picked":"Shrug It Off","floor":17},{"not_picked":["Thunderclap","Sword Boomerang","Cleave"],"picked":"SKIP","floor":18},{"not_picked":["Battle Trance","Havoc","Clothesline"],"picked":"SKIP","floor":19},{"not_picked":["Combust","Iron Wave","Clash"],"picked":"SKIP","floor":20},{"not_picked":["Intimidate","Clash","Corruption"],"picked":"SKIP","floor":23},{"not_picked":["Anger","Dark Embrace"],"picked":"Disarm+1","floor":24},{"not_picked":["Dual Wield","Sever Soul"],"picked":"Sword Boomerang","floor":25},{"not_picked":["Clothesline","Armaments","Wild Strike"],"picked":"SKIP","floor":28},{"not_picked":["Feel No Pain","Hemokinesis+1","Wild Strike"],"picked":"SKIP","floor":31}],"player_experience":318428,"relics_obtained":[{"floor":7,"key":"Red Skull"},{"floor":9,"key":"Self Forming Clay"},{"floor":11,"key":"Turnip"},{"floor":23,"key":"Mercury Hourglass"},{"floor":26,"key":"Darkstone Periapt"},{"floor":28,"key":"Toy Ornithopter"}],"event_choices":[{"damage_healed":0,"gold_gain":0,"player_choice":"Entered Light","damage_taken":16,"max_hp_gain":0,"max_hp_loss":0,"event_name":"Shining Light","floor":4,"gold_loss":0,"cards_upgraded":["Strike_R","Bash"]},{"cards_removed":["Strike_R"],"damage_healed":0,"gold_gain":0,"player_choice":"Forget","damage_taken":0,"max_hp_gain":0,"max_hp_loss":0,"event_name":"Living Wall","floor":8,"gold_loss":0},{"cards_removed":["Strike_R"],"damage_healed":0,"gold_gain":0,"player_choice":"Card Removal","damage_taken":7,"max_hp_gain":0,"max_hp_loss":0,"event_name":"Golden Wing","floor":12,"gold_loss":0},{"damage_healed":0,"gold_gain":0,"player_choice":"Ignored","damage_taken":0,"max_hp_gain":0,"max_hp_loss":0,"event_name":"Liars Game","floor":14,"gold_loss":0},{"damage_healed":0,"gold_gain":0,"player_choice":"Inject Mutagens","damage_taken":0,"relics_obtained":["MutagenicStrength"],"max_hp_gain":0,"max_hp_loss":0,"event_name":"Drug Dealer","floor":22,"gold_loss":0},{"damage_healed":0,"gold_gain":0,"player_choice":"Obtained Relic","damage_taken":0,"relics_obtained":["Blood Vial"],"max_hp_gain":0,"max_hp_loss":0,"event_name":"Addict","floor":29,"gold_loss":85}],"is_beta":false,"boss_relics":[{"not_picked":["Runic Cube","Cursed Key"],"picked":"Tiny House"}],"items_purged_floors":[21],"is_endless":false,"potions_floor_spawned":[3,5,7,18,23,25,31],"killed_by":"Automaton","ascension_level":10}}