{"host":"645xqr9rkj71uhiq","time":1609631725,"event":{"mods":["AchievementEnabler","Act Like it!","BaseMod","Beaked The Cultist","Better Altar","Better Third Choice","BetterRewards","Card Forge","Colored Map","Conspire","Downfall","Hallownest","Hermit","Hubris","Infinite Spire","Lobotomy","Minty Spire (QoL Compilation)","Rare Cards Sparkle","Replay The Spire","Spicy Shops","Spikes Relics","StSLib","The Bug Knight","The Hierophant"],"gold_per_floor":[114,129,129,129,143,143,176,176,176,176,202,212,228,254,254,254,254],"floor_reached":16,"playtime":623,"items_purged":[],"score":163,"play_id":"e8f80fb1-d759-4e8c-bec7-359add89fbf5","local_time":"20210102185525","is_ascension_mode":true,"campfire_choices":[{"data":"Disarm","floor":6,"key":"SMITH"},{"data":"Bash","floor":10,"key":"SMITH"},{"floor":15,"key":"REST"}],"circlet_count":0,"master_deck":["Strike_R","Strike_R","Strike_R","Strike_R+1","Strike_R","Defend_R","Defend_R","Defend_R","Defend_R","Bash+1","Disarm+1","Shrug It Off","Impervious","Infernal Blade","Run Through","Flex","Replay:Undeath\u0027s Touch"],"relics":["Burning Blood","Hammer of Thor","Seething Fire","Anvil of the Gods","hubris:SphereOfDissonance","SpikesRelics:DaevaFist","hubris:ToyBattleship","Lantern"],"acts_visited":["Exordium"],"potions_floor_usage":[7,7,11,16],"damage_taken":[{"damage":2,"enemies":"2 Louse","floor":1,"turns":4},{"damage":5,"enemies":"Small Slimes","floor":2,"turns":4},{"damage":0,"enemies":"Cultist","floor":5,"turns":4},{"damage":16,"enemies":"Lagavulin","floor":7,"turns":7},{"damage":32,"enemies":"Gremlin Nob","floor":11,"turns":4},{"damage":10,"enemies":"3 Louse","floor":12,"turns":4},{"damage":0,"enemies":"2 Fungi Beasts","floor":13,"turns":2},{"damage":39,"enemies":"3 Sentries","floor":14,"turns":10},{"damage":33,"enemies":"Slime Boss","floor":16,"turns":7}],"seed_played":"5307870500871701480","potions_obtained":[{"floor":2,"key":"champ:CounterPotion"},{"floor":5,"key":"Fire Potion"},{"floor":7,"key":"ColorlessPotion"},{"floor":14,"key":"Swift Potion"}],"is_trial":false,"path_per_floor":["M","M","?","?","M","R","E","?","T","R","E","M","M","E","R","B"],"character_chosen":"IRONCLAD","items_purchased":[],"campfire_rested":1,"item_purchase_floors":[],"current_hp_per_floor":[76,77,77,77,83,83,73,73,73,73,47,43,49,16,44,11,11],"gold":254,"neow_bonus":"TWENTY_PERCENT_HP_BONUS","is_daily":false,"chose_seed":false,"campfire_upgraded":2,"win_rate":0.0,"timestamp":1609631725,"path_taken":["M","M","?","?","M","R","E","?","T","R","E","?","M","E","R","BOSS"],"items_purchased_type":[],"build_version":"2020-12-22","purchased_purges":0,"victory":false,"max_hp_per_floor":[96,96,96,96,96,96,96,96,96,96,96,96,96,96,96,96,96],"card_choices":[{"not_picked":["Run Through","Seeing Red"],"picked":"Disarm","floor":1},{"not_picked":["Seeing Red","Uppercut"],"picked":"Shrug It Off","floor":2},{"not_picked":["ReplayTheSpireMod:Corrosion Curse","Entrench","Heavy Blade"],"picked":"SKIP","floor":5},{"not_picked":["Headbutt","Perfected Strike","Armaments"],"picked":"SKIP","floor":7},{"not_picked":["Demonic Infusion","Wild Strike","ReplayReversal"],"picked":"SKIP","floor":11},{"not_picked":["Replay:Undeath\u0027s Touch","Twin Strike"],"picked":"Run Through","floor":12},{"not_picked":["Warcry","Second Wind"],"picked":"Flex","floor":13},{"not_picked":["Body Slam","Heavy Blade"],"picked":"Replay:Undeath\u0027s Touch","floor":14}],"player_experience":18188,"relics_obtained":[{"floor":7,"key":"hubris:SphereOfDissonance"},{"floor":9,"key":"SpikesRelics:DaevaFist"},{"floor":11,"key":"hubris:ToyBattleship"},{"floor":14,"key":"Lantern"}],"event_choices":[{"damage_healed":0,"gold_gain":0,"player_choice":"Disagree","damage_taken":0,"max_hp_gain":0,"max_hp_loss":0,"event_name":"conspire:LoneGhost","floor":4,"gold_loss":0},{"damage_healed":0,"gold_gain":0,"player_choice":"2 cards matched","damage_taken":0,"max_hp_gain":0,"max_hp_loss":0,"event_name":"Match and Keep!","floor":8,"gold_loss":0,"cards_obtained":["Impervious","Infernal Blade"]}],"is_beta":false,"boss_relics":[],"items_purged_floors":[],"is_endless":false,"potions_floor_spawned":[2,5,7,14],"killed_by":"Slime Boss","ascension_level":3}}