{"host":"37dk0reb6x0du8wx","time":1609603465,"event":{"mods":["BaseMod","Colored Map","DeckTracker","Minty Spire (QoL Compilation)","Quick Restart","StSLib","The Dragon Tamer"],"gold_per_floor":[118,118,136,211,221,221,146,161,161,161,175,175,194,210,210,311,361,374,299,311,341,357,357,357,374,374,12,25,25,25,25,25,125,125,139,139,149,24,24,24,24,24,106,125,175,175,30,56,56,56],"floor_reached":51,"playtime":1741,"items_purged":["Strike_G","Strike_G","Strike_G"],"score":716,"play_id":"cf506b6a-8756-4a52-8295-b390735b408e","local_time":"20210103010425","is_ascension_mode":true,"campfire_choices":[{"data":"Crippling Poison","floor":6,"key":"SMITH"},{"floor":10,"key":"REST"},{"data":"Burst","floor":12,"key":"SMITH"},{"floor":15,"key":"REST"},{"floor":23,"key":"REST"},{"data":"Catalyst","floor":29,"key":"SMITH"},{"floor":32,"key":"REST"},{"data":"Corpse Explosion","floor":40,"key":"SMITH"},{"data":"Corpse Explosion","floor":42,"key":"SMITH"},{"data":"Adrenaline","floor":46,"key":"SMITH"},{"floor":49,"key":"REST"}],"circlet_count":0,"master_deck":["Defend_G+1","Defend_G","Defend_G","Defend_G","Defend_G","Survivor","CurseOfTheBell","Bouncing Flask","Crippling Poison+1","Burst+1","Adrenaline+1","Bouncing Flask","Catalyst+1","Corpse Explosion+1","Corpse Explosion+1","Regret","Doubt"],"relics":["Calling Bell","Blood Vial","Paper Crane","Lizard Tail","GremlinMask","Kunai","Tiny House","Red Mask","Regal Pillow","Eternal Feather","Cursed Key","Torii","Ornamental Fan","CaptainsWheel","TwistedFunnel","Pen Nib"],"acts_visited":["Exordium","TheCity","TheBeyond"],"potions_floor_usage":[21,21,33],"damage_taken":[{"damage":10,"enemies":"Small Slimes","floor":1,"turns":6},{"damage":2,"enemies":"Cultist","floor":3,"turns":5},{"damage":1,"enemies":"2 Louse","floor":5,"turns":3},{"damage":18,"enemies":"Exordium Thugs","floor":8,"turns":5},{"damage":0,"enemies":"3 Louse","floor":11,"turns":3},{"damage":16,"enemies":"Large Slime","floor":13,"turns":8},{"damage":0,"enemies":"Blue Slaver","floor":14,"turns":4},{"damage":24,"enemies":"The Guardian","floor":16,"turns":8},{"damage":2,"enemies":"Shell Parasite","floor":18,"turns":4},{"damage":21,"enemies":"2 Thieves","floor":20,"turns":4},{"damage":18,"enemies":"Masked Bandits","floor":21,"turns":3},{"damage":9,"enemies":"Snake Plant","floor":22,"turns":4},{"damage":5,"enemies":"Centurion and Healer","floor":25,"turns":6},{"damage":20,"enemies":"Shelled Parasite and Fungi","floor":28,"turns":5},{"damage":72,"enemies":"Champ","floor":33,"turns":7},{"damage":4,"enemies":"Orb Walker","floor":35,"turns":3},{"damage":3,"enemies":"3 Darklings","floor":37,"turns":3},{"damage":27,"enemies":"Spire Growth","floor":44,"turns":3},{"damage":4,"enemies":"Mind Bloom Boss Battle","floor":45,"turns":3},{"damage":18,"enemies":"Donu and Deca","floor":50,"turns":3}],"seed_played":"77771647090421219","potions_obtained":[{"floor":8,"key":"Regen Potion"},{"floor":11,"key":"Swift Potion"},{"floor":17,"key":"SmokeBomb"},{"floor":28,"key":"Regen Potion"},{"floor":33,"key":"SkillPotion"},{"floor":44,"key":"PowerPotion"},{"floor":45,"key":"SkillPotion"}],"is_trial":false,"path_per_floor":["M","?","M","?","M","R","$","M","T","R","M","R","M","M","R","B",null,"M","?","M","?","M","R","?","M","T","$","M","R","$","?","R","B",null,"M","?","M","$","?","R","?","R","T","M","?","R","$","T","R","B",null],"character_chosen":"THE_SILENT","items_purchased":["Eternal Feather","TwistedFunnel"],"campfire_rested":5,"item_purchase_floors":[27,47],"current_hp_per_floor":[60,60,60,49,50,50,50,34,34,55,57,57,43,45,66,44,75,73,73,54,50,43,65,65,62,62,62,44,53,53,53,75,17,75,71,71,70,70,70,75,75,75,75,48,46,55,55,55,75,57],"gold":56,"neow_bonus":"BOSS_RELIC","is_daily":false,"chose_seed":false,"campfire_upgraded":6,"win_rate":0.0,"timestamp":1609603465,"path_taken":["M","?","?","?","M","R","?","M","T","R","M","R","M","?","R","BOSS","M","?","M","?","M","R","?","M","T","?","M","R","$","?","R","BOSS","M","?","?","?","?","R","?","R","T","?","?","R","$","?","R","BOSS"],"items_purchased_type":["Relic","Relic"],"build_version":"2020-12-22","purchased_purges":3,"victory":true,"max_hp_per_floor":[70,70,70,70,70,70,70,70,70,70,70,70,70,70,70,70,75,75,75,75,75,75,75,75,75,75,75,75,75,75,75,75,75,75,75,75,75,75,75,75,75,75,75,75,75,75,75,75,75,75],"card_choices":[{"not_picked":["Slice","Quick Slash"],"picked":"Bouncing Flask","floor":1},{"not_picked":["Blade Dance","Flechettes"],"picked":"Crippling Poison","floor":3},{"not_picked":["Tactician","Dodge and Roll","Footwork"],"picked":"SKIP","floor":5},{"not_picked":["Dagger Spray","Deflect","Backflip"],"picked":"SKIP","floor":8},{"not_picked":["Expertise","Heel Hook"],"picked":"Burst","floor":11},{"not_picked":["Cloak And Dagger","Eviscerate","Backstab"],"picked":"SKIP","floor":13},{"not_picked":["Endless Agony","Blur","Dagger Throw"],"picked":"SKIP","floor":14},{"not_picked":["Doppelganger","Die Die Die"],"picked":"Adrenaline","floor":16},{"not_picked":["Blade Dance","Deflect"],"picked":"Bouncing Flask","floor":18},{"not_picked":["Deflect","Dash+1"],"picked":"Catalyst","floor":20},{"not_picked":["Skewer","Heel Hook"],"picked":"Corpse Explosion","floor":21},{"not_picked":["Underhanded Strike","Acrobatics","Blade Dance"],"picked":"SKIP","floor":22},{"not_picked":["Acrobatics","Quick Slash+1","Dagger Spray"],"picked":"SKIP","floor":25},{"not_picked":["Leg Sweep+1","Acrobatics","Dagger Spray"],"picked":"SKIP","floor":28},{"not_picked":["Venomology","Storm of Steel"],"picked":"Corpse Explosion","floor":33},{"not_picked":["Dodge and Roll","Blur+1","Flying Knee+1"],"picked":"SKIP","floor":35},{"not_picked":["Prepared+1","Concentrate","Choke+1"],"picked":"SKIP","floor":37},{"not_picked":["Blade Dance","Masterful Stab","Endless Agony+1"],"picked":"SKIP","floor":44}],"player_experience":122942,"relics_obtained":[{"floor":0,"key":"Blood Vial"},{"floor":0,"key":"Paper Crane"},{"floor":0,"key":"Lizard Tail"},{"floor":9,"key":"Kunai"},{"floor":21,"key":"Red Mask"},{"floor":26,"key":"Regal Pillow"},{"floor":43,"key":"Ornamental Fan"},{"floor":45,"key":"CaptainsWheel"},{"floor":48,"key":"Pen Nib"}],"event_choices":[{"damage_healed":0,"gold_gain":0,"player_choice":"Trade","damage_taken":0,"relics_obtained":["GremlinMask"],"max_hp_gain":0,"max_hp_loss":0,"event_name":"FaceTrader","floor":2,"gold_loss":0},{"damage_healed":0,"gold_gain":75,"player_choice":"Gather Gold","damage_taken":11,"max_hp_gain":0,"max_hp_loss":0,"event_name":"World of Goop","floor":4,"gold_loss":0},{"cards_removed":["Strike_G"],"damage_healed":0,"gold_gain":0,"player_choice":"Gave Gold","damage_taken":0,"max_hp_gain":0,"max_hp_loss":0,"event_name":"Beggar","floor":19,"gold_loss":75},{"damage_healed":0,"gold_gain":0,"player_choice":"Fought Bandits","damage_taken":0,"max_hp_gain":0,"max_hp_loss":0,"event_name":"Masked Bandits","floor":21,"gold_loss":0},{"damage_healed":0,"gold_gain":0,"player_choice":"Ignored","damage_taken":0,"max_hp_gain":0,"max_hp_loss":0,"event_name":"Ghosts","floor":24,"gold_loss":0},{"damage_healed":0,"gold_gain":0,"player_choice":"Ignored","damage_taken":0,"max_hp_gain":0,"max_hp_loss":0,"event_name":"Vampires","floor":31,"gold_loss":0},{"damage_healed":0,"gold_gain":0,"player_choice":"Gave Potion","damage_taken":0,"relics_obtained":["Torii"],"max_hp_gain":0,"max_hp_loss":0,"event_name":"WeMeetAgain","floor":36,"gold_loss":0},{"cards_removed":["Neutralize"],"damage_healed":0,"gold_gain":0,"player_choice":"Removed Attack","damage_taken":0,"max_hp_gain":0,"max_hp_loss":0,"event_name":"Falling","floor":39,"gold_loss":0},{"cards_removed":["Strike_G"],"damage_healed":0,"gold_gain":0,"player_choice":"Purged","damage_taken":0,"max_hp_gain":0,"max_hp_loss":0,"event_name":"Purifier","floor":41,"gold_loss":0},{"damage_healed":0,"gold_gain":0,"player_choice":"Fight","damage_taken":0,"max_hp_gain":0,"max_hp_loss":0,"event_name":"MindBloom","floor":45,"gold_loss":0}],"is_beta":false,"boss_relics":[{"not_picked":["Pandora\u0027s Box","Busted Crown"],"picked":"Tiny House"},{"not_picked":["Fusion Hammer","Coffee Dripper"],"picked":"Cursed Key"}],"items_purged_floors":[7,27,38],"is_endless":false,"potions_floor_spawned":[8,11,18,20,28,33,44,45],"ascension_level":1}}