{"host":"fmtvje4mks8zli8e","time":1609610885,"event":{"mods":["AchievementEnabler","AlwaysNeverKeys","BaseMod","BetterRewards","Minty Spire (QoL Compilation)","READ ME - Guardian Mod","Remove Card Discount Mod","StSLib","The Cursed","The Druid","The Servant 0.9.4","The Wild Card"],"gold_per_floor":[117,132,144,161,236,271,271,302,302,302,302,320,87,115,115,115,115],"floor_reached":16,"playtime":636,"items_purged":[],"score":144,"play_id":"8dea3f45-f5f1-4e06-9ae2-4477f3127e7b","local_time":"20210102120805","is_ascension_mode":true,"campfire_choices":[{"floor":11,"key":"REST"},{"data":"Zap","floor":15,"key":"SMITH"}],"circlet_count":0,"master_deck":["Strike_B","Strike_B","Strike_B","Strike_B","Defend_B","Defend_B","Defend_B","Defend_B","Zap+1","Dualcast","Capacitor+1","Coolheaded","Conserve Battery+1","Loop","Parasite","Chill","Panacea","Cold Snap"],"relics":["Cracked Core","DataDisk","PreservedInsect","Matryoshka","Orichalcum","Blue Candle"],"acts_visited":["Exordium"],"potions_floor_usage":[16],"damage_taken":[{"damage":8.0,"enemies":"Jaw Worm","floor":1.0,"turns":5.0},{"damage":5.0,"enemies":"Small Slimes","floor":2.0,"turns":4.0},{"damage":0.0,"enemies":"2 Louse","floor":3.0,"turns":4.0},{"damage":12,"enemies":"Large Slime","floor":4,"turns":10},{"damage":28,"enemies":"3 Sentries","floor":6,"turns":10},{"damage":6,"enemies":"Lagavulin","floor":8,"turns":8},{"damage":0,"enemies":"3 Louse","floor":12,"turns":4},{"damage":19,"enemies":"Gremlin Nob","floor":14,"turns":5},{"damage":13,"enemies":"The Guardian","floor":16,"turns":2}],"seed_played":"-2110907597125026836","potions_obtained":[{"floor":3.0,"key":"Strength Potion"},{"floor":8,"key":"LiquidMemories"},{"floor":12,"key":"SpeedPotion"}],"is_trial":false,"path_per_floor":["M","M","M","M","?","E","?","E","T","?","R","M","$","E","R","B"],"character_chosen":"DEFECT","items_purchased":["Capacitor","Orichalcum","Panacea"],"campfire_rested":1,"item_purchase_floors":[0,13,13],"current_hp_per_floor":[67,62,62,50,39,11,29,23,23,8,30,30,30,11,11,0,0],"gold":115,"neow_bonus":"","is_daily":false,"chose_seed":false,"campfire_upgraded":1,"win_rate":0.0,"timestamp":1609610885,"path_taken":["M","M","M","M","?","E","?","E","T","?","R","M","?","E","R","BOSS"],"items_purchased_type":["Card","Relic","Card"],"build_version":"2020-12-22","purchased_purges":0,"victory":false,"max_hp_per_floor":[75,75,75,75,75,75,75,75,75,75,75,75,75,75,75,75,75],"card_choices":[{"not_picked":["Skim","Barrage"],"picked":"Coolheaded","floor":1.0},{"not_picked":["Reprogram","Rebound"],"picked":"Conserve Battery","floor":2.0},{"not_picked":["Darkness","Recycle","Compile Driver"],"picked":"SKIP","floor":3.0},{"not_picked":["Conserve Battery","Lockon"],"picked":"Loop","floor":4},{"not_picked":["Hologram","Streamline","Recycle"],"picked":"SKIP","floor":6},{"not_picked":["Hello World","Turbo"],"picked":"Chill","floor":8},{"not_picked":["Sweeping Beam","Reinforced Body","Barrage"],"picked":"SKIP","floor":12},{"not_picked":["Static Discharge","Machine Learning"],"picked":"Cold Snap","floor":14}],"player_experience":3032097,"relics_obtained":[{"floor":6,"key":"DataDisk"},{"floor":8,"key":"PreservedInsect"},{"floor":9,"key":"Matryoshka"},{"floor":14,"key":"Blue Candle"}],"event_choices":[{"damage_healed":0,"gold_gain":75,"player_choice":"Gather Gold","damage_taken":11,"max_hp_gain":0,"max_hp_loss":0,"event_name":"World of Goop","floor":5,"gold_loss":0},{"damage_healed":18,"gold_gain":0,"player_choice":"Healed and dodged fight","damage_taken":0,"max_hp_gain":0,"max_hp_loss":0,"event_name":"Mushrooms","floor":7,"gold_loss":0,"cards_obtained":["Parasite"]},{"damage_healed":0,"gold_gain":0,"player_choice":"Entered Light","damage_taken":15,"max_hp_gain":0,"max_hp_loss":0,"event_name":"Shining Light","floor":10,"gold_loss":0,"cards_upgraded":["Capacitor","Conserve Battery"]}],"is_beta":false,"boss_relics":[],"items_purged_floors":[],"is_endless":false,"potions_floor_spawned":[3,8,12],"killed_by":"The Guardian","ascension_level":4}}