{"host":"Sumable","time":1609554991,"event":{"mods":["AchievementEnabler","BaseMod","Better Note","BetterRewards","Googly Eyes","Hermit","Minty Spire (QoL Compilation)","Quick Restart","Shop Mod","StSLib","The Cursed","everything is the same but u backflip on backflip","slay the spire mod where everything is the same but ironclad has a cowboy hat"],"gold_per_floor":[119,138,138,154,154,187,187,197,197,197,99,112,112,146,146,223,223,242,257,257,257,275,275,275],"floor_reached":23,"playtime":814,"items_purged":[],"score":332,"play_id":"10dd754f-0a03-49a0-8b4d-dc4bf4cdffd4","local_time":"20210101193631","is_ascension_mode":true,"campfire_choices":[{"floor":7.0,"key":"REST"},{"floor":15,"key":"REST"}],"circlet_count":0,"master_deck":["AscendersBane","Strike_R","Strike_R","Strike_R","Defend_R","Defend_R","Defend_R","Bash+1","Twin Strike+1","Sword Boomerang+1","Uppercut","Shrug It Off","Cleave","Bludgeon","CurseOfTheBell","Thunderclap","Thunderclap","Writhe"],"relics":["Burning Blood","Happy Flower","Whetstone","HornCleat","Calling Bell","Bag of Preparation","Self Forming Clay","Ice Cream","Unceasing Top"],"acts_visited":["Exordium","TheCity"],"potions_floor_usage":[8,12,12,19,23],"damage_taken":[{"damage":1.0,"enemies":"Cultist","floor":1.0,"turns":3.0},{"damage":0.0,"enemies":"2 Louse","floor":2.0,"turns":1.0},{"damage":12.0,"enemies":"Jaw Worm","floor":4.0,"turns":2.0},{"damage":35.0,"enemies":"Lagavulin","floor":6.0,"turns":5.0},{"damage":8,"enemies":"2 Fungi Beasts","floor":8,"turns":3},{"damage":7,"enemies":"Large Slime","floor":12,"turns":3},{"damage":38,"enemies":"3 Sentries","floor":14,"turns":5},{"damage":67,"enemies":"The Guardian","floor":16,"turns":10},{"damage":36,"enemies":"2 Thieves","floor":18,"turns":4},{"damage":15,"enemies":"Shell Parasite","floor":19,"turns":4},{"damage":13,"enemies":"Snake Plant","floor":22,"turns":4},{"damage":43,"enemies":"Gremlin Leader","floor":23,"turns":6}],"seed_played":"-1221518071217948016","potions_obtained":[{"floor":1.0,"key":"Explosive Potion"},{"floor":4.0,"key":"Swift Potion"},{"floor":6.0,"key":"ColorlessPotion"},{"floor":14,"key":"FairyPotion"},{"floor":18,"key":"LiquidBronze"},{"floor":22,"key":"DistilledChaos"}],"is_trial":false,"path_per_floor":["M","M","?","M","?","E","R","M","T","?","$","M","?","E","R","B",null,"M","M","?","?","M","E"],"character_chosen":"IRONCLAD","items_purchased":["Swift Potion","Energy Potion"],"campfire_rested":2,"item_purchase_floors":[11,11],"current_hp_per_floor":[72,72,65,59,59,30,51,49,49,49,49,48,72,40,61,21,59,29,20,20,44,37,0,0],"gold":275,"neow_bonus":"REMOVE_TWO","is_daily":false,"chose_seed":false,"campfire_upgraded":0,"win_rate":0.0,"timestamp":1609554991,"path_taken":["M","M","?","M","?","E","R","?","T","?","$","M","?","E","R","BOSS","M","M","?","?","?","E"],"items_purchased_type":["Potion","Potion"],"build_version":"2020-12-18","purchased_purges":0,"victory":false,"max_hp_per_floor":[72,72,72,72,72,72,72,72,72,72,72,72,72,72,72,72,72,72,72,72,72,72,72,72],"card_choices":[{"not_picked":["Ghostly Armor","Flame Barrier"],"picked":"Twin Strike","floor":1.0},{"not_picked":["Disarm","Iron Wave"],"picked":"Sword Boomerang","floor":2.0},{"not_picked":["Body Slam","Warcry","Flex"],"picked":"SKIP","floor":4.0},{"not_picked":["Second Wind","Headbutt"],"picked":"Uppercut","floor":6.0},{"not_picked":["Warcry","Spot Weakness"],"picked":"Shrug It Off","floor":8},{"not_picked":["Shrug It Off","Headbutt"],"picked":"Cleave","floor":12},{"not_picked":["Havoc","Limit Break","Iron Wave"],"picked":"SKIP","floor":14},{"not_picked":["Impervious","Limit Break"],"picked":"Bludgeon","floor":16},{"not_picked":["Headbutt","Dark Embrace"],"picked":"Thunderclap","floor":18},{"not_picked":["Havoc","Pommel Strike"],"picked":"Thunderclap","floor":19},{"not_picked":["Wild Strike","Iron Wave+1","Second Wind"],"picked":"SKIP","floor":22}],"player_experience":1031645,"relics_obtained":[{"floor":6.0,"key":"Happy Flower"},{"floor":9,"key":"Whetstone"},{"floor":14,"key":"HornCleat"},{"floor":17,"key":"Bag of Preparation"},{"floor":17,"key":"Self Forming Clay"},{"floor":17,"key":"Ice Cream"}],"event_choices":[{"cards_removed":["Strike_R"],"damage_healed":0.0,"max_hp_gain":0.0,"max_hp_loss":0.0,"gold_gain":0.0,"event_name":"Golden Wing","player_choice":"Card Removal","floor":3.0,"gold_loss":0.0,"damage_taken":7.0},{"damage_healed":0.0,"max_hp_gain":0.0,"max_hp_loss":0.0,"gold_gain":0.0,"event_name":"Living Wall","player_choice":"Grow","floor":5.0,"gold_loss":0.0,"damage_taken":0.0,"cards_upgraded":["Bash"]},{"damage_healed":0,"gold_gain":0,"player_choice":"Ignored","damage_taken":0,"max_hp_gain":0,"max_hp_loss":0,"event_name":"Shining Light","floor":10,"gold_loss":0},{"damage_healed":24,"gold_gain":0,"player_choice":"Banana","damage_taken":0,"max_hp_gain":0,"max_hp_loss":0,"event_name":"Big Fish","floor":13,"gold_loss":0},{"damage_healed":0,"gold_gain":0,"player_choice":"Opened","damage_taken":0,"relics_obtained":["Unceasing Top"],"max_hp_gain":0,"max_hp_loss":0,"event_name":"The Mausoleum","floor":20,"gold_loss":0,"cards_obtained":["Writhe"]},{"damage_healed":24,"gold_gain":0,"player_choice":"Heal","damage_taken":0,"max_hp_gain":0,"max_hp_loss":0,"event_name":"The Library","floor":21,"gold_loss":0}],"is_beta":true,"boss_relics":[{"not_picked":["Astrolabe","SlaversCollar"],"picked":"Calling Bell"}],"items_purged_floors":[],"is_endless":false,"potions_floor_spawned":[1,4,6,14,18,22],"killed_by":"Gremlin Leader","ascension_level":13}}