{"host":"4sl6z5xrlou33vwc","time":1609621131,"event":{"mods":["AchievementEnabler","BaseMod","Colored Powertips","DeckTracker","Downfall","Marisa????????","Minty Spire (QoL Compilation)","StSLib"],"gold_per_floor":[111,121,138,138,63,63,74,74,142,156,6,19,29,29,29,127,127,146,69,54,66,76,76,88,98,121,121,121],"floor_reached":27,"playtime":1202,"items_purged":["Strike_MRS","Strike_MRS"],"score":211,"play_id":"6ec1d357-ad90-4383-a467-921eb07fbedc","local_time":"20210102215851","is_ascension_mode":false,"campfire_choices":[{"data":"PropBag","floor":6,"key":"SMITH"},{"data":"AsteroidBelt","floor":8,"key":"SMITH"},{"data":"UpSweep","floor":15,"key":"SMITH"},{"floor":23,"key":"REST"}],"circlet_count":0,"master_deck":["Strike_MRS","Defend_MRS","Defend_MRS","Defend_MRS","Defend_MRS","MasterSpark","UpSweep+1","NonDirectionalLaser","PropBag+1","GrandCross","AsteroidBelt+1","GalacticHalo","EventHorizon","UltimateShortwave","DoubleSpark","BlazeAway+1"],"relics":["BewitchedHakkero","Nunchaku","Eternal Feather","Membership Card","Orichalcum","AmplifyWand"],"acts_visited":["Exordium","TheCity"],"potions_floor_usage":[13,16,21,24,24,25],"damage_taken":[{"damage":11,"enemies":"Jaw Worm","floor":1,"turns":3},{"damage":1,"enemies":"2 Louse","floor":2,"turns":2},{"damage":6,"enemies":"Cultist","floor":3,"turns":4},{"damage":2,"enemies":"Blue Slaver","floor":7,"turns":4},{"damage":0,"enemies":"Large Slime","floor":10,"turns":4},{"damage":7,"enemies":"Exordium Thugs","floor":12,"turns":4},{"damage":16,"enemies":"Lots of Slimes","floor":13,"turns":3},{"damage":12,"enemies":"Slime Boss","floor":16,"turns":10},{"damage":14,"enemies":"Spheric Guardian","floor":18,"turns":4},{"damage":27,"enemies":"2 Thieves","floor":20,"turns":4},{"damage":16,"enemies":"Centurion and Healer","floor":21,"turns":6},{"damage":9,"enemies":"Snecko","floor":22,"turns":6},{"damage":37,"enemies":"Cultist and Chosen","floor":24,"turns":8},{"damage":9,"enemies":"3 Cultists","floor":25,"turns":4},{"damage":9,"enemies":"Snake Plant","floor":27,"turns":1}],"seed_played":"-5876162107457869033","potions_obtained":[{"floor":10,"key":"Ancient Potion"},{"floor":13,"key":"PowerPotion"},{"floor":16,"key":"StarNLove"},{"floor":20,"key":"PowerPotion"},{"floor":21,"key":"DuplicationPotion"},{"floor":24,"key":"BlessingOfTheForge"}],"is_trial":false,"path_per_floor":["M","M","M","?","$","R","M","R","T","M","$","M","M","?","R","B",null,"M","$","M","M","M","R","M","M","T","M"],"character_chosen":"MARISA","items_purchased":["Membership Card","DoubleSpark"],"campfire_rested":1,"item_purchase_floors":[11,19],"current_hp_per_floor":[64,63,57,45,45,45,43,43,43,43,43,36,20,20,26,14,75,61,61,34,18,21,52,15,6,6,0,0],"gold":121,"neow_bonus":"TRANSFORM_CARD","is_daily":false,"chose_seed":false,"campfire_upgraded":3,"win_rate":0.0,"timestamp":1609621131,"path_taken":["M","M","M","?","$","R","M","R","T","M","$","M","M","?","R","BOSS","M","$","M","M","M","R","M","M","T","M"],"items_purchased_type":["Relic","Card"],"build_version":"2020-12-22","purchased_purges":2,"victory":false,"max_hp_per_floor":[75,75,75,75,75,75,75,75,75,75,75,75,75,75,75,75,75,75,75,75,75,75,75,75,75,75,75,75],"card_choices":[{"not_picked":["Acceleration","UnstableBomb","NonDirectionalLaser"],"picked":"SKIP","floor":1},{"not_picked":["OpenUniverse","DC"],"picked":"PropBag","floor":2},{"not_picked":["Orbital","DeepEcoloBomb"],"picked":"GrandCross","floor":3},{"not_picked":["GravityBeat","PowerUp"],"picked":"AsteroidBelt","floor":7},{"not_picked":["6A","StarlightTyphoon"],"picked":"GalacticHalo","floor":10},{"not_picked":["UnstableBomb","WitchOfGreed"],"picked":"EventHorizon","floor":12},{"not_picked":["PowerUp","6A","DoubleSpark"],"picked":"SKIP","floor":13},{"not_picked":["BlazingStar","SuperNova"],"picked":"UltimateShortwave","floor":16},{"not_picked":["DeepEcoloBomb","NonDirectionalLaser","IllusionStar+1"],"picked":"SKIP","floor":18},{"not_picked":["BlazeAway","MysteriousBeam+1","GasGiant+1"],"picked":"SKIP","floor":20},{"not_picked":["NonDirectionalLaser","SprinkleStarSeal","RefractionSpark+1"],"picked":"SKIP","floor":21},{"not_picked":["UnstableBomb+1","Acceleration","MeteoricShower"],"picked":"SKIP","floor":22},{"not_picked":["PowerUp","IllusionStar"],"picked":"BlazeAway+1","floor":24},{"not_picked":["SuperNova","Robbery","DeepEcoloBomb+1"],"picked":"SKIP","floor":25}],"player_experience":366026,"relics_obtained":[{"floor":9,"key":"Eternal Feather"},{"floor":26,"key":"Orichalcum"}],"event_choices":[{"damage_healed":0,"gold_gain":0,"player_choice":"Success","damage_taken":12,"relics_obtained":["Nunchaku"],"max_hp_gain":0,"max_hp_loss":0,"event_name":"Scrap Ooze","floor":4,"gold_loss":0},{"damage_healed":0,"gold_gain":0,"player_choice":"Ignored","damage_taken":0,"max_hp_gain":0,"max_hp_loss":0,"event_name":"NoteForYourself","floor":14,"gold_loss":0}],"is_beta":false,"boss_relics":[{"not_picked":["Velvet Choker","RampagingMagicTools"],"picked":"BewitchedHakkero"}],"items_purged_floors":[5,19],"is_endless":false,"potions_floor_spawned":[10,13,16,20,21,24],"killed_by":"Snake Plant","ascension_level":0}}