{"host":"mruvby243fwgm3bp","time":1609579416,"event":{"mods":["AchievementEnabler","BaseMod","Colored Map","Colored Powertips","Minty Spire (QoL Compilation)","Permanent Neow","Random Character Button","StSLib"],"gold_per_floor":[115,131,131,131,154,154,165,179,179,179,23,35,69,69,69,200,263,284,384,34,47,12,46,12,36,63,63,63],"floor_reached":27,"playtime":1075,"items_purged":["Regret"],"score":300,"play_id":"55169992-3b86-4b95-a30d-9a50586aaac3","local_time":"20210102012336","is_ascension_mode":true,"campfire_choices":[{"floor":6,"key":"RECALL"},{"floor":10,"key":"REST"},{"floor":15,"key":"REST"}],"circlet_count":0,"master_deck":["Strike_R","Strike_R","Strike_R","Strike_R","Strike_R+1","Defend_R","Defend_R","Defend_R","Defend_R","Bash","Clash","Armaments+1","Whirlwind","Shockwave","Dual Wield","Dark Embrace","Corruption","Pommel Strike","Burning Pact","Panache","Madness","Clash","Shockwave","Evolve","Metallicize"],"relics":["Fusion Hammer","Bird Faced Urn","Bag of Marbles","Pantograph","Sling","Matryoshka","Golden Idol","Tiny House","Nunchaku","CeramicFish","Omamori"],"acts_visited":["Exordium","TheCity"],"potions_floor_usage":[16,18,23,25,27],"damage_taken":[{"damage":0,"enemies":"Cultist","floor":1,"turns":3},{"damage":2,"enemies":"2 Louse","floor":2,"turns":2},{"damage":4,"enemies":"Jaw Worm","floor":7,"turns":3},{"damage":14,"enemies":"Gremlin Gang","floor":8,"turns":3},{"damage":1,"enemies":"Looter","floor":12,"turns":2},{"damage":26,"enemies":"Gremlin Nob","floor":13,"turns":4},{"damage":37,"enemies":"The Guardian","floor":16,"turns":12},{"damage":15,"enemies":"Shell Parasite","floor":18,"turns":4},{"damage":11,"enemies":"Spheric Guardian","floor":21,"turns":3},{"damage":24,"enemies":"Slavers","floor":23,"turns":3},{"damage":20,"enemies":"Snecko","floor":25,"turns":5},{"damage":38,"enemies":"Gremlin Leader","floor":27,"turns":6}],"seed_played":"-6601524881683399332","potions_obtained":[{"floor":1,"key":"SteroidPotion"},{"floor":12,"key":"Weak Potion"},{"floor":16,"key":"Explosive Potion"},{"floor":17,"key":"Swift Potion"},{"floor":18,"key":"SteroidPotion"},{"floor":23,"key":"Fruit Juice"}],"is_trial":false,"path_per_floor":["M","M","?","?","T","R","M","M","T","R","$","M","E","?","R","B",null,"M","?","$","M","$","E","$","M","T","E"],"character_chosen":"IRONCLAD","items_purchased":["Sling","Panache","Madness","Shockwave","Evolve"],"campfire_rested":2,"item_purchase_floors":[11,20,20,22,24],"current_hp_per_floor":[72,70,70,70,70,70,66,52,52,76,76,75,49,49,71,37,70,59,59,59,54,54,34,34,27,27,0,0],"gold":63,"neow_bonus":"BOSS_RELIC","is_daily":false,"chose_seed":false,"campfire_upgraded":0,"win_rate":0.0,"timestamp":1609579416,"path_taken":["M","?","?","?","?","R","?","M","T","R","$","M","E","?","R","BOSS","M","?","$","M","$","E","?","M","T","E"],"items_purchased_type":["Relic","Card","Card","Card","Card"],"build_version":"2020-12-22","purchased_purges":1,"victory":false,"max_hp_per_floor":[80,80,80,80,80,80,80,80,80,80,80,80,80,74,74,74,79,79,79,79,79,79,79,79,84,84,84,84],"card_choices":[{"not_picked":["Inflame","Perfected Strike"],"picked":"Clash","floor":1},{"not_picked":["Carnage","Flex"],"picked":"Armaments","floor":2},{"not_picked":["Perfected Strike","Rage"],"picked":"Whirlwind","floor":7},{"not_picked":["Power Through","Headbutt"],"picked":"Shockwave","floor":8},{"not_picked":["Combust","Warcry"],"picked":"Dual Wield","floor":12},{"not_picked":["Wild Strike","Ghostly Armor"],"picked":"Dark Embrace","floor":13},{"not_picked":["Impervious","Juggernaut"],"picked":"Corruption","floor":16},{"not_picked":["Heavy Blade","Twin Strike"],"picked":"Pommel Strike","floor":17},{"not_picked":["Body Slam","Wild Strike"],"picked":"Burning Pact","floor":18},{"not_picked":["Sword Boomerang","Pommel Strike"],"picked":"Clash","floor":21},{"not_picked":["Wild Strike","Burning Pact","Searing Blow"],"picked":"SKIP","floor":23},{"not_picked":["Twin Strike","Thunderclap"],"picked":"Metallicize","floor":25}],"player_experience":361373,"relics_obtained":[{"floor":5,"key":"Bag of Marbles"},{"floor":9,"key":"Pantograph"},{"floor":13,"key":"Matryoshka"},{"floor":23,"key":"Nunchaku"},{"floor":26,"key":"CeramicFish"},{"floor":26,"key":"Omamori"}],"event_choices":[{"damage_healed":0,"gold_gain":0,"player_choice":"Grow","damage_taken":0,"max_hp_gain":0,"max_hp_loss":0,"event_name":"Living Wall","floor":3,"gold_loss":0,"cards_upgraded":["Armaments"]},{"damage_healed":0,"gold_gain":0,"player_choice":"Box","damage_taken":0,"relics_obtained":["Bird Faced Urn"],"max_hp_gain":0,"max_hp_loss":0,"event_name":"Big Fish","floor":4,"gold_loss":0,"cards_obtained":["Regret"]},{"damage_healed":0,"gold_gain":0,"player_choice":"Lose Max HP","damage_taken":0,"relics_obtained":["Golden Idol"],"max_hp_gain":0,"max_hp_loss":6,"event_name":"Golden Idol","floor":14,"gold_loss":0},{"damage_healed":0,"gold_gain":100,"player_choice":"Pray","damage_taken":0,"max_hp_gain":0,"max_hp_loss":0,"event_name":"Golden Shrine","floor":19,"gold_loss":0}],"is_beta":false,"boss_relics":[{"not_picked":["Snecko Eye","Astrolabe"],"picked":"Tiny House"}],"items_purged_floors":[20],"is_endless":false,"potions_floor_spawned":[1,12,16,18,23],"killed_by":"Gremlin Leader","ascension_level":6}}