{"host":"yludllxm6rzdxpbb","time":1609615791,"event":{"mods":["AchievementEnabler","BaseMod","Better Third Choice","BetterRewards","Colored Map","Colored Powertips","Hermit","Hubris","Infinite Spire","Minty Spire (QoL Compilation)","Quick Restart","Replay The Spire","StSLib","The Hierophant","The Necromancer"],"gold_per_floor":[110,27,27,38,49,78,78,78,78,101,101,101,139,155,155,269,269,301,301,340,364,144,184,184,35,35,35,61,61,106,134,134,244,244,264,282,301,6,6,6,32,63,87,91,91],"floor_reached":44,"playtime":2030,"items_purged":[],"score":860,"play_id":"f7836fd1-932e-484c-ba7d-8f146269d73e","local_time":"20210102222951","is_ascension_mode":false,"campfire_choices":[{"floor":8,"key":"RECALL"},{"floor":11,"key":"REST"},{"floor":15,"key":"REST"},{"floor":24,"key":"REST"},{"floor":27,"key":"REST"},{"floor":32,"key":"REST"},{"floor":40,"key":"REST"}],"circlet_count":0,"master_deck":["Strike_B","Strike_B","Strike_B","Defend_B+1","Defend_B","Defend_B","Defend_B","Zap+1","Dualcast","Replay:Bootleg Shield Generator","Magnetism+1","FIFO Queue","Reboot","Ball Lightning+1","Dramatic Entrance","Electrodynamics+1","Barrage","Compile Driver","Panic Button+1","Storm","Ball Lightning","Machine Learning","ReplaySolidLightProjector","Replay:Bootleg Shield Generator","Conserve Battery","Defragment","Coolheaded","Conserve Battery+1","Redo","Leap+1","White Noise+1","Mirror Shield","Self Repair","Hologram","ReplayRNGCard","Undo+1","Conserve Battery+1","Double Energy+1","Conserve Battery+1","Aggregate"],"relics":["Cracked Core","hubris:SphereOfDissonance","Replay:Bandana","Ring of Panic","Gremlin Food","Fusion Hammer","Juzu Bracelet","Centennial Puzzle","Orrery","hubris:PeanutButter","Omamori","hubris:Backtick","Replay:WaspNest","infinitespire:Freezer","ClockworkSouvenir","Art of War"],"acts_visited":["Exordium","TheCity","TheBeyond"],"potions_floor_usage":[23,33,36],"damage_taken":[{"damage":2,"enemies":"Small Slimes","floor":1,"turns":4},{"damage":0,"enemies":"2 Louse","floor":4,"turns":2},{"damage":0,"enemies":"Cultist","floor":5,"turns":2},{"damage":3,"enemies":"Gremlin Nob","floor":6,"turns":3},{"damage":7,"enemies":"Blue Slaver","floor":10,"turns":2},{"damage":24,"enemies":"Lagavulin","floor":13,"turns":5},{"damage":0,"enemies":"Exordium Wildlife","floor":14,"turns":2},{"damage":8,"enemies":"Slime Boss","floor":16,"turns":6},{"damage":7,"enemies":"Shell Parasite","floor":18,"turns":3},{"damage":10,"enemies":"Chosen","floor":20,"turns":3},{"damage":20,"enemies":"Snake Plant","floor":21,"turns":4},{"damage":33,"enemies":"Gremlin Leader","floor":23,"turns":5},{"damage":14,"enemies":"Sentry and Sphere","floor":28,"turns":6},{"damage":13,"enemies":"Slavers","floor":30,"turns":3},{"damage":0,"enemies":"Cultist and Chosen","floor":31,"turns":6},{"damage":35,"enemies":"Pondfish","floor":33,"turns":12},{"damage":17,"enemies":"Orb Walker","floor":35,"turns":4},{"damage":12,"enemies":"3 Darklings","floor":36,"turns":3},{"damage":0,"enemies":"Jaw Worm Horde","floor":37,"turns":2},{"damage":17,"enemies":"Writhing Mass","floor":41,"turns":6},{"damage":45,"enemies":"Transient","floor":42,"turns":5},{"damage":0,"enemies":"Spire Growth","floor":44,"turns":2}],"seed_played":"-1347852757697889397","potions_obtained":[{"floor":1,"key":"Explosive Potion"},{"floor":4,"key":"DistilledChaos"},{"floor":5,"key":"Elixir"},{"floor":16,"key":"EssenceOfSteel"},{"floor":28,"key":"EssenceOfSteel"},{"floor":36,"key":"Elixir"},{"floor":41,"key":"Languid Potion"}],"is_trial":false,"path_per_floor":["M","$","?","M","M","E","?","R","T","M","R","?","E","M","R","B",null,"M","?","M","M","$","E","R","$","T","R","M","$","E","M","R","B",null,"M","M","M","$","?","R","M","M","T","M"],"character_chosen":"DEFECT","items_purchased":["Replay:Bootleg Shield Generator","Magnetism","hubris:SphereOfDissonance","FIFO Queue","Dramatic Entrance","Juzu Bracelet","Defragment","Orrery","infinitespire:Freezer","ClockworkSouvenir"],"campfire_rested":6,"item_purchase_floors":[0,0,0,0,2,22,22,25,38,38],"current_hp_per_floor":[52,52,52,52,52,49,49,49,49,42,64,64,40,40,62,54,75,68,68,58,38,38,5,27,27,27,49,35,38,25,25,47,19,75,58,53,60,60,63,75,65,20,20,20,20],"gold":91,"neow_bonus":"","is_daily":false,"chose_seed":false,"campfire_upgraded":0,"win_rate":0.0,"timestamp":1609615791,"path_taken":["M","$","?","M","M","E","?","R","T","M","R","?","E","M","R","BOSS","M","?","M","M","$","E","R","$","T","R","M","?","E","M","R","BOSS","M","M","M","$","?","R","M","M","T","M"],"items_purchased_type":["Card","Card","Relic","Card","Card","Relic","Card","Relic","Relic","Relic"],"build_version":"2020-12-22","purchased_purges":0,"victory":false,"max_hp_per_floor":[75,75,75,75,75,75,75,75,75,75,75,75,75,75,75,75,75,75,75,75,75,75,75,75,75,75,75,75,75,75,75,75,75,75,75,75,75,75,75,75,75,75,75,75,75],"card_choices":[{"not_picked":["hubris:Ukulele","Streamline"],"picked":"Ball Lightning","floor":1},{"not_picked":["Hologram","Conserve Battery"],"picked":"Electrodynamics","floor":4},{"not_picked":["BasicCrystalCard","Beam Cell"],"picked":"Barrage","floor":5},{"not_picked":["Meteor Strike","Ball Lightning"],"picked":"Compile Driver","floor":6},{"not_picked":["Sweeping Beam","Blizzard"],"picked":"Panic Button","floor":10},{"not_picked":["Go for the Eyes","Sweeping Beam"],"picked":"Storm","floor":13},{"not_picked":["Storm","Turbo"],"picked":"Ball Lightning","floor":14},{"not_picked":["hubris:DoWhile","Multi-Cast"],"picked":"Machine Learning","floor":16},{"not_picked":["Blizzard+1","ReplayTheSpireMod:Calculation Training"],"picked":"ReplaySolidLightProjector","floor":18},{"not_picked":["Coolheaded","Auto Shields"],"picked":"Conserve Battery","floor":20},{"not_picked":["Rebound","Darkness","ReplayTheSpireMod:Repulse"],"picked":"SKIP","floor":21},{"not_picked":["FIFO Queue","Redo"],"picked":"Coolheaded","floor":23},{"not_picked":["Sunder","ReplayTheSpireMod:Omega Cannon"],"picked":"Conserve Battery+1","floor":25},{"not_picked":["Reprogram+1","Cold Snap"],"picked":"Redo","floor":25},{"not_picked":["ReplayTheSpireMod:Reroute Power+1","Conserve Battery+1"],"picked":"Leap+1","floor":25},{"not_picked":["Hello World","hubris:PowerSurge"],"picked":"White Noise+1","floor":25},{"not_picked":["Rebound","Sunder"],"picked":"Mirror Shield","floor":28},{"not_picked":["Ball Lightning","Glacier+1"],"picked":"Self Repair","floor":30},{"not_picked":["Go for the Eyes","Barrage"],"picked":"Hologram","floor":31},{"not_picked":["Reboot","hubris:DoWhile"],"picked":"ReplayRNGCard","floor":33},{"not_picked":["Heatsinks","Barrage+1"],"picked":"Undo+1","floor":35},{"not_picked":["Go for the Eyes+1","Gash+1"],"picked":"Conserve Battery+1","floor":36},{"not_picked":["ReplayTheSpireMod:Repulse+1","BasicCrystalCard"],"picked":"Double Energy+1","floor":37},{"not_picked":["Redo","Leap"],"picked":"Conserve Battery+1","floor":41},{"not_picked":["hubris:PowerSurge+1","ReplayTheSpireMod:Repulse"],"picked":"Aggregate","floor":42}],"player_experience":334845,"relics_obtained":[{"floor":6,"key":"Replay:Bandana"},{"floor":12,"key":"Ring of Panic"},{"floor":13,"key":"Gremlin Food"},{"floor":23,"key":"Centennial Puzzle"},{"floor":26,"key":"hubris:PeanutButter"},{"floor":30,"key":"Omamori"},{"floor":43,"key":"Art of War"}],"event_choices":[{"damage_healed":0,"gold_gain":0,"player_choice":"Grow","damage_taken":0,"max_hp_gain":0,"max_hp_loss":0,"event_name":"Living Wall","floor":3,"gold_loss":0,"cards_upgraded":["Magnetism"]},{"damage_healed":0,"gold_gain":0,"player_choice":"Ignored","damage_taken":0,"max_hp_gain":0,"max_hp_loss":0,"event_name":"Golden Wing","floor":7,"gold_loss":0},{"damage_healed":0,"gold_gain":0,"player_choice":"Copied","damage_taken":0,"max_hp_gain":0,"max_hp_loss":0,"event_name":"Duplicator","floor":19,"gold_loss":0,"cards_obtained":["Replay:Bootleg Shield Generator"]}],"is_beta":false,"boss_relics":[{"not_picked":["Replay:Wanted Poster","Astrolabe"],"picked":"Fusion Hammer"},{"not_picked":["hubris:BlackHole","ReplayTheSpireMod:DimensionalGlitch"],"picked":"hubris:Backtick"}],"items_purged_floors":[],"is_endless":false,"potions_floor_spawned":[1,4,5,16,20,28,36,41],"killed_by":"Spire Growth","ascension_level":0}}