{"host":"0cnf9zf1gia27zti","time":1609610394,"event":{"mods":["BaseMod","Better Third Choice","BetterRewards","Card Forge","ChefMod","Colored Map","Colored Powertips","Conspire","Downfall","Googly Eyes","Infinite Spire","Minty Spire (QoL Compilation)","Practice Mode","Quick Restart","Replay The Spire","Shade Mod","Spicy Shops","StSLib","The Marked"],"gold_per_floor":[144,195,195,195,41,116,63,147,147,147,237,237,336,378,378,600,600,645,693,744,744,786,888,888,822,822,909,993,1044,1044,1089,1089,1323,1323,1353,1404,1446,1545,1638,1737,1737,1818,1818,1893,1893,1926,1971,671,671,896,896,896],"floor_reached":51,"playtime":2815,"items_purged":[],"score":2131,"play_id":"57951705-3454-4594-a435-b73187743c57","local_time":"20210102175954","daily_mods":["SealedDeck","Heirloom","downfall:Lament","DeadlyEvents","Elite Swarm","Midas"],"is_ascension_mode":true,"campfire_choices":[{"floor":10,"key":"REST"},{"floor":12,"key":"REST"},{"floor":15,"key":"REST"},{"floor":24,"key":"REST"},{"floor":30,"key":"REST"},{"floor":41,"key":"REST"},{"floor":49,"key":"REST"}],"circlet_count":0,"master_deck":["AscendersBane","Panic Button+1","White Noise+1","Lockon+1","Ball Lightning+1","Ball Lightning+1","Crystallizer+1","Steam+1","Leap+1","Steam+1","Leap+1","Ball Lightning+1","Leap+1","Rainbow+1","Electrodynamics+1","Panic Button+1","ReplayRNGCard+1","Rainbow+1","Conserve Battery+1","Thunder Strike+1","Rainbow+1","Ball Lightning+1","ReplayTheSpireMod:Dual Polarity+1","BasicCrystalCard+1","Time Bomb+1","infinitespire:Collect+1","Reboot+1","ReplayRNGCard+1","BootSequence+1","Defragment+1","Reboot+1","Tempest+1","Chill+1","White Noise+1","Echo Form+1","Double Energy+1","Chaos+1","Lockon+1","White Noise+1","Double Energy+1","Panic Button+1","Ball Lightning+1","Mirror Shield+1","Thunder Strike+1","Fission+1","Creative AI+1","Echo Form+1","Seek+1","Tempest+1","Ball Lightning+1","ReplayTheSpireMod:Calculation Training+1","ReplayTheSpireMod:Calculation Training","BootSequence+1","Crystallizer","Mirror Shield","Mirror Shield","Replay:SS_forest_2","Heatsinks+1","Creative AI"],"relics":["Cracked Core","Hammer of Thor","Seething Fire","Anvil of the Gods","NeowsBlessing","Ring of Chaos","conspire:IceCreamScoop","Incense Burner","Replay:Ringing Soul","Pear","infinitespire:Lychee Nut","Potion Belt","Garlic","Dream Catcher","Shuriken","infinitespire:PuzzleCube","Prayer Wheel","Boot","Prayer Wheel","Nuclear Battery","Prayer Wheel","Prayer Wheel","Bag of Preparation","Prayer Wheel","Quantum Egg","Mummified Hand","Blood Vial","infinitespire:EmpoweringShard","Tiny Chest","infinitespire:Golems Mask","War Paint","Toy Ornithopter","Pondfish Scales"],"acts_visited":["Exordium","TheCity","TheBeyond"],"potions_floor_usage":[8,13,16,22,23,31,37,40,44,44,44,50,50,51],"damage_taken":[{"damage":0,"enemies":"2 Louse","floor":1,"turns":1},{"damage":0,"enemies":"Jaw Worm","floor":2,"turns":1},{"damage":0,"enemies":"3 Sentries","floor":6,"turns":2},{"damage":0,"enemies":"Gremlin Nob","floor":8,"turns":3},{"damage":7,"enemies":"Lagavulin","floor":11,"turns":4},{"damage":2,"enemies":"Gremlin Nob","floor":13,"turns":3},{"damage":0,"enemies":"Cultist","floor":14,"turns":3},{"damage":37,"enemies":"Hexaghost","floor":16,"turns":8},{"damage":0,"enemies":"Chosen","floor":18,"turns":4},{"damage":13,"enemies":"Shell Parasite","floor":19,"turns":2},{"damage":0,"enemies":"Sentry and Sphere","floor":20,"turns":4},{"damage":17,"enemies":"Snake Plant","floor":22,"turns":3},{"damage":18,"enemies":"Nightmare","floor":23,"turns":6},{"damage":7,"enemies":"Gremlin Leader","floor":27,"turns":5},{"damage":32,"enemies":"Book of Stabbing","floor":28,"turns":5},{"damage":28,"enemies":"Chosen and Byrds","floor":29,"turns":4},{"damage":13,"enemies":"Shelled Parasite and Fungi","floor":31,"turns":6},{"damage":50,"enemies":"conspire:MysteriousRune","floor":33,"turns":9},{"damage":12,"enemies":"Orb Walker","floor":35,"turns":3},{"damage":36,"enemies":"3 Darklings","floor":36,"turns":5},{"damage":21,"enemies":"4 Shapes","floor":37,"turns":5},{"damage":52,"enemies":"conspire:MimicChest","floor":38,"turns":7},{"damage":2,"enemies":"R_Hoarder","floor":39,"turns":6},{"damage":16,"enemies":"Nemesis","floor":40,"turns":5},{"damage":0,"enemies":"R_Hoarder","floor":42,"turns":3},{"damage":50,"enemies":"Nightmare","floor":44,"turns":5},{"damage":0,"enemies":"Sphere and 2 Shapes","floor":46,"turns":4},{"damage":0,"enemies":"Spire Growth","floor":47,"turns":3},{"damage":0,"enemies":"Donu and Deca","floor":50,"turns":3},{"damage":131,"enemies":"Awakened One","floor":51,"turns":6}],"seed_played":"-6736287106888295643","potions_obtained":[{"floor":1,"key":"Swift Potion"},{"floor":2,"key":"EssenceOfSteel"},{"floor":11,"key":"Regen Potion"},{"floor":20,"key":"LiquidMemories"},{"floor":22,"key":"Toxic Potion"},{"floor":28,"key":"Block Potion"},{"floor":29,"key":"SteroidPotion"},{"floor":33,"key":"Guardian:BlockOnCardUsePotion"},{"floor":37,"key":"FearPotion"},{"floor":39,"key":"Explosive Potion"},{"floor":42,"key":"Swift Potion"},{"floor":44,"key":"LiquidMemories"},{"floor":46,"key":"AttackPotion"},{"floor":47,"key":"Energy Potion"}],"is_trial":true,"path_per_floor":["M","M","?","?","$","E","$","E","T","R","E","R","E","M","R","B",null,"M","M","M","$","M","NM","R","?","T","E","E","M","R","M","R_BF","B",null,"M","M","M","?","E","E","R","E","T","NM","?","M","M","$","R","B","B"],"character_chosen":"DEFECT","items_purchased":["Rainbow+1","Panic Button","Crystallizer","Mirror Shield","infinitespire:Golems Mask","War Paint","Toy Ornithopter","Pondfish Scales","Replay:SS_forest_2"],"campfire_rested":7,"item_purchase_floors":[5,7,48,48,48,48,48,48,48],"current_hp_per_floor":[64,64,64,64,64,64,64,67,77,84,66,66,67,72,72,58,71,78,68,77,77,68,59,86,86,86,88,65,46,78,74,108,62,99,95,68,56,13,20,13,51,59,59,20,20,31,41,44,90,110,0,0],"gold":896,"neow_bonus":"","is_daily":false,"chose_seed":false,"campfire_upgraded":0,"win_rate":0.0,"timestamp":1609610394,"path_taken":["M","M","?","?","?","E","$","E","T","R","E","R","E","?","R","BOSS","M","M","M","$","M","NM","R","?","T","E","?","M","R","M","R_BF","BOSS","M","M","M","?","?","E","R","E","T","NM","?","M","?","$","R","BOSS","BOSS"],"items_purchased_type":["Card","Card","Card","Card","Relic","Relic","Relic","Relic","Card"],"build_version":"2020-12-22","purchased_purges":0,"victory":false,"max_hp_per_floor":[71,71,71,71,71,71,71,74,84,84,66,66,69,72,72,75,75,78,81,84,84,87,90,90,90,90,93,96,99,102,105,108,111,111,114,117,120,123,126,129,129,132,132,135,135,138,141,144,147,150,150,150],"card_choices":[{"not_picked":["Gash","Streamline"],"picked":"Ball Lightning","floor":1},{"not_picked":["Gash","Doom and Gloom"],"picked":"Leap","floor":2},{"not_picked":["Hyperbeam","Amplify"],"picked":"Electrodynamics","floor":6},{"not_picked":["Core Surge","Creative AI"],"picked":"ReplayRNGCard","floor":8},{"not_picked":["Reboot","Buffer"],"picked":"Rainbow","floor":11},{"not_picked":["Core Surge","ReplayRNGCard"],"picked":"Thunder Strike","floor":13},{"not_picked":["Consume","Cold Snap"],"picked":"Conserve Battery","floor":14},{"not_picked":["Fission","Hyperbeam"],"picked":"Rainbow","floor":16},{"not_picked":["Chill","Hologram"],"picked":"Ball Lightning","floor":18},{"not_picked":["Hologram+1","Rebound+1"],"picked":"ReplayTheSpireMod:Dual Polarity","floor":19},{"not_picked":["Go for the Eyes","ReplayTheSpireMod:Repulse+1"],"picked":"BasicCrystalCard+1","floor":20},{"not_picked":["Skim","Barrage"],"picked":"Time Bomb","floor":22},{"not_picked":["ReplayTheSpireMod:Black Plague","infinitespire:DeathsTouch"],"picked":"infinitespire:Collect","floor":23},{"not_picked":["Reboot","Mirror Shield"],"picked":"ReplayTheSpireMod:Fabricate Wheel","floor":23},{"not_picked":["All For One","Seek"],"picked":"Reboot","floor":27},{"not_picked":["Amplify","Seek"],"picked":"ReplayTheSpireMod:Fabricate Wheel","floor":28},{"not_picked":["Cold Snap","Barrage"],"picked":"BootSequence","floor":29},{"not_picked":["Sweeping Beam","Streamline+1","Skim"],"picked":"SKIP","floor":29},{"not_picked":["Compile Driver+1","ReplaySort"],"picked":"Tempest","floor":31},{"not_picked":["Darkness","ReplayTheSpireMod:Reroute Power","Stack"],"picked":"SKIP","floor":31},{"not_picked":["Cold Snap","Chill+1","Beam Cell+1"],"picked":"SKIP","floor":31},{"not_picked":["Cold Snap","Beam Cell+1"],"picked":"Chill+1","floor":31},{"not_picked":["Darkness","ReplayTheSpireMod:Reroute Power","Stack"],"picked":"SKIP","floor":31},{"not_picked":["Go for the Eyes","Cold Snap"],"picked":"White Noise","floor":32},{"not_picked":["Rainbow","ReplayTheSpireMod:Fabricate Wheel"],"picked":"Echo Form","floor":33},{"not_picked":["BasicCrystalCard","Force Field+1"],"picked":"Double Energy+1","floor":35},{"not_picked":["Rebound","BasicCrystalCard"],"picked":"Chaos+1","floor":35},{"not_picked":["Beam Cell+1","BasicCrystalCard"],"picked":"Lockon","floor":35},{"not_picked":["ReplayTheSpireMod:Repulse","Coolheaded"],"picked":"ReplayTheSpireMod:Fabricate Wheel","floor":36},{"not_picked":["ReplayGash+1","Coolheaded"],"picked":"White Noise","floor":36},{"not_picked":["Hologram+1","Streamline"],"picked":"Double Energy","floor":36},{"not_picked":["Sweeping Beam","Gash+1"],"picked":"Panic Button","floor":37},{"not_picked":["Conserve Battery+1","Sweeping Beam"],"picked":"Ball Lightning","floor":37},{"not_picked":["ReplaySolidLightProjector","Streamline","Genetic Algorithm+1"],"picked":"SKIP","floor":37},{"not_picked":["Hello World","Static Discharge+1"],"picked":"Mirror Shield","floor":38},{"not_picked":["Buffer","Amplify"],"picked":"Fission","floor":39},{"not_picked":["ReplayTheSpireMod:Omega Cannon","Thunder Strike"],"picked":"Creative AI","floor":40},{"not_picked":["Electrodynamics","Creative AI"],"picked":"Echo Form","floor":42},{"not_picked":["Electrodynamics","Buffer"],"picked":"Seek","floor":44},{"not_picked":["Lockon+1","ReplaySolidLightProjector+1"],"picked":"Tempest","floor":46},{"not_picked":["Rebound","Compile Driver+1"],"picked":"Ball Lightning+1","floor":46},{"not_picked":["Self Repair","Multi-Cast"],"picked":"ReplayTheSpireMod:Calculation Training+1","floor":46},{"not_picked":["ReplaySolidLightProjector","Hologram","Sweeping Beam"],"picked":"SKIP","floor":46},{"not_picked":["BasicCrystalCard","Conserve Battery","Hologram"],"picked":"SKIP","floor":46},{"not_picked":["BasicCrystalCard","ReplayTheSpireMod:Dual Polarity","Stack"],"picked":"SKIP","floor":46},{"not_picked":["Chaos+1","Go for the Eyes"],"picked":"ReplayTheSpireMod:Calculation Training","floor":47},{"not_picked":["Turbo","Sweeping Beam+1"],"picked":"BootSequence","floor":47},{"not_picked":["Beam Cell","Streamline","Coolheaded+1"],"picked":"SKIP","floor":47},{"not_picked":["BasicCrystalCard","Turbo","Steam"],"picked":"SKIP","floor":47},{"not_picked":["Steam","Force Field+1","Coolheaded"],"picked":"SKIP","floor":47},{"not_picked":["Undo+1","Sweeping Beam","Aggregate+1"],"picked":"SKIP","floor":47},{"not_picked":["Ball Lightning","Conserve Battery"],"picked":"Heatsinks+1","floor":49},{"not_picked":["Hyperbeam","Rainbow"],"picked":"Creative AI","floor":50}],"player_experience":2908774,"relics_obtained":[{"floor":6,"key":"Incense Burner"},{"floor":8,"key":"Replay:Ringing Soul"},{"floor":9,"key":"Pear"},{"floor":11,"key":"infinitespire:Lychee Nut"},{"floor":13,"key":"Potion Belt"},{"floor":23,"key":"Garlic"},{"floor":26,"key":"Shuriken"},{"floor":27,"key":"infinitespire:PuzzleCube"},{"floor":28,"key":"Boot"},{"floor":38,"key":"Bag of Preparation"},{"floor":39,"key":"Quantum Egg"},{"floor":40,"key":"Mummified Hand"},{"floor":42,"key":"Blood Vial"},{"floor":43,"key":"infinitespire:EmpoweringShard"},{"floor":44,"key":"Tiny Chest"}],"event_choices":[{"damage_healed":0,"gold_gain":0,"player_choice":"Paid Gold","damage_taken":0,"relics_obtained":["Dream Catcher"],"max_hp_gain":0,"max_hp_loss":0,"event_name":"WeMeetAgain","floor":25,"gold_loss":66}],"is_beta":false,"boss_relics":[{"not_picked":["Honey Jar","Replay:Grab Bag","Runic Pyramid"]},{"not_picked":["SlaversCollar","conspire:SlowCooker"],"picked":"Nuclear Battery"}],"items_purged_floors":[],"is_endless":true,"potions_floor_spawned":[1,2,11,20,22,28,29,33,37,39,42,44,46,47],"killed_by":"Awakened One","ascension_level":20}}