{"host":"873t0y8ybyo38pfq","time":1609600171,"event":{"mods":["BaseMod","Bestiary","Colored Map","Colored Powertips","Highlight Path","Minty Spire (QoL Compilation)","Quick Restart","RNG Fix","Rare Cards Sparkle","Relic Stats","StSLib"],"gold_per_floor":[114,129,41,41,41,75,75,75,129,129,48,48,92,116,116,211,211,235,63,63,42,122,157,82,19,19,19,37,37,75,75,75,75,75],"floor_reached":33,"playtime":1211,"items_purged":[],"score":624,"play_id":"cd1efbe1-b196-44ea-a3a1-ca6cfd6851dd","local_time":"20210102100931","is_ascension_mode":true,"campfire_choices":[{"data":"Defragment","floor":8,"key":"SMITH"},{"data":"Static Discharge","floor":10,"key":"SMITH"},{"data":"Zap","floor":12,"key":"SMITH"},{"data":"Coolheaded","floor":15,"key":"SMITH"},{"floor":27,"key":"REST"},{"data":"Reboot","floor":29,"key":"SMITH"},{"floor":32,"key":"REST"}],"circlet_count":0,"master_deck":["AscendersBane","Strike_B","Defend_B","Defend_B","Defend_B","Defend_B","Zap+1","Dualcast","Static Discharge+1","Defragment+1","Coolheaded+1","Doom and Gloom","Auto Shields","Rebound","Reboot+1","Consume","Ghostly","Ghostly","Ghostly","Electrodynamics","Skim","Conserve Battery","Biased Cognition","Chaos"],"relics":["Cracked Core","NeowsBlessing","Du-Vu Doll","Blue Candle","Golden Idol","Pen Nib","Vajra","Inserter","Lee\u0027s Waffle","The Courier","Cables","Bottled Lightning","Thread and Needle"],"acts_visited":["Exordium","TheCity"],"potions_floor_usage":[13,21,23],"damage_taken":[{"damage":0,"enemies":"Jaw Worm","floor":1,"turns":1},{"damage":0,"enemies":"2 Louse","floor":2,"turns":1},{"damage":0,"enemies":"Lagavulin","floor":6,"turns":1},{"damage":1,"enemies":"3 Sentries","floor":13,"turns":6},{"damage":0,"enemies":"Cultist","floor":14,"turns":3},{"damage":24,"enemies":"The Guardian","floor":16,"turns":9},{"damage":22,"enemies":"Shell Parasite","floor":18,"turns":5},{"damage":8,"enemies":"2 Thieves","floor":21,"turns":4},{"damage":20,"enemies":"Book of Stabbing","floor":23,"turns":8},{"damage":10,"enemies":"Centurion and Healer","floor":28,"turns":5},{"damage":5,"enemies":"Slavers","floor":30,"turns":3},{"damage":34,"enemies":"Champ","floor":33,"turns":14}],"seed_played":"-829771330258969366","potions_obtained":[{"floor":2,"key":"SkillPotion"},{"floor":13,"key":"BlessingOfTheForge"},{"floor":21,"key":"SkillPotion"}],"is_trial":false,"path_per_floor":["M","M","$","?","$","E","?","R","T","R","$","R","E","M","R","B",null,"M","$","?","M","T","E","?","$","T","R","M","R","E","?","R","B"],"character_chosen":"DEFECT","items_purchased":["Defragment","Doom and Gloom","Lee\u0027s Waffle","Skim"],"campfire_rested":2,"item_purchase_floors":[3,11,19,25],"current_hp_per_floor":[64,64,64,59,59,59,59,59,59,59,59,59,58,58,58,34,57,35,71,35,27,27,7,7,7,7,17,7,7,2,2,12,0,0],"gold":75,"neow_bonus":"THREE_ENEMY_KILL","is_daily":false,"chose_seed":false,"campfire_upgraded":5,"win_rate":0.0,"timestamp":1609600171,"path_taken":["M","M","$","?","$","E","?","R","T","R","?","R","E","M","R","BOSS","M","$","?","?","?","E","?","?","T","R","M","R","E","?","R","BOSS"],"items_purchased_type":["Card","Card","Relic","Card"],"build_version":"2020-12-22","purchased_purges":0,"victory":false,"max_hp_per_floor":[71,71,71,71,71,71,64,64,64,64,64,64,64,64,64,64,64,64,71,35,35,35,35,35,35,35,35,35,35,35,35,35,35,35],"relic_stats":{"Lee\u0027s Waffle":36,"Inserter":[19],"counters":[12,60],"Golden Idol":61,"Blue Candle":[0],"Pen Nib":[3],"obtain_stats":[{"Lee\u0027s Waffle":19,"Inserter":17,"NeowsBlessing":0,"Golden Idol":7,"Blue Candle":6,"Vajra":13,"Thread and Needle":30,"Pen Nib":9,"The Courier":22,"Cables":23,"Du-Vu Doll":4,"Bottled Lightning":26,"Cracked Core":0},{"Lee\u0027s Waffle":7,"Inserter":6,"NeowsBlessing":0,"Golden Idol":3,"Blue Candle":3,"Vajra":4,"Thread and Needle":11,"Pen Nib":3,"The Courier":8,"Cables":9,"Du-Vu Doll":2,"Bottled Lightning":9,"Cracked Core":0},{"Lee\u0027s Waffle":26,"Inserter":21,"NeowsBlessing":0,"Golden Idol":3,"Blue Candle":3,"Vajra":9,"Thread and Needle":46,"Pen Nib":3,"The Courier":30,"Cables":38,"Du-Vu Doll":2,"Bottled Lightning":38,"Cracked Core":0}],"Cables":[21,16,5,0,0]},"card_choices":[{"not_picked":["BootSequence","Stack","Streamline"],"picked":"SKIP","floor":1},{"not_picked":["Streamline","Ball Lightning"],"picked":"Static Discharge","floor":2},{"not_picked":["Hologram","Rebound"],"picked":"Coolheaded","floor":6},{"not_picked":["Reinforced Body","FTL"],"picked":"Auto Shields","floor":13},{"not_picked":["Turbo","Streamline"],"picked":"Rebound","floor":14},{"not_picked":["Amplify","Machine Learning"],"picked":"Reboot","floor":16},{"not_picked":["Turbo+1","Conserve Battery"],"picked":"Consume","floor":18},{"not_picked":["Streamline","Turbo","Steam"],"picked":"SKIP","floor":21},{"not_picked":["Static Discharge","Recycle"],"picked":"Electrodynamics","floor":23},{"not_picked":["Leap","Double Energy"],"picked":"Conserve Battery","floor":28},{"not_picked":["Beam Cell","Heatsinks","Leap"],"picked":"SKIP","floor":30}],"player_experience":1480538,"relics_obtained":[{"floor":6,"key":"Blue Candle"},{"floor":9,"key":"Pen Nib"},{"floor":13,"key":"Vajra"},{"floor":22,"key":"The Courier"},{"floor":23,"key":"Cables"},{"floor":26,"key":"Bottled Lightning"},{"floor":30,"key":"Thread and Needle"}],"event_choices":[{"damage_healed":0,"gold_gain":0,"player_choice":"Success","damage_taken":5,"relics_obtained":["Du-Vu Doll"],"max_hp_gain":0,"max_hp_loss":0,"event_name":"Scrap Ooze","floor":4,"gold_loss":0},{"damage_healed":0,"gold_gain":0,"player_choice":"Lose Max HP","damage_taken":0,"relics_obtained":["Golden Idol"],"max_hp_gain":0,"max_hp_loss":7,"event_name":"Golden Idol","floor":7,"gold_loss":0},{"damage_healed":0,"gold_gain":0,"player_choice":"Became a Ghost","damage_taken":0,"max_hp_gain":0,"max_hp_loss":36,"event_name":"Ghosts","floor":20,"gold_loss":0,"cards_obtained":["Ghostly","Ghostly","Ghostly"]},{"cards_removed":["Strike_B"],"damage_healed":0,"gold_gain":0,"player_choice":"Gave Gold","damage_taken":0,"max_hp_gain":0,"max_hp_loss":0,"event_name":"Beggar","floor":24,"gold_loss":75},{"damage_healed":0,"gold_gain":0,"cards_transformed":["Strike_B","Strike_B"],"player_choice":"Became Test Subject","damage_taken":0,"max_hp_gain":0,"max_hp_loss":0,"event_name":"Drug Dealer","floor":31,"gold_loss":0,"cards_obtained":["Biased Cognition","Chaos"]}],"is_beta":false,"boss_relics":[{"not_picked":["Busted Crown","Runic Pyramid"],"picked":"Inserter"}],"items_purged_floors":[],"is_endless":false,"potions_floor_spawned":[2,13,21],"killed_by":"Champ","ascension_level":20}}