{"host":"g5zc4ej6zn2at89o","time":1609599534,"event":{"mods":["2.2 Compatiblity","AchievementEnabler","BaseMod","Colored Map","DeckTracker","Highlight Path","KOR Keyword Fix","Keyboard Shortcuts","Minty Spire (QoL Compilation)","Permanent Neow","Quick Restart","Say the Spire","StSLib","SuperFastMode","everything is the same but u backflip on backflip"],"gold_per_floor":[116,116,116,116,135,135,210,210,210,240,21,35,65,88,88,192,192,209,229,258,277,289,289,323,323,323,413,423,423,441,441,441,542,542,557,611,611,630,630,630,680,680,704,717,471,471,94,114,114,114,114,114,64,96,96,96],"floor_reached":55,"playtime":3414,"items_purged":["Strike_G","Defend_G","Regret"],"score":691,"play_id":"ca5bbc8a-415a-425d-9694-e1d15dd218b8","local_time":"20210102235854","is_ascension_mode":false,"campfire_choices":[{"data":"Blade Dance","floor":6.0,"key":"SMITH"},{"data":"Blade Dance","floor":8.0,"key":"SMITH"},{"floor":15.0,"key":"REST"},{"data":"Envenom","floor":23,"key":"SMITH"},{"data":"Terror","floor":25,"key":"SMITH"},{"floor":29,"key":"REST"},{"floor":32,"key":"REST"},{"data":"Phantasmal Killer","floor":40,"key":"SMITH"},{"floor":42,"key":"RECALL"},{"data":"After Image","floor":46,"key":"SMITH"},{"data":"1","floor":49,"key":"LIFT"},{"data":"2","floor":52,"key":"LIFT"}],"circlet_count":0,"master_deck":["Strike_G","Strike_G","Strike_G","Defend_G","Defend_G","Survivor+1","Neutralize","Blade Dance+1","Blade Dance+1","Endless Agony","Corpse Explosion+1","After Image+1","Envenom+1","Acrobatics","Terror+1","Deep Breath","Backstab","Phantasmal Killer+1","Blade Dance","Madness","Madness","Sucker Punch+1","Panacea","Dash+1","Setup+1"],"relics":["Ring of the Snake","White Beast Statue","Nunchaku","Blood Vial","MealTicket","Ancient Tea Set","Pen Nib","Black Star","Red Mask","Orichalcum","StoneCalendar","Pantograph","Kunai","Philosopher\u0027s Stone","Pocketwatch","Girya","Lantern","Toy Ornithopter","Paper Crane","Mango","War Paint"],"acts_visited":["Exordium","TheCity","TheBeyond","TheEnding"],"potions_floor_usage":[20,21,22,24,28,33,33,33,33,36,41,41,50,54,55,55],"damage_taken":[{"damage":1.0,"enemies":"Cultist","floor":1.0,"turns":5.0},{"damage":0.0,"enemies":"Jaw Worm","floor":5.0,"turns":3.0},{"damage":20.0,"enemies":"3 Sentries","floor":10.0,"turns":6.0},{"damage":0.0,"enemies":"2 Louse","floor":12.0,"turns":1.0},{"damage":7.0,"enemies":"Gremlin Nob","floor":13.0,"turns":3.0},{"damage":32.0,"enemies":"Hexaghost","floor":16.0,"turns":10.0},{"damage":0.0,"enemies":"Shell Parasite","floor":18.0,"turns":3.0},{"damage":5.0,"enemies":"3 Byrds","floor":19.0,"turns":5.0},{"damage":0,"enemies":"Masked Bandits","floor":20,"turns":2},{"damage":6,"enemies":"Centurion and Healer","floor":21,"turns":3},{"damage":0,"enemies":"3 Cultists","floor":22,"turns":2},{"damage":14,"enemies":"Slavers","floor":24,"turns":3},{"damage":6,"enemies":"Snake Plant","floor":28,"turns":3},{"damage":2,"enemies":"Shelled Parasite and Fungi","floor":30,"turns":3},{"damage":21,"enemies":"Automaton","floor":33,"turns":8},{"damage":0,"enemies":"Orb Walker","floor":35,"turns":2},{"damage":17,"enemies":"2 Orb Walkers","floor":36,"turns":3},{"damage":0,"enemies":"3 Shapes","floor":38,"turns":3},{"damage":21,"enemies":"Mind Bloom Boss Battle","floor":41,"turns":4},{"damage":3,"enemies":"3 Darklings","floor":44,"turns":3},{"damage":1,"enemies":"Spire Growth","floor":48,"turns":4},{"damage":29,"enemies":"Donu and Deca","floor":50,"turns":4},{"damage":20,"enemies":"Shield and Spear","floor":54,"turns":4},{"damage":110,"enemies":"The Heart","floor":55,"turns":6}],"seed_played":"-8952119702768013063","potions_obtained":[{"floor":1.0,"key":"SkillPotion"},{"floor":5.0,"key":"Dexterity Potion"},{"floor":10.0,"key":"BlessingOfTheForge"},{"floor":12.0,"key":"Energy Potion"},{"floor":13.0,"key":"Block Potion"},{"floor":16.0,"key":"DistilledChaos"},{"floor":18.0,"key":"SteroidPotion"},{"floor":19.0,"key":"PowerPotion"},{"floor":20,"key":"SpeedPotion"},{"floor":21,"key":"PowerPotion"},{"floor":22,"key":"Fruit Juice"},{"floor":28,"key":"Energy Potion"},{"floor":30,"key":"EntropicBrew"},{"floor":33,"key":"LiquidBronze"},{"floor":35,"key":"SteroidPotion"},{"floor":36,"key":"Swift Potion"},{"floor":38,"key":"EssenceOfSteel"},{"floor":41,"key":"FairyPotion"},{"floor":44,"key":"ColorlessPotion"},{"floor":48,"key":"PowerPotion"},{"floor":54,"key":"ColorlessPotion"}],"is_trial":false,"path_per_floor":["M","?","?","?","M","R","?","R","T","E","$","M","E","T","R","B",null,"M","M","?","M","M","R","E","R","T","?","M","R","M","T","R","B",null,"M","?","?","M","?","R","?","R","T","M","$","R","$","M","R","B",null,"R","$","E","B"],"character_chosen":"THE_SILENT","items_purchased":["MealTicket","Toy Ornithopter","Paper Crane","PowerPotion"],"campfire_rested":3,"item_purchase_floors":[11,45,47,53],"current_hp_per_floor":[62,59,52,52,52,52,41,41,41,21,21,23,18,18,36,6,63,63,58,60,56,63,63,51,51,51,33,29,49,49,49,68,47,68,68,51,42,44,44,44,47,47,47,46,61,61,68,67,67,39,68,68,68,67,0,0],"gold":96,"neow_bonus":"REMOVE_TWO","is_daily":false,"chose_seed":false,"campfire_upgraded":6,"win_rate":0.0,"timestamp":1609599534,"path_taken":["M","?","?","?","?","R","?","R","T","E","?","M","E","?","R","BOSS","M","M","?","M","M","R","E","R","T","?","?","R","M","?","R","BOSS","M","?","?","M","?","R","?","R","T","M","$","R","?","M","R","BOSS","R","$","E","BOSS"],"items_purchased_type":["Relic","Relic","Relic","Potion"],"build_version":"2020-12-22","purchased_purges":3,"victory":false,"max_hp_per_floor":[63,63,63,63,63,63,63,63,63,63,63,63,63,63,63,63,63,63,63,63,63,68,68,68,68,68,68,68,68,68,68,68,68,68,68,68,68,68,68,68,68,68,68,68,68,68,68,68,68,68,68,68,68,82,82,82],"card_choices":[{"not_picked":["Reflex","Deflect"],"picked":"Blade Dance","floor":1.0},{"not_picked":["Backflip","Cloak And Dagger"],"picked":"Blade Dance","floor":5.0},{"not_picked":["Sucker Punch","Tactician"],"picked":"Endless Agony","floor":10.0},{"not_picked":["Sucker Punch","Dagger Throw"],"picked":"Corpse Explosion","floor":12.0},{"not_picked":["A Thousand Cuts","Deadly Poison"],"picked":"After Image","floor":13.0},{"not_picked":["Malaise","Tools of the Trade"],"picked":"Envenom","floor":16.0},{"not_picked":["Riddle With Holes","Eviscerate"],"picked":"Acrobatics","floor":18.0},{"not_picked":["Quick Slash","Slice","Crippling Poison"],"picked":"SKIP","floor":19.0},{"not_picked":["Deadly Poison","Flechettes+1"],"picked":"Terror","floor":20},{"not_picked":["Riddle With Holes","Sucker Punch","Terror"],"picked":"SKIP","floor":21},{"not_picked":["Calculated Gamble","Leg Sweep","Slice+1"],"picked":"SKIP","floor":22},{"not_picked":["Tactician","Well Laid Plans","Bouncing Flask"],"picked":"SKIP","floor":24},{"not_picked":["Heel Hook","Bouncing Flask"],"picked":"Backstab","floor":28},{"not_picked":["Dagger Throw","Slice","Heel Hook"],"picked":"SKIP","floor":30},{"not_picked":["Venomology","Grand Finale"],"picked":"Phantasmal Killer","floor":33},{"not_picked":["Blade Dance","Acrobatics","Backflip"],"picked":"SKIP","floor":35},{"not_picked":["Slice+1","Dodge and Roll+1"],"picked":"Blade Dance","floor":36},{"not_picked":["Bouncing Flask","Poisoned Stab"],"picked":"Sucker Punch+1","floor":38},{"not_picked":["Dramatic Entrance","Finesse"],"picked":"Panacea","floor":39},{"not_picked":["Blade Dance+1","Infinite Blades+1"],"picked":"Dash+1","floor":41},{"not_picked":["Setup+1","Prepared","Outmaneuver+1"],"picked":"SKIP","floor":44},{"not_picked":["Dagger Spray+1","Backstab","Cloak And Dagger+1"],"picked":"SKIP","floor":48},{"not_picked":["Sucker Punch+1","Expertise"],"picked":"Setup+1","floor":54}],"player_experience":115122,"relics_obtained":[{"floor":10.0,"key":"Blood Vial"},{"floor":13.0,"key":"Ancient Tea Set"},{"floor":14.0,"key":"Pen Nib"},{"floor":20,"key":"Red Mask"},{"floor":24,"key":"Orichalcum"},{"floor":24,"key":"StoneCalendar"},{"floor":26,"key":"Pantograph"},{"floor":31,"key":"Kunai"},{"floor":36,"key":"Pocketwatch"},{"floor":41,"key":"Girya"},{"floor":43,"key":"Lantern"},{"floor":54,"key":"Mango"},{"floor":54,"key":"War Paint"}],"event_choices":[{"damage_healed":0.0,"max_hp_gain":0.0,"max_hp_loss":0.0,"gold_gain":0.0,"event_name":"Scrap Ooze","player_choice":"Success","floor":2.0,"gold_loss":0.0,"damage_taken":3.0,"relics_obtained":["White Beast Statue"]},{"cards_removed":["Defend_G"],"damage_healed":0.0,"max_hp_gain":0.0,"max_hp_loss":0.0,"gold_gain":0.0,"event_name":"Golden Wing","player_choice":"Card Removal","floor":3.0,"gold_loss":0.0,"damage_taken":7.0},{"damage_healed":0.0,"max_hp_gain":0.0,"max_hp_loss":0.0,"gold_gain":0.0,"event_name":"Big Fish","player_choice":"Box","floor":4.0,"gold_loss":0.0,"damage_taken":0.0,"relics_obtained":["Nunchaku"],"cards_obtained":["Regret"]},{"damage_healed":0.0,"max_hp_gain":0.0,"max_hp_loss":0.0,"gold_gain":75.0,"event_name":"World of Goop","player_choice":"Gather Gold","floor":7.0,"gold_loss":0.0,"damage_taken":11.0},{"damage_healed":0,"gold_gain":0,"player_choice":"Fought Bandits","damage_taken":0,"max_hp_gain":0,"max_hp_loss":0,"event_name":"Masked Bandits","floor":20,"gold_loss":0},{"damage_healed":0,"gold_gain":90,"player_choice":"GOLD CARD ","damage_taken":18,"max_hp_gain":0,"max_hp_loss":0,"event_name":"Knowing Skull","floor":27,"potions_obtained":[],"gold_loss":0,"cards_obtained":["Deep Breath"]},{"damage_healed":0,"gold_gain":0,"player_choice":"Fight","damage_taken":0,"max_hp_gain":0,"max_hp_loss":0,"event_name":"Mysterious Sphere","floor":36,"gold_loss":0},{"damage_healed":0,"gold_gain":0,"player_choice":"Embrace Madness","damage_taken":9,"max_hp_gain":0,"max_hp_loss":0,"event_name":"Winding Halls","floor":37,"gold_loss":0,"cards_obtained":["Madness","Madness"]},{"damage_healed":0,"gold_gain":0,"player_choice":"Memory 1","damage_taken":0,"max_hp_gain":0,"max_hp_loss":0,"event_name":"SensoryStone","floor":39,"gold_loss":0},{"damage_healed":0,"gold_gain":0,"player_choice":"Fight","damage_taken":0,"max_hp_gain":0,"max_hp_loss":0,"event_name":"MindBloom","floor":41,"gold_loss":0}],"is_beta":false,"boss_relics":[{"not_picked":["Velvet Choker","Snecko Eye"],"picked":"Black Star"},{"not_picked":["HoveringKite","Sozu"],"picked":"Philosopher\u0027s Stone"}],"items_purged_floors":[11,45,47],"is_endless":false,"potions_floor_spawned":[1,5,10,12,13,16,18,19,20,21,22,28,30,33,35,36,38,41,44,48,54],"killed_by":"The Heart","ascension_level":0}}