{"host":"hgkb2zpbo2dcws21","time":1609602874,"event":{"mods":["AchievementEnabler","BaseMod","Colored Map","Colored Powertips","Custom Start","DeckTracker","KOR Keyword Fix","Minty Spire (QoL Compilation)","Relic Stats","StSLib","SuperFastMode"],"gold_per_floor":[112,132,282,207,207,241,241,241,323,118,118,143,143,153,153,224,224,195,213,213,213],"floor_reached":20,"playtime":451,"items_purged":["Doubt","Defend_P"],"score":379,"play_id":"916dda18-05af-46a4-9616-cd8dd5f3a155","local_time":"20210103005434","is_ascension_mode":true,"campfire_choices":[{"data":"Eruption","floor":7,"key":"SMITH"},{"data":"SashWhip","floor":11,"key":"SMITH"},{"floor":13,"key":"REST"},{"data":"Vigilance","floor":15,"key":"SMITH"}],"circlet_count":0,"master_deck":["AscendersBane","Strike_P+1","Strike_P","Strike_P","Strike_P+1","Defend_P","Defend_P","Defend_P+1","Eruption+1","Vigilance+1","PathToVictory+1","SashWhip+1","LessonLearned","Wallop","EmptyBody+1","SpiritShield"],"relics":["PureWater","NeowsBlessing","Ice Cream","Happy Flower","The Courier","Boot","VioletLotus"],"acts_visited":["Exordium","TheCity"],"potions_floor_usage":[],"damage_taken":[{"damage":0,"enemies":"Cultist","floor":1,"turns":1},{"damage":0,"enemies":"Jaw Worm","floor":2,"turns":1},{"damage":0,"enemies":"Lagavulin","floor":6,"turns":1},{"damage":37,"enemies":"3 Sentries","floor":12,"turns":8},{"damage":0,"enemies":"Small Slimes","floor":14,"turns":1},{"damage":35,"enemies":"Hexaghost","floor":16,"turns":12},{"damage":12,"enemies":"2 Thieves","floor":18,"turns":5},{"damage":16,"enemies":"Chosen","floor":19,"turns":6},{"damage":26,"enemies":"3 Cultists","floor":20,"turns":5}],"seed_played":"-3947377902912072644","potions_obtained":[{"floor":6,"key":"BlessingOfTheForge"},{"floor":14,"key":"FairyPotion"},{"floor":19,"key":"AttackPotion"}],"is_trial":false,"path_per_floor":["M","M","?","$","?","E","R","T","T","$","R","E","R","M","R","B",null,"M","M","M"],"character_chosen":"WATCHER","items_purchased":["LessonLearned"],"campfire_rested":1,"item_purchase_floors":[10],"current_hp_per_floor":[61,61,61,61,41,41,41,41,41,41,41,4,24,24,24,12,54,42,26,0,0],"gold":213,"neow_bonus":"THREE_ENEMY_KILL","is_daily":false,"chose_seed":false,"campfire_upgraded":3,"win_rate":0.0,"timestamp":1609602874,"path_taken":["M","?","?","$","?","E","R","?","T","$","R","E","R","?","R","BOSS","M","M","M"],"items_purchased_type":["Card"],"build_version":"2020-12-22","purchased_purges":2,"victory":false,"max_hp_per_floor":[68,68,68,68,68,68,68,68,68,68,68,68,68,68,68,68,68,68,68,68,68],"relic_stats":{"Happy Flower":[12],"counters":[9,40],"VioletLotus":[2],"Boot":[6],"obtain_stats":[{"Ice Cream":6,"NeowsBlessing":0,"Happy Flower":8,"The Courier":9,"VioletLotus":17,"PureWater":0,"Boot":12},{"Ice Cream":3,"NeowsBlessing":0,"Happy Flower":3,"The Courier":3,"VioletLotus":6,"PureWater":0,"Boot":4},{"Ice Cream":3,"NeowsBlessing":0,"Happy Flower":3,"The Courier":3,"VioletLotus":24,"PureWater":0,"Boot":11}]},"card_choices":[{"not_picked":["Consecrate","Sanctity"],"picked":"PathToVictory","floor":1},{"not_picked":["EmptyFist","LikeWater","WaveOfTheHand"],"picked":"SKIP","floor":2},{"not_picked":["CrushJoints","FlyingSleeves"],"picked":"SashWhip","floor":6},{"not_picked":["EmptyMind","Worship"],"picked":"Wallop","floor":12},{"not_picked":["ForeignInfluence","WreathOfFlame"],"picked":"EmptyBody","floor":14},{"not_picked":["ConjureBlade","Omniscience"],"picked":"SpiritShield","floor":16},{"not_picked":["BowlingBash","FollowUp","ClearTheMind"],"picked":"SKIP","floor":18},{"not_picked":["WindmillStrike","EmptyBody+1","Evaluate"],"picked":"SKIP","floor":19}],"player_experience":1125308,"relics_obtained":[{"floor":6,"key":"Ice Cream"},{"floor":8,"key":"Happy Flower"},{"floor":9,"key":"The Courier"},{"floor":12,"key":"Boot"}],"event_choices":[{"damage_healed":0,"gold_gain":150,"player_choice":"AGREE","damage_taken":0,"max_hp_gain":0,"max_hp_loss":0,"event_name":"Liars Game","floor":3,"gold_loss":0,"cards_obtained":["Doubt"]},{"damage_healed":0,"gold_gain":0,"player_choice":"Entered Light","damage_taken":20,"max_hp_gain":0,"max_hp_loss":0,"event_name":"Shining Light","floor":5,"gold_loss":0,"cards_upgraded":["Strike_P","PathToVictory"]}],"is_beta":false,"boss_relics":[{"not_picked":["Ectoplasm","Busted Crown"],"picked":"VioletLotus"}],"items_purged_floors":[4,10],"is_endless":false,"potions_floor_spawned":[6,14,19],"killed_by":"3 Cultists","ascension_level":17}}