{"host":"l12hrjjiowxu1z6t","time":1609551584,"event":{"mods":["AchievementEnabler","BaseMod","Colored Map","Colored Powertips","Highlight Path","Minty Spire (QoL Compilation)","Relic Stats"],"gold_per_floor":[119,69,81,96,96,128,128,128,128,143,155,181,245,263,263,363,363,375,375,4,24,41,70,90,105,128,141,141,170,22,37,37,137,137,148,160,0,0,0,0,29,29,104,120,120,139,192,92,92,92],"floor_reached":51,"playtime":3096,"items_purged":["Strike_R","Strike_R"],"score":854,"play_id":"57852846-b28d-40a3-b9ea-fd3325b34c6b","local_time":"20210102013944","is_ascension_mode":false,"campfire_choices":[{"floor":8,"key":"REST"},{"floor":15,"key":"REST"},{"floor":28,"key":"REST"},{"data":"Double Tap","floor":32,"key":"SMITH"},{"floor":40,"key":"REST"},{"floor":42,"key":"REST"},{"data":"1","floor":45,"key":"LIFT"},{"floor":49,"key":"REST"}],"circlet_count":0,"master_deck":["Strike_R+1","Strike_R","Defend_R","Defend_R","Defend_R","Bash+1","Clothesline","Bloodletting","Clash+1","Sword Boomerang","Pommel Strike","Offering","Flex","Uppercut","Bludgeon","Heavy Blade","Feed+1","Intimidate+1","Anger","Double Tap+1","Twin Strike+1","Limit Break","Dual Wield+1","Chrysalis","Seeing Red","Inflame+1","Wild Strike+1","Blood for Blood"],"relics":["Burning Blood","Thread and Needle","Strawberry","Blood Vial","Sozu","Nloth\u0027s Gift","Girya","CaptainsWheel","Oddly Smooth Stone","Whetstone","Lee\u0027s Waffle","Philosopher\u0027s Stone","Red Mask","Centennial Puzzle","Meat on the Bone","Pocketwatch"],"acts_visited":["Exordium","TheCity","TheBeyond"],"potions_floor_usage":[6,12,23,27,47],"damage_taken":[{"damage":6,"enemies":"Jaw Worm","floor":1,"turns":3},{"damage":5,"enemies":"Small Slimes","floor":3,"turns":4},{"damage":5,"enemies":"2 Louse","floor":4,"turns":3},{"damage":22,"enemies":"Lagavulin","floor":6,"turns":5},{"damage":6,"enemies":"Looter","floor":10,"turns":2},{"damage":11,"enemies":"Exordium Thugs","floor":11,"turns":3},{"damage":2,"enemies":"Gremlin Nob","floor":12,"turns":3},{"damage":25,"enemies":"Lagavulin Event","floor":13,"turns":4},{"damage":3,"enemies":"3 Louse","floor":14,"turns":3},{"damage":45,"enemies":"The Guardian","floor":16,"turns":10},{"damage":14,"enemies":"2 Thieves","floor":18,"turns":2},{"damage":9,"enemies":"Chosen","floor":21,"turns":3},{"damage":17,"enemies":"Snake Plant","floor":22,"turns":3},{"damage":48,"enemies":"Slavers","floor":23,"turns":5},{"damage":9,"enemies":"3 Cultists","floor":24,"turns":5},{"damage":21,"enemies":"Centurion and Healer","floor":25,"turns":4},{"damage":10,"enemies":"Shelled Parasite and Fungi","floor":27,"turns":6},{"damage":6,"enemies":"Gremlin Leader","floor":29,"turns":3},{"damage":6,"enemies":"3 Cultists","floor":31,"turns":5},{"damage":91,"enemies":"Champ","floor":33,"turns":8},{"damage":29,"enemies":"3 Shapes","floor":35,"turns":4},{"damage":26,"enemies":"3 Darklings","floor":36,"turns":5},{"damage":78,"enemies":"Reptomancer","floor":41,"turns":9},{"damage":24,"enemies":"Jaw Worm Horde","floor":44,"turns":5},{"damage":15,"enemies":"4 Shapes","floor":46,"turns":3},{"damage":19,"enemies":"2 Orb Walkers","floor":47,"turns":4},{"damage":26,"enemies":"Donu and Deca","floor":50,"turns":4}],"seed_played":"955263189751736765","potions_obtained":[{"floor":3,"key":"Fire Potion"},{"floor":4,"key":"HeartOfIron"},{"floor":10,"key":"BlessingOfTheForge"},{"floor":11,"key":"ElixirPotion"},{"floor":14,"key":"CultistPotion"}],"is_trial":false,"path_per_floor":["M","?","M","M","?","E","?","R","T","M","M","E","?","M","R","B",null,"M","?","$","M","M","E","M","M","T","M","R","E","$","M","R","B",null,"M","M","?","?","$","R","E","R","T","M","R","M","?","$","R","B",null],"character_chosen":"IRONCLAD","items_purchased":["Girya","Lee\u0027s Waffle"],"campfire_rested":6,"item_purchase_floors":[20,30],"current_hp_per_floor":[80,80,80,80,73,57,41,65,65,65,60,71,52,57,83,46,87,79,79,79,78,69,32,31,18,18,16,43,45,97,101,101,16,101,82,68,68,68,68,100,30,62,62,58,58,63,64,64,96,78],"gold":92,"neow_bonus":"RANDOM_COMMON_RELIC","is_daily":false,"chose_seed":false,"campfire_upgraded":1,"win_rate":0.0,"timestamp":1609551584,"path_taken":["M","?","M","M","?","E","?","R","T","M","M","E","?","M","R","BOSS","M","?","$","M","M","E","M","M","T","M","R","E","?","?","R","BOSS","M","M","?","?","?","R","E","R","T","M","R","M","?","$","R","BOSS"],"items_purchased_type":["Relic","Relic"],"build_version":"2020-12-22","purchased_purges":2,"victory":true,"max_hp_per_floor":[80,80,80,80,80,80,80,80,80,80,80,87,87,87,87,87,87,87,87,87,87,87,90,90,90,90,90,90,90,97,101,101,101,101,105,109,109,109,109,109,109,109,109,109,109,109,109,109,109,109],"relic_stats":{"Blood Vial":30,"Sozu":6,"Lee\u0027s Waffle":52,"Centennial Puzzle":[12],"counters":[27,118],"Nloth\u0027s Gift":4,"Whetstone":["Bash","Feed"],"obtain_stats":[{"Potion Belt":0,"Girya":20,"Lee\u0027s Waffle":30,"Oddly Smooth Stone":26,"Thread and Needle":6,"Whetstone":29,"Burning Blood":0,"Blood Vial":13,"Sozu":17,"CaptainsWheel":23,"Centennial Puzzle":41,"Strawberry":12,"Philosopher\u0027s Stone":34,"Nloth\u0027s Gift":19,"Red Mask":37,"Meat on the Bone":43,"Pocketwatch":47},{"Potion Belt":0,"Girya":11,"Lee\u0027s Waffle":18,"Oddly Smooth Stone":16,"Thread and Needle":4,"Whetstone":18,"Burning Blood":0,"Blood Vial":8,"Sozu":10,"CaptainsWheel":14,"Centennial Puzzle":23,"Strawberry":7,"Philosopher\u0027s Stone":20,"Nloth\u0027s Gift":11,"Red Mask":22,"Meat on the Bone":23,"Pocketwatch":26},{"Potion Belt":0,"Girya":42,"Lee\u0027s Waffle":71,"Oddly Smooth Stone":62,"Thread and Needle":15,"Whetstone":71,"Burning Blood":0,"Blood Vial":27,"Sozu":40,"CaptainsWheel":53,"Centennial Puzzle":102,"Strawberry":23,"Philosopher\u0027s Stone":84,"Nloth\u0027s Gift":42,"Red Mask":93,"Meat on the Bone":102,"Pocketwatch":114}],"Burning Blood":160,"Meat on the Bone":36,"Pocketwatch":[2]},"card_choices":[{"not_picked":["True Grit","Power Through"],"picked":"Clothesline","floor":1},{"not_picked":["Whirlwind","Reckless Charge"],"picked":"Bloodletting","floor":3},{"not_picked":["Body Slam","Iron Wave"],"picked":"Clash","floor":4},{"not_picked":["Entrench","Seeing Red"],"picked":"Sword Boomerang","floor":6},{"not_picked":["Entrench","Pommel Strike","Clothesline"],"picked":"SKIP","floor":10},{"not_picked":["Shrug It Off","Wild Strike"],"picked":"Pommel Strike","floor":11},{"not_picked":["Sever Soul","Heavy Blade"],"picked":"Offering","floor":12},{"not_picked":["Wild Strike","Dropkick"],"picked":"Flex","floor":13},{"not_picked":["Shrug It Off","Clash"],"picked":"Uppercut","floor":14},{"not_picked":["Berserk","Juggernaut"],"picked":"Bludgeon","floor":16},{"not_picked":["Clothesline","Wild Strike+1"],"picked":"Heavy Blade","floor":18},{"not_picked":["Warcry+1","Rage+1","Sword Boomerang"],"picked":"SKIP","floor":21},{"not_picked":["Intimidate+1","Armaments"],"picked":"Feed","floor":22},{"not_picked":["Offering","Entrench+1","Ghostly Armor"],"picked":"SKIP","floor":23},{"not_picked":["Combust+1","Iron Wave"],"picked":"Intimidate+1","floor":24},{"not_picked":["Shockwave","Perfected Strike"],"picked":"Anger","floor":25},{"not_picked":["Flame Barrier+1","Warcry"],"picked":"Double Tap","floor":27},{"not_picked":["Offering","Barricade","Wild Strike"],"picked":"SKIP","floor":29},{"not_picked":["Searing Blow+1","Limit Break"],"picked":"Twin Strike+1","floor":31},{"not_picked":["Corruption","Double Tap"],"picked":"Limit Break","floor":33},{"not_picked":["Sword Boomerang","Warcry+1"],"picked":"Dual Wield+1","floor":35},{"not_picked":["Searing Blow","Evolve+1","Warcry+1"],"picked":"SKIP","floor":36},{"not_picked":["Panacea","Purity"],"picked":"Chrysalis","floor":38},{"not_picked":["Entrench+1","Immolate"],"picked":"Seeing Red","floor":41},{"not_picked":["Flex","Reckless Charge"],"picked":"Inflame+1","floor":44},{"not_picked":["Sword Boomerang","Pommel Strike"],"picked":"Wild Strike+1","floor":46},{"not_picked":["Shrug It Off+1","Second Wind+1"],"picked":"Blood for Blood","floor":47}],"player_experience":62112,"relics_obtained":[{"floor":6,"key":"Thread and Needle"},{"floor":12,"key":"Strawberry"},{"floor":13,"key":"Blood Vial"},{"floor":23,"key":"CaptainsWheel"},{"floor":26,"key":"Oddly Smooth Stone"},{"floor":29,"key":"Whetstone"},{"floor":41,"key":"Centennial Puzzle"},{"floor":43,"key":"Meat on the Bone"},{"floor":47,"key":"Pocketwatch"}],"event_choices":[{"cards_removed":["Strike_R"],"damage_healed":0,"gold_gain":0,"player_choice":"Card Removal","damage_taken":0,"max_hp_gain":0,"max_hp_loss":0,"event_name":"The Cleric","floor":2,"gold_loss":50},{"cards_removed":["Defend_R"],"damage_healed":0,"gold_gain":0,"player_choice":"Card Removal","damage_taken":7,"max_hp_gain":0,"max_hp_loss":0,"event_name":"Golden Wing","floor":5,"gold_loss":0},{"damage_healed":0,"gold_gain":0,"player_choice":"Entered Light","damage_taken":16,"max_hp_gain":0,"max_hp_loss":0,"event_name":"Shining Light","floor":7,"gold_loss":0,"cards_upgraded":["Clash","Strike_R"]},{"damage_healed":0,"gold_gain":30,"player_choice":"Searched \u00273\u0027 times","damage_taken":0,"max_hp_gain":0,"max_hp_loss":0,"event_name":"Dead Adventurer","floor":13,"gold_loss":0},{"damage_healed":0,"gold_gain":0,"player_choice":"Traded Relic","damage_taken":0,"relics_obtained":["Nloth\u0027s Gift"],"max_hp_gain":0,"max_hp_loss":0,"event_name":"N\u0027loth","floor":19,"relics_lost":["Potion Belt"],"gold_loss":0},{"damage_healed":0,"gold_gain":0,"player_choice":"Paid","damage_taken":0,"relics_obtained":["Red Mask"],"max_hp_gain":0,"max_hp_loss":0,"event_name":"Tomb of Lord Red Mask","floor":37,"gold_loss":160},{"damage_healed":0,"gold_gain":0,"player_choice":"Memory 1","damage_taken":0,"max_hp_gain":0,"max_hp_loss":0,"event_name":"SensoryStone","floor":38,"gold_loss":0},{"damage_healed":0,"gold_gain":0,"player_choice":"Fight","damage_taken":0,"max_hp_gain":0,"max_hp_loss":0,"event_name":"Mysterious Sphere","floor":47,"gold_loss":0}],"is_beta":false,"boss_relics":[{"not_picked":["SlaversCollar","Black Star"],"picked":"Sozu"},{"not_picked":["Empty Cage","Runic Cube"],"picked":"Philosopher\u0027s Stone"}],"items_purged_floors":[20,48],"is_endless":false,"potions_floor_spawned":[3,4,10,11,14,23,27,33,35,44,47],"ascension_level":0}}