{"host":"sxnl403xm2xmiyj1","time":1609601025,"event":{"mods":["AchievementEnabler","BaseMod","Colored Map","Keyboard Shortcuts","Minty Spire (QoL Compilation)","Quick Restart","StSLib","SuperFastMode"],"gold_per_floor":[359,16,34,53,72,72,101,101,125,142,160,195,207,229,241,350,362,394,305,322,338,37,64,64,99,125,125,139,139,155,20,20,20,20],"floor_reached":33,"playtime":766,"items_purged":["Defend_G","Strike_G"],"score":558,"play_id":"89a98f9e-5369-4c39-8fbe-c7959e118790","local_time":"20210103002345","is_ascension_mode":true,"campfire_choices":[{"data":"Prepared","floor":6.0,"key":"SMITH"},{"data":"Deadly Poison","floor":8.0,"key":"SMITH"},{"floor":13.0,"key":"REST"},{"data":"Bane","floor":15.0,"key":"SMITH"},{"data":"Noxious Fumes","floor":24.0,"key":"SMITH"},{"data":"Tactician","floor":27.0,"key":"SMITH"},{"floor":29.0,"key":"REST"},{"data":"Tactician","floor":32.0,"key":"SMITH"}],"circlet_count":0,"master_deck":["AscendersBane","Strike_G","Strike_G","Defend_G","Defend_G","Defend_G","Defend_G","Survivor","Neutralize","PiercingWail","Prepared+1","Poisoned Stab","Sucker Punch","Deadly Poison+1","Dagger Throw","Poisoned Stab","Bane+1","Crippling Poison","Adrenaline","Bane","Deadly Poison","Deflect","PiercingWail","Noxious Fumes+1","Deadly Poison","Underhanded Strike","Footwork","Tactician+1","Crippling Poison","Tactician+1","Dodge and Roll"],"relics":["Ring of the Snake","Tough Bandages","Potion Belt","Bag of Marbles","MawBank","Empty Cage","Anchor","Smiling Mask","Happy Flower","Akabeko"],"acts_visited":["Exordium","TheCity"],"potions_floor_usage":[33],"damage_taken":[{"damage":3.0,"enemies":"Cultist","floor":1.0,"turns":5.0},{"damage":2.0,"enemies":"Jaw Worm","floor":3.0,"turns":9.0},{"damage":0.0,"enemies":"2 Louse","floor":4.0,"turns":4.0},{"damage":0.0,"enemies":"Red Slaver","floor":5.0,"turns":5.0},{"damage":23.0,"enemies":"3 Sentries","floor":7.0,"turns":10.0},{"damage":0.0,"enemies":"3 Louse","floor":10.0,"turns":4.0},{"damage":1.0,"enemies":"Large Slime","floor":11.0,"turns":6.0},{"damage":2.0,"enemies":"Gremlin Nob","floor":12.0,"turns":4.0},{"damage":8.0,"enemies":"Blue Slaver","floor":14.0,"turns":2.0},{"damage":0.0,"enemies":"The Guardian","floor":16.0,"turns":9.0},{"damage":5.0,"enemies":"2 Thieves","floor":18.0,"turns":4.0},{"damage":5.0,"enemies":"3 Byrds","floor":20.0,"turns":5.0},{"damage":1.0,"enemies":"Cultist and Chosen","floor":21.0,"turns":5.0},{"damage":1.0,"enemies":"Slavers","floor":23.0,"turns":6.0},{"damage":22.0,"enemies":"Book of Stabbing","floor":25.0,"turns":6.0},{"damage":19.0,"enemies":"Snecko","floor":28.0,"turns":6.0},{"damage":0.0,"enemies":"Snake Plant","floor":30.0,"turns":3.0},{"damage":28,"enemies":"Automaton","floor":33,"turns":8}],"seed_played":"-7213053825693596302","potions_obtained":[{"floor":1.0,"key":"Swift Potion"},{"floor":3.0,"key":"Fruit Juice"},{"floor":5.0,"key":"Dexterity Potion"},{"floor":7.0,"key":"Block Potion"},{"floor":14.0,"key":"LiquidMemories"},{"floor":20.0,"key":"BlessingOfTheForge"},{"floor":23.0,"key":"Fire Potion"},{"floor":28.0,"key":"EssenceOfSteel"}],"is_trial":false,"path_per_floor":["M","$","M","M","M","R","E","R","T","M","M","E","R","M","R","B",null,"M","$","M","M","$","E","R","E","T","R","M","R","M","$","R","B"],"character_chosen":"THE_SILENT","items_purchased":["Tough Bandages","Prepared","Deadly Poison","Noxious Fumes","Deadly Poison","Anchor","Underhanded Strike","Tactician","Dodge and Roll"],"campfire_rested":2,"item_purchase_floors":[2,2,19,22,22,22,22,31,31],"current_hp_per_floor":[42,42,45,45,45,45,22,22,22,22,21,19,41,33,33,33,65,60,60,55,54,54,53,53,31,31,31,12,34,34,34,34,6,6],"gold":20,"neow_bonus":"TWO_FIFTY_GOLD","is_daily":false,"chose_seed":false,"campfire_upgraded":6,"win_rate":0.0,"timestamp":1609601025,"path_taken":["M","$","M","M","M","R","E","R","T","M","M","E","R","M","R","BOSS","M","$","M","M","$","E","R","E","T","R","M","R","?","$","R","BOSS"],"items_purchased_type":["Relic","Card","Card","Card","Card","Relic","Card","Card","Card"],"build_version":"2020-12-22","purchased_purges":2,"victory":false,"max_hp_per_floor":[70,70,75,75,75,75,75,75,75,75,75,75,75,75,75,75,75,75,75,75,75,75,75,75,75,75,75,75,75,75,75,75,75,75],"card_choices":[{"not_picked":["Distraction","All Out Attack"],"picked":"PiercingWail","floor":1.0},{"not_picked":["Dodge and Roll","Riddle With Holes"],"picked":"Poisoned Stab","floor":3.0},{"not_picked":["Bane","Riddle With Holes"],"picked":"Sucker Punch","floor":4.0},{"not_picked":["Distraction","Dodge and Roll"],"picked":"Deadly Poison","floor":5.0},{"not_picked":["Finisher","Flechettes","Sucker Punch"],"picked":"SKIP","floor":7.0},{"not_picked":["Skewer","Slice"],"picked":"Dagger Throw","floor":10.0},{"not_picked":["Deflect","Backstab"],"picked":"Poisoned Stab","floor":11.0},{"not_picked":["Prepared","Venomology"],"picked":"Bane","floor":12.0},{"not_picked":["Sucker Punch","Eviscerate"],"picked":"Crippling Poison","floor":14.0},{"not_picked":["Storm of Steel","Grand Finale"],"picked":"Adrenaline","floor":16.0},{"not_picked":["Quick Slash+1","Backflip"],"picked":"Bane","floor":18.0},{"not_picked":["Slice","Flying Knee"],"picked":"Deflect","floor":20.0},{"not_picked":["Dagger Spray+1","Underhanded Strike"],"picked":"PiercingWail","floor":21.0},{"not_picked":["Caltrops","Flechettes+1"],"picked":"Footwork","floor":23.0},{"not_picked":["Bouncing Flask","Accuracy"],"picked":"Tactician","floor":25.0},{"not_picked":["Phantasmal Killer","Quick Slash","Sucker Punch"],"picked":"SKIP","floor":28.0},{"not_picked":["Blade Dance","Setup"],"picked":"Crippling Poison","floor":30.0}],"player_experience":147529,"relics_obtained":[{"floor":7.0,"key":"Potion Belt"},{"floor":9.0,"key":"Bag of Marbles"},{"floor":12.0,"key":"MawBank"},{"floor":23.0,"key":"Smiling Mask"},{"floor":25.0,"key":"Happy Flower"},{"floor":26.0,"key":"Akabeko"}],"event_choices":[],"is_beta":false,"boss_relics":[{"not_picked":["Ectoplasm","SlaversCollar"],"picked":"Empty Cage"}],"items_purged_floors":[19,31],"is_endless":false,"potions_floor_spawned":[1,3,5,7,14,20,23,28],"killed_by":"Automaton","ascension_level":12}}