{"host":"ifw7cdx76lcpw3w9","time":1609572504,"event":{"mods":["AchievementEnabler","Act Like it!","BaseMod","Duelist Mod","Elementarium","Friendly Minions","Minty Spire (QoL Compilation)","StSLib"],"gold_per_floor":[138,138,156,156,81,116,116],"floor_reached":6,"playtime":284,"items_purged":["theDuelist:Sparks"],"score":104,"play_id":"0b901eb8-0802-4a91-93c7-f5855906bd55","local_time":"20210102002824","is_ascension_mode":true,"campfire_choices":[],"circlet_count":0,"master_deck":["AscendersBane","theDuelist:BabyDragon","theDuelist:CastleWalls","theDuelist:CastleWalls","theDuelist:CaveDragon","theDuelist:CaveDragon","theDuelist:LesserDragon","theDuelist:LesserDragon","theDuelist:YamataDragon","theDuelist:GravityLash","theDuelist:RainbowOverdragon","theDuelist:CoreBlaster"],"relics":["theDuelist:MillenniumPuzzle","theDuelist:CardPoolRelic","theDuelist:CardPoolBasicRelic","theDuelist:BoosterPackPoolRelic","theDuelist:CardPoolAddRelic","theDuelist:CardPoolMinusRelic","theDuelist:CardPoolSaveRelic","theDuelist:CardPoolOptionsRelic","NeowsBlessing","Bottled Lightning"],"acts_visited":["Exordium"],"potions_floor_usage":[],"damage_taken":[{"damage":0.0,"enemies":"2 Louse","floor":1.0,"turns":1.0},{"damage":0,"enemies":"Small Slimes","floor":3,"turns":1},{"damage":0,"enemies":"Lagavulin","floor":6,"turns":1}],"seed_played":"5301833625398463430","potions_obtained":[{"floor":6,"key":"theDuelist:MegaupgradePotion"}],"is_trial":false,"path_per_floor":["M","?","M","?","$","E"],"character_chosen":"THE_DUELIST","items_purchased":[],"campfire_rested":0,"item_purchase_floors":[],"current_hp_per_floor":[72,65,65,65,65,65,65],"gold":116,"neow_bonus":"THREE_ENEMY_KILL","is_daily":false,"chose_seed":false,"campfire_upgraded":0,"win_rate":0.0,"timestamp":1609572504,"path_taken":["M","?","M","?","$","E"],"items_purchased_type":[],"build_version":"2020-12-22","purchased_purges":1,"victory":false,"max_hp_per_floor":[80,80,80,80,80,80,80],"card_choices":[{"not_picked":["theDuelist:VoidOgreDragon","theDuelist:BlueDuston"],"picked":"theDuelist:GravityLash","floor":1},{"not_picked":[],"picked":"theDuelist:RainbowOverdragon","floor":3},{"not_picked":["theDuelist:ScrapBeast","theDuelist:GenexAllyBirdman","theDuelist:Geargiauger","theDuelist:HeavyFreightTrainDerricane"],"picked":"theDuelist:CoreBlaster","floor":6}],"player_experience":183033,"relics_obtained":[{"floor":6,"key":"Bottled Lightning"}],"event_choices":[{"cards_removed":["theDuelist:Sparks"],"damage_healed":0,"gold_gain":0,"player_choice":"Card Removal","damage_taken":7,"max_hp_gain":0,"max_hp_loss":0,"event_name":"Golden Wing","floor":2,"gold_loss":0},{"damage_healed":0,"gold_gain":0,"player_choice":"Ignored","damage_taken":0,"max_hp_gain":0,"max_hp_loss":0,"event_name":"Liars Game","floor":4,"gold_loss":0}],"is_beta":false,"boss_relics":[],"items_purged_floors":[5],"is_endless":false,"potions_floor_spawned":[6],"killed_by":"Lagavulin","ascension_level":10}}