{"host":"u499vgr0907g2fby","time":1609613125,"event":{"mods":["BaseMod","Downfall","Googly Eyes","Minty Spire (QoL Compilation)","StSLib"],"gold_per_floor":[99,117,136,136,146,146,146,189,254,331,368,57,57,98,122,236,236,161,180,289,310,343,381,405,443,491,518,518,533,633,167,182,291,291,291,320,342,402,430,472,497,506,87,87,37,57,83,104,124,124],"floor_reached":51,"playtime":7878,"items_purged":["sneckomod:Strike","sneckomod:Defend","sneckomod:Strike","sneckomod:Defend"],"score":1291,"play_id":"6bf32c65-1126-46f2-b681-d63cea07f7d1","local_time":"20210102144525","is_ascension_mode":false,"campfire_choices":[{"data":"sneckomod:Unknown","floor":1.0,"key":"SMITH"},{"data":"sneckomod:TrashToTreasure","floor":6.0,"key":"SMITH"},{"data":"sneckomod:UnknownRarePower","floor":13.0,"key":"SMITH"},{"data":"sneckomod:MorePower","floor":18.0,"key":"SMITH"},{"data":"sneckomod:Unknown3Cost","floor":28.0,"key":"SMITH"},{"data":"expansioncontent:DashGenerateEvil","floor":35,"key":"SMITH"},{"data":"expansioncontent:DecasProtection","floor":44,"key":"SMITH"}],"circlet_count":0,"master_deck":["sneckomod:Strike","sneckomod:Defend","sneckomod:TailWhip","sneckomod:SnekBite+1","sneckomod:Unknown+1","sneckomod:Unknown","sneckomod:TrashToTreasure+1","sneckomod:TrashToTreasure","sneckomod:Unknown0Cost","sneckomod:UnknownExhaust","sneckomod:UnknownRarePower+1","Jack Of All Trades","sneckomod:Unknown3Cost+1","sneckomod:UnknownClassRED","sneckomod:MorePower+1","sneckomod:Unknown2Cost+1","sneckomod:UnknownBlock+1","sneckomod:UnknownBlock+1","sneckomod:UnknownClassGREEN+1","sneckomod:Unknown1Cost+1","sneckomod:UnknownRareAttack+1","sneckomod:UnknownX+1","sneckomod:SnakeSap","sneckomod:UnknownRareAttack+1","sneckomod:UnknownUncommonPower","expansioncontent:DashGenerateEvil+1","sneckomod:UnknownRareAttack","sneckomod:UnknownRarePower+1","sneckomod:SnekBeam+1","sneckomod:Restock","sneckomod:UnknownClassRED+1","sneckomod:UnknownUncommonAttack+1","sneckomod:UnknownRareAttack+1","expansioncontent:DecasProtection+1","sneckomod:SerpentIdol+1","sneckomod:UnknownUncommonSkill","Chrysalis","sneckomod:UnknownColorless+1","sneckomod:UnknownRarePower+1","sneckomod:UnknownEthereal+1","sneckomod:UnknownExhaust+1"],"relics":["Runic Dome","CeramicFish","Torii","Dead Branch","HornCleat","Orichalcum","sneckomod:LoadedDie","MealTicket","Busted Crown","downfall:HeartBlessingGreen","CaptainsWheel","Eternal Feather","Question Card","PreservedInsect","Smiling Mask","Potion Belt","SlaversCollar","Gambling Chip","Frozen Egg 2","Boot","Shuriken","HandDrill"],"acts_visited":["Exordium","TheCity","TheBeyond"],"potions_floor_usage":[50,50,50,50,50],"damage_taken":[{"damage":0.0,"enemies":"Small Slimes","floor":2.0,"turns":3.0},{"damage":1.0,"enemies":"Jaw Worm","floor":3.0,"turns":3.0},{"damage":6.0,"enemies":"2 Louse","floor":5.0,"turns":3.0},{"damage":54.0,"enemies":"Lagavulin","floor":8.0,"turns":11.0},{"damage":10.0,"enemies":"3 Sentries","floor":9.0,"turns":6.0},{"damage":0.0,"enemies":"Gremlin Nob","floor":11.0,"turns":3.0},{"damage":0.0,"enemies":"downfall:FleeingMerchant","floor":12.0,"turns":4.0},{"damage":1.0,"enemies":"3 Sentries","floor":14.0,"turns":5.0},{"damage":0.0,"enemies":"Large Slime","floor":15.0,"turns":4.0},{"damage":20.0,"enemies":"downfall:Ironclad","floor":16.0,"turns":4.0},{"damage":0.0,"enemies":"Chosen","floor":19.0,"turns":3.0},{"damage":0.0,"enemies":"Colosseum Nobs","floor":20.0,"turns":2.0},{"damage":0.0,"enemies":"Sentry and Sphere","floor":21.0,"turns":3.0},{"damage":0.0,"enemies":"Centurion and Healer","floor":22.0,"turns":4.0},{"damage":0.0,"enemies":"Slavers","floor":23.0,"turns":5.0},{"damage":4.0,"enemies":"Book of Stabbing","floor":25.0,"turns":2.0},{"damage":15.0,"enemies":"Snake Plant","floor":26.0,"turns":3.0},{"damage":4.0,"enemies":"Cultist and Chosen","floor":27.0,"turns":2.0},{"damage":0.0,"enemies":"Sentry and Sphere","floor":29.0,"turns":2.0},{"damage":0.0,"enemies":"downfall:FleeingMerchant","floor":31.0,"turns":4.0},{"damage":0.0,"enemies":"3 Cultists","floor":32.0,"turns":3.0},{"damage":0.0,"enemies":"downfall:Silent","floor":33.0,"turns":6.0},{"damage":0,"enemies":"3 Shapes","floor":36,"turns":3},{"damage":17,"enemies":"3 Darklings","floor":37,"turns":4},{"damage":0,"enemies":"2 Orb Walkers","floor":38,"turns":2},{"damage":0,"enemies":"Spire Growth","floor":39,"turns":4},{"damage":0,"enemies":"Reptomancer","floor":40,"turns":3},{"damage":0,"enemies":"downfall:FleeingMerchant","floor":43,"turns":2},{"damage":4,"enemies":"Maw","floor":46,"turns":3},{"damage":0,"enemies":"Jaw Worm Horde","floor":47,"turns":2},{"damage":0,"enemies":"4 Shapes","floor":48,"turns":4},{"damage":0,"enemies":"Spire Growth","floor":49,"turns":2},{"damage":3,"enemies":"downfall:Defect","floor":50,"turns":6}],"seed_played":"-2186202722855259944","potions_obtained":[{"floor":2.0,"key":"FearPotion"},{"floor":11.0,"key":"Explosive Potion"},{"floor":14.0,"key":"DistilledChaos"},{"floor":19.0,"key":"PowerPotion"},{"floor":20.0,"key":"sneckomod:OffclassReductionPotion"},{"floor":26.0,"key":"Swift Potion"},{"floor":27.0,"key":"Block Potion"},{"floor":33.0,"key":"hexamod:EctoCoolerPotion"},{"floor":40,"key":"LiquidBronze"},{"floor":47,"key":"Dexterity Potion"}],"is_trial":false,"path_per_floor":["R","M","M","?","M","R","T","E","?","T","E","$","R","E","M","B",null,"R","M","?","M","M","E","T","E","M","M","R","M","?","$","M","B",null,"R","M","M","?","M","E","T","?","?","R","$","M","M","M","M","B",null],"character_chosen":"THE_SNECKO","items_purchased":["sneckomod:LoadedDie","Jack Of All Trades","sneckomod:UnknownUncommonPower","expansioncontent:DashGenerateEvil","Potion Belt","Shuriken","HandDrill","sneckomod:UnknownUncommonSkill","Chrysalis","Guardian:BlockOnCardUsePotion"],"campfire_rested":0,"item_purchase_floors":[12,12,31,31,31,43,43,43,43,43],"current_hp_per_floor":[90,90,89,89,83,83,83,29,23,23,23,23,23,42,42,22,90,90,90,90,90,90,90,90,90,75,79,94,94,94,94,98,98,98,98,98,81,81,85,85,85,85,94,102,102,102,102,102,102,102],"gold":124,"neow_bonus":"BOSS_RELIC","is_daily":false,"chose_seed":false,"campfire_upgraded":7,"win_rate":0.0,"timestamp":1609613125,"path_taken":["R","M","M","?","M","R","T","E","?","?","E","$","R","E","M","BOSS","R","M","?","M","M","E","T","E","M","M","R","M","?","$","M","BOSS","R","M","?","?","M","E","T","?","?","R","?","?","?","M","M","BOSS"],"items_purchased_type":["Relic","Card","Card","Card","Relic","Relic","Relic","Card","Card","Potion"],"build_version":"2020-12-22","purchased_purges":4,"victory":true,"max_hp_per_floor":[90,90,90,90,90,90,90,90,90,90,90,90,90,90,90,90,90,90,90,90,90,90,90,90,90,90,94,94,94,94,94,98,98,98,98,98,98,98,98,98,98,98,102,102,102,102,102,102,102,102],"card_choices":[{"not_picked":["sneckomod:UnknownVulnerable","sneckomod:Unknown1Cost","sneckomod:DiceCrush"],"picked":"SKIP","floor":2.0},{"not_picked":["sneckomod:UnknownCommonAttack","sneckomod:SoulRoll"],"picked":"sneckomod:TrashToTreasure","floor":3.0},{"not_picked":["sneckomod:QuickBite","sneckomod:SlitherStrike"],"picked":"sneckomod:TrashToTreasure","floor":5.0},{"not_picked":["sneckomod:QuickBite","sneckomod:UnknownX"],"picked":"sneckomod:Unknown0Cost","floor":8.0},{"not_picked":["sneckomod:UnknownClassTHE_CHAMP_GRAY","sneckomod:SlitherStrike"],"picked":"sneckomod:UnknownExhaust","floor":9.0},{"not_picked":["sneckomod:UnknownBlock","sneckomod:UnknownCommonAttack"],"picked":"sneckomod:UnknownRarePower","floor":11.0},{"not_picked":["sneckomod:Nope","sneckomod:SoulRoll","sneckomod:IronFang"],"picked":"SKIP","floor":12.0},{"not_picked":["sneckomod:IronFang","sneckomod:QuickBite"],"picked":"sneckomod:Unknown3Cost","floor":14.0},{"not_picked":["sneckomod:UnknownBlock","sneckomod:DiceCrush"],"picked":"sneckomod:UnknownClassRED","floor":15.0},{"not_picked":["sneckomod:UnknownRarePower","sneckomod:DangerNoodle"],"picked":"sneckomod:MorePower","floor":16.0},{"not_picked":[],"picked":"sneckomod:Unknown2Cost+1","floor":19.0},{"not_picked":["sneckomod:UnknownClassGREEN"],"picked":"SKIP","floor":19.0},{"not_picked":[],"picked":"sneckomod:UnknownBlock+1","floor":20.0},{"not_picked":[],"picked":"sneckomod:UnknownBlock+1","floor":21.0},{"not_picked":["sneckomod:CheapStock"],"picked":"SKIP","floor":21.0},{"not_picked":[],"picked":"sneckomod:UnknownClassGREEN+1","floor":22.0},{"not_picked":[],"picked":"sneckomod:Unknown1Cost+1","floor":22.0},{"not_picked":[],"picked":"sneckomod:UnknownRareAttack+1","floor":23.0},{"not_picked":["sneckomod:UnlimitedRolls"],"picked":"SKIP","floor":23.0},{"not_picked":["sneckomod:UnknownUncommonSkill+1"],"picked":"sneckomod:UnknownX+1","floor":25.0},{"not_picked":["sneckomod:Unknown2Cost","sneckomod:UnknownBlock"],"picked":"SKIP","floor":25.0},{"not_picked":["sneckomod:UnknownWeak"],"picked":"sneckomod:SnakeSap","floor":26.0},{"not_picked":["sneckomod:UnknownClassRED+1"],"picked":"sneckomod:UnknownRareAttack+1","floor":27.0},{"not_picked":["sneckomod:UnknownClassTHE_CHAMP_GRAY","sneckomod:UnknownBlock"],"picked":"SKIP","floor":27.0},{"not_picked":["sneckomod:CheapStock","sneckomod:WideSting"],"picked":"SKIP","floor":29.0},{"not_picked":["sneckomod:SerpentIdol","sneckomod:UnknownStrike"],"picked":"SKIP","floor":31.0},{"not_picked":["sneckomod:UnknownX","sneckomod:DiceBoulder"],"picked":"SKIP","floor":32.0},{"not_picked":["sneckomod:DangerNoodle"],"picked":"sneckomod:UnknownRareAttack","floor":33.0},{"not_picked":["sneckomod:UnknownUncommonPower+1"],"picked":"sneckomod:UnknownRarePower+1","floor":36},{"not_picked":["sneckomod:UnknownBlock","sneckomod:UnknownWeak"],"picked":"SKIP","floor":36},{"not_picked":["sneckomod:SerpentIdol"],"picked":"sneckomod:SnekBeam+1","floor":37},{"not_picked":["sneckomod:UnknownClassSLIMEBOUND"],"picked":"sneckomod:Restock","floor":38},{"not_picked":["sneckomod:UnknownClassGREEN+1"],"picked":"sneckomod:UnknownClassRED+1","floor":39},{"not_picked":["sneckomod:UnknownWeak+1"],"picked":"sneckomod:UnknownUncommonAttack+1","floor":39},{"not_picked":["sneckomod:MasterEye+1","sneckomod:IronFang"],"picked":"SKIP","floor":39},{"not_picked":["sneckomod:UnknownVulnerable+1"],"picked":"sneckomod:UnknownRareAttack+1","floor":40},{"not_picked":["sneckomod:ImprovisedGuard+1","sneckomod:RainOfDice+1"],"picked":"SKIP","floor":40},{"not_picked":["expansioncontent:FaceSlap"],"picked":"expansioncontent:DecasProtection","floor":42},{"not_picked":["sneckomod:SoulCleanse"],"picked":"sneckomod:SerpentIdol+1","floor":43},{"not_picked":["sneckomod:UnknownClassGREEN+1"],"picked":"sneckomod:UnknownColorless+1","floor":46},{"not_picked":["sneckomod:DiceCrush","sneckomod:Unknown1Cost+1"],"picked":"SKIP","floor":46},{"not_picked":["sneckomod:UnknownEthereal+1"],"picked":"sneckomod:UnknownRarePower+1","floor":47},{"not_picked":["sneckomod:SerpentIdol","sneckomod:UnknownX"],"picked":"SKIP","floor":47},{"not_picked":["sneckomod:Unknown2Cost+1"],"picked":"sneckomod:UnknownEthereal+1","floor":48},{"not_picked":["sneckomod:SoulDraw","sneckomod:UnknownClassSLIMEBOUND"],"picked":"SKIP","floor":48},{"not_picked":["sneckomod:UnknownWeak+1"],"picked":"sneckomod:UnknownExhaust+1","floor":49},{"not_picked":["sneckomod:Unknown1Cost+1","sneckomod:UnknownCommonSkill+1"],"picked":"SKIP","floor":49}],"player_experience":1911029,"relics_obtained":[{"floor":7.0,"key":"CeramicFish"},{"floor":8.0,"key":"Torii"},{"floor":9.0,"key":"Dead Branch"},{"floor":10.0,"key":"HornCleat"},{"floor":11.0,"key":"Orichalcum"},{"floor":14.0,"key":"MealTicket"},{"floor":20.0,"key":"CaptainsWheel"},{"floor":20.0,"key":"Eternal Feather"},{"floor":23.0,"key":"Question Card"},{"floor":24.0,"key":"PreservedInsect"},{"floor":25.0,"key":"Smiling Mask"},{"floor":38,"key":"Gambling Chip"},{"floor":40,"key":"Frozen Egg 2"},{"floor":41,"key":"Boot"}],"event_choices":[{"damage_healed":0,"gold_gain":0,"player_choice":"Fight","damage_taken":0,"max_hp_gain":0,"max_hp_loss":0,"event_name":"Mysterious Sphere","floor":38,"gold_loss":0}],"is_beta":false,"boss_relics":[{"not_picked":["Philosopher\u0027s Stone","Black Star"],"picked":"Busted Crown"},{"not_picked":["Empty Cage","Runic Pyramid"],"picked":"SlaversCollar"}],"items_purged_floors":[12,31,43,45],"is_endless":false,"potions_floor_spawned":[2,11,14,19,20,26,27,33,40,46,47],"ascension_level":0}}