{"host":"os7ajuuouznx3pj7","time":1609558922,"event":{"mods":["AchievementEnabler","BaseMod","Bestiary","Block Reminder","Colored Map","Colored Powertips","Keyboard Shortcuts","Minty Spire (QoL Compilation)","Quick Restart","Relic Stats","SuperFastMode"],"gold_per_floor":[118,135,210,210,221,221,239,3,85,132,232,232,265,279,279,353,353,369,419,419,419,433,433,481,59,59,59,13,43,0,26,26,104,104,115,132,132,149,0,0,30,30,106,135,135,148,173,193,193,193,193,193],"floor_reached":51,"playtime":5772,"items_purged":[],"score":1593,"play_id":"a246e8ac-e537-41eb-8924-4b088924fbaf","local_time":"20210102014202","is_ascension_mode":true,"campfire_choices":[{"data":"Wild Strike","floor":6.0,"key":"SMITH"},{"data":"Carnage","floor":12.0,"key":"SMITH"},{"data":"Pommel Strike","floor":15.0,"key":"SMITH"},{"data":"Double Tap","floor":23.0,"key":"SMITH"},{"data":"Pommel Strike","floor":27.0,"key":"SMITH"},{"data":"Bludgeon","floor":32.0,"key":"SMITH"},{"data":"Immolate","floor":40.0,"key":"SMITH"},{"data":"Bludgeon","floor":42.0,"key":"SMITH"},{"data":"Evolve","floor":45.0,"key":"SMITH"},{"data":"1","floor":49.0,"key":"LIFT"}],"circlet_count":0,"master_deck":["AscendersBane","Strike_R+1","Strike_R+1","Strike_R+1","Strike_R+1","Strike_R+1","Defend_R+1","Defend_R+1","Defend_R+1","Defend_R+1","Bash","Pommel Strike+1","Wild Strike+1","Uppercut","Carnage+1","Shockwave+1","Dropkick","Double Tap+1","Dropkick","Pommel Strike+1","Evolve+1","Bandage Up","Trip","Shrug It Off+1","Bludgeon+1","Battle Trance+1","Immolate+1","Shrug It Off+1","Bludgeon+1","Warcry+1","Twin Strike+1","Flex+1","Limit Break+1"],"relics":["Philosopher\u0027s Stone","Eternal Feather","Lantern","Vajra","Mark of Pain","Boot","Singing Bowl","Membership Card","Anchor","Nunchaku","Mercury Hourglass","War Paint","Toxic Egg 2","Sozu","Red Mask","Molten Egg 2","Bottled Lightning","MealTicket","Girya"],"acts_visited":["Exordium","TheCity","TheBeyond"],"potions_floor_usage":[50,51],"damage_taken":[{"damage":2.0,"enemies":"Cultist","floor":1.0,"turns":3.0},{"damage":7.0,"enemies":"2 Louse","floor":2.0,"turns":3.0},{"damage":3.0,"enemies":"Jaw Worm","floor":5.0,"turns":2.0},{"damage":7.0,"enemies":"Large Slime","floor":7.0,"turns":5.0},{"damage":0.0,"enemies":"Gremlin Nob","floor":13.0,"turns":2.0},{"damage":0.0,"enemies":"Red Slaver","floor":14.0,"turns":1.0},{"damage":14.0,"enemies":"Slime Boss","floor":16.0,"turns":6.0},{"damage":9.0,"enemies":"Chosen","floor":18.0,"turns":3.0},{"damage":4.0,"enemies":"2 Thieves","floor":22.0,"turns":3.0},{"damage":13.0,"enemies":"Slavers","floor":24.0,"turns":3.0},{"damage":11.0,"enemies":"Gremlin Leader","floor":29.0,"turns":4.0},{"damage":16.0,"enemies":"Book of Stabbing","floor":31.0,"turns":3.0},{"damage":22.0,"enemies":"Champ","floor":33.0,"turns":6.0},{"damage":9.0,"enemies":"3 Shapes","floor":35.0,"turns":3.0},{"damage":0.0,"enemies":"3 Darklings","floor":36.0,"turns":3.0},{"damage":7.0,"enemies":"Spire Growth","floor":38.0,"turns":3.0},{"damage":14.0,"enemies":"Giant Head","floor":41.0,"turns":5.0},{"damage":0.0,"enemies":"Reptomancer","floor":44.0,"turns":2.0},{"damage":0.0,"enemies":"4 Shapes","floor":46.0,"turns":3.0},{"damage":28.0,"enemies":"Mind Bloom Boss Battle","floor":47.0,"turns":3.0},{"damage":0.0,"enemies":"Sphere and 2 Shapes","floor":48.0,"turns":1.0},{"damage":65,"enemies":"Donu and Deca","floor":50,"turns":6},{"damage":18,"enemies":"Time Eater","floor":51,"turns":2}],"seed_played":"1947697470520671613","potions_obtained":[{"floor":1.0,"key":"AttackPotion"},{"floor":7.0,"key":"AttackPotion"},{"floor":16.0,"key":"CultistPotion"},{"floor":22.0,"key":"ColorlessPotion"},{"floor":24.0,"key":"DistilledChaos"},{"floor":33.0,"key":"EntropicBrew"}],"is_trial":false,"path_per_floor":["M","M","?","?","M","R","M","$","T","T","?","R","E","M","R","B",null,"M","?","?","?","M","R","E","$","T","R","$","E","$","E","R","B",null,"M","M","?","M","?","R","E","R","T","E","R","M","?","M","R","B","B"],"character_chosen":"IRONCLAD","items_purchased":["Carnage","Shockwave","LiquidMemories","Membership Card","Evolve","Bandage Up","Anchor","Nunchaku","Trip","Bludgeon"],"campfire_rested":0,"item_purchase_floors":[8,8,8,25,25,25,25,25,28,30],"current_hp_per_floor":[66,59,48,37,34,34,27,27,27,27,27,36,36,36,45,31,64,55,55,55,55,51,60,47,47,47,59,59,52,52,40,55,37,66,63,63,63,56,56,74,65,79,79,81,81,81,57,57,75,14,0,0],"gold":193,"neow_bonus":"BOSS_RELIC","is_daily":false,"chose_seed":false,"campfire_upgraded":9,"win_rate":0.0,"timestamp":1609558922,"path_taken":["M","?","?","?","M","R","M","$","T","?","?","R","E","M","R","BOSS","M","?","?","?","?","R","E","$","T","R","$","E","$","E","R","BOSS","M","M","?","?","?","R","E","R","T","E","R","M","?","M","R","BOSS","BOSS"],"items_purchased_type":["Card","Card","Potion","Relic","Card","Card","Relic","Relic","Card","Card"],"build_version":"2020-12-22","purchased_purges":0,"victory":false,"max_hp_per_floor":[75,75,75,75,75,75,75,75,75,75,75,75,75,75,75,75,75,75,75,75,75,75,75,75,75,75,75,75,75,75,75,75,75,75,77,77,77,77,77,77,79,79,79,81,81,81,81,81,81,81,81,81],"relic_stats":{"Sozu":5,"Nunchaku":[14],"Singing Bowl":6,"counters":[23,74],"Eternal Feather":104,"MealTicket":0,"War Paint":["Shockwave","Shrug It Off"],"Boot":[4],"obtain_stats":[{"Girya":47,"Lantern":10,"Singing Bowl":24,"Vajra":13,"Eternal Feather":9,"War Paint":29,"Boot":21,"Burning Blood":0,"Mercury Hourglass":26,"Sozu":34,"Anchor":25,"Nunchaku":25,"Philosopher\u0027s Stone":0,"Molten Egg 2":41,"MealTicket":44,"Mark of Pain":17,"Red Mask":39,"Membership Card":25,"Bottled Lightning":43,"Toxic Egg 2":31},{"Girya":20,"Lantern":4,"Singing Bowl":10,"Vajra":5,"Eternal Feather":4,"War Paint":11,"Boot":8,"Burning Blood":0,"Mercury Hourglass":10,"Sozu":13,"Anchor":10,"Nunchaku":10,"Philosopher\u0027s Stone":0,"Molten Egg 2":17,"MealTicket":18,"Mark of Pain":7,"Red Mask":16,"Membership Card":10,"Bottled Lightning":17,"Toxic Egg 2":12},{"Girya":65,"Lantern":13,"Singing Bowl":31,"Vajra":15,"Eternal Feather":13,"War Paint":35,"Boot":25,"Burning Blood":0,"Mercury Hourglass":31,"Sozu":44,"Anchor":31,"Nunchaku":31,"Philosopher\u0027s Stone":0,"Molten Egg 2":58,"MealTicket":60,"Mark of Pain":22,"Red Mask":53,"Membership Card":31,"Bottled Lightning":58,"Toxic Egg 2":38}],"Mercury Hourglass":[175]},"card_choices":[{"not_picked":["Second Wind","Flex"],"picked":"Pommel Strike","floor":1.0},{"not_picked":["Iron Wave","Armaments"],"picked":"Wild Strike","floor":2.0},{"not_picked":["Pommel Strike","Second Wind","Body Slam"],"picked":"SKIP","floor":5.0},{"not_picked":["Warcry","Brutality"],"picked":"Uppercut","floor":7.0},{"not_picked":["Cleave","Rupture"],"picked":"Dropkick","floor":13.0},{"not_picked":["Havoc","Clash","Rupture"],"picked":"SKIP","floor":14.0},{"not_picked":["Immolate","Fiend Fire"],"picked":"Double Tap","floor":16.0},{"not_picked":["Clothesline","Havoc+1"],"picked":"Dropkick","floor":18.0},{"not_picked":["Headbutt","Clash","Havoc"],"picked":"SKIP","floor":22.0},{"not_picked":["Twin Strike","Entrench"],"picked":"Pommel Strike","floor":24.0},{"not_picked":["Anger+1","Feel No Pain"],"picked":"Shrug It Off","floor":29.0},{"not_picked":["Iron Wave","Rampage"],"picked":"Battle Trance+1","floor":31.0},{"not_picked":["Brutality","Bludgeon"],"picked":"Immolate","floor":33.0},{"not_picked":["Anger","Cleave+1","Heavy Blade+1"],"picked":"Singing Bowl","floor":35.0},{"not_picked":["Bloodletting+1","Thunderclap"],"picked":"Shrug It Off+1","floor":36.0},{"not_picked":["Havoc+1","Metallicize+1"],"picked":"Warcry+1","floor":38.0},{"not_picked":["Bloodletting+1","Cleave+1","Whirlwind+1"],"picked":"Singing Bowl","floor":41.0},{"not_picked":["Clothesline+1","Body Slam+1","Carnage+1"],"picked":"Singing Bowl","floor":44.0},{"not_picked":["Anger+1","Uppercut+1"],"picked":"Twin Strike+1","floor":46.0},{"not_picked":["Clash+1","Infernal Blade+1"],"picked":"Flex+1","floor":47.0},{"not_picked":["Perfected Strike+1","Anger+1"],"picked":"Limit Break+1","floor":48.0}],"player_experience":739556,"relics_obtained":[{"floor":9.0,"key":"Eternal Feather"},{"floor":10.0,"key":"Lantern"},{"floor":13.0,"key":"Vajra"},{"floor":21.0,"key":"Boot"},{"floor":24.0,"key":"Singing Bowl"},{"floor":26.0,"key":"Mercury Hourglass"},{"floor":29.0,"key":"War Paint"},{"floor":31.0,"key":"Toxic Egg 2"},{"floor":41.0,"key":"Molten Egg 2"},{"floor":43.0,"key":"Bottled Lightning"},{"floor":44.0,"key":"MealTicket"},{"floor":47.0,"key":"Girya"}],"event_choices":[{"damage_healed":0.0,"max_hp_gain":0.0,"max_hp_loss":0.0,"gold_gain":75.0,"event_name":"World of Goop","player_choice":"Gather Gold","floor":3.0,"gold_loss":0.0,"damage_taken":11.0},{"damage_healed":0.0,"max_hp_gain":0.0,"max_hp_loss":0.0,"gold_gain":0.0,"event_name":"Scrap Ooze","player_choice":"Fled","floor":4.0,"gold_loss":0.0,"damage_taken":11.0},{"damage_healed":0.0,"max_hp_gain":0.0,"max_hp_loss":0.0,"gold_gain":100.0,"event_name":"Wheel of Change","player_choice":"Gold","floor":11.0,"gold_loss":0.0,"damage_taken":0.0},{"damage_healed":0.0,"max_hp_gain":0.0,"max_hp_loss":0.0,"gold_gain":50.0,"event_name":"Nest","player_choice":"Stole From Cult","floor":19.0,"gold_loss":0.0,"damage_taken":0.0},{"damage_healed":0.0,"max_hp_gain":0.0,"max_hp_loss":0.0,"gold_gain":0.0,"event_name":"Back to Basics","player_choice":"Simplicity","floor":20.0,"gold_loss":0.0,"damage_taken":0.0,"cards_upgraded":["Strike_R","Strike_R","Strike_R","Strike_R","Strike_R","Defend_R","Defend_R","Defend_R","Defend_R"]},{"damage_healed":0.0,"max_hp_gain":0.0,"max_hp_loss":0.0,"gold_gain":0.0,"event_name":"Wheel of Change","player_choice":"Relic","floor":21.0,"gold_loss":0.0,"damage_taken":0.0},{"damage_healed":0.0,"max_hp_gain":0.0,"max_hp_loss":0.0,"gold_gain":0.0,"event_name":"Match and Keep!","player_choice":"1 cards matched","floor":37.0,"gold_loss":0.0,"damage_taken":0.0,"cards_obtained":["Bludgeon"]},{"damage_healed":0.0,"max_hp_gain":0.0,"max_hp_loss":0.0,"gold_gain":0.0,"event_name":"Tomb of Lord Red Mask","player_choice":"Paid","floor":39.0,"gold_loss":149.0,"damage_taken":0.0,"relics_obtained":["Red Mask"]},{"damage_healed":0.0,"max_hp_gain":0.0,"max_hp_loss":0.0,"gold_gain":0.0,"event_name":"MindBloom","player_choice":"Fight","floor":47.0,"gold_loss":0.0,"damage_taken":0.0}],"is_beta":false,"boss_relics":[{"not_picked":["Calling Bell","SlaversCollar"],"picked":"Mark of Pain"},{"not_picked":["Fusion Hammer","Velvet Choker"],"picked":"Sozu"}],"items_purged_floors":[],"is_endless":false,"potions_floor_spawned":[1,7,16,22,24,33,36,46,47],"killed_by":"Time Eater","ascension_level":20}}