{"host":"1qhzi8r9ejho5yph","time":1609565048,"event":{"mods":["AchievementEnabler","BaseMod","Colored Map","Colored Powertips","Highlight Path","Minty Spire (QoL Compilation)","Permanent Neow","Quick Restart","Random Character Button","StSLib","SuperFastMode"],"gold_per_floor":[117,26,26,26,40,40,66,86,113,133,157,179,201,227,227,341,341,366,465,53,98,98,98,40,40,65,102,78,98,120,155,155,155,155],"floor_reached":33,"playtime":1018,"items_purged":[],"score":481,"play_id":"dd6e7d22-6f8e-42dc-a762-754ddbc63ccc","local_time":"20210102132408","is_ascension_mode":true,"campfire_choices":[{"data":"Mind Blast","floor":6.0,"key":"SMITH"},{"floor":15.0,"key":"REST"},{"data":"Sadistic Nature","floor":23.0,"key":"SMITH"},{"data":"Dual Wield","floor":25.0,"key":"SMITH"},{"floor":32,"key":"RECALL"}],"circlet_count":0,"master_deck":["AscendersBane","Strike_R+1","Strike_R+1","Strike_R+1","Strike_R+1","Defend_R+1","Defend_R+1","Defend_R+1","Defend_R+1","Bash","Sword Boomerang","Mind Blast+1","Shrug It Off","Thunderclap","Thunderclap","Shrug It Off","Carnage","Perfected Strike","Immolate","Impervious","Flex","Sadistic Nature+1","Shockwave","Blind","Ghostly","Ghostly","Ghostly","Ghostly","Ghostly","Dual Wield+1","Warcry+1","Intimidate+1","Cleave","Perfected Strike","Disarm"],"relics":["Black Blood","MealTicket","Gambling Chip","Strawberry","Bronze Scales","CeramicFish","Anchor","Centennial Puzzle","Omamori"],"acts_visited":["Exordium","TheCity"],"potions_floor_usage":[33],"damage_taken":[{"damage":10.0,"enemies":"2 Louse","floor":1.0,"turns":3.0},{"damage":18.0,"enemies":"Small Slimes","floor":5.0,"turns":4.0},{"damage":40.0,"enemies":"Gremlin Nob","floor":7.0,"turns":5.0},{"damage":10.0,"enemies":"Cultist","floor":8.0,"turns":4.0},{"damage":18.0,"enemies":"Exordium Thugs","floor":10.0,"turns":4.0},{"damage":13.0,"enemies":"Exordium Wildlife","floor":12.0,"turns":4.0},{"damage":6.0,"enemies":"Looter","floor":13.0,"turns":3.0},{"damage":0.0,"enemies":"3 Louse","floor":14.0,"turns":2.0},{"damage":10.0,"enemies":"Slime Boss","floor":16.0,"turns":7.0},{"damage":12.0,"enemies":"Chosen","floor":18.0,"turns":4.0},{"damage":40,"enemies":"Gremlin Leader","floor":27,"turns":10},{"damage":1,"enemies":"2 Thieves","floor":28,"turns":5},{"damage":0,"enemies":"Snake Plant","floor":29,"turns":2},{"damage":2,"enemies":"Chosen and Byrds","floor":30,"turns":5},{"damage":18,"enemies":"Book of Stabbing","floor":31,"turns":6},{"damage":45,"enemies":"Champ","floor":33,"turns":14}],"seed_played":"-8914770501764340034","potions_obtained":[{"floor":7.0,"key":"BloodPotion"},{"floor":10.0,"key":"AttackPotion"},{"floor":12.0,"key":"EssenceOfSteel"},{"floor":14.0,"key":"PowerPotion"},{"floor":27,"key":"BlessingOfTheForge"},{"floor":31,"key":"GamblersBrew"}],"is_trial":false,"path_per_floor":["M","$","?","?","M","R","E","M","T","M","T","M","M","M","R","B",null,"M","?","$","?","?","R","$","R","T","E","M","M","M","E","R","B"],"character_chosen":"IRONCLAD","items_purchased":["Mind Blast","Fruit Juice","Sadistic Nature","Shockwave","Blind","Dual Wield"],"campfire_rested":1,"item_purchase_floors":[2,20,20,20,20,24],"current_hp_per_floor":[68,68,65,65,53,53,26,22,22,27,27,20,20,26,52,48,77,77,77,92,46,46,46,46,46,46,18,29,41,46,40,40,0,0],"gold":155,"neow_bonus":"TRANSFORM_CARD","is_daily":false,"chose_seed":false,"campfire_upgraded":3,"win_rate":0.0,"timestamp":1609565048,"path_taken":["M","$","?","?","M","R","E","M","T","?","?","M","M","M","R","BOSS","M","?","$","?","?","R","?","R","T","E","M","M","M","E","R","BOSS"],"items_purchased_type":["Card","Potion","Card","Card","Card","Card"],"build_version":"2020-12-22","purchased_purges":0,"victory":false,"max_hp_per_floor":[80,80,80,80,80,80,87,87,87,87,87,87,87,87,87,87,87,87,87,92,46,46,46,46,46,46,46,46,46,46,46,46,46,46],"card_choices":[{"not_picked":["Warcry","Combust"],"picked":"Sword Boomerang","floor":1.0},{"not_picked":["Rupture","True Grit"],"picked":"Shrug It Off","floor":5.0},{"not_picked":["Offering","Dropkick"],"picked":"Thunderclap","floor":7.0},{"not_picked":["Rupture","Twin Strike"],"picked":"Thunderclap","floor":8.0},{"not_picked":["Flex","Wild Strike"],"picked":"Shrug It Off","floor":10.0},{"not_picked":["Hemokinesis","Power Through"],"picked":"Carnage","floor":12.0},{"not_picked":["Warcry","Iron Wave"],"picked":"Perfected Strike","floor":13.0},{"not_picked":["Wild Strike","Clash"],"picked":"Immolate","floor":14.0},{"not_picked":["Limit Break","Corruption"],"picked":"Impervious","floor":16.0},{"not_picked":["Anger+1","Body Slam"],"picked":"Flex","floor":18.0},{"not_picked":["Rupture","Anger"],"picked":"Warcry+1","floor":27},{"not_picked":["Iron Wave","Sword Boomerang"],"picked":"Intimidate+1","floor":28},{"not_picked":["Flex","Havoc"],"picked":"Cleave","floor":29},{"not_picked":["Seeing Red","Headbutt"],"picked":"Perfected Strike","floor":30},{"not_picked":["Second Wind","Shockwave+1"],"picked":"Disarm","floor":31}],"player_experience":318428,"relics_obtained":[{"floor":7.0,"key":"Strawberry"},{"floor":9.0,"key":"Bronze Scales"},{"floor":11.0,"key":"CeramicFish"},{"floor":26.0,"key":"Anchor"},{"floor":27,"key":"Centennial Puzzle"},{"floor":31,"key":"Omamori"}],"event_choices":[{"damage_healed":0.0,"max_hp_gain":0.0,"max_hp_loss":0.0,"gold_gain":0.0,"event_name":"Scrap Ooze","player_choice":"Success","floor":3.0,"gold_loss":0.0,"damage_taken":3.0,"relics_obtained":["MealTicket"]},{"cards_removed":["Heavy Blade"],"damage_healed":0.0,"max_hp_gain":0.0,"max_hp_loss":0.0,"gold_gain":0.0,"event_name":"WeMeetAgain","player_choice":"Gave Card","floor":4.0,"gold_loss":0.0,"damage_taken":0.0,"relics_obtained":["Gambling Chip"]},{"damage_healed":0.0,"max_hp_gain":0.0,"max_hp_loss":0.0,"gold_gain":99.0,"event_name":"Nest","player_choice":"Stole From Cult","floor":19.0,"gold_loss":0.0,"damage_taken":0.0},{"damage_healed":0.0,"max_hp_gain":0.0,"max_hp_loss":46.0,"gold_gain":0.0,"event_name":"Ghosts","player_choice":"Became a Ghost","floor":21.0,"gold_loss":0.0,"damage_taken":0.0,"cards_obtained":["Ghostly","Ghostly","Ghostly","Ghostly","Ghostly"]},{"damage_healed":0.0,"max_hp_gain":0.0,"max_hp_loss":0.0,"gold_gain":0.0,"event_name":"Back to Basics","player_choice":"Simplicity","floor":22.0,"gold_loss":0.0,"damage_taken":0.0,"cards_upgraded":["Strike_R","Strike_R","Strike_R","Strike_R","Defend_R","Defend_R","Defend_R","Defend_R"]}],"is_beta":false,"boss_relics":[{"not_picked":["Fusion Hammer","Snecko Eye"],"picked":"Black Blood"}],"items_purged_floors":[],"is_endless":false,"potions_floor_spawned":[7,10,12,14,27,31],"killed_by":"Champ","ascension_level":10}}