{"host":"m2aw30g9f05gqalt","time":1609596054,"event":{"mods":["Ascension Reborn","BaseMod","Beaked The Cultist","BetterRewards","Card Forge","Conspire","Custom Start","Defuse TimeMaze Blight","Downfall","Duelist Mod","Gremlin Mod","Hermit","Hubris","Infinite Spire","Jorbs\u0027s Wanderer Trilogy","Lobotomy","Mimic Mod","Minty Spire (QoL Compilation)","Replay The Spire","Shop Mod","StSLib","The Animator","The Bladedancer","The Cursed","The Disciple","The Exalted","The Factory","The Florist","The Hierophant","The Jungle","The Necromancer","The Poker Player","The Runesmith","The Servant 0.9.4"],"gold_per_floor":[118,147,159,159,213,213,238,263,263,281,301,86,86,86,86,186,186,205,220,234,234,234],"floor_reached":21,"playtime":3393,"items_purged":[],"score":179,"play_id":"e85a0039-0324-4073-9ce2-7816fdadc2f6","local_time":"20210102080054","is_ascension_mode":true,"campfire_choices":[{"floor":6,"key":"REST"}],"circlet_count":0,"master_deck":["Runesmith:Strike_RS+1","Runesmith:Strike_RS+1","Runesmith:Strike_RS+1","Runesmith:Strike_RS+1","Runesmith:Defend_RS+1","Runesmith:Defend_RS+1","Runesmith:Defend_RS+1","Runesmith:Defend_RS+1","Runesmith:CraftFirestone+1","Runesmith:Fortify+1","MHz","Runesmith:HeatedChisel+1","UniverseFragment","Runesmith:CraftMagma+1","VoidDream","Runesmith:CraftIncendium+1","Runesmith:CraftProtectio+1","BlackSwan","Runesmith:RuneHurl+1","Runesmith:EnergizedChisel+1","FairyFestival","Runesmith:ChiselStab+1","Runesmith:BackupBattery+4","Runesmith:Firewall+1","LittleHelper","GalaxyChild","Runesmith:LithiumIon+1","Woodsman","Runesmith:RuneHurl+1","BigBadWolf","Runesmith:PerfectChisel+1"],"relics":["Runesmith:BrokenRuby","Hammer of Thor","Seething Fire","Anvil of the Gods","CogitoBucket","hubris:SlimyHat","Runesmith:AutoHammer","Kunai","Ornamental Fan","BackwardClock","MerchantsRug","Ring of Chaos"],"acts_visited":["Exordium","Exordium"],"potions_floor_usage":[],"damage_taken":[{"damage":0,"enemies":"Small Slimes","floor":1,"turns":4},{"damage":0,"enemies":"conspire:MimicChest","floor":2,"turns":4},{"damage":0,"enemies":"conspire:RoseBush","floor":3,"turns":2},{"damage":1,"enemies":"Replay:BlueRogue","floor":7,"turns":5},{"damage":5,"enemies":"2 Louse","floor":10,"turns":2},{"damage":1,"enemies":"Looter","floor":11,"turns":5},{"damage":4,"enemies":"Fading Forest","floor":16,"turns":11},{"damage":17,"enemies":"theJungle:5_Spyders","floor":18,"turns":8},{"damage":13,"enemies":"theJungle:Flameango_and_Byrd","floor":19,"turns":5},{"damage":51,"enemies":"theJungle:2_Flameangoes","floor":20,"turns":5},{"damage":17,"enemies":"theJungle:JungleHuntersEncounter","floor":21,"turns":1}],"seed_played":"-5511735949955886593","potions_obtained":[{"floor":2,"key":"CultistPotion"},{"floor":3,"key":"Fruit Juice"},{"floor":5,"key":"Slimebound:ThreeZeroPotion"}],"is_trial":false,"path_per_floor":["M","?","M","?","?","R","E","T","T","M","M","$","?","?","R","B",null,"M","M","M","M"],"character_chosen":"RUNESMITH_CLASS","items_purchased":["Runesmith:ChiselStab","Runesmith:BackupBattery","MerchantsRug"],"campfire_rested":1,"item_purchase_floors":[12,12,12],"current_hp_per_floor":[70,70,70,70,53,70,69,69,69,64,63,63,66,71,71,72,78,63,52,14,0,0],"gold":234,"neow_bonus":"","is_daily":false,"chose_seed":false,"campfire_upgraded":0,"win_rate":0.0,"timestamp":1609596054,"path_taken":["M","?","M","?","?","R","E","?","T","?","M","$","?","?","R","BOSS","M","M","M","M"],"items_purchased_type":["Card","Card","Relic"],"build_version":"2020-12-22","purchased_purges":0,"victory":false,"max_hp_per_floor":[70,70,70,70,70,70,70,70,70,70,70,70,73,78,78,78,78,78,78,78,78,78],"card_choices":[{"not_picked":["NakedNest","Woodsman"],"picked":"MHz","floor":1},{"not_picked":["Runesmith:StaticCage","Runesmith:MakeshiftArmor"],"picked":"Runesmith:HeatedChisel","floor":1},{"not_picked":["WallGazer","Wellcheers"],"picked":"UniverseFragment","floor":2},{"not_picked":["Runesmith:FrozenChisel","Runesmith:Refine"],"picked":"Runesmith:CraftMagma","floor":2},{"not_picked":["WallGazer","VoidDream","ShyLook"],"picked":"Singing Bowl","floor":3},{"not_picked":["BeautyBeast","CherryBlossoms"],"picked":"VoidDream","floor":3},{"not_picked":["Runesmith:StaticCage","Runesmith:Grindstone"],"picked":"Runesmith:CraftIncendium","floor":3},{"not_picked":["Runesmith:ShiftingStrike","Runesmith:NegativeSpace"],"picked":"Runesmith:Grindstone","floor":5},{"not_picked":["Runesmith:HammerTime","Runesmith:StaticCage"],"picked":"Runesmith:CraftProtectio","floor":5},{"not_picked":["WallGazer","Bloodbath","OldLady"],"picked":"Singing Bowl","floor":7},{"not_picked":["MeatLantern","PunishingBird"],"picked":"BlackSwan","floor":7},{"not_picked":["Runesmith:Augment","Runesmith:Overpower"],"picked":"Runesmith:RuneHurl","floor":7},{"not_picked":["Runesmith:Accelerate","Runesmith:MakeshiftArmor"],"picked":"Runesmith:EnergizedChisel","floor":10},{"not_picked":["SpiderBud","Funeral"],"picked":"FairyFestival","floor":11},{"not_picked":["Runesmith:Empowerment","Runesmith:CraftMagma","Runesmith:Reinforce"],"picked":"SKIP","floor":11},{"not_picked":["Bloodbath","BigBadWolf"],"picked":"LittleHelper","floor":16},{"not_picked":["MeatLantern","SpiderBud"],"picked":"GalaxyChild","floor":18},{"not_picked":["Runesmith:EarthShield","Runesmith:MakeshiftArmor"],"picked":"Runesmith:LithiumIon+1","floor":18},{"not_picked":["WallGazer","BigBadWolf"],"picked":"Woodsman","floor":19},{"not_picked":["Runesmith:Firestorm","Runesmith:Overpower+1"],"picked":"Runesmith:RuneHurl","floor":19},{"not_picked":["FieryBird","BigBird"],"picked":"BigBadWolf","floor":20},{"not_picked":["Runesmith:CraftVitae+1","Runesmith:EnergizedChisel+1"],"picked":"Runesmith:PerfectChisel+1","floor":20}],"player_experience":915503,"relics_obtained":[{"floor":2,"key":"hubris:SlimyHat"},{"floor":5,"key":"Runesmith:AutoHammer"},{"floor":7,"key":"Kunai"},{"floor":9,"key":"Ornamental Fan"}],"event_choices":[{"damage_healed":0,"gold_gain":0,"player_choice":"Donut","damage_taken":0,"max_hp_gain":5,"max_hp_loss":0,"event_name":"Big Fish","floor":14,"gold_loss":0}],"is_beta":false,"boss_relics":[{"not_picked":["beaked:SacredDeck","infinitespire:Cupcake"],"picked":"Ring of Chaos"}],"items_purged_floors":[],"is_endless":false,"potions_floor_spawned":[2,3,7,20],"killed_by":"theJungle:JungleHuntersEncounter","ascension_level":0}}