{"host":"ft2xazkv7v30fddt","time":1609572129,"event":{"mods":["AchievementEnabler","Act Like it!","Aspiration","Astrologer","Bard","BaseMod","Better Altar","Better Match","Better Note","Better Sensory Stone","Better Skull","CapriCore","Chen","Colored Powertips","Downfall","Elementarium","Energized Spire","Gensokyo","GifTheSpireLib","Gremlin Mod","Hallownest","Hermit","Hubris","Infinite Spire","KinomotoSakuraMod(????)","Koishi","Marisa????????","Minty Spire (QoL Compilation)","Pale of the Ancients","Permanent Neow","Potionbrewer","Prisma Mod","Replay The Spire","StSLib","Stuff the Spire","The Blackbeard","The Bladedancer","The Construct","The Cursed","The Forsaken","The Gatherer","The Hayseed","The Immortal","The Runesmith","The Servant 0.9.4","The Showman","The Vixen","TheArtist","TheSwordswoman","Wandering Minibosses","thorton","vexMod"],"gold_per_floor":[112,112,37,57,57,57,57,57],"floor_reached":7,"playtime":223,"items_purged":["Chen:Strike"],"score":76,"play_id":"d84cff34-be2c-4dfe-86af-36af065b2cca","local_time":"20210102152209","is_ascension_mode":true,"campfire_choices":[{"floor":6,"key":"REST"}],"circlet_count":0,"master_deck":["AscendersBane","Chen:Strike","Chen:Strike+1","Chen:Strike","Chen:Strike+1","Chen:Defend+1","Chen:Defend","Chen:Defend","Chen:Defend","Chen:GlitterPoke","Chen:MisdirectSwipe","Chen:Panic"],"relics":["Chen:Catnip","aspiration:Nostalgia","astrologer:SkyMirror","Gensokyo:Mercy"],"acts_visited":["Gensokyo:Gensokyo"],"potions_floor_usage":[7],"damage_taken":[{"damage":7,"enemies":"Gensokyo:3_Fairies","floor":1,"turns":7},{"damage":11,"enemies":"Gensokyo:Gryphon","floor":4,"turns":2},{"damage":36,"enemies":"Gensokyo:Mamizou","floor":7,"turns":8}],"seed_played":"6494686155193613926","potions_obtained":[{"floor":1,"key":"potionbrewer:NoxiousPotion"}],"is_trial":false,"path_per_floor":["M","?","$","M","?","R","E"],"character_chosen":"CHEN","items_purchased":[],"campfire_rested":1,"item_purchase_floors":[],"current_hp_per_floor":[52,19,19,8,8,27,0,0],"gold":57,"neow_bonus":"NOSTALGIA","is_daily":false,"chose_seed":false,"campfire_upgraded":0,"win_rate":0.0,"timestamp":1609572129,"path_taken":["M","?","$","?","?","R","E"],"items_purchased_type":[],"build_version":"2020-12-22","purchased_purges":1,"victory":false,"max_hp_per_floor":[65,65,65,65,65,65,65,65],"card_choices":[{"not_picked":["Chen:CatPunch","Chen:Barrier"],"picked":"Chen:MisdirectSwipe","floor":1},{"not_picked":["Chen:Tear","Chen:Panic","Chen:TauntHiss"],"picked":"SKIP","floor":4},{"not_picked":["Chen:Tear","Chen:TauntHiss"],"picked":"Chen:Panic","floor":4}],"player_experience":1669171,"relics_obtained":[],"event_choices":[{"damage_healed":0,"gold_gain":0,"player_choice":"UP UP UP ","damage_taken":39,"relics_obtained":[],"max_hp_gain":0,"max_hp_loss":0,"event_name":"betterSkull:BetterSkull","floor":2,"gold_loss":0,"cards_upgraded":["Chen:Defend","Chen:Strike","Chen:Strike"]}],"is_beta":false,"boss_relics":[],"items_purged_floors":[3],"is_endless":false,"potions_floor_spawned":[1],"killed_by":"Gensokyo:Mamizou","ascension_level":19}}