{"host":"csp9nt53rootlkah","time":1609598333,"event":{"mods":["Act Like it!","BaseMod","Colored Powertips","Friendly Minions","Gensokyo","Highlight Path","Minty Spire (QoL Compilation)","Quick Restart","Replay The Spire","StSLib","TestMod","The Factory","The Jungle","The Marked","UnlockEverythingMod","¡¾ÒÅÎï¿¨ÅÆ¡¿REMEMod"],"gold_per_floor":[115,115,134,134,59,85,85,97,97,97,116,116,135,163,163,263,263,282,282,297,314,314,346,346,346,346,376,394,212,229,248,248,357,357,371,483,504,528,528,561,561,573,651,671,693,713,748,765,765,770,770,770,212,245,247],"floor_reached":56,"playtime":2203,"items_purged":["theMarked:Strike","theMarked:Strike","theMarked:Strike"],"score":1513,"play_id":"33625633-8272-453f-9754-4e3500473772","local_time":"20210102223853","is_ascension_mode":false,"campfire_choices":[{"data":"theMarked:AttractMetal","floor":7.0,"key":"SMITH"},{"data":"Judgement","floor":10.0,"key":"SMITH"},{"data":"theMarked:SoldierOfQuellstein","floor":12.0,"key":"SMITH"},{"data":"theMarked:BanishingWave","floor":15.0,"key":"SMITH"},{"floor":25.0,"key":"RECALL"},{"data":"testmod-Bloodthirsty","floor":32.0,"key":"SMITH"},{"data":"theMarked:SuspiciousRaven","floor":41.0,"key":"SMITH"},{"data":"theMarked:Strike","floor":49.0,"key":"SMITH"},{"data":"theMarked:Strike","floor":52.0,"key":"SMITH"}],"circlet_count":0,"master_deck":["theMarked:Strike+1","theMarked:Strike+1","theMarked:Defend+1","theMarked:Defend+1","theMarked:Defend+1","theMarked:Defend+1","theMarked:SoldierOfQuellstein+1","Judgement+1","theMarked:AttractMetal+1","theMarked:BanishingWave+1","testmod-Bloodthirsty+1","theMarked:BanishingStrike+1","theMarked:SuspiciousRaven+1","theMarked:StartUp+1","theMarked:DeterminationOfTheMarked+1","theMarked:BanishingStrike+1","theMarked:WardOff+1","testmod-PowerStrike+1"],"relics":["theMarked:ArtifactOfAir","testmod-TestBox","REME_ComplimentaryCards","testmod-DeterminationOfClimber","NeowsBlessing","Lizard Tail","Matryoshka","Replay:Baseball","testmod-PortableAltar","theJungle:BirthdayCakeSlice","testmod-Maize","Nunchaku","Art of War","Black Star","testmod-ArcanaOfDestiny","Replay:Bottled Eggs","Thread and Needle","Replay:WaspNest","Unceasing Top","testmod-Muramasa","Golden Egg","testmod-Nyarlathotep","Pear"],"acts_visited":["Exordium","Exordium","TheBeyond","TheEnding"],"potions_floor_usage":[54],"damage_taken":[{"damage":0.0,"enemies":"Cultist","floor":1.0,"turns":1.0},{"damage":0.0,"enemies":"Small Slimes","floor":3.0,"turns":1.0},{"damage":0.0,"enemies":"3 Sentries","floor":6.0,"turns":1.0},{"damage":0.0,"enemies":"2 Louse","floor":8.0,"turns":2.0},{"damage":2.0,"enemies":"Blue Slaver","floor":11.0,"turns":2.0},{"damage":2.0,"enemies":"Exordium Wildlife","floor":13.0,"turns":3.0},{"damage":0.0,"enemies":"Gremlin Nob","floor":14.0,"turns":3.0},{"damage":0.0,"enemies":"Slime Boss","floor":16.0,"turns":4.0},{"damage":3.0,"enemies":"theJungle:5_Spyders","floor":18.0,"turns":3.0},{"damage":3.0,"enemies":"theJungle:MUSHROOMGANG","floor":20.0,"turns":3.0},{"damage":2.0,"enemies":"theJungle:2_Snecko_Cultists","floor":21.0,"turns":2.0},{"damage":3.0,"enemies":"theJungle:MamaSnecko","floor":23.0,"turns":4.0},{"damage":0.0,"enemies":"theJungle:2_Phrogs","floor":27.0,"turns":2.0},{"damage":4.0,"enemies":"theJungle:Snecko_Cultist_And_Trap","floor":28.0,"turns":3.0},{"damage":5.0,"enemies":"theJungle:SlimyTreeVines","floor":30.0,"turns":5.0},{"damage":7.0,"enemies":"theJungle:2_Flameangoes","floor":31.0,"turns":5.0},{"damage":14.0,"enemies":"theJungle:QueenSpyder","floor":33.0,"turns":8.0},{"damage":7.0,"enemies":"3 Darklings","floor":35.0,"turns":5.0},{"damage":0.0,"enemies":"Orb Walker","floor":37.0,"turns":1.0},{"damage":1.0,"enemies":"Transient","floor":38.0,"turns":5.0},{"damage":0.0,"enemies":"Nemesis","floor":40.0,"turns":3.0},{"damage":4.0,"enemies":"3 Darklings","floor":42.0,"turns":3.0},{"damage":0.0,"enemies":"Writhing Mass","floor":44.0,"turns":3.0},{"damage":0.0,"enemies":"4 Shapes","floor":45.0,"turns":1.0},{"damage":0.0,"enemies":"Jaw Worm Horde","floor":46.0,"turns":1.0},{"damage":0.0,"enemies":"Reptomancer","floor":47.0,"turns":2.0},{"damage":0.0,"enemies":"Transient","floor":48.0,"turns":5.0},{"damage":0.0,"enemies":"Donu and Deca","floor":50.0,"turns":5.0},{"damage":1,"enemies":"Shield and Spear","floor":54,"turns":4},{"damage":5,"enemies":"The Heart","floor":55,"turns":2}],"seed_played":"-6473452407583501288","potions_obtained":[{"floor":1.0,"key":"Fire Potion"},{"floor":8.0,"key":"testmod-EscapePotion"},{"floor":13.0,"key":"Swift Potion"},{"floor":18.0,"key":"SpeedPotion"},{"floor":20.0,"key":"SpeedPotion"},{"floor":28.0,"key":"Fruit Juice"},{"floor":40.0,"key":"SpeedPotion"},{"floor":45.0,"key":"testmod-SpacePotion"},{"floor":48.0,"key":"testmod-SpacePotion"}],"is_trial":false,"path_per_floor":["M","?","M","?","$","E","R","M","T","R","M","R","M","E","R","B",null,"M","?","M","M","?","E","?","R","T","E","M","$","M","M","R","B",null,"M","?","M","M","?","E","R","M","T","M","M","M","E","M","R","B",null,"R","$","E","B",null],"character_chosen":"THE_DEFAULT","items_purchased":["testmod-Bloodthirsty","Golden Egg","testmod-PowerStrike"],"campfire_rested":0,"item_purchase_floors":[29,53,53],"current_hp_per_floor":[70,70,70,70,70,70,70,70,70,70,68,68,67,68,68,69,70,68,78,75,76,80,77,78,77,76,75,79,78,75,71,71,74,73,70,70,70,69,68,67,66,61,61,63,62,61,60,59,58,57,56,55,54,62,59],"gold":247,"neow_bonus":"THREE_ENEMY_KILL","is_daily":false,"chose_seed":false,"campfire_upgraded":8,"win_rate":0.0,"timestamp":1609598333,"path_taken":["M","?","M","?","$","E","R","M","T","R","M","R","M","E","R","BOSS","M","?","M","?","?","E","?","R","T","E","M","?","M","M","R","BOSS","M","?","M","?","?","E","R","?","T","M","M","M","E","M","R","BOSS","R","$","E","BOSS"],"items_purchased_type":["Card","Relic","Card"],"build_version":"2020-12-22","purchased_purges":3,"victory":true,"max_hp_per_floor":[70,70,70,70,70,70,70,70,70,70,70,70,70,70,70,70,70,69,78,77,76,80,79,78,77,76,75,79,78,77,76,75,74,73,72,71,70,69,68,67,66,65,64,63,62,61,60,59,58,57,56,55,54,63,62],"card_choices":[{"not_picked":["theMarked:Static","theMarked:WastefulAttack","theMarked:HeightenedSenses"],"picked":"SKIP","floor":1.0},{"not_picked":["theMarked:ParalyzingBlade","theMarked:HeightenedSenses","theMarked:ShockingTouch"],"picked":"SKIP","floor":3.0},{"not_picked":["theMarked:StartUp","theMarked:EmpowerWeapon"],"picked":"theMarked:AttractMetal","floor":6.0},{"not_picked":["theMarked:PowerFlow","theMarked:ResourceFulStrike","theMarked:Static"],"picked":"SKIP","floor":8.0},{"not_picked":["theMarked:Overcharge","theMarked:ReduceFriction","theMarked:WastefulAttack"],"picked":"SKIP","floor":11.0},{"not_picked":["theMarked:Overcharge","theMarked:ReduceFriction","theMarked:WastefulAttack"],"picked":"SKIP","floor":11.0},{"not_picked":["theMarked:HeightenedSenses","theMarked:ElectricStrings","theMarked:Frustration"],"picked":"SKIP","floor":13.0},{"not_picked":["theMarked:Parry","theMarked:Static"],"picked":"theMarked:BanishingWave","floor":14.0},{"not_picked":["theMarked:TakeOffHeels","theMarked:EternalStudent"],"picked":"theMarked:SuspiciousRaven","floor":16.0},{"not_picked":["theMarked:ResourceFulStrike","theMarked:LightningStrikesTwice","theMarked:ElectricStrings"],"picked":"SKIP","floor":18.0},{"not_picked":["theMarked:ChainLightning","theMarked:Electrify","theMarked:Frustration"],"picked":"SKIP","floor":20.0},{"not_picked":["theMarked:Generate","theMarked:SwordAndMagic+1","theMarked:RogueSparks+1"],"picked":"SKIP","floor":21.0},{"not_picked":["theMarked:Generate","theMarked:SwordAndMagic+1","theMarked:RogueSparks+1"],"picked":"SKIP","floor":21.0},{"not_picked":["theMarked:EnhanceMovement+1","theMarked:MagicAdept","theMarked:WastefulAttack"],"picked":"SKIP","floor":23.0},{"not_picked":["theMarked:HeightenedSenses","theMarked:ParalyzingBlade","theMarked:ResourceFulStrike"],"picked":"SKIP","floor":27.0},{"not_picked":["theMarked:Electrify+1","theMarked:Improvise","theMarked:ElectricStrings"],"picked":"SKIP","floor":28.0},{"not_picked":["theMarked:PowerFlow","theMarked:Parry"],"picked":"theMarked:BanishingStrike+1","floor":30.0},{"not_picked":["theMarked:Standoff+1","theMarked:Overcharge","theMarked:KeepCalmAndFightOn"],"picked":"SKIP","floor":31.0},{"not_picked":["theMarked:FavorableWinds","theMarked:EternalStudent"],"picked":"theMarked:SuspiciousRaven","floor":33.0},{"not_picked":["theMarked:Frustration","theMarked:RepellingDischarge"],"picked":"theMarked:StartUp+1","floor":35.0},{"not_picked":["theMarked:ElectricStrings+1","theMarked:StartUp+1"],"picked":"theMarked:DeterminationOfTheMarked+1","floor":36.0},{"not_picked":["theMarked:Parry+1","theMarked:TunnelVision+1"],"picked":"theMarked:BanishingStrike+1","floor":36.0},{"not_picked":["theMarked:Aftermath+1","theMarked:RepellingDischarge","theMarked:Parkour+1"],"picked":"SKIP","floor":37.0},{"not_picked":["theMarked:TwofoldDefense+1","theMarked:Static+1","theMarked:FavorableWinds"],"picked":"SKIP","floor":38.0},{"not_picked":["theMarked:WardOff","theMarked:Electrify+1","theMarked:ThrowWeapon"],"picked":"SKIP","floor":40.0},{"not_picked":["theMarked:WastefulDefense+1","theMarked:Convert+1","theMarked:TakeCover"],"picked":"SKIP","floor":42.0},{"not_picked":["theMarked:RepellingDischarge","theMarked:TwofoldDefense+1","theMarked:WastefulAttack+1"],"picked":"SKIP","floor":44.0},{"not_picked":["theMarked:ShockingTouch","theMarked:BanishingWave"],"picked":"theMarked:WardOff+1","floor":45.0},{"not_picked":["theMarked:Reabsorb+1","theMarked:ElectricStrings","theMarked:ComboAttacks"],"picked":"SKIP","floor":46.0},{"not_picked":["theMarked:Indomitable+1","theMarked:Generate+1","theMarked:ThrowWeapon"],"picked":"SKIP","floor":47.0},{"not_picked":["theMarked:ReduceFriction+1","theMarked:HeritageOfTheMarked","theMarked:HeightenedSenses+1"],"picked":"SKIP","floor":48.0},{"not_picked":["theMarked:EnhanceMovement","theMarked:Polarize+1","theMarked:Standoff+1"],"picked":"SKIP","floor":54}],"player_experience":117352,"relics_obtained":[{"floor":6.0,"key":"Lizard Tail"},{"floor":9.0,"key":"Matryoshka"},{"floor":14.0,"key":"Replay:Baseball"},{"floor":23.0,"key":"testmod-Maize"},{"floor":26.0,"key":"Nunchaku"},{"floor":27.0,"key":"Art of War"},{"floor":36.0,"key":"testmod-ArcanaOfDestiny"},{"floor":40.0,"key":"Replay:Bottled Eggs"},{"floor":40.0,"key":"Thread and Needle"},{"floor":43.0,"key":"Replay:WaspNest"},{"floor":47.0,"key":"Unceasing Top"},{"floor":47.0,"key":"testmod-Muramasa"},{"floor":54,"key":"testmod-Nyarlathotep"},{"floor":54,"key":"Pear"}],"event_choices":[{"damage_healed":0.0,"max_hp_gain":0.0,"max_hp_loss":0.0,"gold_gain":0.0,"event_name":"Shining Light","player_choice":"Ignored","floor":2.0,"gold_loss":0.0,"damage_taken":0.0},{"cards_removed":["theMarked:SuspiciousRaven"],"damage_healed":0.0,"max_hp_gain":10.0,"max_hp_loss":0.0,"gold_gain":0.0,"event_name":"Bonfire Elementals","player_choice":"Offered Rare","floor":19.0,"gold_loss":0.0,"damage_taken":0.0},{"damage_healed":0.0,"max_hp_gain":0.0,"max_hp_loss":0.0,"gold_gain":0.0,"event_name":"Match and Keep!","player_choice":"0 cards matched","floor":39.0,"gold_loss":0.0,"damage_taken":0.0,"cards_obtained":[]}],"is_beta":false,"boss_relics":[{"not_picked":["testmod-HarvestTotem","testmod-BatchProcessingSystem"],"picked":"testmod-PortableAltar"},{"not_picked":["SacredBark","Velvet Choker"],"picked":"Black Star"}],"items_purged_floors":[5,29,53],"is_endless":false,"potions_floor_spawned":[1,8,13,18,20,23,28,40,42,45,48],"ascension_level":0}}