{"host":"gpkbl0cayp7vm3va","time":1609626035,"event":{"mods":["BaseMod","Bestiary","Colored Map","Curses Come First","Downfall","Highlight Path","Minty Spire (QoL Compilation)","Replay The Spire","Robot Space Explorer","StSLib","The Animator"],"gold_per_floor":[114,138,138,149,161,161,190,204,251,280,294,294,308,327,327,425,425,436,446,456,31,44,44,71,71,94,123,123,149,168,185,185,281,281,297,352,126,0,17,44,56,56,56,20,32,32,32,47,47,47,47,47,8,37,37],"floor_reached":56,"playtime":7098,"items_purged":["Languid"],"score":1401,"play_id":"e8567ead-dd38-4479-bd9b-6f888b894f0e","local_time":"20210102152035","is_ascension_mode":false,"campfire_choices":[{"data":"RobotSpaceExplorer:StarLightning","floor":6,"key":"SMITH"},{"data":"RobotSpaceExplorer:ExhaustFan","floor":15,"key":"SMITH"},{"data":"expansioncontent:QuickStudy","floor":23,"key":"SMITH"},{"data":"RobotSpaceExplorer:ShockKick","floor":25,"key":"SMITH"},{"data":"RobotSpaceExplorer:BlastShield","floor":32,"key":"SMITH"},{"data":"Mind Blast","floor":42,"key":"SMITH"},{"floor":47,"key":"RECALL"},{"data":"RobotSpaceExplorer:Multitool","floor":49,"key":"SMITH"},{"data":"RobotSpaceExplorer:StarDust","floor":52,"key":"SMITH"}],"circlet_count":0,"master_deck":["RobotSpaceExplorer:Scan","RobotSpaceExplorer:MiniLasers","RobotSpaceExplorer:LuckyStrike","RobotSpaceExplorer:Smokescreen","RobotSpaceExplorer:StarLightning+1","RobotSpaceExplorer:Fix","RobotSpaceExplorer:GlueShot","RobotSpaceExplorer:ExhaustFan+1","RobotSpaceExplorer:StarDust+1","RobotSpaceExplorer:SurgingStrike","RobotSpaceExplorer:Discharger","RobotSpaceExplorer:TrailblazerForm","CurseOfTheBell","RobotSpaceExplorer:Discharger","RobotSpaceExplorer:GlueSpray","RobotSpaceExplorer:GearShield","RobotSpaceExplorer:TurboDodge","RobotSpaceExplorer:BlastShield+1","RobotSpaceExplorer:BigMissile","RobotSpaceExplorer:TrailblazerForm","RobotSpaceExplorer:StunGrenade","RobotSpaceExplorer:Probe","RobotSpaceExplorer:ShockKick+1","Sadistic Nature","RobotSpaceExplorer:SlimeMissile","expansioncontent:QuickStudy+1","ReplayTheSpireMod:Necrogeddon","expansioncontent:SuperHexaguard","RobotSpaceExplorer:SlimeMissile","RobotSpaceExplorer:Electroshield","animator:Curse_Greed","RobotSpaceExplorer:HighVoltage","RobotSpaceExplorer:ShockMissile","RobotSpaceExplorer:SlimeMissile+1","RobotSpaceExplorer:Probe","RobotSpaceExplorer:LuckyStrike+1","RobotSpaceExplorer:SurgingShield+1","Mind Blast+1","RobotSpaceExplorer:Multitool+1","RobotSpaceExplorer:SlimeMissile+1","RobotSpaceExplorer:FrostMissile+1","Overencumbered","RobotSpaceExplorer:PowerCollector+1","Spreading Infection","RobotSpaceExplorer:GearShield+1","RobotSpaceExplorer:DualCore","RobotSpaceExplorer:StarLightning"],"relics":["Honey Jar","Toy Ornithopter","Snack Pack","Nunchaku","Ring of Misfortune","Ring of Hypnosis","Replay:Grab Bag","Painkiller Herb","Cursed Key","Calling Bell","Pandora\u0027s Box","Gremlin Food","Question Card","FossilizedHelix","Anchor","ReplayTheSpireMod:ShopPack","HornCleat","Orichalcum","Tiny Chest","Ornamental Fan","Runic Dome","Letter Opener","Incense Burner","Sling","Red Mask","Torii","Onion Ring","Toxic Egg 2","RobotSpaceExplorer:FoglandsKnife"],"acts_visited":["Exordium","TheCity","TheBeyond","TheEnding"],"potions_floor_usage":[7,16,18,18,30,30,35,40,55,55,55,55],"damage_taken":[{"damage":0,"enemies":"Cultist","floor":1,"turns":3},{"damage":0,"enemies":"Jaw Worm","floor":4,"turns":3},{"damage":0,"enemies":"Small Slimes","floor":5,"turns":3},{"damage":1,"enemies":"Gremlin Nob","floor":7,"turns":4},{"damage":0,"enemies":"Exordium Wildlife","floor":8,"turns":3},{"damage":2,"enemies":"Lagavulin","floor":10,"turns":8},{"damage":0,"enemies":"2 Fungi Beasts","floor":11,"turns":3},{"damage":0,"enemies":"Blue Slaver","floor":13,"turns":3},{"damage":0,"enemies":"Exordium Thugs","floor":14,"turns":5},{"damage":4,"enemies":"Slime Boss","floor":16,"turns":8},{"damage":2,"enemies":"2 Thieves","floor":18,"turns":5},{"damage":0,"enemies":"Shell Parasite","floor":19,"turns":6},{"damage":0,"enemies":"Chosen and Byrds","floor":20,"turns":6},{"damage":0,"enemies":"Snake Plant","floor":22,"turns":4},{"damage":0,"enemies":"Replay:Snechameleon","floor":24,"turns":5},{"damage":0,"enemies":"Book of Stabbing","floor":27,"turns":6},{"damage":0,"enemies":"Gremlin Leader","floor":29,"turns":7},{"damage":0,"enemies":"Cultist and Chosen","floor":30,"turns":6},{"damage":0,"enemies":"3 Cultists","floor":31,"turns":4},{"damage":10,"enemies":"Champ","floor":33,"turns":9},{"damage":3,"enemies":"Orb Walker","floor":35,"turns":3},{"damage":0,"enemies":"2 Orb Walkers","floor":36,"turns":5},{"damage":0,"enemies":"3 Shapes","floor":39,"turns":3},{"damage":0,"enemies":"Nemesis","floor":40,"turns":5},{"damage":0,"enemies":"Transient","floor":41,"turns":5},{"damage":0,"enemies":"Jaw Worm Horde","floor":45,"turns":2},{"damage":0,"enemies":"Maw","floor":48,"turns":5},{"damage":1,"enemies":"Time Eater","floor":50,"turns":9},{"damage":0,"enemies":"Shield and Spear","floor":54,"turns":5},{"damage":34,"enemies":"The Heart","floor":55,"turns":9}],"seed_played":"2621564005206674734","potions_obtained":[{"floor":1,"key":"RobotSpaceExplorer:RecyclePotion"},{"floor":4,"key":"DuplicationPotion"},{"floor":11,"key":"sneckomod:MuddlingPotion"},{"floor":13,"key":"Block Potion"},{"floor":16,"key":"sneckomod:MuddlingPotion"},{"floor":18,"key":"LiquidMemories"},{"floor":27,"key":"sneckomod:MuddlingPotion"},{"floor":29,"key":"Death Potion"},{"floor":30,"key":"Fruit Juice"},{"floor":35,"key":"Fruit Juice"},{"floor":36,"key":"Languid Potion"},{"floor":48,"key":"ColorlessPotion"}],"is_trial":false,"path_per_floor":["M","T","?","M","M","R","E","M","T","E","M","?","M","M","R","B",null,"?","?","?","T","?","T","E","T","T","E","?","E","?","?","T","B",null,"?","?","T","?","?","E","?","T","T","T","?","T","T","?","T","B",null,"T","T","E","B",null],"character_chosen":"RobotSpaceExplorer","items_purchased":["ReplayTheSpireMod:ShopPack","Sadistic Nature","RobotSpaceExplorer:SlimeMissile","Mind Blast","Sling","Elixir","RobotSpaceExplorer:DualCore"],"campfire_rested":0,"item_purchase_floors":[21,21,21,37,37,44,53],"current_hp_per_floor":[75,75,60,60,60,60,64,72,72,75,75,75,75,75,75,75,75,75,75,75,75,75,75,75,75,75,75,75,75,80,80,80,80,80,85,85,85,85,85,85,85,85,85,85,85,85,85,85,85,85,85,85,85,85,60],"gold":37,"neow_bonus":"BOSS_RELIC","is_daily":false,"chose_seed":false,"campfire_upgraded":8,"win_rate":0.0,"timestamp":1609626035,"path_taken":["M","?","?","M","M","R","E","M","T","E","M","?","M","?","R","BOSS","?","?","?","T","?","T","E","T","T","E","?","E","?","?","T","BOSS","?","?","T","?","?","E","?","T","T","T","?","?","T","?","T","BOSS","T","T","E","BOSS"],"items_purchased_type":["Relic","Card","Card","Card","Relic","Potion","Card"],"build_version":"2020-12-22","purchased_purges":1,"victory":true,"max_hp_per_floor":[75,75,75,75,75,75,75,75,75,75,75,75,75,75,75,75,75,75,75,75,75,75,75,75,75,75,75,75,75,80,80,80,80,80,85,85,85,85,85,85,85,85,85,85,85,85,85,85,85,85,85,85,85,85,85],"card_choices":[{"not_picked":["RobotSpaceExplorer:SurgingShield","RobotSpaceExplorer:ExhaustFan","RobotSpaceExplorer:StunGrenade"],"picked":"RobotSpaceExplorer:LuckyStrike","floor":1},{"not_picked":["RobotSpaceExplorer:SlimeMissile","RobotSpaceExplorer:SurgingStrike","RobotSpaceExplorer:ShovelStrike"],"picked":"RobotSpaceExplorer:Smokescreen","floor":4},{"not_picked":["RobotSpaceExplorer:ScrapMissile","RobotSpaceExplorer:ImprovisedAttack","RobotSpaceExplorer:MiniDrones"],"picked":"RobotSpaceExplorer:StarLightning","floor":5},{"not_picked":["RobotSpaceExplorer:Counterblock","RobotSpaceExplorer:HighVoltage","RobotSpaceExplorer:Electroshield"],"picked":"RobotSpaceExplorer:Fix","floor":7},{"not_picked":["RobotSpaceExplorer:Jetpack","RobotSpaceExplorer:SurgingShield","RobotSpaceExplorer:SelfCleaning"],"picked":"RobotSpaceExplorer:GlueShot","floor":8},{"not_picked":["RobotSpaceExplorer:SurgingShield","RobotSpaceExplorer:Reload","RobotSpaceExplorer:Counterblock"],"picked":"RobotSpaceExplorer:ExhaustFan","floor":10},{"not_picked":["RobotSpaceExplorer:HighVoltage","RobotSpaceExplorer:Discharger","RobotSpaceExplorer:ImprovisedAttack"],"picked":"RobotSpaceExplorer:StarDust","floor":11},{"not_picked":["RobotSpaceExplorer:BigMissile","RobotSpaceExplorer:Ammunition","RobotSpaceExplorer:SlimeMissile"],"picked":"RobotSpaceExplorer:SurgingStrike","floor":13},{"not_picked":["RobotSpaceExplorer:ScrapShield","RobotSpaceExplorer:JunkDive","RobotSpaceExplorer:SlimeMissile"],"picked":"RobotSpaceExplorer:Discharger","floor":14},{"not_picked":["RobotSpaceExplorer:BlastShield","RobotSpaceExplorer:Arsenal","RobotSpaceExplorer:Exploration"],"picked":"RobotSpaceExplorer:TrailblazerForm","floor":16},{"not_picked":["RobotSpaceExplorer:SurgingStrike","RobotSpaceExplorer:FranticSearch","RobotSpaceExplorer:Counterblock","RobotSpaceExplorer:Autoloader"],"picked":"RobotSpaceExplorer:StunGrenade","floor":18},{"not_picked":["RobotSpaceExplorer:GlueShot","RobotSpaceExplorer:FranticSearch","RobotSpaceExplorer:SwiftStep","RobotSpaceExplorer:ExhaustFan"],"picked":"RobotSpaceExplorer:Probe","floor":19},{"not_picked":["RobotSpaceExplorer:Discharger","RobotSpaceExplorer:SurgingStrike","RobotSpaceExplorer:ExhaustFan+1","RobotSpaceExplorer:Ammunition"],"picked":"RobotSpaceExplorer:ShockKick","floor":20},{"not_picked":["Secret Weapon","HandOfGreed","expansioncontent:StudyTheSpire","Thinking Ahead"],"picked":"expansioncontent:QuickStudy","floor":21},{"not_picked":["expansioncontent:Corrupt","expansioncontent:ChargeUp","expansioncontent:FaceSlap","Dark Shackles"],"picked":"ReplayTheSpireMod:Necrogeddon","floor":21},{"not_picked":["Flash of Steel","Deep Breath","Panache","Chrysalis"],"picked":"expansioncontent:SuperHexaguard","floor":21},{"not_picked":["RobotSpaceExplorer:MiniDrones","RobotSpaceExplorer:SurgingShield","RobotSpaceExplorer:StunGrenade+1","RobotSpaceExplorer:ScrapToss"],"picked":"RobotSpaceExplorer:SlimeMissile","floor":22},{"not_picked":["RobotSpaceExplorer:FranticSearch","RobotSpaceExplorer:ScrapMissile","RobotSpaceExplorer:Fix+1","RobotSpaceExplorer:FrostMissile+1"],"picked":"RobotSpaceExplorer:Electroshield","floor":24},{"not_picked":["RobotSpaceExplorer:TurboDodge+1","RobotSpaceExplorer:Arsenal","RobotSpaceExplorer:SelfCleaning","RobotSpaceExplorer:ScrapShield"],"picked":"RobotSpaceExplorer:HighVoltage","floor":27},{"not_picked":["RobotSpaceExplorer:SurgingShield+1","RobotSpaceExplorer:Fix","RobotSpaceExplorer:ShockKick+1","RobotSpaceExplorer:DroneSwarm"],"picked":"RobotSpaceExplorer:ShockMissile","floor":29},{"not_picked":["RobotSpaceExplorer:SurgingStrike+1","RobotSpaceExplorer:LaserBurst+1","RobotSpaceExplorer:MakeshiftVolley","RobotSpaceExplorer:MiniDrones"],"picked":"RobotSpaceExplorer:SlimeMissile+1","floor":30},{"not_picked":["RobotSpaceExplorer:SwiftStep","RobotSpaceExplorer:SurgingStrike","RobotSpaceExplorer:ImprovisedAttack","RobotSpaceExplorer:MakeshiftVolley"],"picked":"RobotSpaceExplorer:Probe","floor":31},{"not_picked":["RobotSpaceExplorer:HighVoltage","RobotSpaceExplorer:Scanner","RobotSpaceExplorer:TrailblazerForm","RobotSpaceExplorer:ShockMissile"],"picked":"RobotSpaceExplorer:Exploration","floor":33},{"not_picked":["RobotSpaceExplorer:ExhaustFan","RobotSpaceExplorer:StunGrenade","RobotSpaceExplorer:IronShell+1","RobotSpaceExplorer:ShovelStrike"],"picked":"RobotSpaceExplorer:LuckyStrike+1","floor":35},{"not_picked":["RobotSpaceExplorer:MetalStrike","RobotSpaceExplorer:ShovelStrike+1","RobotSpaceExplorer:Counterblock+1","RobotSpaceExplorer:ScrapShield+1"],"picked":"RobotSpaceExplorer:SurgingShield+1","floor":36},{"not_picked":["RobotSpaceExplorer:MiniDrones+1","RobotSpaceExplorer:Counterblock","RobotSpaceExplorer:SurgingStrike","RobotSpaceExplorer:StunGrenade"],"picked":"RobotSpaceExplorer:Multitool","floor":39},{"not_picked":["RobotSpaceExplorer:MetalStrike","RobotSpaceExplorer:SurgingShield","RobotSpaceExplorer:ImprovisedAttack+1","RobotSpaceExplorer:Probe"],"picked":"RobotSpaceExplorer:SlimeMissile+1","floor":40},{"not_picked":["RobotSpaceExplorer:ImprovisedAttack+1","RobotSpaceExplorer:SurgingShield","RobotSpaceExplorer:MiniDrones+1","RobotSpaceExplorer:Ammunition+1"],"picked":"RobotSpaceExplorer:FrostMissile+1","floor":41},{"not_picked":["RobotSpaceExplorer:Accelerator","RobotSpaceExplorer:FranticSearch","RobotSpaceExplorer:ScrapMissile","RobotSpaceExplorer:SwiftStep+1"],"picked":"RobotSpaceExplorer:PowerCollector+1","floor":45},{"not_picked":["RobotSpaceExplorer:Probe+1","RobotSpaceExplorer:TurboDodge+1","RobotSpaceExplorer:FranticSearch+1","RobotSpaceExplorer:Counterblock+1"],"picked":"RobotSpaceExplorer:GearShield+1","floor":48},{"not_picked":["RobotSpaceExplorer:MiniBoosters","RobotSpaceExplorer:Comet+1","RobotSpaceExplorer:SwiftStep+1","RobotSpaceExplorer:ShockKick+1"],"picked":"RobotSpaceExplorer:StarLightning","floor":54}],"player_experience":733939,"relics_obtained":[{"floor":2,"key":"Toy Ornithopter"},{"floor":7,"key":"Snack Pack"},{"floor":10,"key":"Nunchaku"},{"floor":12,"key":"Ring of Misfortune"},{"floor":12,"key":"Ring of Hypnosis"},{"floor":17,"key":"Gremlin Food"},{"floor":17,"key":"Question Card"},{"floor":17,"key":"FossilizedHelix"},{"floor":18,"key":"Anchor"},{"floor":24,"key":"HornCleat"},{"floor":26,"key":"Orichalcum"},{"floor":27,"key":"Tiny Chest"},{"floor":29,"key":"Ornamental Fan"},{"floor":35,"key":"Letter Opener"},{"floor":36,"key":"Incense Burner"},{"floor":40,"key":"Torii"},{"floor":43,"key":"Onion Ring"},{"floor":46,"key":"Toxic Egg 2"},{"floor":54,"key":"RobotSpaceExplorer:FoglandsKnife"}],"event_choices":[{"damage_healed":0,"gold_gain":0,"player_choice":"Entered Light","damage_taken":15,"max_hp_gain":0,"max_hp_loss":0,"event_name":"Shining Light","floor":3,"gold_loss":0,"cards_upgraded":["RobotSpaceExplorer:Defend","RobotSpaceExplorer:Defend"]},{"damage_healed":0,"gold_gain":0,"player_choice":"Ignored","damage_taken":0,"max_hp_gain":0,"max_hp_loss":0,"event_name":"Vampires","floor":28,"gold_loss":0},{"damage_healed":0,"gold_gain":0,"player_choice":"Fight","damage_taken":0,"max_hp_gain":0,"max_hp_loss":0,"event_name":"Mysterious Sphere","floor":36,"gold_loss":0},{"damage_healed":0,"gold_gain":0,"player_choice":"Paid","damage_taken":0,"relics_obtained":["Red Mask"],"max_hp_gain":0,"max_hp_loss":0,"event_name":"Tomb of Lord Red Mask","floor":38,"gold_loss":126}],"is_beta":false,"boss_relics":[{"not_picked":["Velvet Choker","Runic Pyramid"],"picked":"Replay:Grab Bag"},{"not_picked":["ReplayTheSpireMod:DimensionalGlitch","Ectoplasm"],"picked":"Painkiller Herb"},{"not_picked":["Busted Crown","Sozu"],"picked":"Cursed Key"},{"not_picked":["RobotSpaceExplorer:Reprocessor","Empty Cage"],"picked":"Calling Bell"},{"not_picked":["Replay:Drink Me","SacredBark"],"picked":"Pandora\u0027s Box"},{"not_picked":["Black Star","ReplayTheSpireMod:Onyx Gauntlets"],"picked":"Runic Dome"}],"items_purged_floors":[21],"is_endless":false,"potions_floor_spawned":[1,4,11,13,16,18,27,29,30,35,36,48],"ascension_level":0}}