{"host":"xazfs2cmso1lkipw","time":1609584848,"event":{"mods":["AchievementEnabler","Arknights The Spire","BaseMod","Bestiary","Better Third Choice","BetterRewards","Clockwork Mod","Colored Map","Colored Powertips","Highlight Path","Infinite Spire","Minty Spire (QoL Compilation)","Quick Restart","Railgun Mod","Rare Cards Sparkle","Relic Stats","Replay The Spire","Shop Mod","StSLib"],"gold_per_floor":[99,110,124,34,54,54,70,70,70,105,105,138,151,170,170,170,170],"floor_reached":16,"playtime":1046,"items_purged":[],"score":224,"play_id":"94038247-f7a3-4afa-930a-f415b3427b68","local_time":"20210102185408","daily_mods":["Vintage","Heirloom","Time Dilation","Flight","Elite Swarm","Lethality"],"is_ascension_mode":true,"campfire_choices":[{"floor":6,"key":"REST"},{"floor":11,"key":"REST"},{"floor":15,"key":"REST"}],"circlet_count":0,"master_deck":["Demon Form","Wraith Form v2","Echo Form","DevaForm","TheRailgun:Level_6","Clockwork:PerfectForm","AscendersBane","Clockwork:Strike","Clockwork:Strike","Clockwork:Strike","Clockwork:Strike","Clockwork:Shield","Clockwork:Shield","Clockwork:Shield","Clockwork:Shield","Clockwork:Tinker","Clockwork:WarmUp","Clockwork:EnthusiasticStrike","Clockwork:SiegeStrike","Clockwork:ForgeStrike","Clockwork:PerfectForm"],"relics":["Clockwork:MomentumEngine","replay:Trail_Library","Counterbalance","Replay:PocketPolymizer","Replay:Accelerometer","Pen Nib","Mummified Hand","Durian","Ornamental Fan","FossilizedHelix","infinitespire:CursedDice","Blue Doll","Replay:Mystery Machine"],"acts_visited":["Exordium"],"potions_floor_usage":[16,16],"damage_taken":[{"damage":33,"enemies":"Small Slimes","floor":2,"turns":5},{"damage":16,"enemies":"Jaw Worm","floor":3,"turns":5},{"damage":4,"enemies":"Cultist","floor":5,"turns":5},{"damage":16,"enemies":"Blue Slaver","floor":7,"turns":2},{"damage":34,"enemies":"Gremlin Nob","floor":10,"turns":6},{"damage":12,"enemies":"Replay:BlueRogue","floor":12,"turns":5},{"damage":0,"enemies":"Large Slime","floor":13,"turns":3},{"damage":18,"enemies":"Lots of Slimes","floor":14,"turns":4},{"damage":34,"enemies":"Hexaghost","floor":16,"turns":9}],"seed_played":"4825569764623237616","potions_obtained":[{"floor":3,"key":"SteroidPotion"},{"floor":7,"key":"Strength Potion"}],"is_trial":true,"path_per_floor":["WH","M","M","$","M","R","M","WH","T","E","R","E","M","M","R","B"],"character_chosen":"CLOCKWORK","items_purchased":["Clockwork:EnthusiasticStrike"],"campfire_rested":3,"item_purchase_floors":[4],"current_hp_per_floor":[71,38,22,22,18,41,30,38,38,4,31,19,19,1,28,0,0],"gold":170,"neow_bonus":"TEN_PERCENT_HP_BONUS","is_daily":false,"chose_seed":false,"campfire_upgraded":0,"win_rate":0.0,"timestamp":1609584848,"path_taken":["WH","M","M","$","M","R","M","WH","T","E","R","E","M","M","R","BOSS"],"items_purchased_type":["Card"],"build_version":"2020-12-22","purchased_purges":0,"victory":false,"max_hp_per_floor":[79,79,79,79,79,79,84,92,92,92,92,92,92,92,92,92,92],"relic_stats":{"counters":[9,44],"Mummified Hand":[43],"Ornamental Fan":[20],"Pen Nib":[5],"obtain_stats":[{"Replay:Accelerometer":2,"Replay:PocketPolymizer":1,"infinitespire:CursedDice":12,"Counterbalance":0,"Blue Doll":13,"Pen Nib":3,"Replay:Mystery Machine":14,"Clockwork:MomentumEngine":0,"Mummified Hand":5,"Ornamental Fan":9,"Durian":7,"FossilizedHelix":10,"replay:Trail_Library":0},{"Replay:Accelerometer":1,"Replay:PocketPolymizer":0,"infinitespire:CursedDice":6,"Counterbalance":0,"Blue Doll":7,"Pen Nib":2,"Replay:Mystery Machine":8,"Clockwork:MomentumEngine":0,"Mummified Hand":3,"Ornamental Fan":4,"Durian":4,"FossilizedHelix":5,"replay:Trail_Library":0},{"Replay:Accelerometer":5,"Replay:PocketPolymizer":0,"infinitespire:CursedDice":28,"Counterbalance":0,"Blue Doll":31,"Pen Nib":10,"Replay:Mystery Machine":35,"Clockwork:MomentumEngine":0,"Mummified Hand":15,"Ornamental Fan":17,"Durian":17,"FossilizedHelix":23,"replay:Trail_Library":0}]},"card_choices":[{"not_picked":["Clockwork:CraftQuicksilverHourglass","Clockwork:ReactiveNanites"],"picked":"Clockwork:SiegeStrike","floor":10},{"not_picked":["Clockwork:WindupStrike","Clockwork:Strangle"],"picked":"Clockwork:PerfectForm","floor":12}],"player_experience":1994,"relics_obtained":[{"floor":2,"key":"Replay:Accelerometer"},{"floor":3,"key":"Pen Nib"},{"floor":5,"key":"Mummified Hand"},{"floor":7,"key":"Durian"},{"floor":9,"key":"Ornamental Fan"},{"floor":10,"key":"FossilizedHelix"},{"floor":12,"key":"infinitespire:CursedDice"},{"floor":13,"key":"Blue Doll"},{"floor":14,"key":"Replay:Mystery Machine"}],"event_choices":[],"is_beta":false,"boss_relics":[],"items_purged_floors":[],"is_endless":false,"potions_floor_spawned":[3,7,10,12],"killed_by":"Hexaghost","ascension_level":20}}