{"host":"yvb207ks1sg3cxef","time":1609595223,"event":{"mods":["2.2 Compatiblity","BaseMod","Bestiary","Colored Powertips","Minty Spire (QoL Compilation)","Permanent Neow","Quick Restart","Relic Stats","StSLib"],"gold_per_floor":[359,359,359,12,29,29,104,137,137,150,150,150,171,194,194,287,287,306,306,306,306,330,330,330,330],"floor_reached":24,"playtime":1075,"items_purged":[],"score":388,"play_id":"a30f5a3d-b809-49d8-8d73-2a97fe3357c8","local_time":"20210102191703","is_ascension_mode":true,"campfire_choices":[{"data":"Poisoned Stab","floor":6.0,"key":"SMITH"},{"data":"Neutralize","floor":12.0,"key":"SMITH"},{"floor":15,"key":"REST"},{"floor":23,"key":"REST"}],"circlet_count":0,"master_deck":["AscendersBane","Strike_G","Strike_G","Strike_G","Defend_G","Defend_G","Defend_G","Defend_G","Defend_G","Survivor","Neutralize+1","Poisoned Stab+1","Die Die Die","Escape Plan","Poisoned Stab","Blade Dance","After Image","Reflex","Necronomicurse","Acrobatics","Noxious Fumes","Accuracy","Concentrate"],"relics":["Ring of the Serpent","Calipers","Sundial","Shuriken","Golden Idol","Necronomicon"],"acts_visited":["Exordium","TheCity"],"potions_floor_usage":[22,24],"damage_taken":[{"damage":0.0,"enemies":"2 Louse","floor":1.0,"turns":4.0},{"damage":2.0,"enemies":"Jaw Worm","floor":5.0,"turns":4.0},{"damage":30.0,"enemies":"Gremlin Nob","floor":8.0,"turns":5.0},{"damage":0.0,"enemies":"Small Slimes","floor":10.0,"turns":3.0},{"damage":0.0,"enemies":"2 Fungi Beasts","floor":13.0,"turns":2.0},{"damage":17,"enemies":"Large Slime","floor":14,"turns":5},{"damage":13,"enemies":"The Guardian","floor":16,"turns":13},{"damage":5,"enemies":"Shell Parasite","floor":18,"turns":7},{"damage":15,"enemies":"3 Byrds","floor":22,"turns":7},{"damage":30,"enemies":"Slavers","floor":24,"turns":3}],"seed_played":"-7861248310376497410","potions_obtained":[{"floor":1.0,"key":"Regen Potion"},{"floor":5.0,"key":"Ancient Potion"},{"floor":18,"key":"BlessingOfTheForge"},{"floor":22,"key":"Dexterity Potion"}],"is_trial":false,"path_per_floor":["M","?","?","$","M","R","?","E","T","M","?","R","M","M","R","B",null,"M","?","?","?","M","R","E"],"character_chosen":"THE_SILENT","items_purchased":["Calipers"],"campfire_rested":2,"item_purchase_floors":[4],"current_hp_per_floor":[44,49,49,49,47,47,36,21,21,21,21,21,21,4,23,10,51,46,25,25,25,10,29,0,0],"gold":330,"neow_bonus":"TWO_FIFTY_GOLD","is_daily":false,"chose_seed":false,"campfire_upgraded":2,"win_rate":0.0,"timestamp":1609595223,"path_taken":["M","?","?","$","M","R","?","E","T","M","?","R","M","M","R","BOSS","M","?","?","?","M","R","E"],"items_purchased_type":["Relic"],"build_version":"2020-12-22","purchased_purges":0,"victory":false,"max_hp_per_floor":[66,71,71,71,71,71,71,71,71,71,64,64,64,64,64,64,64,64,64,64,64,64,64,64,64],"relic_stats":{"counters":[10,53],"Sundial":[8],"Shuriken":[16],"Golden Idol":41,"Necronomicon":[0],"obtain_stats":[{"Calipers":4,"Sundial":8,"Shuriken":9,"Golden Idol":11,"Necronomicon":19,"Ring of the Serpent":17,"Ring of the Snake":0},{"Calipers":1,"Sundial":3,"Shuriken":3,"Golden Idol":4,"Necronomicon":8,"Ring of the Serpent":7,"Ring of the Snake":0},{"Calipers":4,"Sundial":13,"Shuriken":13,"Golden Idol":16,"Necronomicon":43,"Ring of the Serpent":36,"Ring of the Snake":0}]},"card_choices":[{"not_picked":["Dodge and Roll","Backflip"],"picked":"Poisoned Stab","floor":1.0},{"not_picked":["Cloak And Dagger","PiercingWail"],"picked":"Die Die Die","floor":5.0},{"not_picked":["Acrobatics","Endless Agony"],"picked":"Escape Plan","floor":8.0},{"not_picked":["Flying Knee","Outmaneuver","Skewer"],"picked":"SKIP","floor":10.0},{"not_picked":["Doppelganger","Dagger Spray"],"picked":"Poisoned Stab","floor":13},{"not_picked":["Dagger Spray","Slice"],"picked":"Blade Dance","floor":14},{"not_picked":["Corpse Explosion","Burst"],"picked":"After Image","floor":16},{"not_picked":["Underhanded Strike+1","All Out Attack"],"picked":"Reflex","floor":18},{"not_picked":["Bane","Cloak And Dagger"],"picked":"Concentrate","floor":22}],"player_experience":282992,"relics_obtained":[{"floor":8.0,"key":"Sundial"},{"floor":9.0,"key":"Shuriken"},{"floor":19,"key":"Necronomicon"}],"event_choices":[{"damage_healed":0.0,"max_hp_gain":5.0,"max_hp_loss":0.0,"gold_gain":0.0,"event_name":"Big Fish","player_choice":"Donut","floor":2.0,"gold_loss":0.0,"damage_taken":0.0},{"damage_healed":0.0,"max_hp_gain":0.0,"max_hp_loss":0.0,"gold_gain":0.0,"event_name":"The Cleric","player_choice":"Leave","floor":3.0,"gold_loss":0.0,"damage_taken":0.0},{"damage_healed":0.0,"max_hp_gain":0.0,"max_hp_loss":0.0,"gold_gain":75.0,"event_name":"World of Goop","player_choice":"Gather Gold","floor":7.0,"gold_loss":0.0,"damage_taken":11.0},{"damage_healed":0.0,"max_hp_gain":0.0,"max_hp_loss":7.0,"gold_gain":0.0,"event_name":"Golden Idol","player_choice":"Lose Max HP","floor":11.0,"gold_loss":0.0,"damage_taken":0.0,"relics_obtained":["Golden Idol"]},{"damage_healed":0,"gold_gain":0,"player_choice":"Obtained Book","damage_taken":21,"max_hp_gain":0,"max_hp_loss":0,"event_name":"Cursed Tome","floor":19,"gold_loss":0},{"damage_healed":0,"gold_gain":0,"player_choice":"Read","damage_taken":0,"max_hp_gain":0,"max_hp_loss":0,"event_name":"The Library","floor":20,"gold_loss":0,"cards_obtained":["Acrobatics"]},{"damage_healed":0,"gold_gain":0,"cards_transformed":["Strike_G","Strike_G"],"player_choice":"Became Test Subject","damage_taken":0,"max_hp_gain":0,"max_hp_loss":0,"event_name":"Drug Dealer","floor":21,"gold_loss":0,"cards_obtained":["Noxious Fumes","Accuracy"]}],"is_beta":false,"boss_relics":[{"not_picked":["WristBlade","Tiny House"],"picked":"Ring of the Serpent"}],"items_purged_floors":[],"is_endless":false,"potions_floor_spawned":[1,5,18,22],"killed_by":"Slavers","ascension_level":20}}