{"host":"7hpq7e8rzvzbnf1s","time":1609576172,"event":{"mods":["Arknights The Spire","BaseMod","Minty Spire (QoL Compilation)","Quick Restart","StSLib","Waifu the Spire"],"gold_per_floor":[128,153,153,186,186,186,239,239,239,0,59,59,97,132,132,272,272,277,127,127,163,197,253,253,115,154,185,185,212,239,300,327,498,525,590,647,674,732,240,240,280,339,339,389,429,429,465,496,496,496,496,496,90,146,146],"floor_reached":56,"playtime":2883,"items_purged":["ats:Defend","ats:Strike G","ats:Defend","ats:Armor Crushing Shot"],"score":1214,"play_id":"01abd5b7-f82e-44cc-8e2c-cb2495aebea6","local_time":"20210102162932","is_ascension_mode":false,"campfire_choices":[{"floor":6,"key":"REST"},{"data":"ats:Emotion Absorption","floor":8,"key":"SMITH"},{"data":"ats:Healing Strengthening","floor":12,"key":"SMITH"},{"floor":15,"key":"RECALL"},{"data":"ats:Burning Ground","floor":24,"key":"SMITH"},{"data":"ats:Nebulous Foxfire","floor":32,"key":"SMITH"},{"data":"ats:Dogmatic Field","floor":40,"key":"SMITH"},{"data":"ats:Composite Medical Shells","floor":46,"key":"SMITH"},{"data":"ats:Ambush","floor":49,"key":"SMITH"},{"data":"ats:Beaten Up","floor":52,"key":"SMITH"}],"circlet_count":0,"master_deck":["ats:Strike C","ats:Strike S","ats:Defend","ats:Defend","ats:Emotion Absorption+1","ats:Charging Defense","ats:Sword Rain+1","ats:Curse Doll","ats:Very Hot Blade","ats:Healing Strengthening+1","ats:Shell Defense","ats:Shell Defense","ats:Nebulous Foxfire+1","ats:Burning Ground+1","ats:Closed Bolt Burst Fire+1","ats:Ignite","ats:Healing Drone","ats:Ignite","ats:Dogmatic Field+1","ats:Neurotoxin+1","ats:Poison Spread+1","ats:Ambush+1","ats:Composite Medical Shells+1","ats:Beaten Up+1","Parasite","ats:Magnetic Hammer+1"],"relics":["ats:Sanity","ats:Gyao","Golden Idol","ats:Originium","Ancient Tea Set","Matryoshka","Meat on the Bone","Ice Cream","Busted Crown","Strawberry","MawBank","Dream Catcher","Nloth\u0027s Gift","Coffee Dripper","Letter Opener","HornCleat","ats:Lavender","Regal Pillow","ats:Military Tradition","Anchor"],"acts_visited":["Exordium","TheCity","TheBeyond","TheEnding"],"potions_floor_usage":[11,11,16,21,55,55,55],"damage_taken":[{"damage":9,"enemies":"Cultist","floor":1,"turns":4},{"damage":0,"enemies":"Small Slimes","floor":2,"turns":4},{"damage":10,"enemies":"Jaw Worm","floor":4,"turns":6},{"damage":19,"enemies":"3 Sentries","floor":7,"turns":7},{"damage":14,"enemies":"Lagavulin","floor":11,"turns":7},{"damage":4,"enemies":"Blue Slaver","floor":13,"turns":4},{"damage":11,"enemies":"Gremlin Gang","floor":14,"turns":5},{"damage":85,"enemies":"The Guardian","floor":16,"turns":22},{"damage":31,"enemies":"2 Thieves","floor":18,"turns":5},{"damage":9,"enemies":"Spheric Guardian","floor":21,"turns":5},{"damage":9,"enemies":"Snecko","floor":22,"turns":5},{"damage":53,"enemies":"Book of Stabbing","floor":23,"turns":8},{"damage":0,"enemies":"Centurion and Healer","floor":27,"turns":5},{"damage":26,"enemies":"Chosen and Byrds","floor":31,"turns":5},{"damage":83,"enemies":"Automaton","floor":33,"turns":9},{"damage":12,"enemies":"3 Shapes","floor":35,"turns":6},{"damage":19,"enemies":"Orb Walker","floor":36,"turns":4},{"damage":51,"enemies":"Jaw Worm Horde","floor":38,"turns":4},{"damage":9,"enemies":"Transient","floor":41,"turns":5},{"damage":97,"enemies":"Giant Head","floor":42,"turns":10},{"damage":42,"enemies":"Reptomancer","floor":44,"turns":5},{"damage":44,"enemies":"Spire Growth","floor":45,"turns":5},{"damage":23,"enemies":"Sphere and 2 Shapes","floor":47,"turns":4},{"damage":14,"enemies":"Writhing Mass","floor":48,"turns":6},{"damage":130,"enemies":"Donu and Deca","floor":50,"turns":11},{"damage":51,"enemies":"Shield and Spear","floor":54,"turns":8},{"damage":139,"enemies":"The Heart","floor":55,"turns":10}],"seed_played":"3932330831886544749","potions_obtained":[{"floor":1,"key":"Fire Potion"},{"floor":7,"key":"SkillPotion"},{"floor":11,"key":"Weak Potion"},{"floor":20,"key":"Fruit Juice"},{"floor":20,"key":"Ancient Potion"},{"floor":20,"key":"ats:Top Emergency Sanity Potion"},{"floor":22,"key":"CultistPotion"},{"floor":31,"key":"Strength Potion"},{"floor":38,"key":"CultistPotion"}],"is_trial":false,"path_per_floor":["M","M","?","M","?","R","E","R","T","$","E","R","M","M","R","B",null,"M","$","?","M","M","E","R","$","T","M","T","$","?","M","R","B",null,"M","M","?","M","$","R","M","E","T","E","M","R","M","M","R","B",null,"R","$","E","B",null],"character_chosen":"DOCTOR_CLASS","items_purchased":["Meat on the Bone","ats:Burning Ground","ats:Healing Drone","ats:Ambush","Letter Opener","ats:Military Tradition"],"campfire_rested":1,"item_purchase_floors":[10,19,25,39,39,53],"current_hp_per_floor":[42,42,24,14,14,35,16,16,16,16,14,14,24,34,34,29,72,61,61,61,70,75,56,56,56,56,75,75,75,75,79,79,68,84,84,75,75,49,49,49,63,44,44,54,54,54,43,59,59,48,84,84,84,84,55],"gold":146,"neow_bonus":"ONE_RARE_RELIC","is_daily":false,"chose_seed":false,"campfire_upgraded":8,"win_rate":0.0,"timestamp":1609576172,"path_taken":["M","M","?","M","?","R","E","R","T","$","E","R","?","M","R","BOSS","M","$","?","?","M","E","R","?","T","M","?","$","?","?","R","BOSS","M","M","?","M","$","R","M","E","T","E","M","R","M","M","R","BOSS","R","$","E","BOSS"],"items_purchased_type":["Relic","Card","Card","Card","Relic","Relic"],"build_version":"2020-12-22","purchased_purges":4,"victory":true,"max_hp_per_floor":[72,72,72,72,72,72,72,72,72,72,72,72,72,72,72,72,72,72,72,72,77,77,84,84,84,84,84,84,84,84,84,84,84,84,84,84,84,84,84,84,84,84,84,84,84,84,84,84,84,84,84,84,84,84,84],"card_choices":[{"not_picked":["ats:Healing Strengthening","ats:Powerful Strike"],"picked":"ats:Charging Defense","floor":1},{"not_picked":["ats:Hammer On","ats:Explosion Area Strengthen"],"picked":"ats:Sword Rain","floor":2},{"not_picked":["ats:Leaping Hammer","ats:Poison Spread"],"picked":"ats:Curse Doll","floor":4},{"not_picked":["ats:Counter Healing Mode","ats:Childhood Dance"],"picked":"ats:Very Hot Blade","floor":7},{"not_picked":["ats:Beaten Up","ats:Sunburst"],"picked":"ats:Healing Strengthening","floor":11},{"not_picked":["ats:Red Shift","ats:Collapsing Strike"],"picked":"ats:Shell Defense","floor":13},{"not_picked":["ats:Cat Scratch","ats:Assault Order"],"picked":"ats:Shell Defense","floor":14},{"not_picked":["ats:Shadow Assault","ats:Volcano"],"picked":"ats:Nebulous Foxfire","floor":16},{"not_picked":["ats:Assault Order"],"picked":"SKIP","floor":18},{"not_picked":[],"picked":"ats:Closed Bolt Burst Fire","floor":21},{"not_picked":[],"picked":"ats:Ignite","floor":22},{"not_picked":["ats:Consecutive Shot Auto+1"],"picked":"SKIP","floor":23},{"not_picked":[],"picked":"ats:Ignite","floor":27},{"not_picked":["ats:Soul Absorption"],"picked":"SKIP","floor":31},{"not_picked":[],"picked":"ats:Dogmatic Field","floor":33},{"not_picked":["ats:Curse Doll"],"picked":"SKIP","floor":35},{"not_picked":[],"picked":"ats:Neurotoxin+1","floor":36},{"not_picked":[],"picked":"ats:Poison Spread+1","floor":38},{"not_picked":["ats:Apocalypse"],"picked":"SKIP","floor":41},{"not_picked":[],"picked":"ats:Composite Medical Shells","floor":42},{"not_picked":[],"picked":"ats:Beaten Up","floor":44},{"not_picked":["ats:Assault Order+1"],"picked":"SKIP","floor":45},{"not_picked":["ats:Explosion Area Strengthen"],"picked":"SKIP","floor":47},{"not_picked":[],"picked":"ats:Magnetic Hammer+1","floor":48},{"not_picked":["ats:Hammer On"],"picked":"SKIP","floor":54}],"player_experience":187526,"relics_obtained":[{"floor":7,"key":"ats:Originium"},{"floor":7,"key":"Ancient Tea Set"},{"floor":9,"key":"Matryoshka"},{"floor":11,"key":"ats:Originium"},{"floor":11,"key":"Ice Cream"},{"floor":23,"key":"ats:Originium"},{"floor":23,"key":"Strawberry"},{"floor":26,"key":"Whetstone"},{"floor":28,"key":"MawBank"},{"floor":28,"key":"Dream Catcher"},{"floor":42,"key":"HornCleat"},{"floor":43,"key":"ats:Lavender"},{"floor":44,"key":"Regal Pillow"},{"floor":54,"key":"Anchor"}],"event_choices":[{"damage_healed":0,"gold_gain":0,"player_choice":"Take Damage","damage_taken":18,"relics_obtained":["Golden Idol"],"max_hp_gain":0,"max_hp_loss":0,"event_name":"Golden Idol","floor":3,"gold_loss":0},{"cards_removed":["ats:Strike V"],"damage_healed":0,"gold_gain":0,"player_choice":"Purged","damage_taken":0,"max_hp_gain":0,"max_hp_loss":0,"event_name":"Purifier","floor":5,"gold_loss":0},{"damage_healed":0,"gold_gain":0,"player_choice":"Got Potions","damage_taken":0,"max_hp_gain":0,"max_hp_loss":0,"event_name":"Lab","floor":20,"gold_loss":0},{"damage_healed":0,"gold_gain":0,"player_choice":"Traded Relic","damage_taken":0,"relics_obtained":["Nloth\u0027s Gift"],"max_hp_gain":0,"max_hp_loss":0,"event_name":"N\u0027loth","floor":30,"relics_lost":["Whetstone"],"gold_loss":0},{"damage_healed":0,"gold_gain":0,"player_choice":"Ignored","damage_taken":0,"max_hp_gain":0,"max_hp_loss":0,"event_name":"SecretPortal","floor":37,"gold_loss":0}],"is_beta":false,"boss_relics":[{"not_picked":["Runic Pyramid","Fusion Hammer"],"picked":"Busted Crown"},{"not_picked":["Velvet Choker","SlaversCollar"],"picked":"Coffee Dripper"}],"items_purged_floors":[19,25,39,53],"is_endless":false,"potions_floor_spawned":[1,7,11,22,27,31,38,41,45,47],"ascension_level":0}}