{"host":"vsdszi3rnxsdp24p","time":1609551969,"event":{"mods":["AchievementEnabler","BaseMod","Colored Map","Colored Powertips","Hermit","Highlight Path","Minty Spire (QoL Compilation)","Quick Restart","StSLib","SuperFastMode","Synergy Search","The Cursed"],"gold_per_floor":[114,114,189,189,189,224,224,249,275,294,17,17,41,5,5,109,109,124,124,137,174,190,190,216,141,165,165,185,285,305,319,319,414,414,432,432,432,452,452,452,506,506,506],"floor_reached":42,"playtime":2378,"items_purged":[],"score":422,"play_id":"26548f74-9f52-4963-88af-979507ef74f0","local_time":"20210102024609","is_ascension_mode":false,"campfire_choices":[{"floor":7,"key":"REST"},{"floor":12,"key":"REST"},{"floor":15,"key":"REST"},{"floor":23,"key":"REST"},{"floor":27,"key":"REST"},{"floor":32,"key":"REST"},{"floor":40,"key":"RECALL"}],"circlet_count":0,"master_deck":["Strike_G","Strike_G","Strike_G","Defend_G","Defend_G","Defend_G","Survivor","Neutralize","Backstab","Injury","Caltrops","Catalyst+1","Backflip+1","All Out Attack","Die Die Die","Bouncing Flask+1","Iron Wave","Blur+1","Leg Sweep+1","Choke+1","Deflect+1","Deadly Poison+1","Blade Dance+1","Blur+1","Deflect+1","Apotheosis+1","Jack Of All Trades+1","Magnetism","Poisoned Stab","Caltrops"],"relics":["Ring of the Snake","CaptainsWheel","Sundial","Anchor","Toxic Egg 2","Oddly Smooth Stone","Toolbox","Odd Mushroom","Empty Cage","StoneCalendar","Nunchaku","Ice Cream","HornCleat","HoveringKite","Gambling Chip"],"acts_visited":["Exordium","TheCity","TheBeyond"],"potions_floor_usage":[6,16,16,16,22,29,33,35,38,41,42],"damage_taken":[{"damage":5,"enemies":"Small Slimes","floor":1,"turns":5},{"damage":34,"enemies":"3 Sentries","floor":6,"turns":14},{"damage":24,"enemies":"Gremlin Nob","floor":8,"turns":6},{"damage":0,"enemies":"Jaw Worm","floor":10,"turns":5},{"damage":3,"enemies":"The Mushroom Lair","floor":13,"turns":4},{"damage":6,"enemies":"Slime Boss","floor":16,"turns":10},{"damage":6,"enemies":"Shell Parasite","floor":18,"turns":10},{"damage":20,"enemies":"3 Byrds","floor":20,"turns":5},{"damage":13,"enemies":"3 Cultists","floor":21,"turns":7},{"damage":4,"enemies":"Centurion and Healer","floor":22,"turns":8},{"damage":14,"enemies":"Book of Stabbing","floor":24,"turns":4},{"damage":12,"enemies":"Sentry and Sphere","floor":28,"turns":7},{"damage":0,"enemies":"Colosseum Slavers","floor":29,"turns":4},{"damage":18,"enemies":"Colosseum Nobs","floor":29,"turns":7},{"damage":2,"enemies":"Snake Plant","floor":30,"turns":4},{"damage":0,"enemies":"Chosen and Byrds","floor":31,"turns":5},{"damage":32,"enemies":"Champ","floor":33,"turns":13},{"damage":0,"enemies":"3 Shapes","floor":35,"turns":3},{"damage":0,"enemies":"Orb Walker","floor":38,"turns":2},{"damage":47,"enemies":"2 Orb Walkers","floor":41,"turns":7},{"damage":13,"enemies":"Reptomancer","floor":42,"turns":6}],"seed_played":"-27285197776989816","potions_obtained":[{"floor":1,"key":"Weak Potion"},{"floor":10,"key":"EssenceOfSteel"},{"floor":13,"key":"CultistPotion"},{"floor":21,"key":"Weak Potion"},{"floor":22,"key":"SteroidPotion"},{"floor":28,"key":"PowerPotion"},{"floor":30,"key":"GhostInAJar"},{"floor":33,"key":"AttackPotion"},{"floor":35,"key":"AttackPotion"},{"floor":41,"key":"Energy Potion"}],"is_trial":false,"path_per_floor":["M","?","?","?","?","E","R","E","T","M","$","R","?","$","R","B",null,"M","?","M","M","M","R","E","?","T","R","M","?","M","M","R","B",null,"M","?","?","M","T","R","?","E"],"character_chosen":"THE_SILENT","items_purchased":["Catalyst+1","Toolbox","Dexterity Potion","All Out Attack"],"campfire_rested":6,"item_purchase_floors":[11,11,11,14],"current_hp_per_floor":[65,65,54,54,42,8,29,5,5,5,5,26,23,23,44,38,70,64,64,44,31,27,48,34,34,34,55,43,25,23,23,44,12,70,70,60,60,60,60,60,13,0,0],"gold":506,"neow_bonus":"ONE_RARE_RELIC","is_daily":false,"chose_seed":false,"campfire_upgraded":0,"win_rate":0.0,"timestamp":1609551969,"path_taken":["M","?","?","?","?","E","R","E","T","?","$","R","?","$","R","BOSS","M","?","?","M","M","R","E","?","T","R","M","?","M","M","R","BOSS","M","?","?","M","?","R","?","E"],"items_purchased_type":["Card","Relic","Potion","Card"],"build_version":"2020-12-22","purchased_purges":0,"victory":false,"max_hp_per_floor":[70,70,70,70,70,70,70,70,70,70,70,70,70,70,70,70,70,70,70,70,70,70,70,70,70,70,70,70,70,70,70,70,70,70,70,70,66,66,66,66,66,66,66],"card_choices":[{"not_picked":["Calculated Gamble","Backflip"],"picked":"Backstab","floor":1},{"not_picked":["Prepared","All Out Attack","Dodge and Roll"],"picked":"SKIP","floor":6},{"not_picked":["Well Laid Plans","Bane"],"picked":"Caltrops","floor":8},{"not_picked":["Acrobatics+1","Predator","Underhanded Strike"],"picked":"SKIP","floor":10},{"not_picked":["Backstab","Sucker Punch"],"picked":"Backflip+1","floor":13},{"not_picked":["Tools of the Trade","Malaise+1"],"picked":"Die Die Die","floor":16},{"not_picked":["All Out Attack","Blade Dance+1"],"picked":"Bouncing Flask+1","floor":18},{"not_picked":["Setup+1","Dash"],"picked":"Blur+1","floor":20},{"not_picked":["Endless Agony","Deflect+1"],"picked":"Leg Sweep+1","floor":21},{"not_picked":["Outmaneuver+1","Blur+1"],"picked":"Choke+1","floor":22},{"not_picked":["Tools of the Trade","Malaise+1"],"picked":"Deflect+1","floor":24},{"not_picked":["Dagger Spray","Riddle With Holes+1","Well Laid Plans"],"picked":"SKIP","floor":28},{"not_picked":["Quick Slash","Slice+1"],"picked":"Deadly Poison+1","floor":29},{"not_picked":["Leg Sweep+1","Sucker Punch"],"picked":"Blade Dance+1","floor":30},{"not_picked":["Setup+1","Prepared+1"],"picked":"Blur+1","floor":31},{"not_picked":["Prepared+1","Backflip+1"],"picked":"Deflect+1","floor":35},{"not_picked":["Flash of Steel","Blind+1"],"picked":"Apotheosis+1","floor":36},{"not_picked":["Flash of Steel","Good Instincts+1"],"picked":"Jack Of All Trades+1","floor":36},{"not_picked":["Transmutation+1","Impatience+1"],"picked":"Magnetism","floor":36},{"not_picked":["Infinite Blades","Concentrate+1"],"picked":"Poisoned Stab","floor":38},{"not_picked":["Dodge and Roll+1","Deflect+1"],"picked":"Caltrops","floor":41}],"player_experience":101613,"relics_obtained":[{"floor":6,"key":"Anchor"},{"floor":8,"key":"Toxic Egg 2"},{"floor":9,"key":"Oddly Smooth Stone"},{"floor":13,"key":"Odd Mushroom"},{"floor":24,"key":"StoneCalendar"},{"floor":26,"key":"Nunchaku"},{"floor":29,"key":"Ice Cream"},{"floor":29,"key":"HornCleat"},{"floor":41,"key":"Gambling Chip"}],"event_choices":[{"damage_healed":0,"gold_gain":0,"player_choice":"Leave","damage_taken":0,"max_hp_gain":0,"max_hp_loss":0,"event_name":"The Cleric","floor":2,"gold_loss":0},{"damage_healed":0,"gold_gain":75,"player_choice":"Gather Gold","damage_taken":11,"max_hp_gain":0,"max_hp_loss":0,"event_name":"World of Goop","floor":3,"gold_loss":0},{"damage_healed":0,"gold_gain":0,"cards_transformed":["Doubt"],"player_choice":"Change","damage_taken":0,"max_hp_gain":0,"max_hp_loss":0,"event_name":"Living Wall","floor":4,"gold_loss":0,"cards_obtained":["Injury"]},{"damage_healed":0,"gold_gain":0,"player_choice":"Success","damage_taken":12,"relics_obtained":["Sundial"],"max_hp_gain":0,"max_hp_loss":0,"event_name":"Scrap Ooze","floor":5,"gold_loss":0},{"damage_healed":0,"gold_gain":0,"player_choice":"Fought Mushrooms","damage_taken":0,"max_hp_gain":0,"max_hp_loss":0,"event_name":"Mushrooms","floor":13,"gold_loss":0},{"cards_removed":["Defend_G"],"damage_healed":0,"gold_gain":0,"player_choice":"Took Card","damage_taken":0,"max_hp_gain":0,"max_hp_loss":0,"event_name":"NoteForYourself","floor":19,"gold_loss":0,"cards_obtained":["Iron Wave"]},{"cards_removed":["Strike_G"],"damage_healed":0,"gold_gain":0,"player_choice":"Gave Gold","damage_taken":0,"max_hp_gain":0,"max_hp_loss":0,"event_name":"Beggar","floor":25,"gold_loss":75},{"damage_healed":0,"gold_gain":0,"player_choice":"Fight","damage_taken":0,"max_hp_gain":0,"max_hp_loss":0,"event_name":"Colosseum","floor":29,"gold_loss":0},{"damage_healed":0,"gold_gain":0,"player_choice":"Fought Nobs","damage_taken":0,"max_hp_gain":0,"max_hp_loss":0,"event_name":"Colosseum","floor":29,"gold_loss":0},{"damage_healed":0,"gold_gain":0,"player_choice":"Memory 3","damage_taken":10,"max_hp_gain":0,"max_hp_loss":0,"event_name":"SensoryStone","floor":36,"gold_loss":0},{"damage_healed":0,"gold_gain":0,"player_choice":"Max HP","damage_taken":0,"max_hp_gain":0,"max_hp_loss":4,"event_name":"Winding Halls","floor":37,"gold_loss":0},{"damage_healed":0,"gold_gain":0,"player_choice":"Fight","damage_taken":0,"max_hp_gain":0,"max_hp_loss":0,"event_name":"Mysterious Sphere","floor":41,"gold_loss":0}],"is_beta":false,"boss_relics":[{"not_picked":["Ring of the Serpent","Philosopher\u0027s Stone"],"picked":"Empty Cage"},{"not_picked":["Fusion Hammer","Coffee Dripper"],"picked":"HoveringKite"}],"items_purged_floors":[],"is_endless":false,"potions_floor_spawned":[1,10,13,21,22,28,30,33,35,41],"killed_by":"Reptomancer","ascension_level":0}}