{"host":"igj4vwc42ivwqexo","time":1609629453,"event":{"mods":["BaseMod","Better Third Choice","Koishi","Marisa????????","Minty Spire (QoL Compilation)","Shop Mod","StSLib","The Blue Laboratory","The Disciple","The Hierophant","The Servant 0.9.4"],"gold_per_floor":[117,134,145,156,168,168,118,146,226,260,276,295,305,337,337,440,440,422,422,234,234,252,283,283,283,283,301,327,343,373,373,373,476,476,488,763,778,792,314,342,342,355,355,384,8,8,38,49,49,49],"floor_reached":51,"playtime":6489,"items_purged":["Defend_B","Shame","Regret"],"score":1093,"play_id":"29e0fc2a-db77-4e3d-96d6-6ae7aceb8f34","local_time":"20210103001733","is_ascension_mode":true,"campfire_choices":[{"data":"Zap","floor":6,"key":"SMITH"},{"data":"Dualcast","floor":15,"key":"SMITH"},{"data":"Defragment","floor":24,"key":"SMITH"},{"data":"Chaos","floor":32,"key":"SMITH"},{"data":"Fission","floor":41,"key":"SMITH"},{"data":"Steam Power","floor":49,"key":"SMITH"}],"circlet_count":0,"master_deck":["Strike_B","Strike_B","Strike_B","Defend_B","Defend_B","Defend_B","Zap+1","Dualcast+1","BootSequence","Redo","Force Field","Genetic Algorithm","Scrape+1","Chill","Chill","Leap","Seek","Ball Lightning","Blizzard+1","Machine Learning","Consume+1","Chaos+1","Defragment+1","Lockon+1","Genetic Algorithm","Tempest","Echo Form","Steam Power+1","Reinforced Body+1","Fission+1","Genetic Algorithm","Steam Power+1","Melter+1","Aggregate","Thunder Strike","Multi-Cast","Tempest","Tempest"],"relics":["FrozenCore","Oddly Smooth Stone","Pantograph","Ice Cream","MealTicket","Sundial","Enchiridion","Strawberry","Lantern","Akabeko","Question Card","Bronze Scales","Art of War","Philosopher\u0027s Stone","Chemical X","Calipers","Whetstone","Incense Burner","Mummified Hand","PreservedInsect"],"acts_visited":["Exordium","TheCity","TheBeyond"],"potions_floor_usage":[10,10,14,23,35,44,50],"damage_taken":[{"damage":1,"enemies":"Cultist","floor":1,"turns":3},{"damage":0,"enemies":"Jaw Worm","floor":2,"turns":3},{"damage":0,"enemies":"2 Louse","floor":3,"turns":1},{"damage":4,"enemies":"Large Slime","floor":4,"turns":5},{"damage":6,"enemies":"Looter","floor":5,"turns":3},{"damage":32,"enemies":"3 Sentries","floor":8,"turns":8},{"damage":4,"enemies":"Gremlin Nob","floor":10,"turns":3},{"damage":7,"enemies":"Exordium Thugs","floor":11,"turns":5},{"damage":0,"enemies":"Lots of Slimes","floor":12,"turns":5},{"damage":0,"enemies":"3 Louse","floor":13,"turns":4},{"damage":10,"enemies":"Lagavulin","floor":14,"turns":6},{"damage":19,"enemies":"The Guardian","floor":16,"turns":14},{"damage":0,"enemies":"2 Thieves","floor":18,"turns":4},{"damage":0,"enemies":"Spheric Guardian","floor":22,"turns":4},{"damage":21,"enemies":"Gremlin Leader","floor":23,"turns":5},{"damage":0,"enemies":"Centurion and Healer","floor":27,"turns":8},{"damage":0,"enemies":"Book of Stabbing","floor":28,"turns":6},{"damage":5,"enemies":"Snecko","floor":29,"turns":5},{"damage":21,"enemies":"Slavers","floor":30,"turns":6},{"damage":2,"enemies":"Champ","floor":33,"turns":9},{"damage":0,"enemies":"3 Darklings","floor":35,"turns":2},{"damage":11,"enemies":"3 Shapes","floor":37,"turns":4},{"damage":13,"enemies":"3 Darklings","floor":38,"turns":6},{"damage":20,"enemies":"Reptomancer","floor":40,"turns":4},{"damage":4,"enemies":"4 Shapes","floor":42,"turns":4},{"damage":11,"enemies":"Nemesis","floor":44,"turns":5},{"damage":0,"enemies":"Reptomancer","floor":47,"turns":4},{"damage":13,"enemies":"Jaw Worm Horde","floor":48,"turns":3},{"damage":0,"enemies":"Donu and Deca","floor":50,"turns":5}],"seed_played":"-2070459970744347963","potions_obtained":[{"floor":1,"key":"Strength Potion"},{"floor":2,"key":"FocusPotion"},{"floor":8,"key":"blueLaboratory:AbyssPotion"},{"floor":12,"key":"blueLaboratory:RecallPotion"},{"floor":16,"key":"blueLaboratory:LouseDecoction"},{"floor":22,"key":"Strength Potion"},{"floor":23,"key":"blueLaboratory:BiasPotion"},{"floor":30,"key":"blueLaboratory:BottleOfRum"},{"floor":33,"key":"blueLaboratory:PolymorphPotion"},{"floor":37,"key":"AttackPotion"},{"floor":48,"key":"blueLaboratory:AbyssPotion"}],"is_trial":false,"path_per_floor":["M","M","M","M","M","R","?","E","T","E","M","M","M","E","R","B",null,"M","?","$","?","M","E","R","?","T","M","E","M","E","T","R","B",null,"M","?","M","M","$","E","R","M","T","E","$","?","E","M","R","B",null],"character_chosen":"DEFECT","items_purchased":["Chaos","Defragment","Chemical X","Aggregate","Thunder Strike","Mummified Hand"],"campfire_rested":0,"item_purchase_floors":[20,20,39,39,39,45],"current_hp_per_floor":[81,81,81,77,71,71,71,39,39,35,28,28,28,18,18,24,82,82,82,82,66,66,52,52,52,52,52,52,47,26,26,26,49,89,89,89,78,65,80,60,60,56,56,45,60,60,60,47,47,72],"gold":49,"neow_bonus":"TEN_PERCENT_HP_BONUS","is_daily":false,"chose_seed":false,"campfire_upgraded":6,"win_rate":0.0,"timestamp":1609629453,"path_taken":["M","?","M","M","M","R","?","E","T","E","M","M","M","E","R","BOSS","M","?","$","?","M","E","R","?","T","M","E","M","E","?","R","BOSS","M","?","?","M","$","E","R","M","T","E","$","?","E","M","R","BOSS"],"items_purchased_type":["Card","Card","Relic","Card","Card","Relic"],"build_version":"2020-12-22","purchased_purges":3,"victory":true,"max_hp_per_floor":[82,82,82,82,82,82,82,82,82,82,82,82,82,82,82,82,82,82,82,82,82,82,89,89,89,89,89,89,89,89,89,89,89,89,89,89,89,89,89,89,89,89,89,89,89,85,85,85,85,85],"card_choices":[{"not_picked":["Reinforced Body","Fusion"],"picked":"BootSequence","floor":1},{"not_picked":["Sweeping Beam","Go for the Eyes"],"picked":"Redo","floor":2},{"not_picked":["Leap","Coolheaded"],"picked":"Force Field","floor":3},{"not_picked":["BootSequence","Stack"],"picked":"Genetic Algorithm","floor":4},{"not_picked":["BootSequence","Darkness"],"picked":"Scrape","floor":5},{"not_picked":["Leap","Hologram"],"picked":"Chill","floor":8},{"not_picked":["Fusion","Ball Lightning"],"picked":"Chill","floor":10},{"not_picked":["Compile Driver","Rebound"],"picked":"Leap","floor":11},{"not_picked":["Sweeping Beam","Ball Lightning"],"picked":"Seek","floor":12},{"not_picked":["Redo","Sweeping Beam"],"picked":"Ball Lightning","floor":13},{"not_picked":["Barrage","Compile Driver"],"picked":"Blizzard","floor":14},{"not_picked":["Thunder Strike","Amplify"],"picked":"Machine Learning","floor":16},{"not_picked":["Leap","Rip and Tear"],"picked":"Consume+1","floor":18},{"not_picked":["Aggregate","Steam"],"picked":"Lockon+1","floor":22},{"not_picked":["Gash","Sunder"],"picked":"Genetic Algorithm","floor":23},{"not_picked":["Sweeping Beam","Chaos"],"picked":"Tempest","floor":27},{"not_picked":["Conserve Battery","Melter"],"picked":"Echo Form","floor":28},{"not_picked":["Rip and Tear","Cold Snap+1","Undo"],"picked":"Steam Power","floor":29},{"not_picked":["Go for the Eyes+1","Hologram+1","Barrage"],"picked":"Reinforced Body+1","floor":30},{"not_picked":["Echo Form","Thunder Strike","All For One"],"picked":"Fission","floor":33},{"not_picked":["Go for the Eyes","Redo+1","Steam"],"picked":"Genetic Algorithm","floor":35},{"not_picked":["Turbo","Heatsinks+1","Ball Lightning+1"],"picked":"Steam Power+1","floor":37},{"not_picked":["Steam","Turbo","Rebound+1"],"picked":"Melter+1","floor":38},{"not_picked":["Turbo","Go for the Eyes","Conserve Battery+1"],"picked":"Multi-Cast","floor":40},{"not_picked":["Rebound+1","Sweeping Beam+1","Cold Snap","Undo"],"picked":"SKIP","floor":42},{"not_picked":["Lockon","Static Discharge","Buffer"],"picked":"Tempest","floor":44},{"not_picked":["Consume+1","Cold Snap","Buffer","Auto Shields"],"picked":"SKIP","floor":47},{"not_picked":["Consume+1","Compile Driver+1","Streamline+1"],"picked":"Tempest","floor":48}],"player_experience":309071,"relics_obtained":[{"floor":8,"key":"Oddly Smooth Stone"},{"floor":9,"key":"Pantograph"},{"floor":10,"key":"Ice Cream"},{"floor":14,"key":"MealTicket"},{"floor":21,"key":"Enchiridion"},{"floor":23,"key":"Strawberry"},{"floor":26,"key":"Akabeko"},{"floor":28,"key":"Question Card"},{"floor":30,"key":"Bronze Scales"},{"floor":31,"key":"Art of War"},{"floor":40,"key":"Calipers"},{"floor":43,"key":"Whetstone"},{"floor":44,"key":"Incense Burner"},{"floor":47,"key":"PreservedInsect"}],"event_choices":[{"cards_removed":["Strike_B"],"damage_healed":0,"gold_gain":0,"player_choice":"Card Removal","damage_taken":0,"max_hp_gain":0,"max_hp_loss":0,"event_name":"The Cleric","floor":7,"gold_loss":50},{"damage_healed":0,"gold_gain":0,"player_choice":"Opened","damage_taken":0,"relics_obtained":["Sundial"],"max_hp_gain":0,"max_hp_loss":0,"event_name":"The Mausoleum","floor":19,"gold_loss":0},{"damage_healed":0,"gold_gain":0,"player_choice":"Obtained Book","damage_taken":16,"max_hp_gain":0,"max_hp_loss":0,"event_name":"Cursed Tome","floor":21,"gold_loss":0},{"damage_healed":0,"gold_gain":0,"player_choice":"Stole Relic","damage_taken":0,"relics_obtained":["Lantern"],"max_hp_gain":0,"max_hp_loss":0,"event_name":"Addict","floor":25,"gold_loss":0,"cards_obtained":["Shame"]},{"damage_healed":0,"gold_gain":275,"player_choice":"Desecrate","damage_taken":0,"max_hp_gain":0,"max_hp_loss":0,"event_name":"Golden Shrine","floor":36,"gold_loss":0,"cards_obtained":["Regret"]},{"damage_healed":0,"gold_gain":0,"player_choice":"Max HP","damage_taken":0,"max_hp_gain":0,"max_hp_loss":4,"event_name":"Winding Halls","floor":46,"gold_loss":0}],"is_beta":false,"boss_relics":[{"not_picked":["SacredBark","Busted Crown"],"picked":"FrozenCore"},{"not_picked":["Cursed Key","Runic Dome"],"picked":"Philosopher\u0027s Stone"}],"items_purged_floors":[20,39,45],"is_endless":false,"potions_floor_spawned":[1,2,8,12,16,22,23,30,33,37,42,48],"ascension_level":4}}