{"host":"i317trlt96c3w9hm","time":1609563434,"event":{"mods":["2.2 Compatiblity","AchievementEnabler","BaseMod","Better Note","CapriCore","Colored Powertips","GifTheSpireLib","Highlight Path","Minty Spire (QoL Compilation)","StSLib","Yakumo Yukari mod"],"gold_per_floor":[130,55,67,77,96,96,425,425,500,535,566,594,606,644,656,769,781,813,825,857,969,302,302,332,332,358,358,358],"floor_reached":27,"playtime":2127,"items_purged":["AT_purpleEX"],"score":366,"play_id":"bf510248-9437-4f93-bdfa-6a11602f8c26","local_time":"20210102125714","is_ascension_mode":true,"campfire_choices":[{"data":"Charmbait_purple","floor":6.0,"key":"SMITH"},{"data":"Boundary_ObjectiveBoundary_purple","floor":13.0,"key":"SMITH"},{"floor":15.0,"key":"REST"},{"data":"AdvanceAttack_purple","floor":23,"key":"SMITH"}],"circlet_count":0,"master_deck":["AT_purpleEX","Defend_purpleEX","Defend_purpleEX","Defend_purpleEX","Defend_purpleEX","Observe_purple_1","Observe_purple_2","Mirror_FourBoundary_purple","StateErode_purple+1","Charmbait_purple+1","PurpleNeedle_purple","Shallow_ocean_purpleEX","Boundary_ObjectiveBoundary_purple+1","AdvanceAttack_purple+1","Boundary_LightAndDark_purple","Know_ledgeAbilityRealm_purple+1","Price_of_realm_purpleEX","Charmbait_purple+1","Boundary_of_Extermination_purpleEX+1","DarkRealmRedLine_purple"],"relics":["Boundary_crack","Memoryfragments_purpleEX","Akabeko","FaceOfCleric","Old Coin","Frozen Egg 2","MawBank","Dream Catcher","Empty Cage","Lizard Tail","CaptainsWheel","Whetstone","Lee\u0027s Waffle","Eternal Feather"],"acts_visited":["Exordium","TheCity"],"potions_floor_usage":[],"damage_taken":[{"damage":0.0,"enemies":"Small Slimes","floor":1.0,"turns":3.0},{"damage":1.0,"enemies":"Cultist","floor":3.0,"turns":4.0},{"damage":1.0,"enemies":"Jaw Worm","floor":4.0,"turns":3.0},{"damage":6.0,"enemies":"Lots of Slimes","floor":5.0,"turns":3.0},{"damage":30.0,"enemies":"Gremlin Nob","floor":7.0,"turns":3.0},{"damage":21.0,"enemies":"3 Sentries","floor":10.0,"turns":6.0},{"damage":0.0,"enemies":"Large Slime","floor":11.0,"turns":4.0},{"damage":3.0,"enemies":"Looter","floor":12.0,"turns":2.0},{"damage":6.0,"enemies":"Lagavulin","floor":14.0,"turns":6.0},{"damage":5.0,"enemies":"Slime Boss","floor":16.0,"turns":7.0},{"damage":0.0,"enemies":"Spheric Guardian","floor":18.0,"turns":3.0},{"damage":11,"enemies":"2 Thieves","floor":20,"turns":2},{"damage":82,"enemies":"Slavers","floor":24,"turns":7},{"damage":62,"enemies":"Book of Stabbing","floor":27,"turns":6}],"seed_played":"5531071306887950658","potions_obtained":[{"floor":1.0,"key":"Strength Potion"},{"floor":4.0,"key":"GamblersBrew"},{"floor":5.0,"key":"CultistPotion"},{"floor":10.0,"key":"BlessingOfTheForge"},{"floor":11.0,"key":"Strength Potion"}],"is_trial":false,"path_per_floor":["M","?","M","M","M","R","E","?","T","E","M","M","R","E","R","B",null,"M","?","M","?","$","R","E","?","T","E"],"character_chosen":"Youkari","items_purchased":["CaptainsWheel","Whetstone","Lee\u0027s Waffle"],"campfire_rested":1,"item_purchase_floors":[22,22,22],"current_hp_per_floor":[70,70,71,72,68,68,39,39,39,20,22,20,20,15,38,34,79,80,80,71,71,88,88,7,7,7,0,0],"gold":358,"neow_bonus":"RANDOM_COMMON_RELIC","is_daily":false,"chose_seed":false,"campfire_upgraded":3,"win_rate":0.0,"timestamp":1609563434,"path_taken":["M","?","M","?","M","R","E","?","T","E","M","?","R","E","R","BOSS","M","?","M","?","?","R","E","?","T","E"],"items_purchased_type":["Relic","Relic","Relic"],"build_version":"2020-12-22","purchased_purges":1,"victory":false,"max_hp_per_floor":[70,70,71,72,73,73,74,74,74,75,76,77,77,78,78,79,79,80,80,81,81,88,88,89,89,89,89,89],"card_choices":[{"not_picked":["OpenedBox_purple","ExistenceContinue_purple"],"picked":"Mirror_FourBoundary_purple","floor":1.0},{"not_picked":["ExistenceContinue_purple","Mirror_FourBoundary_purple"],"picked":"StateErode_purple","floor":3.0},{"not_picked":["Mirror_FormAndEmptin_purple","MetroBOOM_purple"],"picked":"Charmbait_purple","floor":4.0},{"not_picked":["Mirror_FormAndEmptin_purple","MeetDecomposer_purple"],"picked":"PurpleNeedle_purple","floor":5.0},{"not_picked":["Mirror_FormAndEmptin_purple","StateErode_purple","Realm_recovery_purpleEX"],"picked":"SKIP","floor":7.0},{"not_picked":["Mirror_Drifter_purple","PurpleNeedle_purple"],"picked":"Boundary_ObjectiveBoundary_purple","floor":10.0},{"not_picked":["Charmbait_purple","OmniscientAndOmnipotent_Monster_purple"],"picked":"AdvanceAttack_purple","floor":11.0},{"not_picked":["Erosivefilter_purple","RuleDissolution_purple"],"picked":"Boundary_LightAndDark_purple","floor":12.0},{"not_picked":["ExistenceContinue_purple","Worldmountain_purple","Umbrella_purple"],"picked":"SKIP","floor":14.0},{"not_picked":["SharpContractionReality_purple","Charmbait_purple"],"picked":"Know_ledgeAbilityRealm_purple","floor":15.0},{"not_picked":["Computing_the_future_purpleEX+1","WasteWire_Metro_purple"],"picked":"Price_of_realm_purpleEX","floor":16.0},{"not_picked":["Shallow_ocean_purpleEX+1","ExistenceContinue_purple"],"picked":"Charmbait_purple+1","floor":18.0},{"not_picked":["Charmbait_purple","Shallow_ocean_purpleEX"],"picked":"Boundary_of_Extermination_purpleEX+1","floor":20},{"not_picked":["Mirror_Drifter_purple+1","Fancifulhole_purple"],"picked":"DarkRealmRedLine_purple","floor":24}],"player_experience":21600,"relics_obtained":[{"floor":7.0,"key":"Old Coin"},{"floor":9.0,"key":"Frozen Egg 2"},{"floor":10.0,"key":"MawBank"},{"floor":14.0,"key":"Dream Catcher"},{"floor":24,"key":"Eternal Feather"}],"event_choices":[{"damage_healed":0.0,"max_hp_gain":0.0,"max_hp_loss":0.0,"gold_gain":0.0,"event_name":"FaceTrader","player_choice":"Trade","floor":2.0,"gold_loss":0.0,"damage_taken":0.0,"relics_obtained":["FaceOfCleric"]},{"damage_healed":0.0,"max_hp_gain":0.0,"max_hp_loss":0.0,"gold_gain":0.0,"event_name":"Match and Keep!","player_choice":"1 cards matched","floor":8.0,"gold_loss":0.0,"damage_taken":0.0,"cards_obtained":["Shallow_ocean_purpleEX"]},{"damage_healed":0.0,"max_hp_gain":0.0,"max_hp_loss":0.0,"gold_gain":0.0,"event_name":"WeMeetAgain","player_choice":"Gave Potion","floor":19.0,"gold_loss":0.0,"damage_taken":0.0,"relics_obtained":["Lizard Tail"]},{"damage_healed":0,"gold_gain":100,"player_choice":"Pray","damage_taken":0,"max_hp_gain":0,"max_hp_loss":0,"event_name":"Golden Shrine","floor":21,"gold_loss":0},{"cards_removed":["Boundary_of_Extermination_purpleEX"],"damage_healed":0,"gold_gain":0,"player_choice":"Give","damage_taken":0,"max_hp_gain":0,"max_hp_loss":0,"event_name":"betterNote:BetterNote","floor":25,"gold_loss":0,"cards_obtained":["None"]}],"is_beta":false,"boss_relics":[{"not_picked":["Philosopher\u0027s Stone","Velvet Choker"],"picked":"Empty Cage"}],"items_purged_floors":[22],"is_endless":false,"potions_floor_spawned":[1,4,5,10,11],"killed_by":"Book of Stabbing","ascension_level":1}}