{"host":"g76rhe4j5kh9hdf9","time":1609555620,"event":{"mods":["Act Like it!","BaseMod","Better Third Choice","GifTheSpireLib","Minty Spire (QoL Compilation)","Relic Stats","Spicy Shops","StSLib","TheSwordswoman"],"gold_per_floor":[13,13,23,23,23,23,33,64,90,101,101,136,136,147,147,249,249,265,290,92,17,31,31,61,61,61,88,103,103,137,137,137,235,235,245,120,135,135,150,177,177,177,177,203,203,216,66,82,82,82,82,82,82,116,116],"floor_reached":56,"playtime":3799,"items_purged":["blazmod:Defend","blazmod:Defend","blazmod:DanceOfTheGods","blazmod:OneWithNature"],"score":1615,"play_id":"b718eee1-e5d3-4c9d-b77e-f4a07a2583e1","local_time":"20210101184700","is_ascension_mode":true,"campfire_choices":[{"data":"blazmod:PhysicalEndurance","floor":6,"key":"SMITH"},{"data":"Regret","floor":11,"key":"PURGE"},{"data":"blazmod:Strike","floor":13,"key":"PURGE"},{"data":"blazmod:FleetOfFoot","floor":15,"key":"SMITH"},{"data":"blazmod:StanceChange","floor":23,"key":"SMITH"},{"data":"blazmod:Kyokasuigetsu+1","floor":29,"key":"PURGE"},{"data":"blazmod:RevolvingPhoenix","floor":32,"key":"SMITH"},{"data":"blazmod:PhysicalEndurance+1","floor":41,"key":"PURGE"},{"data":"blazmod:RevolvingPhoenix","floor":45,"key":"SMITH"},{"floor":49,"key":"RECALL"},{"data":"blazmod:Swordstorm","floor":52,"key":"SMITH"}],"circlet_count":0,"master_deck":["blazmod:ButterflyEffect","blazmod:RevolvingPhoenix+1","blazmod:PureOfSoul","blazmod:ClearTheMind","blazmod:FleetOfFoot+1","blazmod:Lockswords+1","blazmod:LoveAndHonor+1","blazmod:FocusThroughFalls","blazmod:StanceChange+1","blazmod:Observant+1","blazmod:RevolvingPhoenix+1","blazmod:Swordstorm+1","blazmod:ButterflyBlade","Secret Technique"],"relics":["blazmod:Venustas","Ginger","Boot","Peace Pipe","Art of War","Astrolabe","Red Mask","PreservedInsect","Pantograph","Lantern","Turnip","Tiny Chest","Busted Crown","Orichalcum","Ornamental Fan","Bag of Preparation","Eternal Feather"],"acts_visited":["Exordium","TheCity","TheBeyond","TheEnding"],"potions_floor_usage":[8,19,19,55,55,55],"damage_taken":[{"damage":6,"enemies":"Small Slimes","floor":1,"turns":2},{"damage":1,"enemies":"Jaw Worm","floor":3,"turns":5},{"damage":0,"enemies":"2 Louse","floor":7,"turns":3},{"damage":4,"enemies":"Gremlin Nob","floor":8,"turns":6},{"damage":0,"enemies":"Large Slime","floor":10,"turns":4},{"damage":8,"enemies":"3 Sentries","floor":12,"turns":7},{"damage":0,"enemies":"Exordium Thugs","floor":14,"turns":3},{"damage":0,"enemies":"Hexaghost","floor":16,"turns":8},{"damage":0,"enemies":"Shell Parasite","floor":18,"turns":6},{"damage":0,"enemies":"Masked Bandits","floor":19,"turns":3},{"damage":7,"enemies":"3 Byrds","floor":22,"turns":5},{"damage":0,"enemies":"Book of Stabbing","floor":24,"turns":6},{"damage":22,"enemies":"Slavers","floor":27,"turns":5},{"damage":0,"enemies":"Snecko","floor":28,"turns":4},{"damage":0,"enemies":"Gremlin Leader","floor":30,"turns":3},{"damage":0,"enemies":"Automaton","floor":33,"turns":1},{"damage":0,"enemies":"3 Darklings","floor":35,"turns":2},{"damage":0,"enemies":"Orb Walker","floor":37,"turns":2},{"damage":0,"enemies":"3 Darklings","floor":39,"turns":1},{"damage":0,"enemies":"Nemesis","floor":40,"turns":2},{"damage":0,"enemies":"Maw","floor":46,"turns":1},{"damage":0,"enemies":"Writhing Mass","floor":48,"turns":1},{"damage":0,"enemies":"Time Eater","floor":50,"turns":3},{"damage":0,"enemies":"Shield and Spear","floor":54,"turns":1},{"damage":0,"enemies":"The Heart","floor":55,"turns":3}],"seed_played":"7999760282783027898","potions_obtained":[{"floor":3,"key":"PowerPotion"},{"floor":10,"key":"GamblersBrew"},{"floor":12,"key":"Fire Potion"},{"floor":16,"key":"Fire Potion"},{"floor":27,"key":"Weak Potion"},{"floor":28,"key":"Block Potion"},{"floor":35,"key":"SpeedPotion"}],"is_trial":false,"path_per_floor":["M","$","M","?","?","R","M","E","T","M","R","E","R","M","R","B",null,"M","?","$","?","M","R","E","?","T","E","M","R","E","?","R","B",null,"M","$","M","?","M","E","R","?","T","T","R","M","$","M","R","B",null,"R","$","E","B",null],"character_chosen":"THE_SWORDSWOMAN","items_purchased":["blazmod:StanceChange"],"campfire_rested":0,"item_purchase_floors":[20],"current_hp_per_floor":[34,34,33,25,25,25,25,21,21,21,21,13,13,13,13,13,40,40,40,40,40,33,33,33,33,33,11,11,11,11,11,11,36,40,40,40,40,40,40,40,40,30,30,30,30,30,30,30,30,40,40,40,40,40,40],"gold":116,"neow_bonus":"ONE_RARE_RELIC","is_daily":false,"chose_seed":false,"campfire_upgraded":6,"win_rate":0.0,"timestamp":1609555620,"path_taken":["M","$","M","?","?","R","M","E","T","M","R","E","R","M","R","BOSS","M","?","$","?","?","R","E","?","T","E","M","R","E","?","R","BOSS","M","$","?","?","M","E","R","?","T","?","R","M","$","M","R","BOSS","R","$","E","BOSS"],"items_purchased_type":["Card"],"build_version":"2020-12-22","purchased_purges":4,"victory":true,"max_hp_per_floor":[40,40,40,40,40,40,40,40,40,40,40,40,40,40,40,40,40,40,40,40,40,40,40,40,40,40,40,40,40,40,40,40,40,40,40,40,40,40,40,40,40,40,40,40,40,40,40,40,40,40,40,40,40,40,40],"relic_stats":{"counters":[25,87],"Astrolabe":["blazmod:MyEverything","blazmod:Lockswords","blazmod:LoveAndHonor"],"Eternal Feather":0,"PreservedInsect":201,"Bag of Preparation":[10],"Ginger":[295],"Orichalcum":[0],"Boot":[104],"Peace Pipe":6,"Busted Crown":20,"Ornamental Fan":[24],"Pantograph":35,"Tiny Chest":1,"Turnip":[7],"Art of War":[17],"obtain_stats":[{"Lantern":27,"Astrolabe":17,"Eternal Feather":54,"PreservedInsect":24,"Bag of Preparation":44,"Ginger":0,"Orichalcum":40,"Boot":5,"Peace Pipe":8,"blazmod:Venustas":0,"Busted Crown":34,"Ornamental Fan":43,"Pantograph":26,"Tiny Chest":31,"Turnip":30,"Art of War":12,"Red Mask":19},{"Lantern":13,"Astrolabe":8,"Eternal Feather":24,"PreservedInsect":12,"Bag of Preparation":20,"Ginger":0,"Orichalcum":20,"Boot":2,"Peace Pipe":4,"blazmod:Venustas":0,"Busted Crown":16,"Ornamental Fan":20,"Pantograph":12,"Tiny Chest":15,"Turnip":15,"Art of War":6,"Red Mask":10},{"Lantern":63,"Astrolabe":38,"Eternal Feather":84,"PreservedInsect":58,"Bag of Preparation":78,"Ginger":0,"Orichalcum":78,"Boot":7,"Peace Pipe":16,"blazmod:Venustas":0,"Busted Crown":71,"Ornamental Fan":78,"Pantograph":58,"Tiny Chest":70,"Turnip":70,"Art of War":27,"Red Mask":47}]},"card_choices":[{"not_picked":["blazmod:ButterFlutter","blazmod:CastAwayDew"],"picked":"blazmod:PhysicalEndurance","floor":1},{"not_picked":["blazmod:Crosscut","blazmod:ButterFlutter","blazmod:SureOfHand"],"picked":"SKIP","floor":3},{"not_picked":["blazmod:MentalFocus","blazmod:KatanaStrike"],"picked":"blazmod:DanceOfTheGods","floor":7},{"not_picked":["blazmod:ClearTheMind","blazmod:UnderPurifyingWaters"],"picked":"blazmod:RevolvingPhoenix","floor":8},{"not_picked":["blazmod:KatanaStrike","blazmod:Valiance"],"picked":"blazmod:PureOfSoul","floor":10},{"not_picked":["blazmod:FlyFlyAgain","blazmod:SecondSight"],"picked":"blazmod:ClearTheMind","floor":12},{"not_picked":["blazmod:OpenSpirit","blazmod:SidewaySolace"],"picked":"blazmod:FleetOfFoot","floor":14},{"not_picked":["blazmod:AlmightyPassage","blazmod:EightLifePilgrimage"],"picked":"blazmod:OneWithNature","floor":16},{"not_picked":["blazmod:FortifiedVigor","blazmod:PhysicalEndurance"],"picked":"blazmod:FocusThroughFalls","floor":18},{"not_picked":["blazmod:HarmonyComplete","blazmod:Trasient","blazmod:PhysicalEndurance+1"],"picked":"SKIP","floor":22},{"not_picked":["blazmod:ButterFlutter","blazmod:BoulderFlash+1","blazmod:MentalFocus"],"picked":"SKIP","floor":24},{"not_picked":["blazmod:Valiance+1","blazmod:SidewaySolace+1"],"picked":"blazmod:Observant+1","floor":27},{"not_picked":["blazmod:Unrestrained+1","blazmod:FleetOfFoot"],"picked":"blazmod:RevolvingPhoenix","floor":28},{"not_picked":["blazmod:BoulderFlash+1","blazmod:MyEverything+1"],"picked":"blazmod:Swordstorm","floor":30},{"not_picked":["blazmod:MindAtPeace","blazmod:AlmightyPassage"],"picked":"blazmod:ButterflyBlade","floor":33},{"not_picked":["blazmod:FortifiedVigor"],"picked":"SKIP","floor":35},{"not_picked":["blazmod:Valiance+1"],"picked":"SKIP","floor":37},{"not_picked":["blazmod:OpenSpirit+1"],"picked":"SKIP","floor":39},{"not_picked":["blazmod:Swordstorm+1"],"picked":"SKIP","floor":40},{"not_picked":["blazmod:Swordstorm+1"],"picked":"SKIP","floor":40},{"not_picked":[],"picked":"Secret Technique","floor":42},{"not_picked":["blazmod:Trasient"],"picked":"SKIP","floor":46},{"not_picked":["blazmod:PhysicalEndurance"],"picked":"SKIP","floor":48},{"not_picked":["blazmod:ButterFlutter"],"picked":"SKIP","floor":54}],"player_experience":467771,"relics_obtained":[{"floor":8,"key":"Peace Pipe"},{"floor":12,"key":"Art of War"},{"floor":19,"key":"Red Mask"},{"floor":24,"key":"PreservedInsect"},{"floor":26,"key":"Pantograph"},{"floor":27,"key":"Lantern"},{"floor":30,"key":"Turnip"},{"floor":40,"key":"Orichalcum"},{"floor":43,"key":"Ornamental Fan"},{"floor":44,"key":"Bag of Preparation"},{"floor":54,"key":"Eternal Feather"}],"event_choices":[{"damage_healed":33,"gold_gain":0,"player_choice":"Upgrade","damage_taken":8,"max_hp_gain":0,"max_hp_loss":40,"event_name":"betterThird:BetterShining","floor":4,"gold_loss":0,"cards_upgraded":["blazmod:Strike","blazmod:Kyokasuigetsu"]},{"damage_healed":0,"gold_gain":0,"player_choice":"Box","damage_taken":0,"relics_obtained":["Boot"],"max_hp_gain":0,"max_hp_loss":0,"event_name":"Big Fish","floor":5,"gold_loss":0,"cards_obtained":["Regret"]},{"damage_healed":0,"gold_gain":0,"player_choice":"Fought Bandits","damage_taken":0,"max_hp_gain":0,"max_hp_loss":0,"event_name":"Masked Bandits","floor":19,"gold_loss":0},{"cards_removed":["blazmod:Defend"],"damage_healed":0,"gold_gain":0,"player_choice":"Gave Gold","damage_taken":0,"max_hp_gain":0,"max_hp_loss":0,"event_name":"Beggar","floor":21,"gold_loss":75},{"cards_removed":["blazmod:Defend"],"damage_healed":0,"gold_gain":0,"player_choice":"Elegance","damage_taken":0,"max_hp_gain":0,"max_hp_loss":0,"event_name":"betterThird:BetterWriting","floor":25,"gold_loss":0},{"damage_healed":0,"gold_gain":0,"player_choice":"Gave Potion","damage_taken":0,"relics_obtained":["Tiny Chest"],"max_hp_gain":0,"max_hp_loss":0,"event_name":"WeMeetAgain","floor":31,"gold_loss":0},{"cards_removed":["blazmod:MyEverything"],"damage_healed":0,"gold_gain":0,"player_choice":"Removed Skill","damage_taken":0,"max_hp_gain":0,"max_hp_loss":0,"event_name":"Falling","floor":38,"gold_loss":0},{"damage_healed":0,"gold_gain":0,"player_choice":"Memory 3","damage_taken":10,"max_hp_gain":0,"max_hp_loss":0,"event_name":"SensoryStone","floor":42,"gold_loss":0}],"is_beta":false,"boss_relics":[{"not_picked":["Coffee Dripper","Pandora\u0027s Box"],"picked":"Astrolabe"},{"not_picked":["Sozu","Fusion Hammer"],"picked":"Busted Crown"}],"items_purged_floors":[20,20,36,47],"is_endless":false,"potions_floor_spawned":[3,10,12,16,18,27,28,35,39,40,54],"ascension_level":2}}