{"host":"z9811rt50ti81n54","time":1609585163,"event":{"mods":["BaseMod","Minty Spire (QoL Compilation)","Relic Stats"],"gold_per_floor":[12,22,35,50,50,50,66,66,142,142,154,329,363,374,374,374,374],"floor_reached":16,"playtime":444,"items_purged":[],"score":104,"play_id":"862e0545-5b18-474f-bb51-f1bb749101dc","local_time":"20210102195923","is_ascension_mode":false,"campfire_choices":[{"data":"Bash","floor":6,"key":"SMITH"},{"data":"Havoc","floor":8,"key":"SMITH"},{"data":"Cleave","floor":10,"key":"SMITH"},{"floor":15,"key":"DIG"}],"circlet_count":0,"master_deck":["Strike_R","Strike_R","Strike_R","Strike_R","Defend_R","Defend_R","Defend_R","Bash+1","Clothesline","Cleave+1","Rupture","Headbutt","Decay","Havoc+1","Metallicize","Doubt","Corruption","Flame Barrier"],"relics":["Burning Blood","Meat on the Bone","Shovel","Ancient Tea Set"],"acts_visited":["Exordium"],"potions_floor_usage":[7],"damage_taken":[{"damage":10,"enemies":"Jaw Worm","floor":1,"turns":5},{"damage":1,"enemies":"Cultist","floor":2,"turns":3},{"damage":7,"enemies":"Small Slimes","floor":3,"turns":3},{"damage":12,"enemies":"Looter","floor":4,"turns":3},{"damage":29,"enemies":"Exordium Thugs","floor":7,"turns":4},{"damage":18,"enemies":"Lots of Slimes","floor":11,"turns":3},{"damage":21,"enemies":"Lagavulin","floor":13,"turns":8},{"damage":28,"enemies":"Large Slime","floor":14,"turns":6},{"damage":67,"enemies":"The Guardian","floor":16,"turns":9}],"seed_played":"-4508216667591118300","potions_obtained":[{"floor":3,"key":"SpeedPotion"},{"floor":7,"key":"BloodPotion"},{"floor":14,"key":"FairyPotion"}],"is_trial":false,"path_per_floor":["M","M","M","M","?","R","M","R","T","R","M","?","E","M","R","B"],"character_chosen":"IRONCLAD","items_purchased":[],"campfire_rested":0,"item_purchase_floors":[],"current_hp_per_floor":[76,80,79,73,73,73,66,66,66,66,54,54,51,41,41,0,0],"gold":374,"neow_bonus":"REMOVE_TWO","is_daily":false,"chose_seed":false,"campfire_upgraded":3,"win_rate":0.0,"timestamp":1609585163,"path_taken":["M","M","M","M","?","R","?","R","T","R","M","?","E","M","R","BOSS"],"items_purchased_type":[],"build_version":"2020-12-22","purchased_purges":0,"victory":false,"max_hp_per_floor":[80,80,80,80,80,80,80,80,80,80,80,80,80,80,80,80,80],"relic_stats":{"Shovel":1,"counters":[9,44],"obtain_stats":[{"Shovel":13,"Ancient Tea Set":15,"Burning Blood":0,"Meat on the Bone":9},{"Shovel":7,"Ancient Tea Set":8,"Burning Blood":0,"Meat on the Bone":5},{"Shovel":29,"Ancient Tea Set":35,"Burning Blood":0,"Meat on the Bone":18}],"Burning Blood":47,"Meat on the Bone":24},"card_choices":[{"not_picked":["Pommel Strike","Intimidate"],"picked":"Clothesline","floor":1},{"not_picked":["Clothesline","Perfected Strike"],"picked":"Cleave","floor":2},{"not_picked":["Dark Embrace","Armaments"],"picked":"Rupture","floor":3},{"not_picked":["Searing Blow","Perfected Strike"],"picked":"Headbutt","floor":4},{"not_picked":["Dark Embrace","Clash"],"picked":"Havoc","floor":7},{"not_picked":["Shrug It Off","Warcry"],"picked":"Metallicize","floor":11},{"not_picked":["Sword Boomerang","Sever Soul"],"picked":"Corruption","floor":13},{"not_picked":["Ghostly Armor","Havoc"],"picked":"Flame Barrier","floor":14}],"player_experience":267959,"relics_obtained":[{"floor":9,"key":"Meat on the Bone"},{"floor":13,"key":"Shovel"},{"floor":15,"key":"Ancient Tea Set"}],"event_choices":[{"damage_healed":0,"gold_gain":0,"player_choice":"Cursed","damage_taken":0,"max_hp_gain":0,"max_hp_loss":0,"event_name":"Wheel of Change","floor":5,"gold_loss":0,"cards_obtained":["Decay"]},{"damage_healed":0,"gold_gain":175,"player_choice":"AGREE","damage_taken":0,"max_hp_gain":0,"max_hp_loss":0,"event_name":"Liars Game","floor":12,"gold_loss":0,"cards_obtained":["Doubt"]}],"is_beta":false,"boss_relics":[],"items_purged_floors":[],"is_endless":false,"potions_floor_spawned":[3,7,14],"killed_by":"The Guardian","ascension_level":0}}