{"host":"eemx8njkng76fu5x","time":1609592719,"event":{"mods":["2.2 Compatiblity","BaseMod","Downfall","Minty Spire (QoL Compilation)","Permanent Neow","StSLib","Unceasing Turn Reminder","Unknown Chances"],"gold_per_floor":[99,116,130,160,172,172,197,122,142,142,142,177,9,43,58,153,153,153,171,181,196,215,125,148,148,73,86,97,131,217,229,247,343,343,268,279,357,370,100,100,100,115,141,154,173,173,173,173,188,188,188,218,68,68,68],"floor_reached":56,"playtime":2579,"items_purged":["champ:Execute","champ:Strike","champ:Strike","champ:Strike"],"score":1891,"play_id":"c71876b5-6277-4dec-97f2-38b1340055b5","local_time":"20210102210519","is_ascension_mode":true,"campfire_choices":[{"data":"champ:Taunt","floor":1.0,"key":"SMITH"},{"floor":6.0,"key":"RECALL"},{"data":"champ:RecklessLeap","floor":8.0,"key":"SMITH"},{"data":"champ:BringItOn","floor":10.0,"key":"SMITH"},{"data":"champ:IgnorePain","floor":18.0,"key":"SMITH"},{"data":"champ:EndlessRage","floor":26.0,"key":"SMITH"},{"data":"champ:IgnorePain","floor":35.0,"key":"SMITH"},{"data":"champ:AdrenalArmor","floor":40.0,"key":"SMITH"},{"data":"champ:BringItOn","floor":47,"key":"SMITH"},{"data":"champ:LastStand","floor":54,"key":"SMITH"}],"circlet_count":0,"master_deck":["AscendersBane","champ:Strike","champ:Defend","champ:Defend","champ:Defend","champ:Defend","champ:Taunt+1","champ:LastStand+1","champ:RecklessLeap+1","champ:Encircle","champ:BringItOn+1","champ:Encircle","champ:Encircle","champ:IgnorePain+1","champ:BringItOn+1","champ:EndlessRage+1","champ:AdrenalArmor+1","champ:IgnorePain+1","champ:IgnorePain+1","champ:AdrenalArmor+1","champ:AdrenalArmor+1"],"relics":["champ:ChampionCrown","Oddly Smooth Stone","downfall:HeartBlessingRed","Centennial Puzzle","PreservedInsect","champ:DeflectingBracers","Philosopher\u0027s Stone","FaceOfCleric","downfall:HeartBlessingBlue","champ:DefensiveTrainingManual","DollysMirror","Runic Pyramid","downfall:HeartBlessingGreen","Toxic Egg 2","hexamod:BolsterEngine","Mercury Hourglass","Blood Vial","StoneCalendar","Nunchaku"],"acts_visited":["Exordium","TheCity","TheBeyond","TheEnding"],"potions_floor_usage":[55],"damage_taken":[{"damage":8.0,"enemies":"Jaw Worm","floor":2.0,"turns":7.0},{"damage":18.0,"enemies":"2 Louse","floor":3.0,"turns":3.0},{"damage":8.0,"enemies":"Cultist","floor":5.0,"turns":3.0},{"damage":27.0,"enemies":"Exordium Thugs","floor":9.0,"turns":3.0},{"damage":23.0,"enemies":"Gremlin Nob","floor":12.0,"turns":3.0},{"damage":37.0,"enemies":"downfall:FleeingMerchant","floor":13.0,"turns":4.0},{"damage":29.0,"enemies":"Lagavulin","floor":14.0,"turns":4.0},{"damage":12.0,"enemies":"Blue Slaver","floor":15.0,"turns":3.0},{"damage":59.0,"enemies":"downfall:Watcher","floor":16.0,"turns":7.0},{"damage":18.0,"enemies":"Shell Parasite","floor":19.0,"turns":5.0},{"damage":17.0,"enemies":"Spheric Guardian","floor":20.0,"turns":3.0},{"damage":40.0,"enemies":"Snecko","floor":21.0,"turns":4.0},{"damage":37.0,"enemies":"Snake Plant","floor":22.0,"turns":6.0},{"damage":18.0,"enemies":"downfall:FleeingMerchant","floor":23.0,"turns":4.0},{"damage":31.0,"enemies":"Chosen and Byrds","floor":27.0,"turns":3.0},{"damage":17.0,"enemies":"Snecko","floor":28.0,"turns":3.0},{"damage":53.0,"enemies":"Gremlin Leader","floor":29.0,"turns":6.0},{"damage":33.0,"enemies":"downfall:FleeingMerchant","floor":30.0,"turns":3.0},{"damage":36.0,"enemies":"Shelled Parasite and Fungi","floor":31.0,"turns":6.0},{"damage":35.0,"enemies":"3 Cultists","floor":32.0,"turns":4.0},{"damage":49.0,"enemies":"downfall:Defect","floor":33.0,"turns":8.0},{"damage":15.0,"enemies":"3 Darklings","floor":36.0,"turns":5.0},{"damage":5.0,"enemies":"Orb Walker","floor":38.0,"turns":4.0},{"damage":26.0,"enemies":"Maw","floor":42.0,"turns":7.0},{"damage":30,"enemies":"Giant Head","floor":43,"turns":6},{"damage":20,"enemies":"Transient","floor":44,"turns":5},{"damage":33,"enemies":"Sphere and 2 Shapes","floor":45,"turns":3},{"damage":43,"enemies":"Spire Growth","floor":49,"turns":4},{"damage":83,"enemies":"downfall:Ironclad","floor":50,"turns":11},{"damage":79,"enemies":"downfall:CharBossMerchant","floor":52,"turns":7},{"damage":183,"enemies":"downfall:NeowBoss","floor":55,"turns":16}],"seed_played":"4164750123921181154","potions_obtained":[{"floor":2.0,"key":"Energy Potion"},{"floor":3.0,"key":"Weak Potion"},{"floor":11.0,"key":"LiquidMemories"},{"floor":19.0,"key":"SkillPotion"},{"floor":31.0,"key":"SteroidPotion"},{"floor":33.0,"key":"Block Potion"}],"is_trial":false,"path_per_floor":["R","M","M","?","M","R","T","R","M","R","?","E","$","E","M","B",null,"R","M","M","M","M","$","T","?","R","M","M","E","$","M","M","B",null,"R","M","?","M","$","R","T","M","E","M","M","?","R","T","M","B",null,"E","$","R","B",null],"character_chosen":"THE_CHAMP","items_purchased":["PreservedInsect","DollysMirror","hexamod:BolsterEngine"],"campfire_rested":0,"item_purchase_floors":[13,30,39],"current_hp_per_floor":[81,78,78,78,77,77,77,77,72,72,72,71,71,71,70,43,78,78,90,84,73,52,66,66,66,76,77,78,66,47,43,33,29,88,88,108,108,109,109,109,109,105,111,112,113,113,113,113,114,105,113,107,107,107,107],"gold":68,"neow_bonus":"ONE_RANDOM_RARE_CARD","is_daily":false,"chose_seed":false,"campfire_upgraded":9,"win_rate":0.0,"timestamp":1609592719,"path_taken":["R","M","M","?","M","R","T","R","M","R","?","E","$","E","M","BOSS","R","M","M","M","M","$","T","?","R","M","M","E","?","M","M","BOSS","R","M","?","M","$","R","T","M","E","M","M","?","R","?","M","BOSS","E","$","R","BOSS"],"items_purchased_type":["Relic","Relic","Relic"],"build_version":"2020-12-22","purchased_purges":4,"victory":true,"max_hp_per_floor":[90,90,90,90,90,90,90,90,90,90,90,90,90,90,90,90,90,90,90,90,90,90,90,90,90,100,101,102,103,104,105,106,107,107,107,108,108,109,109,109,109,110,111,112,113,113,113,113,114,115,115,116,116,116,117],"card_choices":[{"not_picked":["champ:Control","champ:Riposte"],"picked":"champ:RecklessLeap","floor":2.0},{"not_picked":["champ:BringItOn","champ:RapidStrikes"],"picked":"champ:Encircle","floor":3.0},{"not_picked":["champ:StanceDance","champ:RageSigil"],"picked":"champ:BringItOn","floor":5.0},{"not_picked":["champ:DefensiveShout","champ:Haymaker"],"picked":"champ:Encircle","floor":9.0},{"not_picked":["champ:BladeFlurry","champ:ShieldSigil"],"picked":"champ:Encircle","floor":12.0},{"not_picked":["champ:StrikeOfGenius","champ:GutPunch","champ:Balance"],"picked":"SKIP","floor":13.0},{"not_picked":["champ:RecklessLeap","champ:GutPunch","champ:Balance"],"picked":"SKIP","floor":14.0},{"not_picked":["champ:EnragedBash","champ:DefensiveShout","champ:TornadoPunch"],"picked":"SKIP","floor":15.0},{"not_picked":["champ:PerfectForm","champ:EnchantShield"],"picked":"champ:IgnorePain","floor":16.0},{"not_picked":["champ:FocusedBerserking","champ:TornadoPunch"],"picked":"champ:BringItOn","floor":19.0},{"not_picked":["champ:BerserkersShout","champ:CrookedStrike","champ:DefensiveShout"],"picked":"SKIP","floor":20.0},{"not_picked":["champ:Circumvent","champ:EnchantSword","champ:Encircle"],"picked":"SKIP","floor":21.0},{"not_picked":["champ:CrookedStrike","champ:RageSigil","champ:EnragedBash"],"picked":"SKIP","floor":22.0},{"not_picked":["champ:FanOfKnives+1","champ:FocusedDefense"],"picked":"champ:EndlessRage","floor":23.0},{"not_picked":["champ:CrookedStrike","champ:FaceSlap","champ:DefensiveStyle"],"picked":"SKIP","floor":27.0},{"not_picked":["champ:Haymaker+1","champ:Circumvent","champ:BringItOn"],"picked":"SKIP","floor":28.0},{"not_picked":["champ:GutPunch+1","champ:Aggression"],"picked":"champ:AdrenalArmor","floor":29.0},{"not_picked":["champ:BerserkerStyle","champ:HoldFirm"],"picked":"champ:IgnorePain","floor":30.0},{"not_picked":["champ:RisingSlash","champ:DefensiveShout","champ:StanceDance"],"picked":"SKIP","floor":31.0},{"not_picked":["champ:BerserkersShout","champ:Control","champ:GutPunch"],"picked":"SKIP","floor":32.0},{"not_picked":["champ:AdrenalArmor","champ:Circumvent+1","champ:GutPunch+1"],"picked":"SKIP","floor":36.0},{"not_picked":["champ:DefensiveStyle","champ:Shatter","champ:FocusedDefense+1"],"picked":"SKIP","floor":38.0},{"not_picked":["champ:Balance+1","champ:GutPunch"],"picked":"champ:AdrenalArmor+1","floor":42.0},{"not_picked":["champ:ShieldThrow","champ:MurderStrike","champ:Aggression+1"],"picked":"SKIP","floor":43},{"not_picked":["champ:CrookedStrike","champ:BerserkersShout+1","champ:EnragedBash+1"],"picked":"SKIP","floor":44},{"not_picked":["champ:HeartStrike","champ:ShieldWall+1","champ:Haymaker+1"],"picked":"SKIP","floor":45},{"not_picked":["champ:GutPunch","champ:ArenaPreparation+1","champ:FocusedDefense+1"],"picked":"SKIP","floor":49},{"not_picked":["champ:GladiatorsShout+1","champ:RecklessLeap+1"],"picked":"champ:AdrenalArmor+1","floor":52}],"player_experience":432120,"relics_obtained":[{"floor":7.0,"key":"Oddly Smooth Stone"},{"floor":12.0,"key":"Centennial Puzzle"},{"floor":14.0,"key":"champ:DeflectingBracers"},{"floor":29.0,"key":"champ:DefensiveTrainingManual"},{"floor":37.0,"key":"Toxic Egg 2"},{"floor":41.0,"key":"Mercury Hourglass"},{"floor":43,"key":"Blood Vial"},{"floor":48,"key":"StoneCalendar"},{"floor":52,"key":"Nunchaku"}],"event_choices":[{"damage_healed":0.0,"max_hp_gain":0.0,"max_hp_loss":0.0,"gold_gain":0.0,"event_name":"Lab","player_choice":"Got Potions","floor":11.0,"gold_loss":0.0,"damage_taken":0.0},{"damage_healed":0.0,"max_hp_gain":0.0,"max_hp_loss":0.0,"gold_gain":0.0,"event_name":"FaceTrader","player_choice":"Trade","floor":25.0,"gold_loss":0.0,"damage_taken":0.0,"relics_obtained":["FaceOfCleric"]}],"is_beta":false,"boss_relics":[{"not_picked":["downfall:Hecktoplasm","Calling Bell"],"picked":"Philosopher\u0027s Stone"},{"not_picked":["Busted Crown","Fusion Hammer"],"picked":"Runic Pyramid"}],"items_purged_floors":[23,30,39,53],"is_endless":false,"potions_floor_spawned":[2,3,5,14,15,19,22,27,31,33,43,45],"ascension_level":12}}