{"host":"xkmvu47k9fdstweo","time":1609602352,"event":{"mods":["BaseMod","Colored Map","Conspire","Hubris","Minty Spire (QoL Compilation)","Quick Restart","Railgun Mod","Shop Mod","StSLib","The Alterego","The Servant 0.9.4","The Wild Card","TheBandit","WarShipGirlsR/??è≠èóR mod","vexMod"],"gold_per_floor":[114,43,43,57,5,39,39,70,131,157,10,30,50,85,85,184,184,196,196,196,99,115,115,128,140,164,196,216,216,243,243,243,243,243],"floor_reached":33,"playtime":1091,"items_purged":["Strike_B"],"score":479,"play_id":"b11906f0-8159-4293-829c-f0cd02d38b62","local_time":"20210102104552","is_ascension_mode":true,"campfire_choices":[{"data":"conspire:SharedLibrary","floor":7,"key":"SMITH"},{"floor":15,"key":"REST"},{"data":"Creative AI","floor":23,"key":"SMITH"},{"data":"Seek","floor":29,"key":"SMITH"},{"floor":32,"key":"REST"}],"circlet_count":0,"master_deck":["Strike_B","Strike_B","Strike_B","Defend_B","Defend_B","Defend_B","Defend_B","Zap","Dualcast","Cold Snap","Doom and Gloom","conspire:SharedLibrary+1","Conserve Battery","Genetic Algorithm","Rip and Tear","Seek+1","Electrodynamics","hubris:Ukulele","Creative AI+1","Rainbow","Leap","Conserve Battery","Coolheaded","Undo+1","Coolheaded","White Noise+1","Chaos+1"],"relics":["Cracked Core","NeowsBlessing","Omamori","MawBank","hubris:OldNail","Lizard Tail","hubris:ScarierMask","alterego_mod:SomeoneToFightFor","Orichalcum","hubris:MysteriousPyramids","conspire:Dentures","Smiling Mask"],"acts_visited":["Exordium","TheCity"],"potions_floor_usage":[8,8,14,16,16,24,27,28,30],"damage_taken":[{"damage":0,"enemies":"2 Louse","floor":1,"turns":1},{"damage":0,"enemies":"Cultist","floor":4,"turns":1},{"damage":0,"enemies":"Gremlin Nob","floor":6,"turns":1},{"damage":8,"enemies":"3 Sentries","floor":8,"turns":8},{"damage":13,"enemies":"Small Slimes","floor":10,"turns":3},{"damage":0,"enemies":"Exordium Thugs","floor":12,"turns":4},{"damage":12,"enemies":"Exordium Wildlife","floor":13,"turns":3},{"damage":17,"enemies":"Gremlin Nob","floor":14,"turns":4},{"damage":34,"enemies":"The Guardian","floor":16,"turns":14},{"damage":19,"enemies":"Spheric Guardian","floor":18,"turns":7},{"damage":0,"enemies":"Shell Parasite","floor":22,"turns":6},{"damage":15,"enemies":"conspire:HollyBat","floor":24,"turns":9},{"damage":8,"enemies":"Snecko","floor":25,"turns":5},{"damage":9,"enemies":"Slavers","floor":27,"turns":7},{"damage":9,"enemies":"Snake Plant","floor":28,"turns":7},{"damage":67,"enemies":"Gremlin Leader","floor":30,"turns":9},{"damage":53,"enemies":"hubris:MusketHawk","floor":33,"turns":6}],"seed_played":"227890150959074148","potions_obtained":[{"floor":1,"key":"ColorlessPotion"},{"floor":3,"key":"SkillPotion"},{"floor":3,"key":"PowerPotion"},{"floor":3,"key":"LiquidMemories"},{"floor":10,"key":"AttackPotion"},{"floor":14,"key":"DuplicationPotion"},{"floor":16,"key":"Explosive Potion"},{"floor":20,"key":"FearPotion"},{"floor":25,"key":"Regen Potion"},{"floor":27,"key":"AttackPotion"}],"is_trial":false,"path_per_floor":["M","$","?","M","$","E","R","E","T","M","$","M","M","E","R","B",null,"M","?","?","$","M","R","M","M","T","E","M","R","E","?","R","B"],"character_chosen":"DEFECT","items_purchased":["Doom and Gloom","Conserve Battery","Seek","Conserve Battery"],"campfire_rested":2,"item_purchase_floors":[2,5,11,21],"current_hp_per_floor":[68,68,68,68,68,68,68,60,60,47,47,47,35,18,40,6,58,39,39,39,39,46,46,31,23,23,28,19,19,1,1,23,0,0],"gold":243,"neow_bonus":"THREE_ENEMY_KILL","is_daily":false,"chose_seed":false,"campfire_upgraded":3,"win_rate":0.0,"timestamp":1609602352,"path_taken":["M","$","?","M","$","E","R","E","T","M","?","?","M","E","R","BOSS","M","?","?","?","?","R","M","M","T","E","M","R","E","?","R","BOSS"],"items_purchased_type":["Card","Card","Card","Card"],"build_version":"2020-12-22","purchased_purges":1,"victory":false,"max_hp_per_floor":[75,75,75,75,75,75,75,75,75,75,75,75,75,75,75,75,75,75,75,75,75,75,75,75,75,75,75,75,75,75,75,75,75,75],"card_choices":[{"not_picked":["Go for the Eyes","Ball Lightning"],"picked":"Cold Snap","floor":1},{"not_picked":["Ball Lightning","Streamline"],"picked":"conspire:SharedLibrary","floor":4},{"not_picked":["Auto Shields","Go for the Eyes"],"picked":"Genetic Algorithm","floor":6},{"not_picked":["Redo","Turbo"],"picked":"Rip and Tear","floor":8},{"not_picked":["Stack","Turbo","conspire:SharedLibrary"],"picked":"SKIP","floor":10},{"not_picked":["Conserve Battery","Turbo"],"picked":"Electrodynamics","floor":12},{"not_picked":["Stack","Steam"],"picked":"hubris:Ukulele","floor":13},{"not_picked":["Turbo","Chill"],"picked":"Creative AI","floor":14},{"not_picked":["Creative AI","Meteor Strike"],"picked":"Rainbow","floor":16},{"not_picked":["Ball Lightning+1","Turbo"],"picked":"Leap","floor":18},{"not_picked":["Sweeping Beam","Barrage"],"picked":"Coolheaded","floor":22},{"not_picked":["Compile Driver+1","Turbo"],"picked":"Undo+1","floor":24},{"not_picked":["Skim","Steam Power"],"picked":"Coolheaded","floor":25},{"not_picked":["Coolheaded","hubris:Prefetch","Consume"],"picked":"SKIP","floor":27},{"not_picked":["Coolheaded","Steam+1"],"picked":"White Noise+1","floor":28},{"not_picked":["Recycle","Barrage"],"picked":"Chaos+1","floor":30}],"player_experience":347736,"relics_obtained":[{"floor":6,"key":"Omamori"},{"floor":8,"key":"MawBank"},{"floor":9,"key":"hubris:OldNail"},{"floor":14,"key":"Lizard Tail"},{"floor":26,"key":"Orichalcum"},{"floor":27,"key":"hubris:MysteriousPyramids"},{"floor":30,"key":"conspire:Dentures"}],"event_choices":[{"damage_healed":0,"gold_gain":0,"player_choice":"Got Potions","damage_taken":0,"max_hp_gain":0,"max_hp_loss":0,"event_name":"Lab","floor":3,"gold_loss":0},{"damage_healed":0,"gold_gain":0,"player_choice":"Choice 2","damage_taken":0,"relics_obtained":["alterego_mod:SomeoneToFightFor"],"max_hp_gain":0,"max_hp_loss":0,"event_name":"Secret Garden","floor":19,"gold_loss":0},{"damage_healed":0,"gold_gain":0,"player_choice":"Opened","damage_taken":0,"relics_obtained":["Smiling Mask"],"max_hp_gain":0,"max_hp_loss":0,"event_name":"The Mausoleum","floor":31,"gold_loss":0}],"is_beta":false,"boss_relics":[{"not_picked":["Runic Pyramid","hubris:RunicObelisk"],"picked":"hubris:ScarierMask"}],"items_purged_floors":[21],"is_endless":false,"potions_floor_spawned":[1,10,14,16,25,27],"killed_by":"hubris:MusketHawk","ascension_level":9}}