{"host":"xcuflocadasoaqda","time":1609565846,"event":{"mods":["BaseMod","Bestiary","Filter the Spire","Minty Spire (QoL Compilation)","Relic Stats"],"gold_per_floor":[119,194,207,132,142,171,171,196,250,250,263,169,183,10,10,83,83,94,94,94,104,20,20,36,36,60,93,105,205,220,236,236,310,310,323,1322,545,559,559,559,594,612,639,639,674,425,450,463,463,463,463,463],"floor_reached":51,"playtime":2520,"items_purged":["Normality","Normality"],"score":1655,"play_id":"bcb2306c-6885-4680-9b6b-75401c0a4dd1","local_time":"20210101233726","is_ascension_mode":true,"campfire_choices":[{"data":"Grand Finale","floor":7.0,"key":"SMITH"},{"floor":10.0,"key":"REST"},{"data":"Reflex","floor":15.0,"key":"SMITH"},{"data":"Accuracy","floor":23.0,"key":"SMITH"},{"data":"Tactician","floor":25.0,"key":"SMITH"},{"data":"Cloak And Dagger","floor":32.0,"key":"SMITH"},{"floor":49,"key":"RECALL"}],"circlet_count":0,"master_deck":["AscendersBane","Survivor","Neutralize+1","Setup+1","All Out Attack","Envenom","Cloak And Dagger+1","Night Terror","Adrenaline","Blade Dance","PiercingWail","Grand Finale+1","Reflex+1","Blade Dance","Noxious Fumes","After Image","Tactician+1","Phantasmal Killer","Accuracy+1","Terror+1","Night Terror","Backflip","PiercingWail+1","Cloak And Dagger","Blade Dance","Leg Sweep+1","Accuracy+1","Acrobatics+1","Cloak And Dagger+1","Leg Sweep","Well Laid Plans+1"],"relics":["Pandora\u0027s Box","Eternal Feather","PreservedInsect","Oddly Smooth Stone","Membership Card","Snecko Eye","Enchiridion","Whetstone","Blood Vial","Du-Vu Doll","The Courier","WristBlade","DollysMirror","Bag of Marbles","Bronze Scales","Sundial","Bottled Lightning","Art of War","CaptainsWheel","War Paint","Nunchaku","Frozen Egg 2","Anchor","Snake Skull","Ornamental Fan","Regal Pillow","InkBottle"],"acts_visited":["Exordium","TheCity","TheBeyond"],"potions_floor_usage":[47],"damage_taken":[{"damage":3.0,"enemies":"Jaw Worm","floor":1.0,"turns":4.0},{"damage":4.0,"enemies":"Small Slimes","floor":3.0,"turns":2.0},{"damage":6.0,"enemies":"Cultist","floor":5.0,"turns":3.0},{"damage":6.0,"enemies":"Lagavulin","floor":6.0,"turns":8.0},{"damage":95.0,"enemies":"Gremlin Nob","floor":8.0,"turns":6.0},{"damage":9.0,"enemies":"Exordium Wildlife","floor":11.0,"turns":3.0},{"damage":5.0,"enemies":"2 Fungi Beasts","floor":13.0,"turns":4.0},{"damage":39.0,"enemies":"Slime Boss","floor":16.0,"turns":9.0},{"damage":0.0,"enemies":"Spheric Guardian","floor":18.0,"turns":3.0},{"damage":14.0,"enemies":"2 Thieves","floor":21.0,"turns":3.0},{"damage":0.0,"enemies":"Cultist and Chosen","floor":24.0,"turns":2.0},{"damage":6.0,"enemies":"Book of Stabbing","floor":27.0,"turns":3.0},{"damage":15.0,"enemies":"Snake Plant","floor":28.0,"turns":3.0},{"damage":15.0,"enemies":"Colosseum Slavers","floor":29.0,"turns":4.0},{"damage":0.0,"enemies":"Colosseum Nobs","floor":29.0,"turns":2.0},{"damage":0.0,"enemies":"Shelled Parasite and Fungi","floor":30.0,"turns":3.0},{"damage":0.0,"enemies":"Snecko","floor":31.0,"turns":4.0},{"damage":18.0,"enemies":"Collector","floor":33.0,"turns":6.0},{"damage":0.0,"enemies":"Orb Walker","floor":35.0,"turns":3.0},{"damage":34.0,"enemies":"3 Darklings","floor":38.0,"turns":3.0},{"damage":0.0,"enemies":"Reptomancer","floor":41.0,"turns":2.0},{"damage":0.0,"enemies":"Jaw Worm Horde","floor":42.0,"turns":4.0},{"damage":0,"enemies":"Giant Head","floor":45,"turns":4},{"damage":3,"enemies":"Reptomancer","floor":47,"turns":4},{"damage":0,"enemies":"4 Shapes","floor":48,"turns":8},{"damage":43,"enemies":"Awakened One","floor":50,"turns":10},{"damage":10,"enemies":"Donu and Deca","floor":51,"turns":2}],"seed_played":"2264537697130217798","potions_obtained":[{"floor":3.0,"key":"FairyPotion"},{"floor":11.0,"key":"FairyPotion"},{"floor":18.0,"key":"LiquidBronze"},{"floor":21.0,"key":"SpeedPotion"},{"floor":41.0,"key":"GhostInAJar"},{"floor":45,"key":"Fire Potion"}],"is_trial":false,"path_per_floor":["M","?","M","?","M","E","R","E","T","R","M","$","M","$","R","B",null,"M","?","?","M","$","R","M","R","T","E","M","?","M","M","R","B",null,"M","?","$","M","?","T","E","M","T","?","E","$","E","M","R","B","B"],"character_chosen":"THE_SILENT","items_purchased":["Noxious Fumes","PowerPotion","Membership Card","Night Terror","DollysMirror","Bag of Marbles","Bronze Scales","Sundial","Bottled Lightning","Art of War","CaptainsWheel","War Paint","Nunchaku","DuplicationPotion","Ornamental Fan","Well Laid Plans+1","Regal Pillow"],"campfire_rested":1,"item_purchase_floors":[12,12,14,22,37,37,37,37,37,37,37,37,37,37,46,46,46],"current_hp_per_floor":[56,45,41,41,35,29,38,2,2,30,21,21,16,16,25,9,52,52,31,31,17,17,29,29,41,41,35,22,11,13,15,30,14,53,55,55,55,23,23,23,25,27,27,27,29,29,28,30,48,7,0,0],"gold":463,"neow_bonus":"BOSS_RELIC","is_daily":false,"chose_seed":false,"campfire_upgraded":5,"win_rate":0.0,"timestamp":1609565846,"path_taken":["M","?","M","?","M","E","R","E","T","R","M","$","M","?","R","BOSS","M","?","?","M","?","R","M","R","T","E","M","?","M","M","R","BOSS","M","?","$","M","?","?","E","M","T","?","E","$","E","?","R","BOSS","BOSS"],"items_purchased_type":["Card","Potion","Relic","Card","Relic","Relic","Relic","Relic","Relic","Relic","Relic","Relic","Relic","Potion","Relic","Card","Relic"],"build_version":"2020-12-22","purchased_purges":2,"victory":false,"max_hp_per_floor":[66,66,66,66,66,66,66,66,66,66,66,66,66,66,66,66,66,66,66,66,66,66,66,66,66,66,66,66,66,66,66,66,66,66,66,66,66,66,63,63,63,63,63,63,63,63,63,63,63,63,63,63],"relic_stats":{"Regal Pillow":0,"counters":[27,112],"Eternal Feather":84,"PreservedInsect":333,"Snake Skull":[6],"Whetstone":["Neutralize","Flying Knee"],"War Paint":["PiercingWail","Setup"],"Blood Vial":30,"Nunchaku":[9],"Sundial":[4],"Ornamental Fan":[64],"Bronze Scales":[93],"Snecko Eye":[141,113,137,134],"Pandora\u0027s Box":["Setup","All Out Attack","Deflect","Envenom","Heel Hook","Flying Knee","Flying Knee","Cloak And Dagger","Night Terror","Adrenaline"],"Art of War":[11],"obtain_stats":[{"Regal Pillow":46,"Enchiridion":19,"Snake Skull":45,"Whetstone":26,"Blood Vial":27,"Nunchaku":37,"WristBlade":34,"DollysMirror":37,"Sundial":37,"InkBottle":47,"Ring of the Snake":0,"Oddly Smooth Stone":9,"Eternal Feather":6,"PreservedInsect":8,"The Courier":29,"War Paint":37,"Frozen Egg 2":41,"Du-Vu Doll":29,"CaptainsWheel":37,"Anchor":43,"Ornamental Fan":46,"Bronze Scales":37,"Snecko Eye":17,"Pandora\u0027s Box":0,"Bag of Marbles":37,"Art of War":37,"Membership Card":14,"Bottled Lightning":37},{"Regal Pillow":23,"Enchiridion":9,"Snake Skull":23,"Whetstone":11,"Blood Vial":12,"Nunchaku":19,"WristBlade":18,"DollysMirror":19,"Sundial":19,"InkBottle":24,"Ring of the Snake":0,"Oddly Smooth Stone":5,"Eternal Feather":4,"PreservedInsect":5,"The Courier":15,"War Paint":19,"Frozen Egg 2":21,"Du-Vu Doll":15,"CaptainsWheel":19,"Anchor":22,"Ornamental Fan":23,"Bronze Scales":19,"Snecko Eye":8,"Pandora\u0027s Box":0,"Bag of Marbles":19,"Art of War":19,"Membership Card":7,"Bottled Lightning":19},{"Regal Pillow":88,"Enchiridion":42,"Snake Skull":88,"Whetstone":47,"Blood Vial":50,"Nunchaku":75,"WristBlade":72,"DollysMirror":75,"Sundial":75,"InkBottle":92,"Ring of the Snake":0,"Oddly Smooth Stone":23,"Eternal Feather":17,"PreservedInsect":23,"The Courier":59,"War Paint":75,"Frozen Egg 2":80,"Du-Vu Doll":59,"CaptainsWheel":75,"Anchor":84,"Ornamental Fan":88,"Bronze Scales":75,"Snecko Eye":39,"Pandora\u0027s Box":0,"Bag of Marbles":75,"Art of War":75,"Membership Card":30,"Bottled Lightning":75}],"InkBottle":[11]},"card_choices":[{"not_picked":["Quick Slash","Dodge and Roll"],"picked":"Blade Dance","floor":1.0},{"not_picked":["Backstab","Distraction"],"picked":"PiercingWail","floor":3.0},{"not_picked":["Underhanded Strike","Quick Slash","Concentrate"],"picked":"SKIP","floor":5.0},{"not_picked":["Flying Knee","Finisher"],"picked":"Grand Finale","floor":6.0},{"not_picked":["Deadly Poison","Sucker Punch"],"picked":"Reflex","floor":8.0},{"not_picked":["Dagger Throw","Endless Agony"],"picked":"Blade Dance","floor":11.0},{"not_picked":["Outmaneuver","Bane","Riddle With Holes"],"picked":"SKIP","floor":13.0},{"not_picked":["A Thousand Cuts","Venomology"],"picked":"After Image","floor":16.0},{"not_picked":["Skewer","Dagger Throw"],"picked":"Tactician","floor":18.0},{"not_picked":["Catalyst","Slice"],"picked":"Terror+1","floor":21.0},{"not_picked":["Prepared","Heel Hook"],"picked":"Backflip","floor":24.0},{"not_picked":["Dagger Spray","Bouncing Flask"],"picked":"PiercingWail","floor":27.0},{"not_picked":["Dagger Spray","Noxious Fumes","Dagger Throw"],"picked":"SKIP","floor":28.0},{"not_picked":["Glass Knife","Blade Dance"],"picked":"Cloak And Dagger","floor":30.0},{"not_picked":["Deflect","Dagger Spray"],"picked":"Blade Dance","floor":31.0},{"not_picked":["Masterful Stab","Outmaneuver+1"],"picked":"Leg Sweep+1","floor":35.0},{"not_picked":["Flying Knee","Catalyst"],"picked":"Acrobatics+1","floor":38.0},{"not_picked":["Catalyst","Deflect"],"picked":"Cloak And Dagger+1","floor":41.0},{"not_picked":["Masterful Stab","Deadly Poison","Noxious Fumes+1"],"picked":"SKIP","floor":42.0},{"not_picked":["Deadly Poison+1","Riddle With Holes+1"],"picked":"Leg Sweep","floor":45},{"not_picked":["Setup","Bouncing Flask+1","Prepared"],"picked":"SKIP","floor":47},{"not_picked":["Eviscerate","Prepared","Backflip"],"picked":"SKIP","floor":48}],"player_experience":1851268,"relics_obtained":[{"floor":6.0,"key":"Eternal Feather"},{"floor":8.0,"key":"PreservedInsect"},{"floor":9.0,"key":"Oddly Smooth Stone"},{"floor":19.0,"key":"Enchiridion"},{"floor":26.0,"key":"Whetstone"},{"floor":27.0,"key":"Blood Vial"},{"floor":29.0,"key":"Du-Vu Doll"},{"floor":29.0,"key":"The Courier"},{"floor":41.0,"key":"Frozen Egg 2"},{"floor":43.0,"key":"Anchor"},{"floor":45,"key":"Snake Skull"},{"floor":47,"key":"InkBottle"}],"event_choices":[{"damage_healed":0.0,"max_hp_gain":0.0,"max_hp_loss":0.0,"gold_gain":75.0,"event_name":"World of Goop","player_choice":"Gather Gold","floor":2.0,"gold_loss":0.0,"damage_taken":11.0},{"cards_removed":["Heel Hook"],"damage_healed":0.0,"max_hp_gain":0.0,"max_hp_loss":0.0,"gold_gain":0.0,"event_name":"The Cleric","player_choice":"Card Removal","floor":4.0,"gold_loss":75.0,"damage_taken":0.0},{"damage_healed":0.0,"max_hp_gain":0.0,"max_hp_loss":0.0,"gold_gain":0.0,"event_name":"Cursed Tome","player_choice":"Obtained Book","floor":19.0,"gold_loss":0.0,"damage_taken":21.0},{"damage_healed":0.0,"max_hp_gain":0.0,"max_hp_loss":0.0,"gold_gain":0.0,"cards_transformed":["Deflect","Flying Knee"],"event_name":"Drug Dealer","player_choice":"Became Test Subject","floor":20.0,"gold_loss":0.0,"damage_taken":0.0,"cards_obtained":["Phantasmal Killer","Accuracy"]},{"damage_healed":0.0,"max_hp_gain":0.0,"max_hp_loss":0.0,"gold_gain":0.0,"event_name":"Colosseum","player_choice":"Fight","floor":29.0,"gold_loss":0.0,"damage_taken":0.0},{"damage_healed":0.0,"max_hp_gain":0.0,"max_hp_loss":0.0,"gold_gain":0.0,"event_name":"Colosseum","player_choice":"Fought Nobs","floor":29.0,"gold_loss":0.0,"damage_taken":0.0},{"damage_healed":0.0,"max_hp_gain":0.0,"max_hp_loss":0.0,"gold_gain":999.0,"event_name":"MindBloom","player_choice":"Gold","floor":36.0,"gold_loss":0.0,"damage_taken":0.0,"cards_obtained":["Normality","Normality"]},{"damage_healed":0.0,"max_hp_gain":0.0,"max_hp_loss":3.0,"gold_gain":0.0,"event_name":"Winding Halls","player_choice":"Max HP","floor":39.0,"gold_loss":0.0,"damage_taken":0.0},{"cards_removed":["Flying Knee"],"damage_healed":0.0,"max_hp_gain":0.0,"max_hp_loss":0.0,"gold_gain":0.0,"event_name":"Falling","player_choice":"Removed Attack","floor":44.0,"gold_loss":0.0,"damage_taken":0.0}],"is_beta":false,"boss_relics":[{"not_picked":["Velvet Choker","Ectoplasm"],"picked":"Snecko Eye"},{"not_picked":["SacredBark","Runic Pyramid"],"picked":"WristBlade"}],"items_purged_floors":[37,46],"is_endless":false,"potions_floor_spawned":[3,11,13,18,21,29,29,30,38,41,45],"killed_by":"Donu and Deca","ascension_level":20}}