{"host":"sfkslwp4t49i7lrt","time":1609584457,"event":{"mods":["BaseMod","Bestiary","Block Reminder","Downfall","Highlight Path","Minty Spire (QoL Compilation)","Relic Stats","StSLib","everything is the same but u backflip on backflip","slay the spire mod where everything is the same but ironclad has a cowboy hat"],"gold_per_floor":[149,161,171,197,197,197,197,208,208,258,278,378,378,378,390,495,495,495,514,529,295,295,295,295,14,114,146,46,65,65,89,102,201,201,101,113,113,161,96,96,96,112,112,112],"floor_reached":43,"playtime":2340,"items_purged":["Normality"],"score":550,"play_id":"a0bc9241-9144-4c26-af2a-1f11e305ff88","local_time":"20210102174737","is_ascension_mode":true,"campfire_choices":[{"data":"champ:Taunt","floor":1.0,"key":"SMITH"},{"data":"champ:PerfectedStrike","floor":9,"key":"SMITH"},{"data":"champ:BladeFlurry","floor":18,"key":"SMITH"},{"data":"champ:AdrenalArmor","floor":23,"key":"SMITH"},{"floor":28,"key":"REST"},{"floor":35,"key":"RECALL"}],"circlet_count":0,"master_deck":["champ:Strike","champ:Strike","champ:Strike","champ:Strike","champ:Defend","champ:Defend+1","champ:Defend","champ:Defend","champ:Execute","champ:Taunt+1","champ:Backstep","champ:FanOfKnives","champ:PerfectedStrike+1","champ:BladeFlurry+1","champ:Duel+1","champ:FlashCut","champ:BerserkersShout","champ:EnchantCrown","champ:AdrenalArmor+1","champ:DeathBlow","champ:AdrenalArmor+1","champ:BerserkerStyle","champ:Endure","Regret","champ:EnragedBash","champ:EnchantShield","champ:CrownThrow","Pain","champ:Shatter+1"],"relics":["Tiny House","Akabeko","Happy Flower","Pen Nib","Letter Opener","SlaversCollar","Blood Vial","Vajra","Blue Candle","Regal Pillow","downfall:HeartBlessingBlue","Smiling Mask","Cursed Key","downfall:HeartBlessingGreen","Torii","Oddly Smooth Stone"],"acts_visited":["Exordium","TheCity","TheBeyond"],"potions_floor_usage":[10,27,27,27,42,43,43],"damage_taken":[{"damage":10.0,"enemies":"Cultist","floor":2.0,"turns":5.0},{"damage":12.0,"enemies":"Jaw Worm","floor":3.0,"turns":6.0},{"damage":0,"enemies":"Small Slimes","floor":8,"turns":2},{"damage":28,"enemies":"3 Sentries","floor":10,"turns":5},{"damage":0,"enemies":"Gremlin Gang","floor":11,"turns":2},{"damage":15,"enemies":"Large Slime","floor":15,"turns":4},{"damage":37,"enemies":"downfall:Ironclad","floor":16,"turns":8},{"damage":9,"enemies":"Shell Parasite","floor":19,"turns":4},{"damage":52,"enemies":"Cultist and Chosen","floor":20,"turns":5},{"damage":11,"enemies":"downfall:FleeingMerchant","floor":21,"turns":4},{"damage":18,"enemies":"downfall:FleeingMerchant","floor":25,"turns":4},{"damage":67,"enemies":"Book of Stabbing","floor":27,"turns":4},{"damage":13,"enemies":"Sentry and Sphere","floor":29,"turns":3},{"damage":42,"enemies":"Centurion and Healer","floor":32,"turns":6},{"damage":150,"enemies":"downfall:Silent","floor":33,"turns":12},{"damage":15,"enemies":"Orb Walker","floor":36,"turns":4},{"damage":101,"enemies":"2 Orb Walkers","floor":38,"turns":5},{"damage":29,"enemies":"downfall:FleeingMerchant","floor":39,"turns":4},{"damage":34,"enemies":"3 Shapes","floor":42,"turns":5},{"damage":65,"enemies":"Maw","floor":43,"turns":7}],"seed_played":"1352422770484165478","potions_obtained":[{"floor":0.0,"key":"ColorlessPotion"},{"floor":8,"key":"sneckomod:MuddlingPotion"},{"floor":11,"key":"EntropicBrew"},{"floor":19,"key":"BlessingOfTheForge"},{"floor":27,"key":"Swift Potion"},{"floor":38,"key":"AttackPotion"}],"is_trial":false,"path_per_floor":["R","M","M","T","?","?","T","M","R","E","M","?","?","?","M","B",null,"R","M","M","$","?","R","T","$","?","E","R","M","?","T","M","B",null,"R","M","?","?","$","?","T","M","M"],"character_chosen":"THE_CHAMP","items_purchased":["champ:DeathBlow","Blood Vial","champ:BerserkerStyle","champ:Endure","Vajra"],"campfire_rested":1,"item_purchase_floors":[21,21,25,25,25],"current_hp_per_floor":[95,95,91,91,84,49,49,49,49,29,29,29,60,60,53,42,95,95,91,66,66,66,66,66,66,66,26,82,84,84,84,84,33,105,105,98,98,41,42,42,42,36,0,0],"gold":112,"neow_bonus":"BOSS_RELIC","is_daily":false,"chose_seed":false,"campfire_upgraded":4,"win_rate":0.0,"timestamp":1609584457,"path_taken":["R","M","M","?","?","?","T","M","R","E","?","?","?","?","M","BOSS","R","M","M","$","?","R","T","$","?","E","R","M","?","?","M","BOSS","R","M","?","?","$","?","T","?","M"],"items_purchased_type":["Card","Relic","Card","Card","Relic"],"build_version":"2020-12-22","purchased_purges":1,"victory":false,"max_hp_per_floor":[95,95,95,95,95,95,95,95,95,95,95,95,95,95,95,95,95,95,95,95,95,95,95,95,95,95,95,105,105,105,105,105,105,105,105,105,105,105,105,105,105,105,105,105],"relic_stats":{"Blood Vial":18,"Regal Pillow":15,"Happy Flower":[29],"Torii":0,"counters":[20,99],"Blue Candle":[15],"Pen Nib":[16],"Letter Opener":[76],"Smiling Mask":25,"Cursed Key":1,"obtain_stats":[{"Regal Pillow":27,"Tiny House":0,"Happy Flower":5,"Torii":38,"Blue Candle":26,"Vajra":25,"Oddly Smooth Stone":41,"champ:ChampionCrown":0,"downfall:HeartBlessingGreen":35,"Pen Nib":7,"Letter Opener":10,"Smiling Mask":31,"Cursed Key":34,"Akabeko":4,"Blood Vial":21,"SlaversCollar":17,"downfall:HeartBlessingBlue":28},{"Regal Pillow":12,"Tiny House":0,"Happy Flower":2,"Torii":17,"Blue Candle":11,"Vajra":11,"Oddly Smooth Stone":18,"champ:ChampionCrown":0,"downfall:HeartBlessingGreen":15,"Pen Nib":2,"Letter Opener":4,"Smiling Mask":13,"Cursed Key":15,"Akabeko":2,"Blood Vial":10,"SlaversCollar":7,"downfall:HeartBlessingBlue":12},{"Regal Pillow":53,"Tiny House":0,"Happy Flower":11,"Torii":83,"Blue Candle":49,"Vajra":49,"Oddly Smooth Stone":87,"champ:ChampionCrown":0,"downfall:HeartBlessingGreen":74,"Pen Nib":11,"Letter Opener":18,"Smiling Mask":56,"Cursed Key":74,"Akabeko":11,"Blood Vial":45,"SlaversCollar":32,"downfall:HeartBlessingBlue":53}]},"card_choices":[{"not_picked":["champ:GladiatorStyle","champ:CrookedStrike"],"picked":"champ:Backstep","floor":0.0},{"not_picked":["champ:Duel","champ:PerfectedStrike"],"picked":"champ:FanOfKnives","floor":2.0},{"not_picked":["champ:FlashCut","champ:FocusedDefense"],"picked":"champ:PerfectedStrike","floor":3.0},{"not_picked":["champ:PreciseThrust","champ:CrookedStrike"],"picked":"champ:BladeFlurry","floor":8},{"not_picked":["champ:Parry","champ:FalseCounter"],"picked":"champ:Duel","floor":10},{"not_picked":["champ:BladeFlurry","champ:FanOfKnives"],"picked":"champ:FlashCut","floor":11},{"not_picked":["champ:DefensiveShout","champ:RisingSlash"],"picked":"champ:BerserkersShout","floor":15},{"not_picked":["champ:CheapShot","champ:DancingMaster"],"picked":"champ:EnchantCrown","floor":16},{"not_picked":["champ:GutPunch+1","champ:SetATrap+1"],"picked":"champ:AdrenalArmor","floor":19},{"not_picked":["champ:DefensiveStyle","champ:ShieldWall","champ:FalseCounter+1"],"picked":"SKIP","floor":20},{"not_picked":["champ:BerserkersShout+1","champ:EnGarde","champ:DefensiveShout"],"picked":"SKIP","floor":21},{"not_picked":["champ:SwordSigil","champ:FancyFootwork"],"picked":"champ:AdrenalArmor+1","floor":25},{"not_picked":["champ:Circumvent+1","champ:RageSigil+1","champ:PerfectedStrike"],"picked":"SKIP","floor":27},{"not_picked":["champ:AdrenalArmor+1","champ:ShieldSigil"],"picked":"champ:EnragedBash","floor":29},{"not_picked":["champ:ShieldSigil","champ:Parry","champ:Backstep"],"picked":"SKIP","floor":32},{"not_picked":["champ:HoldFirm","champ:EnchantCrown"],"picked":"champ:EnchantShield","floor":33},{"not_picked":["champ:FlashCut+1","champ:DefensiveShout+1","champ:FanOfKnives"],"picked":"SKIP","floor":36},{"not_picked":["champ:BladeFlurry+1","champ:Backstep"],"picked":"champ:CrownThrow","floor":39},{"not_picked":["champ:GutPunch","champ:EnragedBash"],"picked":"champ:Shatter+1","floor":42}],"player_experience":422779,"relics_obtained":[{"floor":4.0,"key":"Akabeko"},{"floor":7,"key":"Pen Nib"},{"floor":10,"key":"Letter Opener"},{"floor":27,"key":"Regal Pillow"},{"floor":31,"key":"Smiling Mask"},{"floor":38,"key":"Torii"},{"floor":41,"key":"Oddly Smooth Stone"}],"event_choices":[{"damage_healed":0.0,"max_hp_gain":0.0,"max_hp_loss":0.0,"gold_gain":0.0,"event_name":"Scrap Ooze","player_choice":"Success","floor":5.0,"gold_loss":0.0,"damage_taken":7.0,"relics_obtained":["Happy Flower"]},{"damage_healed":31,"gold_gain":0,"player_choice":"Banana","damage_taken":0,"max_hp_gain":0,"max_hp_loss":0,"event_name":"Big Fish","floor":13,"gold_loss":0},{"damage_healed":0,"gold_gain":0,"player_choice":"Grow","damage_taken":0,"max_hp_gain":0,"max_hp_loss":0,"event_name":"Living Wall","floor":14,"gold_loss":0,"cards_upgraded":["champ:Duel"]},{"damage_healed":0,"gold_gain":0,"player_choice":"Fight","damage_taken":0,"max_hp_gain":0,"max_hp_loss":0,"event_name":"Mysterious Sphere","floor":38,"gold_loss":0}],"is_beta":false,"boss_relics":[{"not_picked":["Black Star","Snecko Eye"],"picked":"SlaversCollar"},{"not_picked":["Runic Dome","Velvet Choker"],"picked":"Cursed Key"}],"items_purged_floors":[39],"is_endless":false,"potions_floor_spawned":[8,11,19,27,32,38],"killed_by":"Maw","ascension_level":4}}