{"host":"xdg5osv0fulac4z3","time":1609563448,"event":{"mods":["2.2 Compatiblity","Act Like it!","BaseMod","Colored Map","Hallownest","Minty Spire (QoL Compilation)","Rare Cards Sparkle","Replay The Spire","StSLib","The Bug Knight"],"gold_per_floor":[114,195,111,130,150,150,75,108,133,145,13,13,13,26,26,128,128,145,145,159,175,75,75,90,90,90,123,139,139,14,78,78,178,178,189,200,1,21,32,32,32,32],"floor_reached":41,"playtime":2961,"items_purged":["HollowMod:QuickDashStart","HollowMod:NailStrikeStart","HollowMod:NailStrikeStart","Regret"],"score":415,"play_id":"f63c65c0-1928-48c2-9fc9-64a68724a993","local_time":"20210102145728","is_ascension_mode":false,"campfire_choices":[{"data":"HollowMod:SlysStrikes","floor":6.0,"key":"SMITH"},{"data":"HollowMod:SiblingsSouls","floor":12.0,"key":"SMITH"},{"data":"HollowMod:FocusHealStart","floor":15.0,"key":"SMITH"},{"data":"HollowMod:SlysStrikes","floor":23.0,"key":"SMITH"},{"data":"HollowMod:NewJinnsSoul","floor":25.0,"key":"SMITH"},{"data":"HollowMod:DoubleDash","floor":32.0,"key":"SMITH"},{"data":"HollowMod:LordofShades","floor":40,"key":"SMITH"}],"circlet_count":0,"master_deck":["HollowMod:NailStrikeStart","HollowMod:NailStrikeStart","HollowMod:QuickDashStart+1","HollowMod:QuickDashStart+1","HollowMod:FocusHealStart+1","HollowMod:PogoStrike","HollowMod:SlysStrikes+1","HollowMod:DashSlash","HollowMod:ShadowDash+1","HollowMod:VengefulVoid","HollowMod:NewJinnsSoul+1","HollowMod:BlackTendrils","HollowMod:SiblingsSouls+1","HollowMod:DoubleDash+1","Hallownest:skillGreenpathMap","HollowMod:BlackTendrils+1","HollowMod:SlysStrikes+1","HollowMod:DashSlash","HollowMod:CloakDash","HollowMod:ShadowDash","HollowMod:LordofShades+1","ReplayTheSpireMod:IOU","Regret","HollowMod:ShadowDash","HollowMod:VengefulVoid"],"relics":["HollowMod:VoidIdolRelic","ReplayFunnel","MealTicket","Gremlin Horn","Pantograph","Replay:Ancient Bell","War Paint","Replay:Accelerometer","Counterbalance"],"acts_visited":["Hallownest:Greenpath","Hallownest:CityofTears","Hallownest:KingdomsEdge"],"potions_floor_usage":[39,41],"damage_taken":[{"damage":0.0,"enemies":"Hallownest:monsterHuskWarrior","floor":1.0,"turns":4.0},{"damage":2.0,"enemies":"2_ Uuma","floor":3.0,"turns":5.0},{"damage":0.0,"enemies":"Hallownest:2_MossCreeps","floor":4.0,"turns":4.0},{"damage":4.0,"enemies":"Hallownest:monsterFoolEater","floor":5.0,"turns":4.0},{"damage":12.0,"enemies":"Hallownest:eliteCrystalGuardian","floor":8.0,"turns":7.0},{"damage":0.0,"enemies":"Hallownest:monsterMossCharger","floor":10.0,"turns":6.0},{"damage":20.0,"enemies":"Hallownest:2_Tiktiks_1_Baldur_1_Crawlid","floor":14.0,"turns":6.0},{"damage":44.0,"enemies":"Hallownest:BossHornet","floor":16.0,"turns":13.0},{"damage":0.0,"enemies":"Hallownest:3_Youths","floor":18.0,"turns":8.0},{"damage":6.0,"enemies":"Hallownest:Flukemon_and_Top","floor":20.0,"turns":6.0},{"damage":6.0,"enemies":"Hallownest:Warrior_and_Youth","floor":21.0,"turns":6.0},{"damage":32.0,"enemies":"Hallownest:2_Flukemon","floor":24.0,"turns":6.0},{"damage":3.0,"enemies":"Hallownest:eliteSoulWarrior","floor":27.0,"turns":7.0},{"damage":12.0,"enemies":"Hallownest:Master_and_Novice","floor":28.0,"turns":5.0},{"damage":21.0,"enemies":"Hallownest:Glutton_and_Coward","floor":31.0,"turns":5.0},{"damage":25.0,"enemies":"Hallownest:BossMantisLord","floor":33.0,"turns":10.0},{"damage":35.0,"enemies":"Hallownest:Shield_Heavy","floor":35.0,"turns":6.0},{"damage":33.0,"enemies":"Hallownest:3_Siblings","floor":36.0,"turns":7.0},{"damage":32,"enemies":"Hallownest:monsterPrimalAspid","floor":39,"turns":7},{"damage":71,"enemies":"Hallownest:Xero_Hu_Marmu","floor":41,"turns":5}],"seed_played":"2960924526355329914","potions_obtained":[{"floor":5.0,"key":"Weak Potion"},{"floor":20.0,"key":"Adrenaline Potion"},{"floor":21.0,"key":"SteroidPotion"},{"floor":35.0,"key":"Elixir"},{"floor":36.0,"key":"SpeedPotion"},{"floor":39,"key":"EssenceOfSteel"}],"is_trial":false,"path_per_floor":["M","?","M","M","M","R","?","E","T","M","$","R","?","M","R","B",null,"M","?","M","M","$","R","M","R","T","E","M","?","$","M","R","B",null,"M","M","$","?","M","R","M"],"character_chosen":"THE_BUGKNIGHT","items_purchased":["HollowMod:BlackTendrils+1","HollowMod:VengefulVoid"],"campfire_rested":0,"item_purchase_floors":[11,37],"current_hp_per_floor":[75,57,55,57,53,53,53,43,43,55,70,70,70,55,55,30,75,75,75,75,75,75,75,75,75,75,75,71,67,75,75,75,75,75,54,75,75,75,56,56,0,0],"gold":32,"neow_bonus":"THREE_RARE_CARDS","is_daily":false,"chose_seed":false,"campfire_upgraded":7,"win_rate":0.0,"timestamp":1609563448,"path_taken":["M","?","?","M","M","R","?","E","T","M","$","R","?","M","R","BOSS","M","?","?","M","$","R","M","R","T","E","M","?","?","M","R","BOSS","M","M","$","?","M","R","?"],"items_purchased_type":["Card","Card"],"build_version":"2020-12-22","purchased_purges":4,"victory":false,"max_hp_per_floor":[75,75,75,75,75,75,75,75,75,75,75,75,75,75,75,75,75,75,75,75,75,75,75,75,75,75,75,75,75,75,75,75,75,75,75,75,75,75,75,75,75,75],"card_choices":[{"not_picked":["HollowMod:AwokenDreamNail","HollowMod:LifebloodCore"],"picked":"HollowMod:SlysStrikes","floor":0.0},{"not_picked":["HollowMod:FastStrike","HollowMod:HowlingWraiths"],"picked":"HollowMod:DashSlash","floor":1.0},{"not_picked":["HollowMod:QuirrelsAssistance","HollowMod:HornetsHelp"],"picked":"HollowMod:ShadowDash","floor":2.0},{"not_picked":["HollowMod:NewJinnsSoul","HollowMod:TaintedHusks"],"picked":"HollowMod:VengefulVoid","floor":2.0},{"not_picked":["HollowMod:HowlingWraiths","HollowMod:ShadowDash"],"picked":"HollowMod:NewJinnsSoul","floor":2.0},{"not_picked":["HollowMod:SoulSplash","HollowMod:InfectionAssault"],"picked":"HollowMod:BlackTendrils","floor":3.0},{"not_picked":["HollowMod:CornifersMapStart","HollowMod:FallenFury","HollowMod:SiblingsSouls"],"picked":"SKIP","floor":4.0},{"not_picked":["HollowMod:CornifersMapStart","HollowMod:FallenFury"],"picked":"HollowMod:SiblingsSouls","floor":4.0},{"not_picked":["HollowMod:ChannelNail","HollowMod:SoulEater"],"picked":"HollowMod:DoubleDash","floor":5.0},{"not_picked":["HollowMod:HornetsHelp","HollowMod:PureNailStrike","HollowMod:VengefulSpirit"],"picked":"SKIP","floor":8.0},{"not_picked":["HollowMod:GreatSlash","HollowMod:NewLittleFool","HollowMod:CycloneSlash"],"picked":"SKIP","floor":10.0},{"not_picked":["HollowMod:SiblingsSouls","HollowMod:FallenFury","HollowMod:ShapeofUnn"],"picked":"SKIP","floor":14.0},{"not_picked":["HollowMod:HornetsHelp","HollowMod:NewInfectedGuardian"],"picked":"HollowMod:SlysStrikes","floor":16.0},{"not_picked":["HollowMod:NewLittleFool","HollowMod:ChannelNail+1"],"picked":"HollowMod:DashSlash","floor":18.0},{"not_picked":["HollowMod:AbyssShriek+1","HollowMod:HowlingWraiths"],"picked":"HollowMod:CloakDash","floor":20.0},{"not_picked":["HollowMod:ZotesMagnificence","HollowMod:CornifersMapStart","HollowMod:HowlingWraiths"],"picked":"SKIP","floor":21.0},{"not_picked":["HollowMod:SoulStrike","HollowMod:TaintedHusks"],"picked":"HollowMod:ShadowDash","floor":24.0},{"not_picked":["HollowMod:SoulVessel","HollowMod:AwokenDreamNail","HollowMod:LifebloodCocoon"],"picked":"SKIP","floor":27.0},{"not_picked":["HollowMod:HowlingWraiths","HollowMod:AbyssShriek+1","HollowMod:SharpenedNail"],"picked":"SKIP","floor":28.0},{"not_picked":["HollowMod:SoulStrike+1","HollowMod:InfectedAttack","HollowMod:HeavyBlow"],"picked":"SKIP","floor":31.0},{"not_picked":["HollowMod:HornetsHelp","HollowMod:VoidDash"],"picked":"HollowMod:LordofShades","floor":33.0},{"not_picked":["Hallownest:curseDreamersLament","Decay"],"picked":"ReplayTheSpireMod:IOU","floor":34.0},{"not_picked":["Hallucinations","Amnesia"],"picked":"Regret","floor":34.0},{"not_picked":["Spreading Infection","Parasite"],"picked":"Regret","floor":34.0},{"not_picked":["HollowMod:AwokenDreamNail","HollowMod:SoulStrike","HollowMod:BrokenVessel+1"],"picked":"SKIP","floor":35.0},{"not_picked":["HollowMod:InfectedAttack+1","HollowMod:ChannelNail+1"],"picked":"HollowMod:ShadowDash","floor":36.0},{"not_picked":["HollowMod:InfectedCysts+1","HollowMod:HowlingWraiths+1","HollowMod:VengefulVoid"],"picked":"SKIP","floor":39}],"player_experience":147640,"relics_obtained":[{"floor":8.0,"key":"ReplayFunnel"},{"floor":9.0,"key":"MealTicket"},{"floor":26.0,"key":"Gremlin Horn"},{"floor":27.0,"key":"Pantograph"}],"event_choices":[],"is_beta":false,"boss_relics":[{"not_picked":["SacredBark","Ring of Chaos"],"picked":"HollowMod:VoidIdolRelic"},{"not_picked":["Honey Jar","ChewingGum"],"picked":"Replay:Ancient Bell"},{"not_picked":["Toy Ornithopter","Replay:Mystery Machine"],"picked":"War Paint"},{"not_picked":["Snack Pack","Meat on the Bone"],"picked":"Replay:Accelerometer"},{"not_picked":["HollowMod:QueensCombRelic","Incense Burner"],"picked":"Counterbalance"}],"items_purged_floors":[11,22,30,37],"is_endless":false,"potions_floor_spawned":[5,20,21,24,27,28,35,36,39],"killed_by":"Hallownest:Xero_Hu_Marmu","ascension_level":0}}