{"host":"j204k34h42bd6fas","time":1609629456,"event":{"mods":["Aspiration","BaseMod","Colored Map","Colored Powertips","Conspire","Energized Spire","Hubris","Infinite Spire","JesterMod","Mimic Mod","Minty Spire (QoL Compilation)","Rare Cards Sparkle","Relic Stats","Replay The Spire","Say the Spire","StSLib","The Cursed","The Marked"],"gold_per_floor":[111,111,129,304,322,322,322],"floor_reached":6,"playtime":173,"items_purged":[],"score":47,"play_id":"b002b3b9-2961-428a-b9ae-b0bd89dd5bf2","local_time":"20210102181736","is_ascension_mode":true,"campfire_choices":[],"circlet_count":0,"master_deck":["Steam Power","Strike_R","Strike_R","Strike_R","Strike_R","Defend_R","Defend_R","Defend_R","Bash","Blood for Blood","Feel No Pain","Sentinel","Regret","ReplayTheSpireMod:LeadingStrike","Doubt","ReplayTheSpireMod:Strike From Hell"],"relics":["Burning Blood","Pen Nib"],"acts_visited":["Exordium"],"potions_floor_usage":[],"damage_taken":[{"damage":2,"enemies":"2 Louse","floor":1,"turns":3},{"damage":9,"enemies":"Small Slimes","floor":3,"turns":3},{"damage":9,"enemies":"Cultist","floor":5,"turns":3},{"damage":57,"enemies":"3 Sentries","floor":6,"turns":6}],"seed_played":"6050973999847141408","potions_obtained":[{"floor":1,"key":"SteroidPotion"}],"is_trial":false,"path_per_floor":["M","?","M","?","M","E"],"character_chosen":"IRONCLAD","items_purchased":[],"campfire_rested":0,"item_purchase_floors":[],"current_hp_per_floor":[72,72,69,69,66,9,9],"gold":322,"neow_bonus":"TRANSFORM_TWO_CARDS","is_daily":false,"chose_seed":false,"campfire_upgraded":0,"win_rate":0.0,"timestamp":1609629456,"path_taken":["M","?","M","?","M","E"],"items_purchased_type":[],"build_version":"2020-12-22","purchased_purges":0,"victory":false,"max_hp_per_floor":[72,72,72,72,72,72,72],"relic_stats":{"counters":[4,15],"Pen Nib":[2],"obtain_stats":[{"Pen Nib":2,"Burning Blood":0},{"Pen Nib":1,"Burning Blood":0},{"Pen Nib":3,"Burning Blood":0}],"Burning Blood":14},"card_choices":[{"not_picked":["Blood for Blood","Anger"],"picked":"Sentinel","floor":1},{"not_picked":["Anger","Body Slam"],"picked":"ReplayTheSpireMod:LeadingStrike","floor":3},{"not_picked":["Wild Strike","Feel No Pain"],"picked":"ReplayTheSpireMod:Strike From Hell","floor":5}],"player_experience":327797,"relics_obtained":[],"event_choices":[{"damage_healed":0,"gold_gain":0,"player_choice":"Box","damage_taken":0,"relics_obtained":["Pen Nib"],"max_hp_gain":0,"max_hp_loss":0,"event_name":"Big Fish","floor":2,"gold_loss":0,"cards_obtained":["Regret"]},{"damage_healed":0,"gold_gain":175,"player_choice":"AGREE","damage_taken":0,"max_hp_gain":0,"max_hp_loss":0,"event_name":"Liars Game","floor":4,"gold_loss":0,"cards_obtained":["Doubt"]}],"is_beta":false,"boss_relics":[],"items_purged_floors":[],"is_endless":false,"potions_floor_spawned":[1],"killed_by":"3 Sentries","ascension_level":6}}