{"host":"wgmbtq7u7cgqo6r7","time":1609571618,"event":{"mods":["BaseMod","Colored Powertips","Marisa（霧雨　魔理沙）","Minty Spire (QoL Compilation)","Rare Cards Sparkle","StSLib","everything is the same but u backflip on backflip"],"gold_per_floor":[209,223,223,238,254,282,305,317,356,368,380,406,9,9,9,9,9],"floor_reached":16,"playtime":506,"items_purged":[],"score":107,"play_id":"a2536304-1856-4365-b4bb-d1c0c988ce81","local_time":"20210102021338","is_ascension_mode":true,"campfire_choices":[{"floor":8,"key":"REST"},{"floor":11,"key":"RECALL"},{"floor":15,"key":"REST"}],"circlet_count":0,"master_deck":["Strike_MRS","Strike_MRS","Strike_MRS","Strike_MRS","Defend_MRS","Defend_MRS","Defend_MRS","Defend_MRS","MasterSpark","UpSweep","NonDirectionalLaser","Regret","StarBarrage","6A","AsteroidBelt","LuminesStrike","AbsoluteMagnitude+1"],"relics":["MiniHakkero","Juzu Bracelet","MawBank","Nunchaku","Molten Egg 2","Toxic Egg 2"],"acts_visited":["Exordium"],"potions_floor_usage":[6,16],"damage_taken":[{"damage":1,"enemies":"Jaw Worm","floor":1,"turns":3},{"damage":1,"enemies":"2 Louse","floor":2,"turns":3},{"damage":2,"enemies":"Small Slimes","floor":4,"turns":3},{"damage":7,"enemies":"Exordium Wildlife","floor":5,"turns":3},{"damage":23,"enemies":"3 Sentries","floor":6,"turns":5},{"damage":4,"enemies":"2 Fungi Beasts","floor":7,"turns":3},{"damage":24,"enemies":"3 Louse","floor":12,"turns":3},{"damage":24,"enemies":"The Guardian","floor":16,"turns":7}],"seed_played":"5693979456025282326","potions_obtained":[{"floor":2,"key":"Explosive Potion"},{"floor":4,"key":"Fire Potion"},{"floor":6,"key":"Weak Potion"},{"floor":7,"key":"FearPotion"}],"is_trial":false,"path_per_floor":["M","M","?","M","M","E","M","R","T","?","R","M","$","?","R","B"],"character_chosen":"MARISA","items_purchased":["Molten Egg 2","AbsoluteMagnitude+1"],"campfire_rested":2,"item_purchase_floors":[13,13],"current_hp_per_floor":[74,73,73,71,64,41,37,59,59,59,59,35,35,2,24,0,0],"gold":9,"neow_bonus":"HUNDRED_GOLD","is_daily":false,"chose_seed":false,"campfire_upgraded":0,"win_rate":0.0,"timestamp":1609571618,"path_taken":["M","M","?","M","M","E","M","R","T","?","R","M","$","?","R","BOSS"],"items_purchased_type":["Relic","Card"],"build_version":"2020-12-22","purchased_purges":0,"victory":false,"max_hp_per_floor":[75,75,75,75,75,75,75,75,75,75,75,75,75,75,75,75,75],"card_choices":[{"not_picked":["IllusionStar","OrrerysSun"],"picked":"NonDirectionalLaser","floor":1},{"not_picked":["MysteriousBeam","EnergyFlow","PropBag"],"picked":"SKIP","floor":2},{"not_picked":["OrrerysSun","ShootingEcho"],"picked":"StarBarrage","floor":4},{"not_picked":["DC","ShootingEcho"],"picked":"6A","floor":5},{"not_picked":["SporeBomb","RefractionSpark","MachineGunSpark"],"picked":"SKIP","floor":6},{"not_picked":["SporeBomb","UnstableBomb"],"picked":"AsteroidBelt","floor":7},{"not_picked":["StarBarrage","RefractionSpark"],"picked":"LuminesStrike","floor":12}],"player_experience":124227,"relics_obtained":[{"floor":6,"key":"MawBank"}],"event_choices":[{"damage_healed":0,"gold_gain":0,"player_choice":"Box","damage_taken":0,"relics_obtained":["Juzu Bracelet"],"max_hp_gain":0,"max_hp_loss":0,"event_name":"Big Fish","floor":3,"gold_loss":0,"cards_obtained":["Regret"]},{"damage_healed":0,"gold_gain":0,"player_choice":"Searched \u00272\u0027 times","damage_taken":0,"relics_obtained":["Nunchaku"],"max_hp_gain":0,"max_hp_loss":0,"event_name":"Dead Adventurer","floor":10,"gold_loss":0},{"damage_healed":0,"gold_gain":0,"player_choice":"Success","damage_taken":33,"relics_obtained":["Toxic Egg 2"],"max_hp_gain":0,"max_hp_loss":0,"event_name":"Scrap Ooze","floor":14,"gold_loss":0}],"is_beta":false,"boss_relics":[],"items_purged_floors":[],"is_endless":false,"potions_floor_spawned":[2,4,6,7],"killed_by":"The Guardian","ascension_level":1}}