{"host":"363c1o4m0ew2jbar","time":1609562289,"event":{"mods":["AchievementEnabler","BaseMod","Better Note","Downfall","Hubris","Minty Spire (QoL Compilation)","StSLib"],"gold_per_floor":[99,110,130,130,150,176,201,230,230,248,248,248,302,327,347,452,452,452,462,462,129,147,147,147,178,198,48,73,87,122,138,157,254,254,254,268,287,287,333,348,348,386,323,364,60,60,60,73,87,87,87,118,64,64,64],"floor_reached":56,"playtime":3835,"items_purged":["Guardian:Aged","Slimebound:Strike_Slimebound"],"score":2068,"play_id":"0cd9fef7-bbc0-44f7-868d-f144a8ff45d8","local_time":"20210101183809","is_ascension_mode":true,"campfire_choices":[{"data":"Slimebound:Split","floor":1.0,"key":"SMITH"},{"floor":9.0,"key":"REST"},{"data":"Slimebound:SplitSpecialist","floor":11.0,"key":"SMITH"},{"data":"Slimebound:MinionMaster","floor":18.0,"key":"SMITH"},{"floor":23.0,"key":"RECALL"},{"data":"Slimebound:CorrosiveSpit","floor":27.0,"key":"SMITH"},{"data":"Slimebound:SlimeBarrage","floor":35.0,"key":"SMITH"},{"data":"Slimebound:TongueLash","floor":43.0,"key":"SMITH"},{"data":"Slimebound:Repurpose","floor":47,"key":"SMITH"},{"floor":54,"key":"REST"}],"circlet_count":0,"master_deck":["Slimebound:Strike_Slimebound","Slimebound:Strike_Slimebound","Slimebound:Defend_Slimebound","Slimebound:Defend_Slimebound","Slimebound:Defend_Slimebound","Slimebound:Defend_Slimebound","Slimebound:Split+1","Slimebound:CorrosiveSpit+1","Slimebound:OneTwoCombo","Slimebound:RainOfGoop","Slimebound:Prepare","Slimebound:SpikyOuterGoop","Slimebound:SplitSpecialist+1","Slimebound:SlimeBarrage+1","Slimebound:SplitLeeching","Slimebound:MinionMaster+1","Slimebound:Gluttony+1","Slimebound:GrowthPunch+1","Slimebound:Recycling","Slimebound:TagTeam","Slimebound:TongueLash+1","expansioncontent:DecasProtection","Slimebound:LevelUp+1","Slimebound:SelfFormingGoo+1","Slimebound:SlimeSpikes","Slimebound:Repurpose+1","Slimebound:Recollect+1","Slimebound:GrowthPunch"],"relics":["Slimebound:AbsorbEndCombat","hubris:TenFootPole","Lantern","Omamori","downfall:ShatteredFragment","Guardian:PocketSentry","Regal Pillow","hubris:ScarierMask","Necronomicon","Slimebound:MaxSlimesRelic","Bottled Flame","Nunchaku","downfall:HeartBlessingRed","downfall:HeartBlessingGreen","Dead Branch","Blood Vial","Empty Cage","MawBank","hubris:PeanutButter","downfall:HeartBlessingBlue","hubris:SlimyHat","hubris:DisguiseKit","Strawberry","Slimebound:AggressiveSlimeRelic"],"acts_visited":["Exordium","TheCity","TheBeyond","TheEnding"],"potions_floor_usage":[49,50],"damage_taken":[{"damage":14.0,"enemies":"Small Slimes","floor":2.0,"turns":4.0},{"damage":12.0,"enemies":"Cultist","floor":3.0,"turns":3.0},{"damage":12.0,"enemies":"Jaw Worm","floor":5.0,"turns":3.0},{"damage":28.0,"enemies":"Gremlin Nob","floor":6.0,"turns":5.0},{"damage":26.0,"enemies":"3 Sentries","floor":8.0,"turns":5.0},{"damage":11.0,"enemies":"3 Louse","floor":10.0,"turns":4.0},{"damage":18.0,"enemies":"Gremlin Nob","floor":14.0,"turns":3.0},{"damage":12.0,"enemies":"Exordium Wildlife","floor":15.0,"turns":2.0},{"damage":36.0,"enemies":"downfall:Silent","floor":16.0,"turns":6.0},{"damage":8.0,"enemies":"3 Byrds","floor":19.0,"turns":3.0},{"damage":16.0,"enemies":"downfall:FleeingMerchant","floor":21.0,"turns":4.0},{"damage":30.0,"enemies":"Snake Plant","floor":22.0,"turns":3.0},{"damage":30.0,"enemies":"Book of Stabbing","floor":25.0,"turns":6.0},{"damage":16.0,"enemies":"3 Cultists","floor":26.0,"turns":4.0},{"damage":20.0,"enemies":"Gremlin Leader","floor":28.0,"turns":4.0},{"damage":8.0,"enemies":"Sentry and Sphere","floor":29.0,"turns":2.0},{"damage":17.0,"enemies":"Slavers","floor":30.0,"turns":4.0},{"damage":22.0,"enemies":"Centurion and Healer","floor":31.0,"turns":2.0},{"damage":16.0,"enemies":"Chosen and Byrds","floor":32.0,"turns":3.0},{"damage":45.0,"enemies":"downfall:Watcher","floor":33.0,"turns":6.0},{"damage":16.0,"enemies":"3 Darklings","floor":36.0,"turns":3.0},{"damage":15.0,"enemies":"3 Shapes","floor":37.0,"turns":3.0},{"damage":20.0,"enemies":"Transient","floor":40.0,"turns":5.0},{"damage":24.0,"enemies":"Nemesis","floor":42.0,"turns":5.0},{"damage":23.0,"enemies":"Reptomancer","floor":44.0,"turns":4.0},{"damage":16.0,"enemies":"downfall:FleeingMerchant","floor":45.0,"turns":4.0},{"damage":0,"enemies":"Sphere and 2 Shapes","floor":48,"turns":3},{"damage":8,"enemies":"Spire Growth","floor":49,"turns":3},{"damage":24,"enemies":"downfall:Defect","floor":50,"turns":6},{"damage":80,"enemies":"downfall:CharBossMerchant","floor":52,"turns":7},{"damage":102,"enemies":"downfall:NeowBoss","floor":55,"turns":21}],"seed_played":"-2096697500770969657","potions_obtained":[{"floor":2.0,"key":"Block Potion"},{"floor":3.0,"key":"SpeedPotion"},{"floor":4.0,"key":"downfall:CursedFountainPotion"},{"floor":6.0,"key":"Block Potion"},{"floor":22.0,"key":"SpeedPotion"},{"floor":25.0,"key":"CultistPotion"},{"floor":26.0,"key":"GamblersBrew"},{"floor":30.0,"key":"Energy Potion"},{"floor":33.0,"key":"Ancient Potion"},{"floor":42.0,"key":"hexamod:EctoCoolerPotion"},{"floor":49,"key":"DistilledChaos"}],"is_trial":false,"path_per_floor":["R","M","M","?","M","E","T","E","R","M","R","?","T","E","M","B",null,"R","M","?","$","M","R","T","E","M","R","E","M","E","M","M","B",null,"R","M","M","?","?","M","T","E","R","E","$","?","R","M","M","B",null,"E","$","R","B",null],"character_chosen":"SLIMEBOUND","items_purchased":["Slimebound:MaxSlimesRelic","hubris:DisguiseKit","Slimebound:SlimeSpikes","Strawberry","Slimebound:Repurpose","Slimebound:GrowthPunch"],"campfire_rested":2,"item_purchase_floors":[21,45,45,45,45,53],"current_hp_per_floor":[60,58,58,58,60,44,44,38,56,60,60,51,51,49,51,37,60,60,60,52,56,48,48,48,52,58,58,60,60,60,58,60,53,60,60,60,60,60,60,60,60,60,70,67,73,73,73,77,77,75,77,15,15,53,36],"gold":64,"neow_bonus":"THREE_RARE_CARDS","is_daily":false,"chose_seed":false,"campfire_upgraded":7,"win_rate":0.0,"timestamp":1609562289,"path_taken":["R","M","M","?","M","E","T","E","R","?","R","?","?","E","M","BOSS","R","M","?","$","M","R","T","E","M","R","E","M","E","M","M","BOSS","BOSS","R","M","M","?","?","M","T","E","R","E","$","?","R","?","M","BOSS","E","$","R","BOSS"],"items_purchased_type":["Relic","Relic","Card","Relic","Card","Card"],"build_version":"2020-12-22","purchased_purges":2,"victory":true,"max_hp_per_floor":[60,60,60,60,60,60,60,60,60,60,60,60,60,60,60,60,60,60,60,60,60,60,60,60,60,60,60,60,60,60,60,60,60,60,60,60,60,60,60,60,60,60,70,70,77,77,77,77,77,77,77,77,77,77,77],"card_choices":[{"not_picked":["Slimebound:Teamwork","Slimebound:WasteNot"],"picked":"Slimebound:OneTwoCombo","floor":0.0},{"not_picked":["Slimebound:Nibble","Slimebound:FormOfPuddle"],"picked":"Slimebound:RainOfGoop","floor":2.0},{"not_picked":["Slimebound:LeechingTouch","Slimebound:ServeAndProtect"],"picked":"Slimebound:Prepare","floor":3.0},{"not_picked":["Slimebound:SamplingLick","Slimebound:SplitLeeching"],"picked":"Slimebound:SpikyOuterGoop","floor":5.0},{"not_picked":["Slimebound:FormOfPuddle","Slimebound:DivideAndConquer"],"picked":"Slimebound:SplitSpecialist","floor":6.0},{"not_picked":["Slimebound:Schlurp","Slimebound:SlimeSpikes"],"picked":"Slimebound:SlimeBarrage","floor":8.0},{"not_picked":["Slimebound:LeechEnergy","Slimebound:ForwardTackle","Slimebound:BestDefense"],"picked":"SKIP","floor":10.0},{"not_picked":["Slimebound:RollThrough","Slimebound:GoopSpray"],"picked":"Slimebound:SplitLeeching","floor":14.0},{"not_picked":["Slimebound:Chomp","Slimebound:FinishingTackle","Slimebound:LeechingTouch"],"picked":"SKIP","floor":15.0},{"not_picked":["Slimebound:CheckThePlaybook","Slimebound:DuplicatedForm"],"picked":"Slimebound:MinionMaster","floor":16.0},{"not_picked":["Slimebound:RollThrough","Slimebound:ServeAndProtect","Slimebound:ComboTackle"],"picked":"SKIP","floor":19.0},{"not_picked":["Slimebound:SplitLeeching","Slimebound:RollThrough"],"picked":"Slimebound:RainOfGoop","floor":21.0},{"not_picked":["Slimebound:SpikyOuterGoop+1","Slimebound:ServeAndProtect+1"],"picked":"Slimebound:Gluttony+1","floor":22.0},{"not_picked":["Slimebound:GoopTackle","Slimebound:SplitBruiser+1","Slimebound:DivideAndConquer"],"picked":"SKIP","floor":25.0},{"not_picked":["Slimebound:PressTheAttack+1","Slimebound:FinishingTackle+1","Slimebound:FirmFortitude+1"],"picked":"SKIP","floor":26.0},{"not_picked":["Slimebound:SplitMire","Slimebound:RainOfGoop"],"picked":"Slimebound:GrowthPunch+1","floor":28.0},{"not_picked":["Slimebound:DivideAndConquer","Slimebound:SpikyOuterGoop","Slimebound:GrowthPunch+1"],"picked":"SKIP","floor":29.0},{"not_picked":["Slimebound:ItLooksTasty+1","Slimebound:DisruptingSlam","Slimebound:ProtectTheBoss"],"picked":"SKIP","floor":30.0},{"not_picked":["Slimebound:Schlurp","Slimebound:BestDefense"],"picked":"Slimebound:Recycling","floor":31.0},{"not_picked":["Slimebound:ViciousTackle","Slimebound:ComboTackle","Slimebound:Schlurp"],"picked":"SKIP","floor":32.0},{"not_picked":["Slimebound:DuplicatedForm","Slimebound:SlimeSlap"],"picked":"Slimebound:TagTeam","floor":33.0},{"not_picked":["Slimebound:Gluttony+1","Slimebound:ForwardTackle+1"],"picked":"Slimebound:TongueLash","floor":36.0},{"not_picked":["Slimebound:RainOfGoop","Slimebound:Schlurp","Slimebound:ServeAndProtect+1"],"picked":"SKIP","floor":37.0},{"not_picked":["expansioncontent:DefensiveStance","expansioncontent:ChargeUp"],"picked":"expansioncontent:DecasProtection","floor":38.0},{"not_picked":["Slimebound:DivideAndConquer","Slimebound:PressTheAttack+1"],"picked":"Slimebound:LevelUp+1","floor":40.0},{"not_picked":["Slimebound:SplitBruiser+1","Slimebound:LeechLife","Slimebound:LeechingTouch+1"],"picked":"SKIP","floor":42.0},{"not_picked":["Slimebound:ViciousTackle+1","Slimebound:PressTheAttack+1"],"picked":"Slimebound:SelfFormingGoo","floor":44.0},{"not_picked":["Slimebound:SlimeBarrage","Slimebound:AcidTongue","Slimebound:SplitAcid","Guardian:Gem_Lightblue"],"picked":"SKIP","floor":48},{"not_picked":["Slimebound:ProtectTheBoss","Slimebound:SamplingLick","Slimebound:LeechEnergy+1","Guardian:PolyBeam"],"picked":"SKIP","floor":49},{"not_picked":["Slimebound:MassFeed","Slimebound:SamplingLick+1","Guardian:GuardianWhirl"],"picked":"Slimebound:Recollect+1","floor":52}],"player_experience":1143402,"relics_obtained":[{"floor":6.0,"key":"hubris:TenFootPole"},{"floor":7.0,"key":"Lantern"},{"floor":8.0,"key":"Omamori"},{"floor":13.0,"key":"Guardian:PocketSentry"},{"floor":14.0,"key":"Regal Pillow"},{"floor":20.0,"key":"Necronomicon"},{"floor":24.0,"key":"Bottled Flame"},{"floor":25.0,"key":"Nunchaku"},{"floor":28.0,"key":"Dead Branch"},{"floor":30.0,"key":"Blood Vial"},{"floor":41.0,"key":"MawBank"},{"floor":42.0,"key":"hubris:PeanutButter"},{"floor":44.0,"key":"hubris:SlimyHat"},{"floor":52,"key":"Slimebound:AggressiveSlimeRelic"}],"event_choices":[{"damage_healed":0,"gold_gain":0,"player_choice":"Upgraded","damage_taken":0,"max_hp_gain":0,"max_hp_loss":0,"event_name":"Upgrade Shrine","floor":46,"gold_loss":0,"cards_upgraded":["Slimebound:SelfFormingGoo"]}],"is_beta":false,"boss_relics":[{"not_picked":["Pandora\u0027s Box","Astrolabe"],"picked":"hubris:ScarierMask"},{"not_picked":["Runic Pyramid","hubris:HollowSoul"],"picked":"Empty Cage"}],"items_purged_floors":[21,45],"is_endless":false,"potions_floor_spawned":[2,3,6,22,25,26,30,33,36,42,49],"ascension_level":3}}