{"host":"kdt6w7ix8lwe69i9","time":1609568412,"event":{"mods":["Bartender","BaseMod","ChefMod","Downfall","Fiend Mod","Jorbs\u0027s Wanderer Trilogy","Minty Spire (QoL Compilation)","Reimu（博丽灵梦）","Robot Space Explorer","StSLib","The Cursed","The Disciple","The Dragon Tamer","The Druid","The Elementalist","The Forsaken","The Gatherer","The Judge","The Marked","TheBandit"],"gold_per_floor":[110,110,122,132,132,142,175,189,213,213,223,183,183,133,133,230,230,241,12,12,12,31,31,44,44,44,54,71,81,92,92,92,188,188,203,478,492,348,362,362,380,393,393,431,431,431,431,431,431,431,431,431,13,55,55,55],"floor_reached":55,"playtime":5875,"items_purged":[],"score":776,"play_id":"cb0e86de-73cb-41be-83e7-a59a306a824c","local_time":"20210102012012","is_ascension_mode":false,"campfire_choices":[{"floor":10,"key":"REST"},{"floor":15,"key":"REST"},{"floor":23,"key":"RECALL"},{"floor":32,"key":"REST"},{"floor":40,"key":"REST"},{"floor":45,"key":"REST"},{"floor":47,"key":"REST"},{"floor":49,"key":"REST"},{"floor":52,"key":"REST"}],"circlet_count":0,"master_deck":["RobotSpaceExplorer:Strike","RobotSpaceExplorer:Strike","RobotSpaceExplorer:Strike","RobotSpaceExplorer:Strike","RobotSpaceExplorer:Defend","RobotSpaceExplorer:Defend+1","RobotSpaceExplorer:Defend","RobotSpaceExplorer:Scan","RobotSpaceExplorer:MiniLasers","RobotSpaceExplorer:ExhaustFan","RobotSpaceExplorer:ShovelStrike","RobotSpaceExplorer:Pulsar","RobotSpaceExplorer:StunGrenade","RobotSpaceExplorer:PowerCollector","RobotSpaceExplorer:Probe","RobotSpaceExplorer:Multitool","RobotSpaceExplorer:FranticSearch","RobotSpaceExplorer:PowerCollector","RobotSpaceExplorer:DoubleFind","RobotSpaceExplorer:ScrapShield+1","RobotSpaceExplorer:StarLightning","RobotSpaceExplorer:PowerGlove","RobotSpaceExplorer:PowerCollector","RobotSpaceExplorer:LaserBurst+1","RobotSpaceExplorer:Explosion","RobotSpaceExplorer:MiniDrones","Regret","RobotSpaceExplorer:Counterblock+1","RobotSpaceExplorer:Blaster","RobotSpaceExplorer:MiniDrones","RobotSpaceExplorer:PowerCollector+1","RobotSpaceExplorer:Blitz+1","RobotSpaceExplorer:Ammunition","RobotSpaceExplorer:SelfCleaning","Parasite","RobotSpaceExplorer:Pulsar+1","RobotSpaceExplorer:MetalStrike+1","RobotSpaceExplorer:ScrapMissile","RobotSpaceExplorer:PowerCollector","RobotSpaceExplorer:Comet"],"relics":["Silver_Glasses","WarpedTongs","Guardian:PocketSentry","Tiny Chest","PaintedHorse:ReiMu","Tea:ReiMu","Gremlin Horn","Fusion Hammer","Lantern","White_Cape","MutagenicStrength","Oddly Smooth Stone","White Beast Statue","Matryoshka","SacredBark","Orrery","Ancient Tea Set","CeramicFish","Vajra","Strawberry","RobotSpaceExplorer:FoglandsKnife","Nunchaku","Protect_Vest"],"acts_visited":["Exordium","TheCity","TheBeyond","TheEnding"],"potions_floor_usage":[7,7,29,30,37,39,41,42,50,50,54,55],"damage_taken":[{"damage":7,"enemies":"Jaw Worm","floor":1,"turns":5},{"damage":10,"enemies":"Cultist","floor":3,"turns":4},{"damage":1,"enemies":"2 Louse","floor":4,"turns":2},{"damage":13,"enemies":"Large Slime","floor":6,"turns":7},{"damage":8,"enemies":"Gremlin Nob","floor":7,"turns":3},{"damage":0,"enemies":"3 Louse","floor":8,"turns":3},{"damage":0,"enemies":"Exordium Wildlife","floor":11,"turns":2},{"damage":21,"enemies":"Slime Boss","floor":16,"turns":12},{"damage":0,"enemies":"3 Byrds","floor":18,"turns":5},{"damage":0,"enemies":"Spheric Guardian","floor":22,"turns":3},{"damage":0,"enemies":"Cultist and Chosen","floor":24,"turns":3},{"damage":2,"enemies":"Snake Plant","floor":27,"turns":3},{"damage":3,"enemies":"Snecko","floor":28,"turns":3},{"damage":13,"enemies":"Chosen and Byrds","floor":29,"turns":6},{"damage":0,"enemies":"Snake Plant","floor":30,"turns":2},{"damage":11,"enemies":"Automaton","floor":33,"turns":6},{"damage":14,"enemies":"3 Darklings","floor":35,"turns":4},{"damage":11,"enemies":"3 Shapes","floor":37,"turns":4},{"damage":6,"enemies":"Maw","floor":39,"turns":5},{"damage":0,"enemies":"Writhing Mass","floor":41,"turns":3},{"damage":10,"enemies":"3 Darklings","floor":42,"turns":4},{"damage":6,"enemies":"Reptomancer","floor":44,"turns":6},{"damage":46,"enemies":"Donu and Deca","floor":50,"turns":5},{"damage":7,"enemies":"Shield and Spear","floor":54,"turns":5},{"damage":75,"enemies":"The Heart","floor":55,"turns":5}],"seed_played":"-1365044629121608771","potions_obtained":[{"floor":1,"key":"Regen Potion"},{"floor":3,"key":"Fire Potion"},{"floor":7,"key":"DuplicationPotion"},{"floor":24,"key":"SpeedPotion"},{"floor":27,"key":"Fire Potion"},{"floor":28,"key":"ZuzhouPotion:ReiMu"},{"floor":29,"key":"ColorlessPotion"},{"floor":30,"key":"FearPotion"},{"floor":37,"key":"AttackPotion"},{"floor":39,"key":"Explosive Potion"},{"floor":42,"key":"Energy Potion"},{"floor":44,"key":"PowerPotion"},{"floor":54,"key":"ColorlessPotion"}],"is_trial":false,"path_per_floor":["M","?","M","M","?","M","E","M","T","R","M","?","?","?","R","B",null,"M","$","T","?","M","R","M","T","T","M","M","M","M","T","R","B",null,"M","?","M","$","M","R","M","M","T","E","R","?","R","T","R","B",null,"R","$","E","B"],"character_chosen":"RobotSpaceExplorer","items_purchased":["RobotSpaceExplorer:PowerCollector","Lantern","Orrery","RobotSpaceExplorer:FoglandsKnife","Nunchaku","RobotSpaceExplorer:PowerCollector","SkillPotion"],"campfire_rested":8,"item_purchase_floors":[19,19,38,53,53,53,53],"current_hp_per_floor":[68,68,58,57,42,29,30,30,30,52,52,52,40,40,62,41,75,75,75,75,75,75,75,75,75,75,73,70,57,57,57,75,64,75,61,61,50,50,44,66,66,56,56,50,72,72,75,82,82,36,82,82,82,75,0,0],"gold":55,"neow_bonus":"BOSS_RELIC","is_daily":false,"chose_seed":false,"campfire_upgraded":0,"win_rate":0.0,"timestamp":1609568412,"path_taken":["M","?","M","?","?","M","E","M","T","R","M","?","?","?","R","BOSS","M","$","?","?","M","R","M","?","T","M","M","?","M","?","R","BOSS","M","?","M","$","?","R","M","M","T","E","R","?","R","?","R","BOSS","R","$","E","BOSS"],"items_purchased_type":["Card","Relic","Relic","Relic","Relic","Card","Potion"],"build_version":"2020-12-22","purchased_purges":0,"victory":false,"max_hp_per_floor":[75,75,75,75,75,75,75,75,75,75,75,75,75,75,75,75,75,75,75,75,75,75,75,75,75,75,75,75,75,75,75,75,75,75,75,75,75,75,75,75,75,75,75,75,75,75,75,82,82,82,82,82,82,82,82,82],"card_choices":[{"not_picked":["RobotSpaceExplorer:GearShield","RobotSpaceExplorer:SurgingStrike"],"picked":"RobotSpaceExplorer:ExhaustFan","floor":1},{"not_picked":["RobotSpaceExplorer:SurgingShield","RobotSpaceExplorer:StunGrenade"],"picked":"RobotSpaceExplorer:ShovelStrike","floor":3},{"not_picked":["RobotSpaceExplorer:LuckyStrike","RobotSpaceExplorer:SwiftStep"],"picked":"RobotSpaceExplorer:Pulsar","floor":4},{"not_picked":["RobotSpaceExplorer:ShockKick","RobotSpaceExplorer:SurgingShield"],"picked":"RobotSpaceExplorer:StunGrenade","floor":6},{"not_picked":["RobotSpaceExplorer:ToxicBomb","RobotSpaceExplorer:Ammunition"],"picked":"RobotSpaceExplorer:Exploration","floor":7},{"not_picked":["RobotSpaceExplorer:MiniBoosters","RobotSpaceExplorer:ScrapMissile"],"picked":"RobotSpaceExplorer:PowerCollector","floor":8},{"not_picked":["RobotSpaceExplorer:SurgingShield","RobotSpaceExplorer:ToxicBomb"],"picked":"RobotSpaceExplorer:Probe","floor":11},{"not_picked":["RobotSpaceExplorer:HighVoltage","RobotSpaceExplorer:Accelerator"],"picked":"RobotSpaceExplorer:Multitool","floor":16},{"not_picked":["RobotSpaceExplorer:FreezingShield","RobotSpaceExplorer:GlueShot"],"picked":"RobotSpaceExplorer:FranticSearch","floor":18},{"not_picked":["RobotSpaceExplorer:Jetpack","RobotSpaceExplorer:SelfCleaning"],"picked":"RobotSpaceExplorer:DoubleFind","floor":22},{"not_picked":["RobotSpaceExplorer:Probe","RobotSpaceExplorer:Ammunition"],"picked":"RobotSpaceExplorer:ScrapShield+1","floor":24},{"not_picked":["RobotSpaceExplorer:SurgingStrike","RobotSpaceExplorer:StunGrenade"],"picked":"RobotSpaceExplorer:StarLightning","floor":27},{"not_picked":["RobotSpaceExplorer:Counterblock","RobotSpaceExplorer:StunGrenade"],"picked":"RobotSpaceExplorer:PowerGlove","floor":28},{"not_picked":["RobotSpaceExplorer:Pulsar","RobotSpaceExplorer:Fix+1"],"picked":"RobotSpaceExplorer:PowerCollector","floor":29},{"not_picked":["RobotSpaceExplorer:ImprovisedAttack","RobotSpaceExplorer:FranticSearch"],"picked":"RobotSpaceExplorer:LaserBurst+1","floor":30},{"not_picked":["RobotSpaceExplorer:DroneSwarm","RobotSpaceExplorer:Autoloader"],"picked":"RobotSpaceExplorer:Explosion","floor":33},{"not_picked":["RobotSpaceExplorer:Pulsar+1","RobotSpaceExplorer:ImprovisedAttack+1"],"picked":"RobotSpaceExplorer:MiniDrones","floor":35},{"not_picked":["RobotSpaceExplorer:ImprovisedAttack+1","RobotSpaceExplorer:LaserBurst+1"],"picked":"RobotSpaceExplorer:Counterblock+1","floor":37},{"not_picked":["RobotSpaceExplorer:DoubleBlock","RobotSpaceExplorer:GearShield"],"picked":"RobotSpaceExplorer:Blaster","floor":38},{"not_picked":["RobotSpaceExplorer:SwiftStep","RobotSpaceExplorer:StunGrenade+1"],"picked":"RobotSpaceExplorer:MiniDrones","floor":38},{"not_picked":["RobotSpaceExplorer:FranticSearch+1","RobotSpaceExplorer:MiniDrones+1"],"picked":"RobotSpaceExplorer:PowerCollector+1","floor":38},{"not_picked":["RobotSpaceExplorer:FrostMissile","RobotSpaceExplorer:Electroshield"],"picked":"RobotSpaceExplorer:Blitz+1","floor":38},{"not_picked":["RobotSpaceExplorer:SurgingShield+1","RobotSpaceExplorer:Wormhole"],"picked":"RobotSpaceExplorer:Ammunition","floor":38},{"not_picked":["RobotSpaceExplorer:MetalStrike","RobotSpaceExplorer:Pulsar+1"],"picked":"RobotSpaceExplorer:SelfCleaning","floor":39},{"not_picked":["RobotSpaceExplorer:SurgingShield+1","RobotSpaceExplorer:FrostMissile"],"picked":"RobotSpaceExplorer:Pulsar+1","floor":41},{"not_picked":["RobotSpaceExplorer:SurgingStrike","RobotSpaceExplorer:Pulsar+1"],"picked":"RobotSpaceExplorer:MetalStrike+1","floor":42},{"not_picked":["RobotSpaceExplorer:StunGrenade+1","RobotSpaceExplorer:GlueSpray"],"picked":"RobotSpaceExplorer:ScrapMissile","floor":44},{"not_picked":["RobotSpaceExplorer:ScrapShield+1","RobotSpaceExplorer:FranticSearch+1"],"picked":"RobotSpaceExplorer:Comet","floor":54}],"player_experience":1690066,"relics_obtained":[{"floor":7,"key":"Guardian:PocketSentry"},{"floor":9,"key":"Tiny Chest"},{"floor":16,"key":"Gremlin Horn"},{"floor":20,"key":"White_Cape"},{"floor":25,"key":"Oddly Smooth Stone"},{"floor":26,"key":"White Beast Statue"},{"floor":31,"key":"Matryoshka"},{"floor":43,"key":"Ancient Tea Set"},{"floor":44,"key":"CeramicFish"},{"floor":48,"key":"Vajra"},{"floor":48,"key":"Strawberry"},{"floor":54,"key":"Protect_Vest"}],"event_choices":[{"damage_healed":0,"gold_gain":0,"player_choice":"Rummage","damage_taken":0,"relics_obtained":["WarpedTongs"],"max_hp_gain":0,"max_hp_loss":0,"event_name":"Accursed Blacksmith","floor":2,"gold_loss":0,"cards_obtained":["Pain"]},{"damage_healed":0,"gold_gain":0,"player_choice":"Entered Light","damage_taken":15,"max_hp_gain":0,"max_hp_loss":0,"event_name":"Shining Light","floor":5,"gold_loss":0,"cards_upgraded":["RobotSpaceExplorer:Defend","RobotSpaceExplorer:Defend"]},{"damage_healed":0,"gold_gain":0,"player_choice":"Donate","damage_taken":0,"relics_obtained":["PaintedHorse:ReiMu"],"max_hp_gain":0,"max_hp_loss":0,"event_name":"yidonshenshe","floor":12,"gold_loss":40},{"damage_healed":0,"gold_gain":0,"player_choice":"Success","damage_taken":12,"relics_obtained":["Tea:ReiMu"],"max_hp_gain":0,"max_hp_loss":0,"event_name":"Scrap Ooze","floor":13,"gold_loss":0},{"cards_removed":["Pain"],"damage_healed":0,"gold_gain":0,"player_choice":"Card Removal","damage_taken":0,"max_hp_gain":0,"max_hp_loss":0,"event_name":"The Cleric","floor":14,"gold_loss":50},{"damage_healed":0,"gold_gain":0,"player_choice":"Inject Mutagens","damage_taken":0,"relics_obtained":["MutagenicStrength"],"max_hp_gain":0,"max_hp_loss":0,"event_name":"Drug Dealer","floor":21,"gold_loss":0},{"damage_healed":0,"gold_gain":275,"player_choice":"Desecrate","damage_taken":0,"max_hp_gain":0,"max_hp_loss":0,"event_name":"Golden Shrine","floor":36,"gold_loss":0,"cards_obtained":["Regret"]},{"cards_removed":["RobotSpaceExplorer:Defend"],"damage_healed":0,"gold_gain":0,"player_choice":"Removed Skill","damage_taken":0,"max_hp_gain":0,"max_hp_loss":0,"event_name":"Falling","floor":46,"gold_loss":0}],"is_beta":false,"boss_relics":[{"not_picked":["Coffee Dripper","SlaversCollar"],"picked":"Fusion Hammer"},{"not_picked":["Cursed Key","Astrolabe"],"picked":"SacredBark"}],"items_purged_floors":[],"is_endless":false,"potions_floor_spawned":[1,3,7,24,27,28,29,30,33,35,37,39,41,42,44,54],"killed_by":"The Heart","ascension_level":0}}