{"host":"ltca6yxwulbhza25","time":1609573162,"event":{"mods":["BaseMod","Colored Map","Colored Powertips","Minty Spire (QoL Compilation)","Quick Restart","StSLib","The Blue Laboratory","The Cursed","The Forsaken","The Marked"],"gold_per_floor":[512,524,323,248,260,288,288,323,323,72,107,123,123,137,137,233,233,253,253,172,187,113,138,138,138,163,181,192,204,204,234,234,336,336,356,356,367,181,194,194,224,234,261,261,291,291,291,325,325,325,325,325,4,30,30],"floor_reached":56,"playtime":2655,"items_purged":["TheCursedMod:Defend_TheCursed+1","TheCursedMod:CleanUpWorkshop+1","TheCursedMod:Strike_TheCursed+1"],"score":1448,"play_id":"a10b7ccf-ceed-4aa6-8d3b-875f3c212614","local_time":"20210102153922","is_ascension_mode":true,"campfire_choices":[{"data":"TheCursedMod:ReleasedStrength","floor":7.0,"key":"SMITH"},{"floor":13.0,"key":"RECALL"},{"data":"TheCursedMod:HellfireBreathing","floor":15.0,"key":"SMITH"},{"data":"Mayhem","floor":24.0,"key":"SMITH"},{"data":"TheCursedMod:DemonicPact","floor":30.0,"key":"SMITH"},{"data":"TheCursedMod:AshesToAshes","floor":32.0,"key":"SMITH"},{"floor":40.0,"key":"REST"},{"floor":44,"key":"REST"},{"floor":47,"key":"REST"},{"data":"TheCursedMod:ReleasedStrength","floor":49,"key":"SMITH"},{"data":"TheCursedMod:NeowsMight","floor":52,"key":"SMITH"}],"circlet_count":0,"master_deck":["TheCursedMod:Strike_TheCursed+1","TheCursedMod:Strike_TheCursed+1","TheCursedMod:Defend_TheCursed+1","TheCursedMod:Defend_TheCursed+1","TheCursedMod:CursedWand+1","TheCursedMod:Dregs","Mayhem+1","TheCursedMod:HellfireBreathing+1","TheCursedMod:ReleasedStrength+1","TheCursedMod:AshesToAshes+1","TheCursedMod:StunningStrike+1","TheCursedMod:DemonicPact+1","TheCursedMod:CursedBoomerang+1","TheCursedMod:AbyssShockwave+1","TheCursedMod:NeowsMight","TheCursedMod:VoidForm+1","TheCursedMod:SpitefulPlan+1","TheCursedMod:ReleasedStrength+1","TheCursedMod:NeowsMight+1","TheCursedMod:NeowsMight+1"],"relics":["TheCursedMod:OminousMark","Molten Egg 2","Tiny Chest","Lantern","TheCursedMod:FourLeafCloverCharm","Nloth\u0027s Gift","TheCursedMod:SoulVessel","Frozen Egg 2","Boot","Pantograph","SlaversCollar","Medical Kit","MealTicket","theForsaken:Gavel","PreservedInsect","Toy Ornithopter","DollysMirror","Bag of Preparation"],"acts_visited":["TheCity","TheBeyond","TheEnding"],"potions_floor_usage":[42,55,55,55],"damage_taken":[{"damage":2.0,"enemies":"Jaw Worm","floor":1.0,"turns":4.0},{"damage":4.0,"enemies":"Cultist","floor":2.0,"turns":3.0},{"damage":0.0,"enemies":"Small Slimes","floor":5.0,"turns":3.0},{"damage":2.0,"enemies":"Gremlin Nob","floor":6.0,"turns":4.0},{"damage":10.0,"enemies":"3 Sentries","floor":8.0,"turns":5.0},{"damage":0.0,"enemies":"Lagavulin","floor":11.0,"turns":4.0},{"damage":0.0,"enemies":"Looter","floor":12.0,"turns":2.0},{"damage":0.0,"enemies":"Blue Slaver","floor":14.0,"turns":3.0},{"damage":0.0,"enemies":"Slime Boss","floor":16.0,"turns":5.0},{"damage":0.0,"enemies":"Spheric Guardian","floor":18.0,"turns":3.0},{"damage":0.0,"enemies":"Chosen","floor":21.0,"turns":4.0},{"damage":13.0,"enemies":"Book of Stabbing","floor":23.0,"turns":4.0},{"damage":0.0,"enemies":"Snake Plant","floor":27.0,"turns":3.0},{"damage":4.0,"enemies":"Sentry and Sphere","floor":28.0,"turns":4.0},{"damage":0.0,"enemies":"Snecko","floor":29.0,"turns":3.0},{"damage":12.0,"enemies":"Gremlin Leader","floor":31.0,"turns":5.0},{"damage":48.0,"enemies":"Champ","floor":33.0,"turns":7.0},{"damage":0.0,"enemies":"3 Darklings","floor":35.0,"turns":1.0},{"damage":7.0,"enemies":"3 Shapes","floor":37.0,"turns":5.0},{"damage":35.0,"enemies":"Maw","floor":39.0,"turns":6.0},{"damage":0.0,"enemies":"Giant Head","floor":41.0,"turns":6.0},{"damage":20,"enemies":"4 Shapes","floor":42,"turns":2},{"damage":30,"enemies":"Nemesis","floor":45,"turns":5},{"damage":0,"enemies":"Giant Head","floor":48,"turns":5},{"damage":9,"enemies":"Awakened One","floor":50,"turns":4},{"damage":3,"enemies":"Shield and Spear","floor":54,"turns":2},{"damage":46,"enemies":"The Heart","floor":55,"turns":5}],"seed_played":"2721403557750241792","potions_obtained":[{"floor":2.0,"key":"SpeedPotion"},{"floor":6.0,"key":"GamblersBrew"},{"floor":8.0,"key":"blueLaboratory:Moonshine"},{"floor":12.0,"key":"blueLaboratory:BubblePotion"},{"floor":18.0,"key":"DuplicationPotion"},{"floor":21.0,"key":"SneckoOil"},{"floor":23.0,"key":"blueLaboratory:StoneskinPotion"},{"floor":33.0,"key":"blueLaboratory:BottleOfRum"},{"floor":39.0,"key":"blueLaboratory:EmptyBottle"},{"floor":41.0,"key":"Dexterity Potion"}],"is_trial":false,"path_per_floor":["M","M","$","$","M","E","R","E","T","$","E","M","R","M","R","B",null,"M","?","$","M","$","E","R","T","T","M","M","M","R","E","R","B",null,"M","$","M","$","M","R","E","M","T","R","E","?","R","E","R","B",null,"R","$","E","B",null],"character_chosen":"THE_CURSED","items_purchased":["Mayhem","TheCursedMod:HellfireBreathing","Tiny Chest","TheCursedMod:DemonicPact","TheCursedMod:CursedBoomerang+1","Medical Kit","TheCursedMod:ReleasedStrength","Weak Potion","DollysMirror"],"campfire_rested":3,"item_purchase_floors":[3,3,10,20,22,38,38,53,53],"current_hp_per_floor":[73,69,69,69,69,67,67,57,57,57,57,57,57,57,57,57,75,75,75,75,75,75,62,62,62,62,65,64,66,66,56,56,32,75,75,75,69,69,39,61,69,49,49,71,47,47,69,75,75,72,75,75,75,75,38],"gold":30,"neow_bonus":"BOSS_RELIC","is_daily":false,"chose_seed":false,"campfire_upgraded":7,"win_rate":0.0,"timestamp":1609573162,"path_taken":["M","?","?","$","M","E","R","E","T","$","E","M","R","M","R","BOSS","M","?","?","M","?","E","R","?","T","M","M","M","R","E","R","BOSS","M","$","M","?","M","R","E","M","T","R","E","?","R","E","R","BOSS","R","$","E","BOSS"],"items_purchased_type":["Card","Card","Relic","Card","Card","Relic","Card","Potion","Relic"],"build_version":"2020-12-22","purchased_purges":3,"victory":true,"max_hp_per_floor":[75,75,75,75,75,75,75,75,75,75,75,75,75,75,75,75,75,75,75,75,75,75,75,75,75,75,75,75,75,75,75,75,75,75,75,75,75,75,75,75,75,75,75,75,75,75,75,75,75,75,75,75,75,75,75],"card_choices":[{"not_picked":["TheCursedMod:CursedShiv","TheCursedMod:SmokeScreen","TheCursedMod:SpitefulStrike"],"picked":"SKIP","floor":1.0},{"not_picked":["TheCursedMod:SpreadPlague","TheCursedMod:CursedShiv","TheCursedMod:SpitefulPray"],"picked":"SKIP","floor":2.0},{"not_picked":["TheCursedMod:CursedSpellbook","TheCursedMod:Stretching","TheCursedMod:VitalStrike"],"picked":"SKIP","floor":5.0},{"not_picked":["TheCursedMod:CircleOfFlame","TheCursedMod:Evocation"],"picked":"TheCursedMod:ReleasedStrength","floor":6.0},{"not_picked":["TheCursedMod:BlessingInDisguise","TheCursedMod:Stigma+1"],"picked":"TheCursedMod:AshesToAshes","floor":8.0},{"not_picked":["TheCursedMod:Wield+1","TheCursedMod:CircleOfFocus","TheCursedMod:FleshFromBone"],"picked":"SKIP","floor":11.0},{"not_picked":["TheCursedMod:BloodBarrier","TheCursedMod:DemonSword+1","TheCursedMod:VitalStrike+1"],"picked":"SKIP","floor":12.0},{"not_picked":["TheCursedMod:BlessingInDisguise","TheCursedMod:SurpriseAttack+1","TheCursedMod:TacticalStrike+1"],"picked":"SKIP","floor":14.0},{"not_picked":["TheCursedMod:DarkBarrier","TheCursedMod:DemonSword+1"],"picked":"TheCursedMod:StunningStrike+1","floor":16.0},{"not_picked":["TheCursedMod:CircleOfFlame+1","TheCursedMod:Mangle+1","TheCursedMod:SpitefulStrike+1"],"picked":"SKIP","floor":18.0},{"not_picked":["TheCursedMod:CircleOfCorruption+1","TheCursedMod:CircleOfAmplification","TheCursedMod:Grudge"],"picked":"SKIP","floor":21.0},{"not_picked":["TheCursedMod:CircleOfFlame","TheCursedMod:CircleOfAmplification","TheCursedMod:OutForBlood"],"picked":"SKIP","floor":23.0},{"not_picked":["TheCursedMod:CircleOfFocus","TheCursedMod:SaltUponWound","TheCursedMod:ReleasedKnowledge"],"picked":"SKIP","floor":27.0},{"not_picked":["TheCursedMod:CircleOfAbyss","TheCursedMod:CircleOfFocus"],"picked":"TheCursedMod:AbyssShockwave+1","floor":28.0},{"not_picked":["TheCursedMod:ReleasedStrength","TheCursedMod:RavingStaff+1","TheCursedMod:Obscuration"],"picked":"SKIP","floor":29.0},{"not_picked":["TheCursedMod:RapidMovement","TheCursedMod:BloodBarrier"],"picked":"TheCursedMod:NeowsMight","floor":31.0},{"not_picked":["TheCursedMod:CircleOfAbyss","TheCursedMod:ManaCirculation+1"],"picked":"TheCursedMod:VoidForm+1","floor":33.0},{"not_picked":["TheCursedMod:Mangle+1","TheCursedMod:Stigma+1","TheCursedMod:TacticalStrike+1"],"picked":"SKIP","floor":35.0},{"not_picked":["TheCursedMod:SpreadPlague+1","TheCursedMod:Grudge+1"],"picked":"TheCursedMod:SpitefulPlan+1","floor":37.0},{"not_picked":["TheCursedMod:Torture+1","TheCursedMod:SpitefulStrike+1","TheCursedMod:DoubleShield"],"picked":"SKIP","floor":39.0},{"not_picked":["TheCursedMod:RapidMovement","TheCursedMod:AshesToAshes+1","TheCursedMod:CursedRelics+1"],"picked":"SKIP","floor":41.0},{"not_picked":["TheCursedMod:WearCloak","TheCursedMod:Wield+1","TheCursedMod:SpitefulStrike+1"],"picked":"SKIP","floor":42},{"not_picked":["TheCursedMod:VitalStrike+1","TheCursedMod:Torture"],"picked":"TheCursedMod:NeowsMight","floor":45},{"not_picked":["TheCursedMod:Stigma+1","TheCursedMod:SpitefulPlan+1","TheCursedMod:CircleOfWindfury"],"picked":"SKIP","floor":48},{"not_picked":["TheCursedMod:EmpowerCircles+1","TheCursedMod:SpitefulStrike+1","TheCursedMod:FleshFromBone"],"picked":"SKIP","floor":54}],"player_experience":37367,"relics_obtained":[{"floor":6.0,"key":"Molten Egg 2"},{"floor":8.0,"key":"Mercury Hourglass"},{"floor":11.0,"key":"Lantern"},{"floor":23.0,"key":"TheCursedMod:SoulVessel"},{"floor":25.0,"key":"Frozen Egg 2"},{"floor":26.0,"key":"Boot"},{"floor":31.0,"key":"Pantograph"},{"floor":41.0,"key":"MealTicket"},{"floor":43,"key":"theForsaken:Gavel"},{"floor":45,"key":"PreservedInsect"},{"floor":48,"key":"Toy Ornithopter"},{"floor":54,"key":"Bag of Preparation"}],"event_choices":[{"damage_healed":0.0,"max_hp_gain":0.0,"max_hp_loss":0.0,"gold_gain":0.0,"event_name":"N\u0027loth","player_choice":"Traded Relic","floor":19.0,"relics_lost":["Mercury Hourglass"],"gold_loss":0.0,"damage_taken":0.0,"relics_obtained":["Nloth\u0027s Gift"]}],"is_beta":false,"boss_relics":[{"not_picked":["Tiny House","Coffee Dripper"],"picked":"TheCursedMod:FourLeafCloverCharm"},{"not_picked":["Sozu","Fusion Hammer"],"picked":"SlaversCollar"}],"items_purged_floors":[4,10,53],"is_endless":false,"potions_floor_spawned":[2,6,8,12,18,21,23,33,39,41],"ascension_level":1}}