{"host":"9vk21r6l9dtkpvh9","time":1609604661,"event":{"mods":["2.2 Compatiblity","AchievementEnabler","Act Like it!","Astrologer","Bartender","BaseMod","Better Altar","Better Match","Better Note","Better Sensory Stone","Better Skull","Better Third Choice","BetterRewards","CapriCore","CatGirl Mod","Colored Map","Colored Powertips","Conspire","DeckTracker","Downfall","Energized Spire","Gensokyo","GifTheSpireLib","Hermit","Hubris","Infinite Spire","Jorbs\u0027s Wanderer Trilogy","Koishi","LagranYue(???·?)","Luminous","Mad Scientist","Marisa????????","Mimic Mod","Minty Spire (QoL Compilation)","Potionbrewer","Rare Cards Sparkle","Relic Stats","Replay The Spire","SOS???????","Shade Mod","Spicy Shops","StSLib","SuperFastMode","Td1madao Mod","The Animator","The Forsaken","The Gatherer","The Hierophant","The Immortal","The Jungle","The Mystic","The Necromancer","The Runesmith","The Senshi","The Servant 0.9.4","The Valiant","The Wild Card","TheBandit","TheSwordswoman","TheWitcher","WarShipGirlsR/????R mod","vexMod","???Mod??????Boss"],"gold_per_floor":[119,39,39,57,19,45,57,57,80,37,37,37,37,68,68,163,163,176,208,208,208,218,218,242,242,242,242,260,290,330,356,356,356,356],"floor_reached":33,"playtime":1749,"items_purged":[],"score":388,"play_id":"3ae3af20-0ac5-4d98-a5e6-a18b4fa35d2a","local_time":"20210102112421","is_ascension_mode":true,"campfire_choices":[{"data":"Draining Mist","floor":8,"key":"SMITH"},{"floor":13,"key":"REST"},{"floor":15,"key":"REST"},{"floor":23,"key":"RECALL"},{"data":"Noxious Fumes","floor":25,"key":"SMITH"},{"data":"Neutralize","floor":27,"key":"SMITH"},{"floor":32,"key":"REST"}],"circlet_count":0,"master_deck":["Strike_G","Strike_G","Strike_G","Strike_G","Defend_G","Defend_G","Defend_G","Defend_G","Defend_G","Survivor","Neutralize+1","Dagger Spray","Backflip","Noxious Fumes+1","Draining Mist+1","conspire:DoublingDagger","Bouncing Flask","Hidden Blade","Cloak And Dagger","Tools of the Trade","Dash","Escape Plan","Underhanded Strike+1","Calculated Gamble","Well Laid Plans"],"relics":["Ring of the Snake","LagranYue:RandomDrawCardRelic","infinitespire:CheckeredPen","Tiny Chest","hubris:Potato","hubris:TinFlute","energizedSpire:RedRose","hubris:DisguiseKit","MutagenicStrength","Onion Ring","Omamori","potionbrewer:WarMedal","Replay:Bottled Snecko"],"acts_visited":["Exordium","TheCity"],"potions_floor_usage":[6,18,28,33,33,33],"damage_taken":[{"damage":5,"enemies":"2 Louse","floor":1,"turns":3},{"damage":0,"enemies":"Cultist","floor":4,"turns":4},{"damage":30,"enemies":"Lagavulin","floor":6,"turns":5},{"damage":3,"enemies":"Jaw Worm","floor":7,"turns":4},{"damage":33,"enemies":"3 Sentries","floor":14,"turns":7},{"damage":0,"enemies":"Hexaghost","floor":16,"turns":9},{"damage":6,"enemies":"2 Thieves","floor":18,"turns":3},{"damage":7,"enemies":"Spheric Guardian","floor":19,"turns":5},{"damage":1,"enemies":"Spheric Guardian","floor":22,"turns":3},{"damage":3,"enemies":"Centurion and Healer","floor":28,"turns":6},{"damage":24,"enemies":"Gremlin Leader","floor":29,"turns":7},{"damage":0,"enemies":"Chosen and Byrds","floor":30,"turns":4},{"damage":16,"enemies":"Slavers","floor":31,"turns":4},{"damage":42,"enemies":"hubris:MusketHawk","floor":33,"turns":6}],"seed_played":"9200798583156020659","potions_obtained":[{"floor":1,"key":"champ:CounterPotion"},{"floor":4,"key":"Swift Potion"},{"floor":16,"key":"DistilledChaos"},{"floor":22,"key":"Adrenaline Potion"},{"floor":28,"key":"Doom Potion"},{"floor":31,"key":"DistilledChaos"}],"is_trial":false,"path_per_floor":["M","$","?","M","$","E","M","R","T","?","?","?","R","E","R_BF","B",null,"M","MIM","?","?","M","R","T","R","T","R","M","E","MIM","E","R","B"],"character_chosen":"THE_SILENT","items_purchased":["Noxious Fumes","Bouncing Flask"],"campfire_rested":3,"item_purchase_floors":[2,5],"current_hp_per_floor":[65,65,65,65,65,35,32,32,32,32,32,32,53,20,41,41,70,64,57,57,57,56,56,56,56,56,56,53,29,29,13,34,0,0],"gold":356,"neow_bonus":"THREE_CARDS","is_daily":false,"chose_seed":false,"campfire_upgraded":3,"win_rate":0.0,"timestamp":1609604661,"path_taken":["M","$","?","?","$","E","M","R","T","?","?","?","R","E","R_BF","BOSS","M","?","?","?","M","R","?","R","T","R","M","E","?","E","R","BOSS"],"items_purchased_type":["Card","Card"],"build_version":"2020-12-22","purchased_purges":0,"victory":false,"max_hp_per_floor":[70,70,70,70,70,70,70,70,70,70,70,70,70,70,70,70,70,70,70,70,70,70,70,70,70,70,70,70,70,70,70,70,70,70],"relic_stats":{"counters":[14,70],"Tiny Chest":2,"obtain_stats":[{"energizedSpire:RedRose":17,"hubris:DisguiseKit":19,"potionbrewer:WarMedal":30,"LagranYue:RandomDrawCardRelic":0,"Omamori":29,"infinitespire:CheckeredPen":6,"MutagenicStrength":21,"Tiny Chest":9,"Onion Ring":26,"Replay:Bottled Snecko":31,"hubris:Potato":11,"hubris:TinFlute":14,"Ring of the Snake":0},{"energizedSpire:RedRose":6,"hubris:DisguiseKit":8,"potionbrewer:WarMedal":12,"LagranYue:RandomDrawCardRelic":0,"Omamori":11,"infinitespire:CheckeredPen":3,"MutagenicStrength":8,"Tiny Chest":4,"Onion Ring":9,"Replay:Bottled Snecko":13,"hubris:Potato":4,"hubris:TinFlute":5,"Ring of the Snake":0},{"energizedSpire:RedRose":32,"hubris:DisguiseKit":40,"potionbrewer:WarMedal":60,"LagranYue:RandomDrawCardRelic":0,"Omamori":56,"infinitespire:CheckeredPen":12,"MutagenicStrength":40,"Tiny Chest":16,"Onion Ring":43,"Replay:Bottled Snecko":64,"hubris:Potato":16,"hubris:TinFlute":23,"Ring of the Snake":0}],"Ring of the Snake":[28]},"card_choices":[{"not_picked":["Sucker Punch","Acrobatics"],"picked":"Dagger Spray","floor":0},{"not_picked":["Dodge and Roll","Bane"],"picked":"Backflip","floor":1},{"not_picked":["Choke","Catalyst"],"picked":"conspire:DoublingDagger","floor":4},{"not_picked":["Catalyst","Unload"],"picked":"Hidden Blade","floor":6},{"not_picked":["Bane","Dodge and Roll"],"picked":"Cloak And Dagger","floor":7},{"not_picked":["Masterful Stab","Outmaneuver","conspire:PoisonWeapons"],"picked":"SKIP","floor":14},{"not_picked":["Wraith Form v2","Die Die Die"],"picked":"Tools of the Trade","floor":16},{"not_picked":["Reflex","Finisher"],"picked":"Dash","floor":18},{"not_picked":["Dagger Throw","Replay:Poison Smokescreen","Dagger Spray","Body Slam"],"picked":"SKIP","floor":22},{"not_picked":["Dagger Throw+1","Outmaneuver","Feel No Pain"],"picked":"Underhanded Strike+1","floor":28},{"not_picked":["ReplayTheSpireMod:Necrosis","ReplayTheSpireMod:Shiv Toss","Hemokinesis"],"picked":"Calculated Gamble","floor":29},{"not_picked":["Calculated Gamble","Reflex+1","Twin Strike"],"picked":"Well Laid Plans","floor":31}],"player_experience":628559,"relics_obtained":[{"floor":6,"key":"infinitespire:CheckeredPen"},{"floor":9,"key":"Tiny Chest"},{"floor":11,"key":"hubris:Potato"},{"floor":14,"key":"hubris:TinFlute"},{"floor":19,"key":"hubris:DisguiseKit"},{"floor":26,"key":"Onion Ring"},{"floor":29,"key":"Omamori"},{"floor":30,"key":"potionbrewer:WarMedal"},{"floor":31,"key":"Replay:Bottled Snecko"}],"event_choices":[{"damage_healed":0,"gold_gain":0,"cards_transformed":["Strike_G"],"player_choice":"Transformed","damage_taken":0,"max_hp_gain":0,"max_hp_loss":0,"event_name":"Transmorgrifier","floor":3,"gold_loss":0,"cards_obtained":["Draining Mist"]},{"damage_healed":0,"gold_gain":0,"player_choice":"Left","damage_taken":0,"max_hp_gain":0,"max_hp_loss":0,"event_name":"betterThird:BetterGoop","floor":10,"gold_loss":43},{"damage_healed":0,"gold_gain":0,"player_choice":"Leave","damage_taken":0,"max_hp_gain":0,"max_hp_loss":0,"event_name":"conspire:Investor","floor":12,"gold_loss":0},{"damage_healed":0,"gold_gain":0,"player_choice":"Read","damage_taken":0,"max_hp_gain":0,"max_hp_loss":0,"event_name":"The Library","floor":20,"gold_loss":0,"cards_obtained":["Escape Plan"]},{"damage_healed":0,"gold_gain":0,"player_choice":"Inject Mutagens","damage_taken":0,"relics_obtained":["MutagenicStrength"],"max_hp_gain":0,"max_hp_loss":0,"event_name":"Drug Dealer","floor":21,"gold_loss":0}],"is_beta":false,"boss_relics":[{"not_picked":["Runic Dome","Snecko Scales"],"picked":"energizedSpire:RedRose"}],"items_purged_floors":[],"is_endless":false,"potions_floor_spawned":[1,4,16,22,28,31],"killed_by":"hubris:MusketHawk","ascension_level":3}}