{"host":"6999i8eg5ewbhdiq","time":1609612325,"event":{"mods":["AchievementEnabler","BaseMod","Colored Map","Colored Powertips","Highlight Path","Minty Spire (QoL Compilation)"],"gold_per_floor":[112,34,44,64,77,77,106,106,106,106,122,147,147,178,178,282,282,295,295,295,314,22,22,49,61,61,61,61,61,79,93,93,189,189,203,1202,511,611,66,66,86,86,86],"floor_reached":42,"playtime":1828,"items_purged":["Strike_B","Defend_B","Strike_B"],"score":526,"play_id":"ceb84be6-7fd3-4d0e-96e9-f10c6a08aee3","local_time":"20210102193205","is_ascension_mode":true,"campfire_choices":[{"data":"Fusion","floor":6.0,"key":"SMITH"},{"floor":8.0,"key":"REST"},{"data":"Steam","floor":10.0,"key":"SMITH"},{"floor":15.0,"key":"REST"},{"data":"Echo Form","floor":23.0,"key":"SMITH"},{"floor":27.0,"key":"REST"},{"floor":29.0,"key":"REST"},{"floor":32.0,"key":"REST"},{"floor":40.0,"key":"REST"}],"circlet_count":0,"master_deck":["Strike_B","Strike_B","Defend_B","Defend_B","Defend_B","Zap","Dualcast","Meteor Strike","Compile Driver","Fusion+1","Steam+1","Leap","Compile Driver","Ball Lightning","Leap","Rainbow","Echo Form+1","CurseOfTheBell","Defragment","Writhe","Lockon","Chaos+1","Normality","Normality"],"relics":["Cracked Core","White Beast Statue","Mercury Hourglass","Matryoshka","Bag of Marbles","Calling Bell","Boot","Sundial","Turnip","Happy Flower","Letter Opener","HandDrill","Smiling Mask","Ornamental Fan","Toxic Egg 2","Busted Crown","Singing Bowl","Darkstone Periapt","Medical Kit","TungstenRod","OrangePellets"],"acts_visited":["Exordium","TheCity","TheBeyond"],"potions_floor_usage":[],"damage_taken":[{"damage":0.0,"enemies":"2 Louse","floor":1.0,"turns":3.0},{"damage":1.0,"enemies":"Cultist","floor":3.0,"turns":4.0},{"damage":7.0,"enemies":"Small Slimes","floor":4.0,"turns":4.0},{"damage":6.0,"enemies":"Red Slaver","floor":5.0,"turns":4.0},{"damage":27.0,"enemies":"Lagavulin","floor":7.0,"turns":7.0},{"damage":0.0,"enemies":"Lots of Slimes","floor":11.0,"turns":1.0},{"damage":16.0,"enemies":"Gremlin Nob","floor":12.0,"turns":3.0},{"damage":16.0,"enemies":"3 Sentries","floor":14.0,"turns":5.0},{"damage":4.0,"enemies":"Slime Boss","floor":16.0,"turns":7.0},{"damage":11.0,"enemies":"3 Byrds","floor":18.0,"turns":4.0},{"damage":4.0,"enemies":"Chosen","floor":21.0,"turns":5.0},{"damage":38.0,"enemies":"Gremlin Leader","floor":24.0,"turns":6.0},{"damage":15.0,"enemies":"Sentry and Sphere","floor":25.0,"turns":5.0},{"damage":0.0,"enemies":"Snecko","floor":28.0,"turns":1.0},{"damage":24.0,"enemies":"Cultist and Chosen","floor":30.0,"turns":6.0},{"damage":1.0,"enemies":"Snake Plant","floor":31.0,"turns":4.0},{"damage":27.0,"enemies":"Automaton","floor":33.0,"turns":10.0},{"damage":44.0,"enemies":"3 Darklings","floor":35.0,"turns":5.0},{"damage":16.0,"enemies":"Orb Walker","floor":41.0,"turns":4.0},{"damage":61,"enemies":"4 Shapes","floor":42,"turns":3}],"seed_played":"5169964863449569847","potions_obtained":[{"floor":5.0,"key":"FocusPotion"},{"floor":7.0,"key":"Explosive Potion"},{"floor":11.0,"key":"LiquidMemories"},{"floor":12.0,"key":"FocusPotion"},{"floor":14.0,"key":"PowerPotion"},{"floor":16.0,"key":"BlessingOfTheForge"},{"floor":18.0,"key":"Weak Potion"},{"floor":21.0,"key":"AttackPotion"},{"floor":24.0,"key":"SmokeBomb"},{"floor":25.0,"key":"Swift Potion"},{"floor":30.0,"key":"Block Potion"},{"floor":31.0,"key":"Weak Potion"},{"floor":33.0,"key":"Swift Potion"},{"floor":35.0,"key":"PowerPotion"},{"floor":41.0,"key":"Ancient Potion"}],"is_trial":false,"path_per_floor":["M","$","M","M","M","R","E","R","T","R","M","E","?","E","R","B",null,"M","?","?","M","$","R","E","M","T","R","M","R","M","M","R","B",null,"M","?","$","?","$","R","M","M"],"character_chosen":"DEFECT","items_purchased":["Fusion","HandDrill","Lockon","Singing Bowl","Darkstone Periapt","Medical Kit","TungstenRod","OrangePellets","PowerPotion"],"campfire_rested":6,"item_purchase_floors":[2,22,22,37,37,37,39,39,39],"current_hp_per_floor":[75,75,74,67,61,61,34,56,56,56,56,40,40,24,46,42,75,64,64,64,60,60,60,22,7,7,29,29,51,27,26,48,21,75,31,31,31,31,31,53,39,0,0],"gold":86,"neow_bonus":"ONE_RANDOM_RARE_CARD","is_daily":false,"chose_seed":false,"campfire_upgraded":3,"win_rate":0.0,"timestamp":1609612325,"path_taken":["M","$","M","M","M","R","E","R","T","R","M","E","?","E","R","BOSS","M","?","?","M","$","R","E","M","T","R","M","R","?","M","R","BOSS","M","?","$","?","$","R","M","?"],"items_purchased_type":["Card","Relic","Card","Relic","Relic","Relic","Relic","Relic","Potion"],"build_version":"2020-12-22","purchased_purges":3,"victory":false,"max_hp_per_floor":[75,75,75,75,75,75,75,75,75,75,75,75,75,75,75,75,75,75,75,75,75,75,75,75,75,75,75,75,75,75,75,75,75,75,75,75,75,75,75,75,77,77,77],"card_choices":[{"not_picked":["Cold Snap","Ball Lightning"],"picked":"Compile Driver","floor":1.0},{"not_picked":["Leap","Gash"],"picked":"Steam","floor":3.0},{"not_picked":["Tempest","Barrage"],"picked":"Leap","floor":4.0},{"not_picked":["Rebound","Auto Shields"],"picked":"Compile Driver","floor":5.0},{"not_picked":["Turbo","Steam","Heatsinks"],"picked":"SKIP","floor":7.0},{"not_picked":["Glacier","Rebound"],"picked":"Ball Lightning","floor":11.0},{"not_picked":["Cold Snap","Gash"],"picked":"Leap","floor":12.0},{"not_picked":["Recycle","Rebound"],"picked":"Rainbow","floor":14.0},{"not_picked":["Thunder Strike","Reboot"],"picked":"Echo Form","floor":16.0},{"not_picked":["Conserve Battery","Skim"],"picked":"Defragment","floor":18.0},{"not_picked":["Barrage","Streamline+1","Hologram+1"],"picked":"SKIP","floor":21.0},{"not_picked":["Streamline","Barrage","Fusion"],"picked":"SKIP","floor":24.0},{"not_picked":["Genetic Algorithm","Skim","Cold Snap+1"],"picked":"SKIP","floor":25.0},{"not_picked":["Gash","Stack+1","Streamline+1"],"picked":"SKIP","floor":30.0},{"not_picked":["Melter","Coolheaded+1"],"picked":"Chaos+1","floor":31.0},{"not_picked":["Cold Snap"],"picked":"SKIP","floor":35.0},{"not_picked":["Tempest+1"],"picked":"Singing Bowl","floor":41.0}],"player_experience":117252,"relics_obtained":[{"floor":7.0,"key":"White Beast Statue"},{"floor":9.0,"key":"Mercury Hourglass"},{"floor":12.0,"key":"Matryoshka"},{"floor":14.0,"key":"Bag of Marbles"},{"floor":17.0,"key":"Boot"},{"floor":17.0,"key":"Sundial"},{"floor":17.0,"key":"Turnip"},{"floor":24.0,"key":"Smiling Mask"},{"floor":26.0,"key":"Ornamental Fan"},{"floor":26.0,"key":"Toxic Egg 2"}],"event_choices":[{"damage_healed":0.0,"max_hp_gain":0.0,"max_hp_loss":0.0,"gold_gain":0.0,"event_name":"Shining Light","player_choice":"Ignored","floor":13.0,"gold_loss":0.0,"damage_taken":0.0},{"damage_healed":0.0,"max_hp_gain":0.0,"max_hp_loss":0.0,"gold_gain":0.0,"event_name":"The Mausoleum","player_choice":"Opened","floor":19.0,"gold_loss":0.0,"damage_taken":0.0,"relics_obtained":["Happy Flower"],"cards_obtained":["Writhe"]},{"damage_healed":0.0,"max_hp_gain":0.0,"max_hp_loss":0.0,"gold_gain":0.0,"event_name":"WeMeetAgain","player_choice":"Gave Potion","floor":20.0,"gold_loss":0.0,"damage_taken":0.0,"relics_obtained":["Letter Opener"]},{"damage_healed":0.0,"max_hp_gain":0.0,"max_hp_loss":0.0,"gold_gain":999.0,"event_name":"MindBloom","player_choice":"Gold","floor":36.0,"gold_loss":0.0,"damage_taken":0.0,"cards_obtained":["Normality","Normality"]},{"damage_healed":0.0,"max_hp_gain":0.0,"max_hp_loss":0.0,"gold_gain":100.0,"event_name":"Golden Shrine","player_choice":"Pray","floor":38.0,"gold_loss":0.0,"damage_taken":0.0}],"is_beta":false,"boss_relics":[{"not_picked":["Cursed Key","Runic Dome"],"picked":"Calling Bell"},{"not_picked":["FrozenCore","Snecko Eye"],"picked":"Busted Crown"}],"items_purged_floors":[22,37,39],"is_endless":false,"potions_floor_spawned":[5,7,11,12,14,16,18,21,24,25,28,30,31,33,35,41],"killed_by":"4 Shapes","ascension_level":3}}