{"host":"rmsq46plbpwfbxcc","time":1609614696,"event":{"mods":["AchievementEnabler","BaseMod","Colored Map","Colored Powertips","DeckTracker","KOR Keyword Fix","Minty Spire (QoL Compilation)","Permanent Neow","Quick Restart","SuperFastMode"],"gold_per_floor":[125,155,167,193,205,217,257,269,281,293,320,347,389,412,424,541,553,580,606,652,674,686,698,710,722,781,793,833,653,683,703,703,801,801,821,523,540,559,604,629,629,729,729,749,749,768,768,802,802,802],"floor_reached":51,"playtime":1817,"items_purged":["Defend_G","Strike_G"],"score":1079,"play_id":"5e04a4bf-2ac1-4901-ba69-4eb286892f39","local_time":"20210103041136","is_ascension_mode":true,"campfire_choices":[{"data":"Blade Dance","floor":6.0,"key":"SMITH"},{"data":"Neutralize","floor":8.0,"key":"SMITH"},{"data":"Cloak And Dagger","floor":15,"key":"SMITH"},{"data":"1","floor":23,"key":"LIFT"},{"data":"2","floor":25,"key":"LIFT"},{"data":"3","floor":27,"key":"LIFT"},{"data":"Finisher","floor":32,"key":"SMITH"},{"data":"A Thousand Cuts","floor":41,"key":"SMITH"},{"data":"Footwork","floor":45,"key":"SMITH"},{"data":"Choke","floor":49,"key":"SMITH"}],"circlet_count":0,"master_deck":["Strike_G","Strike_G","Strike_G","Defend_G","Defend_G","Defend_G","Defend_G","Survivor","Neutralize+1","CurseOfTheBell","Blade Dance+1","Blur","Dash","Choke+1","Cloak And Dagger+1","PiercingWail","Finisher+1","A Thousand Cuts+1","Accuracy+1","Footwork+1","PiercingWail+1","Acrobatics+1","Cloak And Dagger+1"],"relics":["Calling Bell","MawBank","Pear","Thread and Needle","Girya","Gambling Chip","Oddly Smooth Stone","Meat on the Bone","Sozu","Red Mask","MealTicket","Torii","Membership Card","White Beast Statue","HoveringKite","Singing Bowl","Gremlin Horn","Mango","Happy Flower","The Courier","CaptainsWheel"],"acts_visited":["Exordium","TheCity","TheBeyond"],"potions_floor_usage":[14,16,22],"damage_taken":[{"damage":0.0,"enemies":"Small Slimes","floor":1.0,"turns":4.0},{"damage":0.0,"enemies":"Cultist","floor":2.0,"turns":4.0},{"damage":0.0,"enemies":"2 Louse","floor":4.0,"turns":3.0},{"damage":19.0,"enemies":"Gremlin Nob","floor":7.0,"turns":5.0},{"damage":0,"enemies":"Looter","floor":11,"turns":3},{"damage":0,"enemies":"2 Fungi Beasts","floor":12,"turns":4},{"damage":12,"enemies":"Lagavulin","floor":13,"turns":10},{"damage":0,"enemies":"Exordium Thugs","floor":14,"turns":4},{"damage":9,"enemies":"Slime Boss","floor":16,"turns":10},{"damage":8,"enemies":"Spheric Guardian","floor":18,"turns":4},{"damage":2,"enemies":"2 Thieves","floor":19,"turns":4},{"damage":22,"enemies":"Masked Bandits","floor":20,"turns":6},{"damage":18,"enemies":"3 Cultists","floor":21,"turns":7},{"damage":0,"enemies":"Snake Plant","floor":22,"turns":1},{"damage":1,"enemies":"Slavers","floor":28,"turns":7},{"damage":32,"enemies":"Gremlin Leader","floor":30,"turns":8},{"damage":1,"enemies":"Centurion and Healer","floor":31,"turns":3},{"damage":30,"enemies":"Champ","floor":33,"turns":12},{"damage":0,"enemies":"Orb Walker","floor":35,"turns":2},{"damage":12,"enemies":"3 Darklings","floor":37,"turns":5},{"damage":0,"enemies":"Jaw Worm Horde","floor":38,"turns":4},{"damage":41,"enemies":"2 Orb Walkers","floor":39,"turns":7},{"damage":10,"enemies":"Reptomancer","floor":40,"turns":5},{"damage":0,"enemies":"4 Shapes","floor":44,"turns":2},{"damage":1,"enemies":"Sphere and 2 Shapes","floor":46,"turns":3},{"damage":14,"enemies":"Nemesis","floor":48,"turns":5},{"damage":32,"enemies":"Donu and Deca","floor":50,"turns":10}],"seed_played":"-3786615082159754150","potions_obtained":[{"floor":4.0,"key":"Poison Potion"},{"floor":11,"key":"Energy Potion"},{"floor":13,"key":"SmokeBomb"},{"floor":14,"key":"PowerPotion"}],"is_trial":false,"path_per_floor":["M","M","?","M","?","R","E","R","T","?","M","M","E","M","R","B",null,"M","M","?","M","M","R","?","R","T","R","E","$","E","M","R","B",null,"M","$","M","M","?","E","R","?","T","M","R","M","?","E","R","B",null],"character_chosen":"THE_SILENT","items_purchased":["Membership Card","Singing Bowl","Gremlin Horn"],"campfire_rested":0,"item_purchase_floors":[29,36,36],"current_hp_per_floor":[73,73,73,73,66,66,47,47,47,47,47,47,35,47,47,50,73,65,63,41,35,47,47,32,32,32,32,43,58,38,49,49,31,72,72,85,75,75,62,54,54,54,54,54,54,53,53,51,51,31],"gold":802,"neow_bonus":"BOSS_RELIC","is_daily":false,"chose_seed":false,"campfire_upgraded":7,"win_rate":0.0,"timestamp":1609614696,"path_taken":["M","M","?","?","?","R","E","R","T","?","M","M","E","M","R","BOSS","M","M","?","M","M","R","?","R","T","R","E","$","E","M","R","BOSS","M","$","M","M","?","E","R","?","T","?","R","M","?","E","R","BOSS"],"items_purchased_type":["Relic","Relic","Relic"],"build_version":"2020-12-22","purchased_purges":2,"victory":true,"max_hp_per_floor":[80,80,80,80,80,80,80,80,80,80,80,80,80,80,80,80,80,80,80,80,80,80,80,85,85,85,85,85,85,85,85,85,85,85,85,85,87,87,103,105,105,105,105,105,105,105,105,105,105,105],"card_choices":[{"not_picked":["Dagger Spray","All Out Attack"],"picked":"Blade Dance","floor":1.0},{"not_picked":["Acrobatics","Outmaneuver"],"picked":"Blur","floor":2.0},{"not_picked":["Prepared","Outmaneuver","Blade Dance"],"picked":"SKIP","floor":4.0},{"not_picked":["Quick Slash","Eviscerate"],"picked":"Dash","floor":7.0},{"not_picked":["Deflect","Dodge and Roll","Leg Sweep"],"picked":"SKIP","floor":11},{"not_picked":["PiercingWail","Tools of the Trade","Dash"],"picked":"SKIP","floor":12},{"not_picked":["Reflex","Leg Sweep"],"picked":"Choke","floor":13},{"not_picked":["Quick Slash","Terror"],"picked":"Cloak And Dagger","floor":14},{"not_picked":["Deadly Poison","Prepared","Poisoned Stab"],"picked":"SKIP","floor":18},{"not_picked":["Dodge and Roll","Deadly Poison","Acrobatics"],"picked":"SKIP","floor":19},{"not_picked":["Dagger Spray+1","Predator"],"picked":"PiercingWail","floor":21},{"not_picked":["Deadly Poison","Setup+1","Crippling Poison+1"],"picked":"SKIP","floor":28},{"not_picked":["Deflect","Outmaneuver"],"picked":"Finisher","floor":30},{"not_picked":["Poisoned Stab","Underhanded Strike"],"picked":"Cloak And Dagger+1","floor":31},{"not_picked":["Doppelganger","Grand Finale"],"picked":"A Thousand Cuts","floor":33},{"not_picked":["Quick Slash","Blade Dance+1"],"picked":"Accuracy+1","floor":35},{"not_picked":["Deadly Poison","Dagger Spray","Crippling Poison"],"picked":"Singing Bowl","floor":37},{"not_picked":["Dagger Throw+1","Sucker Punch+1"],"picked":"Footwork","floor":38},{"not_picked":["Sucker Punch+1","Choke+1","Footwork+1"],"picked":"Singing Bowl","floor":39},{"not_picked":["Reflex","Calculated Gamble+1","Quick Slash+1"],"picked":"Singing Bowl","floor":40},{"not_picked":["Backflip","Dodge and Roll+1"],"picked":"PiercingWail+1","floor":44},{"not_picked":["Underhanded Strike","Blade Dance+1"],"picked":"Acrobatics+1","floor":46},{"not_picked":["Escape Plan","Dagger Spray"],"picked":"Cloak And Dagger+1","floor":48}],"player_experience":655271,"relics_obtained":[{"floor":0.0,"key":"MawBank"},{"floor":0.0,"key":"Pear"},{"floor":0.0,"key":"Thread and Needle"},{"floor":7.0,"key":"Girya"},{"floor":9.0,"key":"Gambling Chip"},{"floor":13,"key":"Meat on the Bone"},{"floor":20,"key":"Red Mask"},{"floor":26,"key":"MealTicket"},{"floor":28,"key":"Torii"},{"floor":30,"key":"White Beast Statue"},{"floor":39,"key":"Mango"},{"floor":40,"key":"Happy Flower"},{"floor":43,"key":"The Courier"},{"floor":48,"key":"CaptainsWheel"}],"event_choices":[{"damage_healed":0.0,"max_hp_gain":0.0,"max_hp_loss":0.0,"gold_gain":0.0,"event_name":"The Woman in Blue","player_choice":"Bought 0 Potions","floor":3.0,"gold_loss":0.0,"damage_taken":0.0},{"cards_removed":["Strike_G"],"damage_healed":0.0,"max_hp_gain":0.0,"max_hp_loss":0.0,"gold_gain":0.0,"event_name":"Golden Wing","player_choice":"Card Removal","floor":5.0,"gold_loss":0.0,"damage_taken":7.0},{"damage_healed":0,"gold_gain":0,"player_choice":"Searched \u00271\u0027 times","damage_taken":0,"relics_obtained":["Oddly Smooth Stone"],"max_hp_gain":0,"max_hp_loss":0,"event_name":"Dead Adventurer","floor":10,"gold_loss":0},{"damage_healed":0,"gold_gain":0,"player_choice":"Fought Bandits","damage_taken":0,"max_hp_gain":0,"max_hp_loss":0,"event_name":"Masked Bandits","floor":20,"gold_loss":0},{"damage_healed":0,"gold_gain":0,"player_choice":"Shed Blood","damage_taken":20,"max_hp_gain":5,"max_hp_loss":0,"event_name":"Forgotten Altar","floor":24,"gold_loss":0},{"damage_healed":0,"gold_gain":0,"player_choice":"Fight","damage_taken":0,"max_hp_gain":0,"max_hp_loss":0,"event_name":"Mysterious Sphere","floor":39,"gold_loss":0},{"damage_healed":0,"gold_gain":100,"player_choice":"Pray","damage_taken":0,"max_hp_gain":0,"max_hp_loss":0,"event_name":"Golden Shrine","floor":42,"gold_loss":0},{"cards_removed":["Cloak And Dagger"],"damage_healed":0,"gold_gain":0,"player_choice":"Removed Skill","damage_taken":0,"max_hp_gain":0,"max_hp_loss":0,"event_name":"Falling","floor":47,"gold_loss":0}],"is_beta":false,"boss_relics":[{"not_picked":["SacredBark","Philosopher\u0027s Stone"],"picked":"Sozu"},{"not_picked":["Busted Crown","Runic Dome"],"picked":"HoveringKite"}],"items_purged_floors":[29,36],"is_endless":false,"potions_floor_spawned":[4,11,13,14,19,28,31,33,35,37,38,39,40,44,46,48],"ascension_level":7}}