{"host":"vhikgave70uorr7d","time":1609615995,"event":{"mods":["AchievementEnabler","Act Like it!","Ascension Reborn","Ascension Unlocker","BaseMod","Beaked The Cultist","Better Altar","Better Match","Better Note","Better Sensory Stone","Better Skull","Better Third Choice","BetterRewards","ChefMod","Colored Powertips","Custom Start","Defuse TimeMaze Blight","Downfall","Elementarium","Energized Spire","GifTheSpireLib","Hermit","Hero for Fun","Highlight Path","Hubris","Infinite Spire","JesterMod","Menagerie","Mimic Mod","Minty Spire (QoL Compilation)","MostiFishMod","Permanent Neow","Pikachu Mod","Quick Restart","Rare Cards Sparkle","Relic Filter","Remove Card Discount Mod","Replay The Spire","Retaliation","Shade Mod","Shedinja","Small Relic Pack","Spicy Shops","StSLib","Swap Starting Deck Mod","Td1madao Mod","The Accelerator","The Alterego","The Animator","The Bladedancer","The Blue Laboratory","The Bug Knight","The Construct","The Cursed","The Disciple","The Hayseed","The Hierophant","The Mystic","The Necromancer","The Runesmith","The Servant 0.9.4","The Vixen","The Wild Card","TheFirefly","TheSwordswoman","TheVacant","Transform Curses"],"gold_per_floor":[116,131,131,146,146,174,184,184,184,184,25,25,37,53,53,155,155,168,184,184,184,384,384,397,397,430,430,465,485,485,500,500,603,603,620,637,148,158,171,171,171,171,171,185,485,497,497,150,150,150,150,150,14,49,49],"floor_reached":56,"playtime":4646,"items_purged":["Starlight","TimeWarp","Potential","Revamp","Ricochet","infinitespire:DeathsTouch"],"score":1522,"play_id":"a1712b0d-4e18-4c5f-a612-bb10248f7b2b","local_time":"20210102143315","is_ascension_mode":false,"campfire_choices":[{"floor":10,"key":"RECALL"},{"floor":12,"key":"REST"},{"floor":15,"key":"DIG"},{"data":"DoubleEdge","floor":23,"key":"SMITH"},{"data":"Spin","floor":25,"key":"SMITH"},{"data":"DoubleEdge","floor":30,"key":"SMITH"},{"data":"DoubleEdge","floor":32,"key":"SMITH"},{"data":"BottledTime","floor":41,"key":"SMITH"},{"data":"hubris:Fate","floor":47,"key":"SMITH"},{"data":"BestPractice","floor":49,"key":"SMITH"},{"data":"BottledTime","floor":52,"key":"SMITH"}],"circlet_count":0,"master_deck":["Unruled+1","Rewind","Spin+1","Spin+1","Unruled+1","SpecialFormula","Spin+1","Unruled+1","BottledTime+1","Rewind","DoubleEdge+1","BottledTime+1","Unruled+1","FlawlessForm+1","RealityMarble","Slimebound:OozeBath+1","Spin+1","DoubleEdge+1","DoubleEdge+1","LightFlow+1","BottledTime+1","alterego_mod:Tantrum+1","BottledTime+1","BottledTime","Foresight","hubris:Fate+1","BestPractice+1","Unruled+1"],"relics":["Uniform","DaveBox","HollowDreamFlower","SynthV:TestCard","hubris:Icosahedron","Shovel","White Beast Statue","FaceOfCleric","BrkXgEgg","Mercury Hourglass","ChewingGum","Bottled Flame","Darkstone Periapt","Replay:Bottled Eggs","beaked:SacredDeck","Membership Card","ImprovedEquipment","Shuriken","Pen Nib","Bottled Tornado","Bottled Lightning","Lantern","Art of War","hubris:DisguiseKit","hubris:PeanutButter","Ying","Anchor","infinitespire:Satchel","Replay:Rubber Ducky","Whetstone"],"acts_visited":["Exordium","TheCity","TheBeyond","TheEnding"],"potions_floor_usage":[33,33,33,40,40,55,55,55],"damage_taken":[{"damage":0,"enemies":"2 Louse","floor":1,"turns":1},{"damage":7,"enemies":"Jaw Worm","floor":2,"turns":2},{"damage":18,"enemies":"Gremlin Nob","floor":6,"turns":3},{"damage":0,"enemies":"Small Slimes","floor":7,"turns":1},{"damage":0,"enemies":"3 Louse","floor":13,"turns":1},{"damage":0,"enemies":"Lots of Slimes","floor":14,"turns":1},{"damage":0,"enemies":"Fading Forest","floor":16,"turns":10},{"damage":0,"enemies":"Shell Parasite","floor":18,"turns":1},{"damage":5,"enemies":"Chosen","floor":19,"turns":3},{"damage":8,"enemies":"Centurion and Healer","floor":24,"turns":3},{"damage":0,"enemies":"Snake Plant","floor":26,"turns":4},{"damage":0,"enemies":"Snake Plant","floor":28,"turns":3},{"damage":16,"enemies":"Snake Plant","floor":29,"turns":2},{"damage":0,"enemies":"Cultist and Chosen","floor":31,"turns":2},{"damage":0,"enemies":"hubris:MusketHawk","floor":33,"turns":2},{"damage":0,"enemies":"Orb Walker","floor":35,"turns":2},{"damage":8,"enemies":"3 Shapes","floor":36,"turns":2},{"damage":0,"enemies":"Maw","floor":38,"turns":2},{"damage":6,"enemies":"Spire Growth","floor":39,"turns":2},{"damage":0,"enemies":"Jaw Worm Horde","floor":44,"turns":2},{"damage":0,"enemies":"4 Shapes","floor":46,"turns":1},{"damage":9,"enemies":"infinitespire:MassOfShapes","floor":50,"turns":2},{"damage":0,"enemies":"Shield and Spear","floor":54,"turns":2},{"damage":0,"enemies":"The Heart","floor":55,"turns":3}],"seed_played":"-4578366666980394560","potions_obtained":[{"floor":2,"key":"Strength Potion"},{"floor":6,"key":"blueLaboratory:StoneskinPotion"},{"floor":7,"key":"Reflective Coating"},{"floor":14,"key":"infinitespire:BlackPotion"},{"floor":19,"key":"AttackPotion"},{"floor":29,"key":"blueLaboratory:BottleOfRum"},{"floor":33,"key":"blueLaboratory:ArtificerPotion"},{"floor":35,"key":"LifebloodPotion"},{"floor":36,"key":"LiquidMemories"},{"floor":39,"key":"LiquidBronze"},{"floor":54,"key":"Weak Potion"}],"is_trial":false,"path_per_floor":["M","M","?","?","?","E","M","?","T","R","$","R","M","M","R","B",null,"M","M","?","T","?","R","M","R","MIM","$","MIM","M","R","M","R","B",null,"M","M","$","M","M","E","R","AVR","T","M","?","M","R","$","R","B",null,"R","$","E","B",null],"character_chosen":"THE_SERVANT","items_purchased":["BrkXgEgg","DoubleEdge","Membership Card","ImprovedEquipment","BottledTime","Shuriken","Pen Nib","hubris:PeanutButter","Ying","Anchor","infinitespire:Satchel","Replay:Rubber Ducky","SteroidPotion","blueLaboratory:CorrosionFlask"],"campfire_rested":1,"item_purchase_floors":[11,11,37,37,37,37,37,48,48,48,48,53,53,53],"current_hp_per_floor":[37,39,39,13,13,4,13,13,13,13,13,32,42,47,47,67,68,69,65,65,65,65,65,67,67,72,72,73,63,63,68,68,76,76,77,75,75,79,74,80,80,80,80,81,81,82,82,82,82,74,83,83,83,84,85],"gold":49,"neow_bonus":"","is_daily":false,"chose_seed":false,"campfire_upgraded":8,"win_rate":0.0,"timestamp":1609615995,"path_taken":["M","M","?","?","?","E","?","?","T","R","$","R","?","M","R","BOSS","M","M","?","?","?","R","?","R","MIM","$","?","M","R","?","R","BOSS","M","M","$","M","M","E","R","AVR","T","M","?","M","R","$","R","BOSS","R","$","E","BOSS"],"items_purchased_type":["Relic","Card","Relic","Relic","Card","Relic","Relic","Relic","Relic","Relic","Relic","Relic","Potion","Potion"],"build_version":"2020-12-22","purchased_purges":6,"victory":true,"max_hp_per_floor":[65,65,65,65,65,65,65,65,65,65,65,65,66,67,67,68,68,69,70,70,70,70,70,71,71,72,72,73,74,74,75,75,76,76,77,78,78,79,80,80,80,80,80,81,81,82,82,82,82,83,83,83,83,84,85],"card_choices":[{"not_picked":["WasteNot","Starlight"],"picked":"SpecialFormula","floor":1},{"not_picked":["BestPractice","Ricochet","SilverBlades","Replace"],"picked":"Spin","floor":2},{"not_picked":["Alleviate","Rearm","Rewind","Shuttle"],"picked":"Unruled","floor":4},{"not_picked":["Moonlight","Revamp","Ricochet","TimeWarp"],"picked":"BottledTime","floor":6},{"not_picked":["TimeWarp","Duplication","Replace","DualDimension"],"picked":"Rewind","floor":7},{"not_picked":["Collapse","Revamp","Replace","Potential"],"picked":"BottledTime","floor":13},{"not_picked":["FastForward","DoubleEdge","TimeWarp","Luminosity"],"picked":"Unruled","floor":14},{"not_picked":["LightFlow+1","Sunlight+1","ForgedInTime+1","Initiator+1"],"picked":"FlawlessForm+1","floor":16},{"not_picked":["ShatteredReality","ReturningBlade","Rearm","Replace","TimeWarp"],"picked":"SKIP","floor":18},{"not_picked":["Rewind+1","Replace+1","Dilation+1","StarChef+1"],"picked":"RealityMarble","floor":19},{"not_picked":["Ricochet","Revamp+1","Rewind","Alleviate","TimeWarp"],"picked":"SKIP","floor":24},{"not_picked":["Shuttle","InstantArmor+1","Alleviate","Starlight"],"picked":"Spin","floor":28},{"not_picked":["Rewind","Desolation","Starlight","TimeWarp"],"picked":"DoubleEdge","floor":29},{"not_picked":["GearUp","Sabotage","Collapse","Replace+1"],"picked":"DoubleEdge","floor":31},{"not_picked":["MurderousAura+1","TheWorld+1","SoulSculpture+1","Sunlight+1"],"picked":"LightFlow+1","floor":33},{"not_picked":["DoubleEdge","Unruled+1","FanOfKnives","Read"],"picked":"BottledTime+1","floor":35},{"not_picked":["Defy","Hightail","Unruled","ReturningBlade+1","Potential+1"],"picked":"SKIP","floor":36},{"not_picked":["DualDimension","Read","TimeWarp+1","Rewind"],"picked":"BottledTime","floor":38},{"not_picked":["FastForward","Misdirection+1","Rearm+1","Potential"],"picked":"Foresight","floor":39},{"not_picked":["ShatteredReality","TimeWarp+1","Desolation","Hightail+1","SurpressingFire","alterego_mod:Skirt"],"picked":"SKIP","floor":44},{"not_picked":["Replace+1","Starlight","SurpressingFire","Ricochet+1","alterego_mod:RidiculouslyBig"],"picked":"BestPractice","floor":46},{"not_picked":["GearUp+1","Starlight","Comet+1","Rewind+1","alterego_mod:Lift"],"picked":"Unruled","floor":54}],"player_experience":355720,"relics_obtained":[{"floor":1,"key":"SynthV:TestCard"},{"floor":4,"key":"Shovel"},{"floor":6,"key":"White Beast Statue"},{"floor":15,"key":"Mercury Hourglass"},{"floor":21,"key":"Bottled Flame"},{"floor":26,"key":"Darkstone Periapt"},{"floor":28,"key":"Replay:Bottled Eggs"},{"floor":43,"key":"hubris:DisguiseKit"},{"floor":54,"key":"Whetstone"}],"event_choices":[{"damage_healed":0,"gold_gain":0,"player_choice":"Forge","damage_taken":0,"max_hp_gain":0,"max_hp_loss":0,"event_name":"Accursed Blacksmith","floor":5,"gold_loss":0,"cards_upgraded":["Spin"]},{"damage_healed":0,"gold_gain":0,"player_choice":"Trade","damage_taken":0,"relics_obtained":["FaceOfCleric"],"max_hp_gain":0,"max_hp_loss":0,"event_name":"FaceTrader","floor":8,"gold_loss":0},{"cards_removed":["RealityMarble"],"damage_healed":0,"gold_gain":0,"player_choice":"Take \u0026 Give","damage_taken":0,"max_hp_gain":0,"max_hp_loss":0,"event_name":"betterNote:BetterNote","floor":20,"gold_loss":0,"cards_obtained":["Slimebound:OozeBath"]},{"damage_healed":0,"gold_gain":250,"player_choice":"Bet on Owner","damage_taken":0,"max_hp_gain":0,"max_hp_loss":0,"event_name":"The Joust","floor":22,"gold_loss":50},{"damage_healed":0,"gold_gain":300,"player_choice":"Gold","damage_taken":0,"max_hp_gain":0,"max_hp_loss":0,"event_name":"Wheel of Change","floor":45,"gold_loss":0}],"is_beta":false,"boss_relics":[{"not_picked":["Replay:Drink Me","RhineSuit"],"picked":"ChewingGum"},{"not_picked":["Tiny House","energizedSpire:OgreHead"],"picked":"beaked:SacredDeck"}],"items_purged_floors":[11,11,11,11,11,42],"is_endless":false,"potions_floor_spawned":[2,6,7,13,14,16,18,19,24,26,28,29,31,33,35,36,38,39,44,46,54],"ascension_level":0}}