{"host":"szp1d6dso4pv7ddl","time":1609569885,"event":{"mods":["AchievementEnabler","Alarm Clock","BaseMod","Bestiary","Block Reminder","Colored Map","Colored Powertips","Curses Come First","Displayed Cursed Tome","Highlight Path","Minty Spire (QoL Compilation)","Permanent Neow","Quick Restart","Relic Sorter","Relic Stats","StSLib","Synergy Search"],"gold_per_floor":[113,113,113,129,79,108,108,139,209,238,252,270,283,283,283,388,388,404,423,23,34,34,34,66,66,66,66,77,2,2,36,36,132,132,163,189,251,312,334,346,372,384,419,106,106,119,146,0,0,0],"floor_reached":51,"playtime":4140,"items_purged":["Defend_R","Searing Blow"],"score":1112,"play_id":"55d0693c-9c83-4ec6-af0e-9579e5b9cdfb","local_time":"20210101224445","is_ascension_mode":true,"campfire_choices":[{"data":"Dual Wield","floor":7.0,"key":"SMITH"},{"floor":15.0,"key":"REST"},{"floor":23.0,"key":"REST"},{"floor":25.0,"key":"REST"},{"floor":27.0,"key":"REST"},{"floor":32.0,"key":"REST"},{"floor":40.0,"key":"REST"},{"floor":42.0,"key":"REST"},{"data":"Juggernaut","floor":45,"key":"SMITH"},{"floor":49,"key":"REST"}],"circlet_count":0,"master_deck":["AscendersBane","Strike_R+1","Strike_R","Defend_R","Defend_R","Bash","Hemokinesis+1","Metallicize","Dual Wield+1","Battle Trance","Thunderclap","Double Tap","Uppercut","Feed+1","Armaments+1","Juggernaut+1","Demon Form","CurseOfTheBell","Blood for Blood+1","Metallicize+1","Second Wind+1","Fiend Fire+1","Flame Barrier+1"],"relics":["Burning Blood","Letter Opener","Sundial","Champion Belt","Dream Catcher","Mercury Hourglass","Singing Bowl","Regal Pillow","Orichalcum","Empty Cage","ClockworkSouvenir","Bottled Lightning","Ice Cream","Molten Egg 2","Calling Bell","MawBank","Pantograph","Dead Branch","Ginger","FossilizedHelix","Whetstone","Strange Spoon","CeramicFish","Red Mask"],"acts_visited":["Exordium","TheCity","TheBeyond"],"potions_floor_usage":[47,50],"damage_taken":[{"damage":7.0,"enemies":"Jaw Worm","floor":1.0,"turns":4.0},{"damage":2.0,"enemies":"Cultist","floor":4.0,"turns":3.0},{"damage":28.0,"enemies":"Lagavulin","floor":6.0,"turns":5.0},{"damage":17.0,"enemies":"3 Sentries","floor":8.0,"turns":4.0},{"damage":11.0,"enemies":"Lagavulin","floor":10.0,"turns":6.0},{"damage":1.0,"enemies":"Small Slimes","floor":11.0,"turns":3.0},{"damage":13.0,"enemies":"Exordium Wildlife","floor":12.0,"turns":3.0},{"damage":10.0,"enemies":"Lots of Slimes","floor":13.0,"turns":3.0},{"damage":22.0,"enemies":"Hexaghost","floor":16.0,"turns":9.0},{"damage":17.0,"enemies":"2 Thieves","floor":18.0,"turns":3.0},{"damage":15.0,"enemies":"Shell Parasite","floor":19.0,"turns":6.0},{"damage":30.0,"enemies":"Chosen and Byrds","floor":21.0,"turns":7.0},{"damage":0.0,"enemies":"Snake Plant","floor":22.0,"turns":1.0},{"damage":93.0,"enemies":"Book of Stabbing","floor":24.0,"turns":9.0},{"damage":5.0,"enemies":"Cultist and Chosen","floor":28.0,"turns":6.0},{"damage":44.0,"enemies":"Gremlin Leader","floor":31.0,"turns":7.0},{"damage":30.0,"enemies":"Champ","floor":33.0,"turns":10.0},{"damage":0.0,"enemies":"3 Shapes","floor":35.0,"turns":8.0},{"damage":33.0,"enemies":"Orb Walker","floor":36.0,"turns":5.0},{"damage":0.0,"enemies":"Mind Bloom Boss Battle","floor":37.0,"turns":4.0},{"damage":53.0,"enemies":"2 Orb Walkers","floor":38.0,"turns":6.0},{"damage":41.0,"enemies":"Spire Growth","floor":39.0,"turns":6.0},{"damage":32.0,"enemies":"4 Shapes","floor":41.0,"turns":4.0},{"damage":45,"enemies":"3 Darklings","floor":46,"turns":6},{"damage":8,"enemies":"Nemesis","floor":47,"turns":7},{"damage":30,"enemies":"Time Eater","floor":50,"turns":9}],"seed_played":"-4105107234185868647","potions_obtained":[{"floor":1.0,"key":"ColorlessPotion"},{"floor":4.0,"key":"EntropicBrew"},{"floor":13.0,"key":"SmokeBomb"},{"floor":16.0,"key":"Fruit Juice"},{"floor":24.0,"key":"Explosive Potion"},{"floor":31.0,"key":"PowerPotion"},{"floor":33.0,"key":"ColorlessPotion"},{"floor":36.0,"key":"HeartOfIron"},{"floor":39.0,"key":"DistilledChaos"},{"floor":46,"key":"Energy Potion"}],"is_trial":false,"path_per_floor":["M","?","?","M","?","E","R","E","T","E","M","M","M","T","R","B",null,"M","M","$","M","M","R","E","R","T","R","M","$","?","E","R","B",null,"M","M","?","?","M","R","M","R","T","$","R","M","E","?","R","B",null],"character_chosen":"IRONCLAD","items_purchased":["ClockworkSouvenir","Sundial","Fiend Fire+1","Strange Spoon"],"campfire_rested":8,"item_purchase_floors":[20,20,44,44],"current_hp_per_floor":[71,71,71,72,72,50,50,39,39,36,43,36,32,32,71,60,77,71,67,67,48,54,98,11,55,55,100,105,105,105,69,109,85,103,115,90,119,75,42,96,74,128,128,128,128,89,89,89,134,110],"gold":0,"neow_bonus":"ONE_RARE_RELIC","is_daily":false,"chose_seed":false,"campfire_upgraded":2,"win_rate":0.0,"timestamp":1609569885,"path_taken":["M","?","?","?","?","E","R","E","T","E","M","M","M","?","R","BOSS","M","M","$","M","M","R","E","R","T","R","?","$","?","E","R","BOSS","M","M","?","?","?","R","M","R","T","$","R","M","E","?","R","BOSS"],"items_purchased_type":["Relic","Relic","Card","Relic"],"build_version":"2020-12-22","purchased_purges":2,"victory":true,"max_hp_per_floor":[72,72,72,72,72,72,72,72,72,74,76,76,76,76,78,83,83,88,93,93,98,98,98,98,98,98,100,105,105,105,107,109,109,109,115,117,119,122,124,126,130,130,130,130,130,130,132,132,134,134],"relic_stats":{"Regal Pillow":99,"Singing Bowl":34,"counters":[26,141],"Dead Branch":[51],"CeramicFish":0,"Letter Opener":[25],"Ginger":[2],"Whetstone":["Feed","Strike_R"],"Orichalcum":[402],"MawBank":120,"Burning Blood":148,"Mercury Hourglass":[459],"Strange Spoon":[2],"Dream Catcher":8,"Sundial":[14],"Pantograph":25,"Champion Belt":[109],"obtain_stats":[{"Ice Cream":26,"Regal Pillow":10,"Singing Bowl":9,"Dead Branch":34,"CeramicFish":47,"Letter Opener":31,"Ginger":37,"Whetstone":43,"Orichalcum":14,"Empty Cage":17,"MawBank":34,"Burning Blood":0,"Mercury Hourglass":8,"ClockworkSouvenir":20,"Calling Bell":34,"Strange Spoon":44,"Dream Catcher":6,"Sundial":20,"Pantograph":34,"Molten Egg 2":30,"Red Mask":48,"Champion Belt":0,"Bottled Lightning":24,"FossilizedHelix":38},{"Ice Cream":14,"Regal Pillow":5,"Singing Bowl":4,"Dead Branch":17,"CeramicFish":25,"Letter Opener":16,"Ginger":20,"Whetstone":23,"Orichalcum":8,"Empty Cage":9,"MawBank":17,"Burning Blood":0,"Mercury Hourglass":4,"ClockworkSouvenir":11,"Calling Bell":17,"Strange Spoon":23,"Dream Catcher":3,"Sundial":11,"Pantograph":17,"Molten Egg 2":15,"Red Mask":25,"Champion Belt":0,"Bottled Lightning":14,"FossilizedHelix":21},{"Ice Cream":65,"Regal Pillow":22,"Singing Bowl":16,"Dead Branch":88,"CeramicFish":132,"Letter Opener":78,"Ginger":103,"Whetstone":119,"Orichalcum":30,"Empty Cage":39,"MawBank":88,"Burning Blood":0,"Mercury Hourglass":16,"ClockworkSouvenir":48,"Calling Bell":88,"Strange Spoon":119,"Dream Catcher":12,"Sundial":48,"Pantograph":88,"Molten Egg 2":71,"Red Mask":132,"Champion Belt":0,"Bottled Lightning":65,"FossilizedHelix":109}]},"card_choices":[{"not_picked":["Searing Blow","Heavy Blade"],"picked":"Hemokinesis","floor":1.0},{"not_picked":["Cleave","Carnage"],"picked":"Dual Wield","floor":4.0},{"not_picked":["Heavy Blade","Second Wind"],"picked":"Battle Trance","floor":6.0},{"not_picked":["Perfected Strike","Immolate"],"picked":"Thunderclap","floor":8.0},{"not_picked":["Infernal Blade","True Grit","Perfected Strike"],"picked":"Singing Bowl","floor":10.0},{"not_picked":["Iron Wave","Havoc","Heavy Blade"],"picked":"Singing Bowl","floor":11.0},{"not_picked":["Spot Weakness","Sever Soul"],"picked":"Double Tap","floor":12.0},{"not_picked":["Twin Strike","Second Wind"],"picked":"Uppercut","floor":13.0},{"not_picked":["Ghostly Armor","Perfected Strike","Sentinel"],"picked":"Singing Bowl","floor":15.0},{"not_picked":["Exhume","Brutality"],"picked":"Feed","floor":16.0},{"not_picked":["Disarm","Shrug It Off","Clash+1"],"picked":"Singing Bowl","floor":18.0},{"not_picked":["Evolve","Shrug It Off","Armaments"],"picked":"Singing Bowl","floor":19.0},{"not_picked":["Warcry","Carnage","Wild Strike"],"picked":"Singing Bowl","floor":21.0},{"not_picked":["Rampage","Headbutt+1"],"picked":"Armaments+1","floor":23.0},{"not_picked":["True Grit+1","Warcry"],"picked":"Searing Blow","floor":24.0},{"not_picked":["Headbutt","Perfected Strike+1"],"picked":"Juggernaut","floor":25.0},{"not_picked":["Body Slam","Flex","Clothesline"],"picked":"Singing Bowl","floor":27.0},{"not_picked":["Armaments","Headbutt","Spot Weakness"],"picked":"Singing Bowl","floor":28.0},{"not_picked":["Entrench","Body Slam+1","Rampage+1"],"picked":"Singing Bowl","floor":31.0},{"not_picked":["Disarm+1","Heavy Blade+1","Exhume"],"picked":"Singing Bowl","floor":32.0},{"not_picked":["Berserk","Feed+1"],"picked":"Demon Form","floor":33.0},{"not_picked":["Flex+1","Anger+1","Fire Breathing"],"picked":"Singing Bowl","floor":35.0},{"not_picked":["Heavy Blade+1","Rampage+1","Rupture+1"],"picked":"Singing Bowl","floor":36.0},{"not_picked":["True Grit+1","Cleave+1","Warcry"],"picked":"Singing Bowl","floor":37.0},{"not_picked":["Searing Blow+1","Havoc"],"picked":"Blood for Blood+1","floor":38.0},{"not_picked":["Twin Strike+1","Cleave+1","Iron Wave+1"],"picked":"Singing Bowl","floor":39.0},{"not_picked":["Pommel Strike+1","Perfected Strike+1","Warcry+1"],"picked":"Singing Bowl","floor":40.0},{"not_picked":["Searing Blow+1","Twin Strike+1"],"picked":"Metallicize+1","floor":41.0},{"not_picked":["Thunderclap+1","Clash+1"],"picked":"Second Wind+1","floor":42.0},{"not_picked":["Dual Wield+1","Pummel+1"],"picked":"Flame Barrier+1","floor":46},{"not_picked":["Second Wind+1","True Grit+1","Flex+1"],"picked":"Singing Bowl","floor":47},{"not_picked":["Headbutt+1","Body Slam+1","True Grit"],"picked":"Singing Bowl","floor":49}],"player_experience":1092912,"relics_obtained":[{"floor":6.0,"key":"Dream Catcher"},{"floor":8.0,"key":"Mercury Hourglass"},{"floor":9.0,"key":"Singing Bowl"},{"floor":10.0,"key":"Regal Pillow"},{"floor":14.0,"key":"Orichalcum"},{"floor":24.0,"key":"Bottled Lightning"},{"floor":26.0,"key":"Ice Cream"},{"floor":31.0,"key":"Letter Opener"},{"floor":34.0,"key":"MawBank"},{"floor":34.0,"key":"Pantograph"},{"floor":34.0,"key":"Dead Branch"},{"floor":37.0,"key":"Ginger"},{"floor":38.0,"key":"FossilizedHelix"},{"floor":43.0,"key":"Whetstone"},{"floor":47,"key":"CeramicFish"}],"event_choices":[{"damage_healed":0.0,"max_hp_gain":0.0,"max_hp_loss":0.0,"gold_gain":0.0,"event_name":"Living Wall","player_choice":"Grow","floor":2.0,"gold_loss":0.0,"damage_taken":0.0,"cards_upgraded":["Hemokinesis"]},{"damage_healed":0.0,"max_hp_gain":0.0,"max_hp_loss":0.0,"gold_gain":0.0,"cards_transformed":["Defend_R"],"event_name":"Transmorgrifier","player_choice":"Transformed","floor":3.0,"gold_loss":0.0,"damage_taken":0.0,"cards_obtained":["Metallicize"]},{"cards_removed":["Strike_R"],"damage_healed":0.0,"max_hp_gain":0.0,"max_hp_loss":0.0,"gold_gain":0.0,"event_name":"The Cleric","player_choice":"Card Removal","floor":5.0,"gold_loss":50.0,"damage_taken":0.0},{"damage_healed":0.0,"max_hp_gain":0.0,"max_hp_loss":0.0,"gold_gain":0.0,"event_name":"The Mausoleum","player_choice":"Opened","floor":30.0,"gold_loss":0.0,"damage_taken":0.0,"relics_obtained":["Molten Egg 2"]},{"damage_healed":0.0,"max_hp_gain":0.0,"max_hp_loss":0.0,"gold_gain":0.0,"event_name":"MindBloom","player_choice":"Fight","floor":37.0,"gold_loss":0.0,"damage_taken":0.0},{"damage_healed":0.0,"max_hp_gain":0.0,"max_hp_loss":0.0,"gold_gain":0.0,"event_name":"Mysterious Sphere","player_choice":"Fight","floor":38.0,"gold_loss":0.0,"damage_taken":0.0},{"damage_healed":0,"gold_gain":0,"player_choice":"Paid","damage_taken":0,"relics_obtained":["Red Mask"],"max_hp_gain":0,"max_hp_loss":0,"event_name":"Tomb of Lord Red Mask","floor":48,"gold_loss":146}],"is_beta":false,"boss_relics":[{"not_picked":["Fusion Hammer","Pandora\u0027s Box"],"picked":"Empty Cage"},{"not_picked":["Coffee Dripper","Snecko Eye"],"picked":"Calling Bell"}],"items_purged_floors":[29,44],"is_endless":false,"potions_floor_spawned":[1,4,13,16,22,24,31,33,36,39,46],"ascension_level":11}}