{"host":"yn17ruofed46ymbq","time":1609613276,"event":{"mods":["AchievementEnabler","BaseMod","Colored Map","Colored Powertips","DeckTracker","Highlight Path","Keyboard Shortcuts","Minty Spire (QoL Compilation)","Permanent Neow","Quick Restart","Rare Cards Sparkle","Relic Stats","SuperFastMode"],"gold_per_floor":[119,129,145,155,130,130,150,150,150,24,39,21,21,47,47,47,47],"floor_reached":16,"playtime":901,"items_purged":["Strike_R"],"score":143,"play_id":"b5f696c5-b6ed-4e5c-97c7-3ba9effc818a","local_time":"20210103034756","is_ascension_mode":true,"campfire_choices":[{"floor":6,"key":"REST"},{"data":"Armaments","floor":8,"key":"SMITH"},{"data":"Searing Blow","floor":13,"key":"SMITH"},{"floor":15,"key":"REST"}],"circlet_count":0,"master_deck":["Strike_R","Strike_R","Strike_R","Strike_R","Defend_R","Defend_R","Defend_R","Defend_R","Bash+1","Armaments","Searing Blow+1","Shrug It Off","Armaments+1","Ghostly Armor","Armaments","Iron Wave","True Grit","Flame Barrier","Cleave"],"relics":["Burning Blood","Magic Flower","Potion Belt"],"acts_visited":["Exordium"],"potions_floor_usage":[4,5,14],"damage_taken":[{"damage":5,"enemies":"2 Louse","floor":1,"turns":4},{"damage":10,"enemies":"Jaw Worm","floor":2,"turns":5},{"damage":10,"enemies":"Small Slimes","floor":3,"turns":3},{"damage":21,"enemies":"Exordium Wildlife","floor":4,"turns":7},{"damage":31,"enemies":"Exordium Thugs","floor":5,"turns":9},{"damage":3,"enemies":"2 Fungi Beasts","floor":7,"turns":5},{"damage":4,"enemies":"Large Slime","floor":11,"turns":12},{"damage":8,"enemies":"Exordium Thugs","floor":12,"turns":5},{"damage":17,"enemies":"3 Sentries","floor":14,"turns":12},{"damage":77,"enemies":"Hexaghost","floor":16,"turns":16}],"seed_played":"-5964307382820572505","potions_obtained":[{"floor":3,"key":"SteroidPotion"},{"floor":4,"key":"SteroidPotion"},{"floor":5,"key":"SteroidPotion"},{"floor":14,"key":"Swift Potion"}],"is_trial":false,"path_per_floor":["M","M","M","M","M","R","M","R","T","$","M","M","R","E","R","B"],"character_chosen":"IRONCLAD","items_purchased":["Iron Wave"],"campfire_rested":2,"item_purchase_floors":[10],"current_hp_per_floor":[73,69,65,50,25,49,52,52,52,52,57,58,58,50,74,0,0],"gold":47,"neow_bonus":"UPGRADE_CARD","is_daily":false,"chose_seed":false,"campfire_upgraded":2,"win_rate":0.0,"timestamp":1609613276,"path_taken":["M","M","M","M","M","R","M","R","T","$","M","M","R","E","R","BOSS"],"items_purchased_type":["Card"],"build_version":"2020-12-22","purchased_purges":1,"victory":false,"max_hp_per_floor":[80,80,80,80,80,80,80,80,80,80,80,80,80,80,80,80,80],"relic_stats":{"counters":[10,78],"Magic Flower":[9],"obtain_stats":[{"Potion Belt":14,"Magic Flower":9,"Burning Blood":0},{"Potion Belt":9,"Magic Flower":6,"Burning Blood":0},{"Potion Belt":62,"Magic Flower":33,"Burning Blood":0}],"Burning Blood":63},"card_choices":[{"not_picked":["Clothesline","True Grit"],"picked":"Armaments","floor":1},{"not_picked":["Blood for Blood","Infernal Blade"],"picked":"Searing Blow","floor":2},{"not_picked":["Warcry","Flame Barrier"],"picked":"Shrug It Off","floor":3},{"not_picked":["Dropkick","Sword Boomerang"],"picked":"Armaments","floor":4},{"not_picked":["Pommel Strike","Shockwave"],"picked":"Ghostly Armor","floor":5},{"not_picked":["Dark Embrace","Iron Wave"],"picked":"Armaments","floor":7},{"not_picked":["Clothesline","Flex"],"picked":"True Grit","floor":11},{"not_picked":["Inflame","Burning Pact"],"picked":"Flame Barrier","floor":12},{"not_picked":["Wild Strike","Headbutt"],"picked":"Cleave","floor":14}],"player_experience":442218,"relics_obtained":[{"floor":9,"key":"Magic Flower"},{"floor":14,"key":"Potion Belt"}],"event_choices":[],"is_beta":false,"boss_relics":[],"items_purged_floors":[10],"is_endless":false,"potions_floor_spawned":[3,4,5,14],"killed_by":"Hexaghost","ascension_level":7}}