{"host":"yo9wwslrag05lh37","time":1609551447,"event":{"mods":["AchievementEnabler","BaseMod","Block Reminder","Colored Map","Colored Powertips","GifTheSpireLib","HexUI Lib","Highlight Path","Minty Spire (QoL Compilation)","Rare Cards Sparkle","Relic Stats","StSLib","everything is the same but u backflip on backflip"],"gold_per_floor":[114,124,68,48,58,85,99,99,147,180,180,213,213,231,231,231,231],"floor_reached":16,"playtime":473,"items_purged":[],"score":240,"play_id":"11ba492a-f588-43d4-86b3-a46e3c5f282e","local_time":"20210102023727","is_ascension_mode":true,"campfire_choices":[{"floor":8.0,"key":"REST"},{"floor":13.0,"key":"REST"},{"data":"Leg Sweep","floor":15.0,"key":"SMITH"}],"circlet_count":0,"master_deck":["AscendersBane","Strike_G","Strike_G","Strike_G","Strike_G","Strike_G","Defend_G","Defend_G","Defend_G","Defend_G","Defend_G","Survivor","Neutralize","Flying Knee","Sucker Punch","Wraith Form v2+1","Noxious Fumes+1","Leg Sweep+1","Footwork+1"],"relics":["Ring of the Snake","NeowsBlessing","Frozen Egg 2","Anchor","MealTicket","The Specimen"],"acts_visited":["Exordium"],"potions_floor_usage":[16],"damage_taken":[{"damage":0.0,"enemies":"2 Louse","floor":1.0,"turns":1.0},{"damage":0.0,"enemies":"Cultist","floor":2.0,"turns":1.0},{"damage":0.0,"enemies":"Small Slimes","floor":5.0,"turns":1.0},{"damage":44.0,"enemies":"Lagavulin","floor":6.0,"turns":9.0},{"damage":2.0,"enemies":"Blue Slaver","floor":7.0,"turns":5.0},{"damage":26.0,"enemies":"3 Sentries","floor":10.0,"turns":7.0},{"damage":1.0,"enemies":"Gremlin Nob","floor":12.0,"turns":6.0},{"damage":6.0,"enemies":"Exordium Thugs","floor":14.0,"turns":4.0},{"damage":31,"enemies":"Slime Boss","floor":16,"turns":11}],"seed_played":"-2854731165789195341","potions_obtained":[{"floor":2.0,"key":"SkillPotion"},{"floor":4.0,"key":"Explosive Potion"},{"floor":14.0,"key":"Weak Potion"}],"is_trial":false,"path_per_floor":["M","M","$","?","M","E","M","R","T","E","?","E","R","M","R","B"],"character_chosen":"THE_SILENT","items_purchased":["SteroidPotion"],"campfire_rested":2,"item_purchase_floors":[3],"current_hp_per_floor":[59,59,59,59,59,15,13,32,32,6,6,5,24,18,18,0,0],"gold":231,"neow_bonus":"THREE_ENEMY_KILL","is_daily":false,"chose_seed":false,"campfire_upgraded":1,"win_rate":0.0,"timestamp":1609551447,"path_taken":["M","M","$","?","?","E","M","R","T","E","?","E","R","M","R","BOSS"],"items_purchased_type":["Potion"],"build_version":"2020-12-22","purchased_purges":0,"victory":false,"max_hp_per_floor":[66,66,66,66,66,66,66,66,66,66,66,66,66,66,66,66,66],"relic_stats":{"counters":[9,45],"MealTicket":0,"obtain_stats":[{"Anchor":9,"NeowsBlessing":0,"The Specimen":12,"MealTicket":10,"Frozen Egg 2":6,"Ring of the Snake":0},{"Anchor":5,"NeowsBlessing":0,"The Specimen":7,"MealTicket":6,"Frozen Egg 2":4,"Ring of the Snake":0},{"Anchor":17,"NeowsBlessing":0,"The Specimen":30,"MealTicket":24,"Frozen Egg 2":12,"Ring of the Snake":0}],"Ring of the Snake":[18]},"card_choices":[{"not_picked":["Dodge and Roll","Escape Plan","Prepared"],"picked":"SKIP","floor":1.0},{"not_picked":["Infinite Blades","Dagger Throw"],"picked":"Flying Knee","floor":2.0},{"not_picked":["Calculated Gamble","Deflect"],"picked":"Sucker Punch","floor":5.0},{"not_picked":["Underhanded Strike","Cloak And Dagger"],"picked":"Wraith Form v2+1","floor":6.0},{"not_picked":["PiercingWail","Quick Slash"],"picked":"Noxious Fumes+1","floor":7.0},{"not_picked":["Backflip","Deadly Poison","Blade Dance"],"picked":"SKIP","floor":10.0},{"not_picked":["Underhanded Strike","Riddle With Holes"],"picked":"Leg Sweep","floor":12.0},{"not_picked":["Deflect","Backstab"],"picked":"Footwork+1","floor":14.0}],"player_experience":1431157,"relics_obtained":[{"floor":6.0,"key":"Frozen Egg 2"},{"floor":9.0,"key":"Anchor"},{"floor":10.0,"key":"MealTicket"},{"floor":12.0,"key":"The Specimen"}],"event_choices":[{"damage_healed":0.0,"max_hp_gain":0.0,"max_hp_loss":0.0,"gold_gain":0.0,"event_name":"The Woman in Blue","player_choice":"Bought 1 Potion","floor":4.0,"gold_loss":0.0,"damage_taken":0.0},{"damage_healed":0.0,"max_hp_gain":0.0,"max_hp_loss":0.0,"gold_gain":0.0,"event_name":"Golden Wing","player_choice":"Ignored","floor":11.0,"gold_loss":0.0,"damage_taken":0.0}],"is_beta":false,"boss_relics":[],"items_purged_floors":[],"is_endless":false,"potions_floor_spawned":[2,5,14],"killed_by":"Slime Boss","ascension_level":20}}