{"host":"a4s27ghlnr83kbqz","time":1609555792,"event":{"mods":["AchievementEnabler","BaseMod","Colored Map","Minty Spire (QoL Compilation)","Permanent Neow","SuperFastMode"],"gold_per_floor":[112,37,2,19,35,70,70,70,70,90,90,90],"floor_reached":11,"playtime":273,"items_purged":["Regret"],"score":110,"play_id":"a4bb957c-45ac-440f-bd92-08a6b748028b","local_time":"20210102104952","is_ascension_mode":true,"campfire_choices":[{"data":"Glass Knife","floor":7,"key":"SMITH"}],"circlet_count":0,"master_deck":["AscendersBane","Strike_G","Strike_G","Strike_G","Strike_G","Strike_G","Defend_G","Defend_G","Defend_G","Defend_G","Defend_G","Survivor","Neutralize","Glass Knife+1","Dagger Throw","Tactician","Reflex","Terror","Backflip"],"relics":["Ring of the Snake","Blue Candle","Toy Ornithopter"],"acts_visited":["Exordium"],"potions_floor_usage":[6],"damage_taken":[{"damage":3,"enemies":"Jaw Worm","floor":1,"turns":5},{"damage":12,"enemies":"Small Slimes","floor":4,"turns":3},{"damage":2,"enemies":"2 Louse","floor":5,"turns":3},{"damage":43,"enemies":"Lagavulin","floor":6,"turns":11},{"damage":8,"enemies":"Large Slime","floor":10,"turns":6},{"damage":32,"enemies":"3 Sentries","floor":11,"turns":8}],"seed_played":"3310286852974273885","potions_obtained":[{"floor":4,"key":"Block Potion"},{"floor":5,"key":"FairyPotion"},{"floor":10,"key":"Weak Potion"}],"is_trial":false,"path_per_floor":["M","$","?","M","M","E","R","$","T","M","E"],"character_chosen":"THE_SILENT","items_purchased":[],"campfire_rested":0,"item_purchase_floors":[],"current_hp_per_floor":[60,60,70,58,56,13,13,13,13,5,0,0],"gold":90,"neow_bonus":"THREE_RARE_CARDS","is_daily":false,"chose_seed":false,"campfire_upgraded":1,"win_rate":0.0,"timestamp":1609555792,"path_taken":["M","$","?","M","M","E","R","$","T","M","E"],"items_purchased_type":[],"build_version":"2020-12-22","purchased_purges":1,"victory":false,"max_hp_per_floor":[70,70,70,70,70,70,70,70,70,70,70,70],"card_choices":[{"not_picked":["Bullet Time","Venomology"],"picked":"Glass Knife","floor":0},{"not_picked":["Accuracy","Bane"],"picked":"Dagger Throw","floor":1},{"not_picked":["Setup","Outmaneuver"],"picked":"Tactician","floor":4},{"not_picked":["Blade Dance","Distraction"],"picked":"Reflex","floor":5},{"not_picked":["Underhanded Strike","Dagger Throw"],"picked":"Terror","floor":6},{"not_picked":["Bane","Calculated Gamble"],"picked":"Backflip","floor":10}],"player_experience":1073465,"relics_obtained":[{"floor":6,"key":"Blue Candle"},{"floor":9,"key":"Toy Ornithopter"}],"event_choices":[{"damage_healed":17,"gold_gain":0,"player_choice":"Healed","damage_taken":0,"max_hp_gain":0,"max_hp_loss":0,"event_name":"The Cleric","floor":3,"gold_loss":35}],"is_beta":false,"boss_relics":[],"items_purged_floors":[2],"is_endless":false,"potions_floor_spawned":[4,5,10],"killed_by":"3 Sentries","ascension_level":10}}