{"host":"my77oq6kb6j47rwl","time":1609619212,"event":{"mods":["BaseMod","Emptier Cage","Ironclad Rager","Minty Spire (QoL Compilation)","Quick Restart","Rare Cards Sparkle","StSLib"],"gold_per_floor":[19,38,48,48,67,100,100,118,144,175,192,209,234,250,250,328,328,314,10,27,42,61,88,88,38,113,140,140,159,84,84,84],"floor_reached":31,"playtime":2582,"items_purged":[],"score":497,"play_id":"23a8c0bd-1e6a-4d2e-9a94-8f96776020d8","local_time":"20210102152652","is_ascension_mode":true,"campfire_choices":[{"data":"Double Tap","floor":15,"key":"SMITH"},{"data":"Metallicize","floor":24,"key":"SMITH"}],"circlet_count":0,"master_deck":["AscendersBane","Twin Strike","Twin Strike","Twin Strike","Twin Strike","Iron Wave","Iron Wave","Iron Wave","Iron Wave","Rupture","Thunderclap","Double Tap+1","Shrug It Off","Body Slam","Demon Form","Spot Weakness","Dropkick","Metallicize+1","Metallicize"],"relics":["Burning Blood","HornCleat","CultistMask","Pen Nib","Strawberry","Bronze Scales","Empty Cage","Oddly Smooth Stone","Toolbox","Juzu Bracelet","White Beast Statue","Kunai"],"acts_visited":["Exordium","TheCity"],"potions_floor_usage":[13,31],"damage_taken":[{"damage":0,"enemies":"Cultist","floor":1,"turns":2},{"damage":0,"enemies":"2 Louse","floor":2,"turns":2},{"damage":14,"enemies":"Jaw Worm","floor":3,"turns":2},{"damage":8,"enemies":"Blue Slaver","floor":5,"turns":2},{"damage":16,"enemies":"Gremlin Nob","floor":6,"turns":4},{"damage":7,"enemies":"3 Louse","floor":8,"turns":4},{"damage":18,"enemies":"3 Sentries","floor":10,"turns":7},{"damage":1,"enemies":"2 Fungi Beasts","floor":11,"turns":2},{"damage":3,"enemies":"Looter","floor":12,"turns":3},{"damage":5,"enemies":"Lagavulin","floor":13,"turns":5},{"damage":10,"enemies":"Gremlin Gang","floor":14,"turns":3},{"damage":18,"enemies":"Hexaghost","floor":16,"turns":8},{"damage":2,"enemies":"2 Thieves","floor":18,"turns":4},{"damage":0,"enemies":"Shell Parasite","floor":20,"turns":4},{"damage":13,"enemies":"Snake Plant","floor":21,"turns":4},{"damage":9,"enemies":"Shelled Parasite and Fungi","floor":22,"turns":4},{"damage":38,"enemies":"Slavers","floor":23,"turns":6},{"damage":42,"enemies":"Gremlin Leader","floor":27,"turns":5},{"damage":5,"enemies":"Centurion and Healer","floor":29,"turns":7},{"damage":43,"enemies":"Slavers","floor":31,"turns":3}],"seed_played":"3996352255460342282","potions_obtained":[{"floor":5,"key":"FairyPotion"},{"floor":6,"key":"FearPotion"},{"floor":14,"key":"GamblersBrew"},{"floor":22,"key":"FairyPotion"},{"floor":27,"key":"Strength Potion"}],"is_trial":false,"path_per_floor":["M","M","M","?","M","E","?","M","T","E","M","M","E","M","R","B",null,"M","$","M","M","M","E","R","?","T","E","?","M","?","E"],"character_chosen":"IRONCLAD","items_purchased":["Oddly Smooth Stone","Toolbox"],"campfire_rested":0,"item_purchase_floors":[19,19],"current_hp_per_floor":[57,63,55,60,58,48,48,47,47,42,47,50,51,47,47,35,72,76,76,82,75,72,40,40,40,40,31,15,16,16,0,0],"gold":84,"neow_bonus":"IRONCLAD_BERSERKER","is_daily":false,"chose_seed":false,"campfire_upgraded":2,"win_rate":0.0,"timestamp":1609619212,"path_taken":["M","M","M","?","M","E","?","M","T","E","M","M","E","M","R","BOSS","M","$","M","M","M","E","R","?","T","E","?","M","?","E"],"items_purchased_type":["Relic","Relic"],"build_version":"2020-12-22","purchased_purges":0,"victory":false,"max_hp_per_floor":[72,72,72,77,77,77,77,77,77,84,84,84,84,84,84,84,84,84,84,84,84,84,84,84,84,84,84,89,89,89,89,89],"card_choices":[{"not_picked":["True Grit","Burning Pact","Armaments"],"picked":"SKIP","floor":1},{"not_picked":["Cleave","Anger"],"picked":"Rupture","floor":2},{"not_picked":["Body Slam","Cleave","Iron Wave"],"picked":"SKIP","floor":3},{"not_picked":["Cleave","Sever Soul","Dark Embrace"],"picked":"SKIP","floor":5},{"not_picked":["Perfected Strike","Twin Strike"],"picked":"Dual Wield","floor":6},{"not_picked":["Disarm","Perfected Strike"],"picked":"Thunderclap","floor":8},{"not_picked":["Twin Strike","Carnage"],"picked":"Double Tap","floor":10},{"not_picked":["True Grit","Pommel Strike","Hemokinesis"],"picked":"SKIP","floor":11},{"not_picked":["Burning Pact","Headbutt"],"picked":"Shrug It Off","floor":12},{"not_picked":["Bludgeon","Twin Strike","Wild Strike"],"picked":"SKIP","floor":13},{"not_picked":["Battle Trance","Headbutt"],"picked":"Body Slam","floor":14},{"not_picked":["Bludgeon","Exhume"],"picked":"Demon Form","floor":16},{"not_picked":["Burning Pact","Feel No Pain"],"picked":"Spot Weakness","floor":18},{"not_picked":["Armaments","Cleave","Sword Boomerang"],"picked":"SKIP","floor":20},{"not_picked":["Shrug It Off","Evolve"],"picked":"Dropkick","floor":21},{"not_picked":["Body Slam","Perfected Strike","Thunderclap+1"],"picked":"SKIP","floor":22},{"not_picked":["Headbutt","Bludgeon"],"picked":"Metallicize","floor":23},{"not_picked":["Whirlwind","Wild Strike"],"picked":"Metallicize","floor":27},{"not_picked":["Bloodletting","Headbutt","Warcry"],"picked":"SKIP","floor":29}],"player_experience":1014432,"relics_obtained":[{"floor":6,"key":"HornCleat"},{"floor":9,"key":"Pen Nib"},{"floor":10,"key":"Strawberry"},{"floor":13,"key":"Bronze Scales"},{"floor":23,"key":"Juzu Bracelet"},{"floor":26,"key":"White Beast Statue"},{"floor":27,"key":"Kunai"}],"event_choices":[{"damage_healed":0,"gold_gain":0,"player_choice":"Donut","damage_taken":0,"max_hp_gain":5,"max_hp_loss":0,"event_name":"Big Fish","floor":4,"gold_loss":0},{"damage_healed":0,"gold_gain":0,"player_choice":"Trade","damage_taken":0,"relics_obtained":["CultistMask"],"max_hp_gain":0,"max_hp_loss":0,"event_name":"FaceTrader","floor":7,"gold_loss":0},{"damage_healed":0,"gold_gain":0,"player_choice":"Bet on Murderer","damage_taken":0,"max_hp_gain":0,"max_hp_loss":0,"event_name":"The Joust","floor":25,"gold_loss":50},{"damage_healed":0,"gold_gain":0,"player_choice":"Shed Blood","damage_taken":21,"max_hp_gain":5,"max_hp_loss":0,"event_name":"Forgotten Altar","floor":28,"gold_loss":0},{"cards_removed":["Twin Strike"],"damage_healed":0,"gold_gain":0,"player_choice":"Gave Gold","damage_taken":0,"max_hp_gain":0,"max_hp_loss":0,"event_name":"Beggar","floor":30,"gold_loss":75}],"is_beta":false,"boss_relics":[{"not_picked":["Tiny House","Astrolabe"],"picked":"Empty Cage"}],"items_purged_floors":[],"is_endless":false,"potions_floor_spawned":[5,6,10,11,12,14,20,21,22,27,29],"killed_by":"Slavers","ascension_level":13}}