{"host":"ds28d883r3sz42zs","time":1609546257,"event":{"mods":["2.2 Compatiblity","AchievementEnabler","Act Like it!","BaseMod","Bestiary","Better Match","Better Sensory Stone","Better Third Choice","Better-Laid Plans","BetterRewards","Block Reminder","Challenge The Spire","Colored Map","Colored Powertips","DeckTracker","Defuse TimeMaze Blight","Disable Question Mark Monsters","Displayed Cursed Tome","Emptier Cage","GifTheSpireLib","Gold Saver","Hallownest","Infinite Spire","Minty Spire (QoL Compilation)","Permanent Neow","Practice Mode","Quick Restart","Random Character Button","Rare Cards Sparkle","Relic Filter","Relic Sorter","Relic Stats","SacredBarkPlus","Shop Mod","StSLib","SuperFastMode","The Bug Knight","Uncapped","Unknown Chances"],"gold_per_floor":[119,119,119,131,141,141,141],"floor_reached":6,"playtime":116,"items_purged":[],"score":63,"play_id":"4d60d71a-5b32-46c8-aa63-bca2251604fb","local_time":"20210101191057","is_ascension_mode":true,"campfire_choices":[],"circlet_count":0,"master_deck":["AscendersBane","Strike_B","Strike_B+1","Strike_B","Defend_B","Defend_B","Zap","Dualcast+1","Go for the Eyes","Gash","Genetic Algorithm"],"relics":["Empty Cage"],"acts_visited":["Exordium"],"potions_floor_usage":[],"damage_taken":[{"damage":14,"enemies":"2 Louse","floor":1,"turns":3},{"damage":7,"enemies":"Jaw Worm","floor":4,"turns":3},{"damage":4,"enemies":"Small Slimes","floor":5,"turns":3},{"damage":25,"enemies":"Lagavulin","floor":6,"turns":4}],"seed_played":"-600091904528879582","potions_obtained":[],"is_trial":false,"path_per_floor":["M","?","?","M","M","E"],"character_chosen":"DEFECT","items_purchased":[],"campfire_rested":0,"item_purchase_floors":[],"current_hp_per_floor":[50,29,34,27,23,0,0],"gold":141,"neow_bonus":"BOSS_RELIC","is_daily":false,"chose_seed":false,"campfire_upgraded":0,"win_rate":0.0,"timestamp":1609546257,"path_taken":["M","?","?","M","M","E"],"items_purchased_type":[],"build_version":"2020-12-22","purchased_purges":0,"victory":false,"max_hp_per_floor":[71,71,76,76,76,76,76],"relic_stats":{"counters":[4,13],"obtain_stats":[{"Cracked Core":0,"Empty Cage":0},{"Cracked Core":0,"Empty Cage":0},{"Cracked Core":0,"Empty Cage":0}]},"card_choices":[{"not_picked":["Consume","Undo"],"picked":"Go for the Eyes","floor":1},{"not_picked":["Ball Lightning","Auto Shields"],"picked":"Gash","floor":4},{"not_picked":["Blizzard","Stack"],"picked":"Genetic Algorithm","floor":5}],"player_experience":760402,"relics_obtained":[],"event_choices":[{"damage_healed":50,"gold_gain":0,"player_choice":"Upgrade","damage_taken":21,"max_hp_gain":0,"max_hp_loss":71,"event_name":"betterThird:BetterShining","floor":2,"gold_loss":0,"cards_upgraded":["Dualcast","Strike_B"]},{"damage_healed":0,"gold_gain":0,"player_choice":"Donut","damage_taken":0,"max_hp_gain":5,"max_hp_loss":0,"event_name":"Big Fish","floor":3,"gold_loss":0}],"is_beta":false,"boss_relics":[],"items_purged_floors":[],"is_endless":false,"potions_floor_spawned":[],"killed_by":"Lagavulin","ascension_level":15}}