{"host":"uxq2rly8rxtwffuf","time":1609569933,"event":{"mods":["BaseMod","Koishi","Minty Spire (QoL Compilation)","StSLib","The Judge","The Servant 0.9.4"],"gold_per_floor":[112,112,132,150,75,75,93,109,132,147,147,157,171,25,25,103,103,122,122,122],"floor_reached":19,"playtime":888,"items_purged":[],"score":285,"play_id":"04e30676-a9aa-4233-965a-21e15470a385","local_time":"20210102094533","is_ascension_mode":true,"campfire_choices":[{"data":"Zap","floor":6,"key":"SMITH"},{"data":"Redo","floor":11,"key":"SMITH"},{"floor":15,"key":"REST"}],"circlet_count":0,"master_deck":["AscendersBane","Strike_B","Strike_B","Strike_B","Defend_B","Defend_B","Defend_B","Zap+1","Dualcast","Coolheaded","Redo+1","Auto Shields","Gash","FTL","Steam","Go for the Eyes","Fission","Steam"],"relics":["FrozenCore","HandDrill"],"acts_visited":["Exordium","TheCity"],"potions_floor_usage":[10],"damage_taken":[{"damage":9,"enemies":"Jaw Worm","floor":1,"turns":3},{"damage":5,"enemies":"Small Slimes","floor":3,"turns":4},{"damage":0,"enemies":"Cultist","floor":4,"turns":3},{"damage":3,"enemies":"Blue Slaver","floor":7,"turns":3},{"damage":9,"enemies":"3 Louse","floor":8,"turns":3},{"damage":6,"enemies":"Exordium Thugs","floor":10,"turns":4},{"damage":7,"enemies":"Red Slaver","floor":12,"turns":3},{"damage":0,"enemies":"2 Fungi Beasts","floor":13,"turns":3},{"damage":21,"enemies":"The Guardian","floor":16,"turns":13},{"damage":3,"enemies":"Shell Parasite","floor":18,"turns":9},{"damage":76,"enemies":"Masked Bandits","floor":19,"turns":5}],"seed_played":"-6122143730873399663","potions_obtained":[{"floor":3,"key":"SpeedPotion"},{"floor":4,"key":"SteroidPotion"},{"floor":7,"key":"Ancient Potion"},{"floor":8,"key":"Explosive Potion"},{"floor":13,"key":"Ancient Potion"}],"is_trial":false,"path_per_floor":["M","?","M","M","?","R","M","M","T","M","R","M","M","$","R","B",null,"M","?"],"character_chosen":"DEFECT","items_purchased":["HandDrill"],"campfire_rested":1,"item_purchase_floors":[14],"current_hp_per_floor":[62,55,50,50,50,50,47,38,38,32,32,25,25,25,48,27,65,62,0,0],"gold":122,"neow_bonus":"TEN_PERCENT_HP_BONUS","is_daily":false,"chose_seed":false,"campfire_upgraded":2,"win_rate":0.0,"timestamp":1609569933,"path_taken":["M","?","M","M","?","R","M","M","T","M","R","M","M","?","R","BOSS","M","?"],"items_purchased_type":["Relic"],"build_version":"2020-12-22","purchased_purges":0,"victory":false,"max_hp_per_floor":[78,78,78,78,78,78,78,78,78,78,78,78,78,78,78,78,78,78,78,78],"card_choices":[{"not_picked":["Rebound","Stack"],"picked":"Coolheaded","floor":1},{"not_picked":["Barrage","Hello World"],"picked":"Redo","floor":3},{"not_picked":["Rebound","Turbo","Hologram"],"picked":"SKIP","floor":4},{"not_picked":["Hello World","Compile Driver"],"picked":"Auto Shields","floor":7},{"not_picked":["Reboot","Streamline"],"picked":"Gash","floor":8},{"not_picked":["Force Field","Blizzard"],"picked":"FTL","floor":10},{"not_picked":["Blizzard","Cold Snap"],"picked":"Steam","floor":12},{"not_picked":["Beam Cell","Cold Snap"],"picked":"Go for the Eyes","floor":13},{"not_picked":["Thunder Strike","Machine Learning"],"picked":"Fission","floor":16},{"not_picked":["Consume","Coolheaded"],"picked":"Steam","floor":18}],"player_experience":1370592,"relics_obtained":[],"event_choices":[{"cards_removed":["Strike_B"],"damage_healed":0,"gold_gain":0,"player_choice":"Card Removal","damage_taken":7,"max_hp_gain":0,"max_hp_loss":0,"event_name":"Golden Wing","floor":2,"gold_loss":0},{"cards_removed":["Defend_B"],"damage_healed":0,"gold_gain":0,"player_choice":"Card Removal","damage_taken":0,"max_hp_gain":0,"max_hp_loss":0,"event_name":"The Cleric","floor":5,"gold_loss":75},{"damage_healed":0,"gold_gain":0,"player_choice":"Fought Bandits","damage_taken":0,"max_hp_gain":0,"max_hp_loss":0,"event_name":"Masked Bandits","floor":19,"gold_loss":0}],"is_beta":false,"boss_relics":[{"not_picked":["Black Star","Tiny House"],"picked":"FrozenCore"}],"items_purged_floors":[],"is_endless":false,"potions_floor_spawned":[3,4,7,8,13],"killed_by":"Masked Bandits","ascension_level":15}}