{"host":"2461dio7vetlq1z3","time":1609623176,"event":{"mods":["2.2 Compatiblity","AchievementEnabler","BaseMod","Better Third Choice","Friendly Minions","Minty Spire (QoL Compilation)","Relic Stats","Spicy Shops","StSLib","The Marked","Waifu the Spire"],"gold_per_floor":[117,133,133,152,165,165,190,253,276,326,353,353,387,416,416,528,528,552,642,701,722,102,146,156,156,238,238,279,279,296,317,317,427,427,427],"floor_reached":34,"playtime":1970,"items_purged":["theMarked:Strike"],"score":479,"play_id":"53a90a66-a2ca-4dad-a54c-eb1a67d58b07","local_time":"20210102223256","is_ascension_mode":false,"campfire_choices":[{"data":"theMarked:SoldierOfQuellstein","floor":6,"key":"SMITH"},{"data":"theMarked:RogueSparks","floor":12,"key":"SMITH"},{"data":"theMarked:SelfDefenseTraining","floor":15,"key":"SMITH"},{"floor":25,"key":"REST"},{"data":"theMarked:BindingBlade","floor":27,"key":"SMITH"},{"data":"theMarked:BanishingStrike","floor":29,"key":"SMITH"},{"data":"theMarked:Panic","floor":32,"key":"SMITH"}],"circlet_count":0,"master_deck":["theMarked:Strike","theMarked:Strike","theMarked:Strike","theMarked:Strike","theMarked:Defend","theMarked:Defend","theMarked:Defend","theMarked:Defend","theMarked:SoldierOfQuellstein+1","theMarked:TunnelVision","theMarked:Overcharge","theMarked:SelfDefenseTraining+1","theMarked:SwordAndMagic","theMarked:RogueSparks+1","theMarked:ChainLightning","theMarked:SwordAndMagic","theMarked:EmpowerWeapon","theMarked:ElementalBlade","theMarked:BindingBlade+1","theMarked:TwofoldDefense+1","theMarked:SelfDefenseTraining","Writhe","theMarked:Aftermath","theMarked:Standoff","theMarked:BanishingStrike+1","theMarked:Reabsorb+1","theMarked:Panic+1","theMarked:BanishingStrike+1","theMarked:SoldierForm"],"relics":["theMarked:ArtifactOfAir","SsserpentHead","Ornamental Fan","CeramicFish","Regal Pillow","Sozu","Red Mask","Toy Ornithopter","theMarked:Winder","HornCleat","Anchor","Shuriken","Oddly Smooth Stone","SlaversCollar"],"acts_visited":["Exordium","TheCity","TheBeyond"],"potions_floor_usage":[],"damage_taken":[{"damage":2,"enemies":"Small Slimes","floor":1,"turns":3},{"damage":1,"enemies":"Cultist","floor":2,"turns":3},{"damage":1,"enemies":"Jaw Worm","floor":4,"turns":3},{"damage":0,"enemies":"Looter","floor":5,"turns":3},{"damage":8,"enemies":"3 Sentries","floor":7,"turns":5},{"damage":12,"enemies":"Exordium Wildlife","floor":8,"turns":4},{"damage":2,"enemies":"2 Fungi Beasts","floor":11,"turns":2},{"damage":3,"enemies":"Gremlin Nob","floor":13,"turns":3},{"damage":6,"enemies":"Looter","floor":14,"turns":2},{"damage":0,"enemies":"Slime Boss","floor":16,"turns":4},{"damage":17,"enemies":"2 Thieves","floor":18,"turns":4},{"damage":11,"enemies":"Masked Bandits","floor":19,"turns":4},{"damage":8,"enemies":"3 Byrds","floor":21,"turns":5},{"damage":3,"enemies":"Gremlin Leader","floor":23,"turns":4},{"damage":8,"enemies":"Shelled Parasite and Fungi","floor":24,"turns":4},{"damage":33,"enemies":"Slavers","floor":28,"turns":8},{"damage":0,"enemies":"3 Cultists","floor":30,"turns":4},{"damage":0,"enemies":"Centurion and Healer","floor":31,"turns":5},{"damage":14,"enemies":"Collector","floor":33,"turns":7}],"seed_played":"5244814685050774880","potions_obtained":[{"floor":2,"key":"Swift Potion"},{"floor":7,"key":"SkillPotion"},{"floor":8,"key":"Explosive Potion"},{"floor":14,"key":"Fruit Juice"}],"is_trial":false,"path_per_floor":["M","M","?","M","M","R","E","M","T","?","M","R","E","M","R","B",null,"M","?","?","M","$","E","M","R","T","R","E","R","M","M","R","B",null],"character_chosen":"THE_DEFAULT","items_purchased":["theMarked:Winder","HornCleat","theMarked:Standoff","theMarked:BanishingStrike"],"campfire_rested":1,"item_purchase_floors":[22,22,22,22],"current_hp_per_floor":[75,74,74,73,73,73,65,53,53,58,56,56,53,47,47,47,82,65,54,54,46,46,43,35,74,74,74,41,41,41,41,41,27,82,82],"gold":427,"neow_bonus":"TEN_PERCENT_HP_BONUS","is_daily":false,"chose_seed":false,"campfire_upgraded":6,"win_rate":0.0,"timestamp":1609623176,"path_taken":["M","M","?","M","M","R","E","?","T","?","M","R","E","M","R","BOSS","M","?","?","M","$","E","M","R","T","R","E","R","M","M","R","BOSS"],"items_purchased_type":["Relic","Relic","Card","Card"],"build_version":"2020-12-22","purchased_purges":1,"victory":false,"max_hp_per_floor":[77,77,77,77,77,77,77,77,77,82,82,82,82,82,82,82,82,82,82,82,82,82,82,82,82,82,82,82,82,82,82,82,82,82,82],"relic_stats":{"Sozu":3,"SsserpentHead":200,"Regal Pillow":15,"counters":[19,75],"Ornamental Fan":[76],"Shuriken":[7],"CeramicFish":126,"obtain_stats":[{"Regal Pillow":13,"CeramicFish":9,"Oddly Smooth Stone":28,"Sozu":17,"theMarked:ArtifactOfAir":0,"SsserpentHead":3,"SlaversCollar":34,"Anchor":23,"HornCleat":22,"Ornamental Fan":7,"Shuriken":26,"Red Mask":19,"theMarked:Winder":22,"Toy Ornithopter":20},{"Regal Pillow":8,"CeramicFish":6,"Oddly Smooth Stone":16,"Sozu":10,"theMarked:ArtifactOfAir":0,"SsserpentHead":2,"SlaversCollar":19,"Anchor":14,"HornCleat":13,"Ornamental Fan":5,"Shuriken":15,"Red Mask":12,"theMarked:Winder":13,"Toy Ornithopter":12},{"Regal Pillow":26,"CeramicFish":21,"Oddly Smooth Stone":60,"Sozu":32,"theMarked:ArtifactOfAir":0,"SsserpentHead":6,"SlaversCollar":75,"Anchor":49,"HornCleat":45,"Ornamental Fan":17,"Shuriken":53,"Red Mask":40,"theMarked:Winder":45,"Toy Ornithopter":40}],"Toy Ornithopter":0},"card_choices":[{"not_picked":["theMarked:TwofoldDefense","theMarked:WastefulDefense"],"picked":"theMarked:TunnelVision","floor":1},{"not_picked":["theMarked:Indomitable","theMarked:TwofoldDefense"],"picked":"theMarked:Overcharge","floor":2},{"not_picked":["theMarked:RepellingDischarge","theMarked:ShockingTouch"],"picked":"theMarked:SelfDefenseTraining","floor":4},{"not_picked":["theMarked:BanishingStrike","theMarked:TwofoldDefense"],"picked":"theMarked:SwordAndMagic","floor":5},{"not_picked":["theMarked:MagicAdept","theMarked:BanishingStrike"],"picked":"theMarked:RogueSparks","floor":7},{"not_picked":["theMarked:RepellingDischarge","theMarked:BanishingStrike"],"picked":"theMarked:ChainLightning","floor":8},{"not_picked":["theMarked:TunnelVision","theMarked:ElectricStrings"],"picked":"theMarked:SwordAndMagic","floor":11},{"not_picked":["theMarked:CreepingChasm","theMarked:WastefulDefense"],"picked":"theMarked:EmpowerWeapon","floor":13},{"not_picked":["theMarked:WastefulAttack","theMarked:HeritageOfTheMarked"],"picked":"theMarked:ElementalBlade","floor":14},{"not_picked":["theMarked:MagicAdept","theMarked:DispelDoubt"],"picked":"theMarked:BindingBlade","floor":16},{"not_picked":["theMarked:WardOff","theMarked:SwordAndMagic"],"picked":"theMarked:TwofoldDefense+1","floor":18},{"not_picked":["theMarked:ElementalBlade","theMarked:SwordAndMagic"],"picked":"theMarked:SelfDefenseTraining","floor":19},{"not_picked":["theMarked:GodGivenPower","theMarked:ChainLightning"],"picked":"theMarked:Aftermath","floor":21},{"not_picked":["theMarked:SuspiciousRaven","theMarked:WastefulDefense"],"picked":"theMarked:Reabsorb+1","floor":23},{"not_picked":["theMarked:SwordAndMagic","theMarked:WastefulDefense","theMarked:Improvise"],"picked":"SKIP","floor":24},{"not_picked":["theMarked:WastefulAttack+1","theMarked:ElectricStrings"],"picked":"theMarked:Panic","floor":28},{"not_picked":["theMarked:Frustration","theMarked:Overthink","theMarked:Indomitable"],"picked":"SKIP","floor":30},{"not_picked":["theMarked:WastefulAttack","theMarked:SwordAndMagic"],"picked":"theMarked:BanishingStrike+1","floor":31},{"not_picked":["theMarked:Levitate","theMarked:BindingBlade"],"picked":"theMarked:SoldierForm","floor":33}],"player_experience":1023488,"relics_obtained":[{"floor":7,"key":"Ornamental Fan"},{"floor":9,"key":"CeramicFish"},{"floor":13,"key":"Regal Pillow"},{"floor":19,"key":"Red Mask"},{"floor":23,"key":"Anchor"},{"floor":26,"key":"Shuriken"},{"floor":28,"key":"Oddly Smooth Stone"}],"event_choices":[{"damage_healed":0,"gold_gain":0,"player_choice":"Trade","damage_taken":0,"relics_obtained":["SsserpentHead"],"max_hp_gain":0,"max_hp_loss":0,"event_name":"FaceTrader","floor":3,"gold_loss":0},{"damage_healed":0,"gold_gain":0,"player_choice":"Donut","damage_taken":0,"max_hp_gain":5,"max_hp_loss":0,"event_name":"Big Fish","floor":10,"gold_loss":0},{"damage_healed":0,"gold_gain":0,"player_choice":"Fought Bandits","damage_taken":0,"max_hp_gain":0,"max_hp_loss":0,"event_name":"Masked Bandits","floor":19,"gold_loss":0},{"damage_healed":0,"gold_gain":0,"player_choice":"Opened","damage_taken":0,"relics_obtained":["Toy Ornithopter"],"max_hp_gain":0,"max_hp_loss":0,"event_name":"The Mausoleum","floor":20,"gold_loss":0,"cards_obtained":["Writhe"]}],"is_beta":false,"boss_relics":[{"not_picked":["Runic Pyramid","theMarked:Eyepatch"],"picked":"Sozu"},{"not_picked":["Calling Bell","Snecko Eye"],"picked":"SlaversCollar"}],"items_purged_floors":[22],"is_endless":false,"potions_floor_spawned":[2,7,8,11,13,14,19,23,30,31],"ascension_level":0}}