{"host":"2461dio7vetlq1z3","time":1609598941,"event":{"mods":["2.2 Compatiblity","AchievementEnabler","BaseMod","Better Third Choice","Friendly Minions","Minty Spire (QoL Compilation)","Relic Stats","Replay The Spire","Spicy Shops","StSLib","Waifu the Spire"],"gold_per_floor":[110,126,126,51,51,51,75,29,107,107,162,201,201,240,240,335,335,356,356,356,16,16,50,50,84,136,199,199,55,83,107,107,198,198,198],"floor_reached":34,"playtime":1658,"items_purged":["Strike_P","FollowUp"],"score":1024,"play_id":"90cc982e-b048-4b8d-a769-4a3f880685c2","local_time":"20210102154901","is_ascension_mode":true,"campfire_choices":[{"data":"Wallop","floor":6,"key":"SMITH"},{"data":"WaveOfTheHand","floor":10,"key":"SMITH"},{"floor":13,"key":"REST"},{"data":"Eruption","floor":15,"key":"SMITH"},{"data":"Meditate","floor":24,"key":"SMITH"},{"data":"Consecrate","floor":28,"key":"SMITH"},{"data":"Vigilance","floor":32,"key":"SMITH"}],"circlet_count":0,"master_deck":["AscendersBane","Eruption+1","Vigilance+1","Wallop+1","Meditate+1","WaveOfTheHand+1","ReachHeaven","Scrawl+1","Consecrate+1","Wireheading+1","Swivel","Vengeance+1","Adaptation+1","Replay:AllIn+1","Replay:LoomingThreat+1"],"relics":["PureWater","Bloody Idol","Golden Egg","Replay:Wax Seal","Blue Candle","Orichalcum","VioletLotus","Ice Cream","Potion Belt","Replay:Mystery Machine","Replay:Bandana","ReplayTheSpireMod:TigerMarble","Replay:PocketPolymizer","Cursed Key"],"acts_visited":["Exordium","TheCity","TheBeyond"],"potions_floor_usage":[14,16,18,25,33],"damage_taken":[{"damage":1,"enemies":"2 Louse","floor":1,"turns":2},{"damage":0,"enemies":"Jaw Worm","floor":2,"turns":3},{"damage":0,"enemies":"Small Slimes","floor":7,"turns":5},{"damage":25,"enemies":"Lagavulin","floor":12,"turns":6},{"damage":27,"enemies":"3 Sentries","floor":14,"turns":9},{"damage":0,"enemies":"Slime Boss","floor":16,"turns":3},{"damage":9,"enemies":"Spheric Guardian","floor":18,"turns":3},{"damage":1,"enemies":"Slavers","floor":23,"turns":3},{"damage":12,"enemies":"Book of Stabbing","floor":25,"turns":2},{"damage":0,"enemies":"Slavers","floor":27,"turns":3},{"damage":15,"enemies":"Shell Parasite","floor":30,"turns":2},{"damage":0,"enemies":"Snake Plant","floor":31,"turns":3},{"damage":24,"enemies":"Champ","floor":33,"turns":7}],"seed_played":"1266785238186748078","potions_obtained":[{"floor":2,"key":"Energy Potion"},{"floor":14,"key":"Elixir"},{"floor":16,"key":"Swift Potion"},{"floor":18,"key":"FearPotion"},{"floor":23,"key":"LiquidBronze"},{"floor":27,"key":"Dexterity Potion"},{"floor":33,"key":"Swift Potion"}],"is_trial":false,"path_per_floor":["M","M","?","$","?","R","M","$","T","R","T","E","R","E","R","B",null,"M","?","?","$","?","E","R","E","T","E","R","$","M","M","R","B",null],"character_chosen":"WATCHER","items_purchased":["ReachHeaven","Ice Cream","Potion Belt","Wireheading","Adaptation"],"campfire_rested":1,"item_purchase_floors":[8,21,21,21,29],"current_hp_per_floor":[66,66,44,44,44,44,44,44,44,44,44,19,39,12,12,12,53,44,44,44,44,44,48,48,41,46,61,61,61,61,67,67,48,62,62],"gold":198,"neow_bonus":"TEN_PERCENT_HP_BONUS","is_daily":false,"chose_seed":false,"campfire_upgraded":6,"win_rate":0.0,"timestamp":1609598941,"path_taken":["M","M","?","$","?","R","M","$","T","R","?","E","R","E","R","BOSS","M","?","?","$","?","E","R","E","T","E","R","$","M","M","R","BOSS"],"items_purchased_type":["Card","Relic","Relic","Card","Card"],"build_version":"2020-12-22","purchased_purges":2,"victory":false,"max_hp_per_floor":[74,74,74,74,67,67,67,67,67,67,67,67,67,67,67,67,67,67,67,67,67,67,67,67,67,67,67,67,67,67,67,67,67,67,67],"relic_stats":{"counters":[13,51],"Bloody Idol":196,"Blue Candle":[2],"VioletLotus":[15],"Orichalcum":[18],"Cursed Key":0,"obtain_stats":[{"Ice Cream":21,"Potion Belt":21,"Golden Egg":9,"Replay:PocketPolymizer":27,"Golden Idol":5,"Blue Candle":12,"Orichalcum":14,"Replay:Mystery Machine":23,"Cursed Key":34,"Replay:Bandana":25,"Bloody Idol":22,"VioletLotus":17,"ReplayTheSpireMod:TigerMarble":26,"PureWater":0,"Replay:Wax Seal":11},{"Ice Cream":7,"Potion Belt":7,"Golden Egg":3,"Replay:PocketPolymizer":10,"Golden Idol":2,"Blue Candle":4,"Orichalcum":5,"Replay:Mystery Machine":8,"Cursed Key":13,"Replay:Bandana":9,"Bloody Idol":7,"VioletLotus":6,"ReplayTheSpireMod:TigerMarble":9,"PureWater":0,"Replay:Wax Seal":3},{"Ice Cream":31,"Potion Belt":31,"Golden Egg":10,"Replay:PocketPolymizer":39,"Golden Idol":5,"Blue Candle":16,"Orichalcum":25,"Replay:Mystery Machine":34,"Cursed Key":51,"Replay:Bandana":36,"Bloody Idol":31,"VioletLotus":28,"ReplayTheSpireMod:TigerMarble":36,"PureWater":0,"Replay:Wax Seal":10}]},"card_choices":[{"not_picked":["Replay:AtTheReady","Wireheading"],"picked":"Wallop","floor":1},{"not_picked":["CrushJoints","Collect"],"picked":"Meditate","floor":2},{"not_picked":["ThirdEye","Protect"],"picked":"WaveOfTheHand","floor":7},{"not_picked":["Evaluate","ClearTheMind","Replay:Cycle"],"picked":"SKIP","floor":12},{"not_picked":["Protect","Prostrate"],"picked":"FollowUp","floor":14},{"not_picked":["ConjureBlade","Brilliance"],"picked":"Scrawl","floor":16},{"not_picked":["Crescendo","FlyingSleeves"],"picked":"Consecrate","floor":18},{"not_picked":["Prostrate","Consecrate","BowlingBash"],"picked":"SKIP","floor":23},{"not_picked":["Protect","Consecrate"],"picked":"Swivel","floor":25},{"not_picked":["Protect+1","SandsOfTime"],"picked":"Vengeance","floor":27},{"not_picked":["JustLucky","SignatureMove"],"picked":"Replay:AllIn","floor":30},{"not_picked":["Replay:ManipulateFuture","EmptyFist","Crescendo"],"picked":"SKIP","floor":31},{"not_picked":["Replay:ManipulateFuture","EmptyFist","Crescendo"],"picked":"SKIP","floor":31},{"not_picked":["Ragnarok","SpiritShield"],"picked":"Replay:LoomingThreat","floor":33}],"player_experience":1013598,"relics_obtained":[{"floor":9,"key":"Golden Egg"},{"floor":11,"key":"Replay:Wax Seal"},{"floor":12,"key":"Blue Candle"},{"floor":14,"key":"Orichalcum"},{"floor":23,"key":"Replay:Mystery Machine"},{"floor":25,"key":"Replay:Bandana"},{"floor":26,"key":"ReplayTheSpireMod:TigerMarble"},{"floor":27,"key":"Replay:PocketPolymizer"}],"event_choices":[{"damage_healed":66,"gold_gain":0,"player_choice":"Upgrade","damage_taken":22,"max_hp_gain":0,"max_hp_loss":74,"event_name":"betterThird:BetterShining","floor":3,"gold_loss":0,"cards_upgraded":["Strike_P","Defend_P"]},{"damage_healed":0,"gold_gain":0,"player_choice":"Lose Max HP","damage_taken":0,"relics_obtained":["Golden Idol"],"max_hp_gain":0,"max_hp_loss":7,"event_name":"Golden Idol","floor":5,"gold_loss":0},{"damage_healed":0,"gold_gain":0,"player_choice":"Materialism","damage_taken":0,"max_hp_gain":0,"max_hp_loss":7,"event_name":"betterThird:BetterWriting","floor":19,"gold_loss":0},{"damage_healed":0,"gold_gain":0,"player_choice":"Gave Idol","damage_taken":0,"relics_obtained":["Bloody Idol"],"max_hp_gain":0,"max_hp_loss":0,"event_name":"Forgotten Altar","floor":22,"relics_lost":["Golden Idol"],"gold_loss":0}],"is_beta":false,"boss_relics":[{"not_picked":["Velvet Choker","Painkiller Herb"],"picked":"VioletLotus"},{"not_picked":["Kintsugi","SacredBark"],"picked":"Cursed Key"}],"items_purged_floors":[4,29],"is_endless":false,"potions_floor_spawned":[2,14,16,18,23,27,33],"ascension_level":20}}