{"host":"qxeepl7ydvsgmfdb","time":1609594254,"event":{"mods":["AchievementEnabler","BaseMod","Colored Powertips","Minty Spire (QoL Compilation)","Quick Restart","slay the spire mod where everything is the same but ironclad has a cowboy hat"],"gold_per_floor":[118,118,118,139,139,180,198,212,290,316,335,164,164,164],"floor_reached":13,"playtime":302,"items_purged":[],"score":143,"play_id":"5562fcb1-8830-4b11-ac60-4760e6f0bee2","local_time":"20210102083054","is_ascension_mode":true,"campfire_choices":[],"circlet_count":0,"master_deck":["Strike_G","Strike_G","Strike_G","Strike_G","Defend_G","Defend_G","Defend_G","Defend_G","Defend_G","Survivor","Neutralize","Poisoned Stab","Backflip","Malaise","Dagger Throw","Footwork","Deadly Poison","The Bomb"],"relics":["Ring of the Snake","NeowsBlessing","Golden Idol","Blood Vial","The Specimen","Gremlin Horn","Bag of Preparation"],"acts_visited":["Exordium"],"potions_floor_usage":[11,13],"damage_taken":[{"damage":0,"enemies":"Jaw Worm","floor":1,"turns":1},{"damage":0,"enemies":"Cultist","floor":4,"turns":1},{"damage":0,"enemies":"3 Sentries","floor":6,"turns":2},{"damage":6,"enemies":"2 Louse","floor":7,"turns":2},{"damage":23,"enemies":"Exordium Thugs","floor":8,"turns":7},{"damage":3,"enemies":"Exordium Wildlife","floor":11,"turns":4},{"damage":29,"enemies":"Lagavulin","floor":13,"turns":5}],"seed_played":"6391786873416350401","potions_obtained":[{"floor":1,"key":"BlessingOfTheForge"},{"floor":7,"key":"CultistPotion"}],"is_trial":false,"path_per_floor":["M","?","T","M","?","E","M","M","T","T","M","$","E"],"character_chosen":"THE_SILENT","items_purchased":["The Bomb"],"campfire_rested":0,"item_purchase_floors":[12],"current_hp_per_floor":[63,46,46,48,48,50,46,25,25,25,24,24,0,0],"gold":164,"neow_bonus":"THREE_ENEMY_KILL","is_daily":false,"chose_seed":false,"campfire_upgraded":0,"win_rate":0.0,"timestamp":1609594254,"path_taken":["M","?","?","?","?","E","M","?","T","?","M","?","E"],"items_purchased_type":["Card"],"build_version":"2020-12-22","purchased_purges":0,"victory":false,"max_hp_per_floor":[70,70,70,70,70,70,70,70,70,70,70,70,70,70],"card_choices":[{"not_picked":["Crippling Poison","Deflect"],"picked":"Poisoned Stab","floor":1},{"not_picked":["Well Laid Plans","Dodge and Roll"],"picked":"Backflip","floor":4},{"not_picked":["Prepared","Bane"],"picked":"Dagger Throw","floor":6},{"not_picked":["Flechettes","Backflip"],"picked":"Footwork","floor":7},{"not_picked":["Slice","Catalyst"],"picked":"Deadly Poison","floor":8},{"not_picked":["Flying Knee","Masterful Stab","Calculated Gamble"],"picked":"SKIP","floor":11}],"player_experience":353874,"relics_obtained":[{"floor":3,"key":"Blood Vial"},{"floor":6,"key":"The Specimen"},{"floor":9,"key":"Gremlin Horn"},{"floor":10,"key":"Bag of Preparation"}],"event_choices":[{"damage_healed":0,"gold_gain":0,"player_choice":"Take Damage","damage_taken":17,"relics_obtained":["Golden Idol"],"max_hp_gain":0,"max_hp_loss":0,"event_name":"Golden Idol","floor":2,"gold_loss":0},{"damage_healed":0,"gold_gain":0,"cards_transformed":["Strike_G"],"player_choice":"Transformed","damage_taken":0,"max_hp_gain":0,"max_hp_loss":0,"event_name":"Transmorgrifier","floor":5,"gold_loss":0,"cards_obtained":["Malaise"]}],"is_beta":false,"boss_relics":[],"items_purged_floors":[],"is_endless":false,"potions_floor_spawned":[1,7],"killed_by":"Lagavulin","ascension_level":6}}