{"host":"eydwxg59205c3vtl","time":1609548065,"event":{"mods":["2.2 Compatiblity","BaseMod","Colored Map","Colored Powertips","Hubris","Minty Spire (QoL Compilation)","StSLib","The Necromancer"],"gold_per_floor":[109,125,29,29,29,62,82,82,82,82,82,82,82,108,108,207,207,225,225,225,241,256,256,284,294,294,63,63,63,63,12,12,108,108,127,175,175,175,62,88,102,133,133,133,148,148,159,169,169,169],"floor_reached":51,"playtime":1270,"items_purged":["Strike_B"],"score":919,"play_id":"ce657b77-093a-4986-9337-fcf56c1d3d7f","local_time":"20210101194105","is_ascension_mode":true,"campfire_choices":[{"floor":10.0,"key":"DIG"},{"floor":12.0,"key":"DIG"},{"floor":15.0,"key":"DIG"},{"floor":23.0,"key":"DIG"},{"floor":29.0,"key":"DIG"},{"floor":32.0,"key":"DIG"},{"floor":44,"key":"DIG"},{"floor":46,"key":"DIG"},{"floor":49,"key":"DIG"}],"circlet_count":0,"master_deck":["Strike_B+1","Strike_B","Defend_B","Defend_B","Defend_B","Defend_B","Zap+1","Dualcast","Beam Cell","Beam Cell+1","Sweeping Beam","Go for the Eyes","Auto Shields+1","Cold Snap","Electrodynamics","Conserve Battery+1","Defragment+1","Gash","Reinforced Body+1","Self Repair","Core Surge","Gash","Meteor Strike","hubris:Ukulele","Gash+1","Scrape","Cold Snap+1","Ball Lightning+1","Rip and Tear","Double Energy+1"],"relics":["Cracked Core","Vajra","hubris:Icosahedron","hubris:Towel","Lizard Tail","Shovel","hubris:Potato","Nunchaku","Bag of Marbles","hubris:BottledRain","Sozu","Bronze Scales","MealTicket","hubris:Zylophone","Lee\u0027s Waffle","Unceasing Top","PreservedInsect","Nuclear Battery","hubris:GlazedTorus","Mango","Toy Ornithopter","Symbiotic Virus","hubris:TenFootPole","Question Card","Art of War"],"acts_visited":["Exordium","TheCity","TheBeyond"],"potions_floor_usage":[],"damage_taken":[{"damage":4.0,"enemies":"Jaw Worm","floor":1.0,"turns":3.0},{"damage":0.0,"enemies":"Small Slimes","floor":2.0,"turns":2.0},{"damage":30.0,"enemies":"Gremlin Nob","floor":6.0,"turns":4.0},{"damage":0.0,"enemies":"2 Louse","floor":7.0,"turns":1.0},{"damage":4.0,"enemies":"Slime Boss","floor":16.0,"turns":9.0},{"damage":3.0,"enemies":"Spheric Guardian","floor":18.0,"turns":3.0},{"damage":9.0,"enemies":"2 Thieves","floor":21.0,"turns":3.0},{"damage":20.0,"enemies":"Sentry and Sphere","floor":22.0,"turns":6.0},{"damage":19.0,"enemies":"Book of Stabbing","floor":24.0,"turns":4.0},{"damage":8.0,"enemies":"Centurion and Healer","floor":25.0,"turns":5.0},{"damage":16.0,"enemies":"Champ","floor":33.0,"turns":7.0},{"damage":0,"enemies":"3 Shapes","floor":35,"turns":3},{"damage":13,"enemies":"2 Orb Walkers","floor":36,"turns":4},{"damage":13,"enemies":"Giant Head","floor":40,"turns":4},{"damage":12,"enemies":"Orb Walker","floor":41,"turns":3},{"damage":11,"enemies":"Reptomancer","floor":42,"turns":4},{"damage":3,"enemies":"Writhing Mass","floor":45,"turns":4},{"damage":2,"enemies":"4 Shapes","floor":47,"turns":3},{"damage":3,"enemies":"3 Darklings","floor":48,"turns":3},{"damage":26,"enemies":"Awakened One","floor":50,"turns":9}],"seed_played":"-8936211401628699668","potions_obtained":[{"floor":16.0,"key":"FearPotion"}],"is_trial":false,"path_per_floor":["M","M","$","?","?","E","M","?","T","R","?","R","?","T","R","B",null,"M","?","?","M","M","R","E","M","T","$","?","R","?","$","R","B",null,"M","?","?","?","$","E","M","E","T","R","M","R","M","M","R","B",null],"character_chosen":"DEFECT","items_purchased":["Sweeping Beam","Go for the Eyes","Lee\u0027s Waffle","Core Surge","Gash","Scrape"],"campfire_rested":0,"item_purchase_floors":[3,3,27,27,31,39],"current_hp_per_floor":[71,71,71,71,71,45,45,38,38,38,38,38,23,23,23,19,75,72,58,58,49,29,29,10,2,2,87,87,87,87,87,87,78,87,87,81,81,81,83,91,86,82,82,82,86,86,91,95,95,76],"gold":169,"neow_bonus":"RANDOM_COMMON_RELIC","is_daily":false,"chose_seed":false,"campfire_upgraded":0,"win_rate":0.0,"timestamp":1609548065,"path_taken":["M","M","$","?","?","E","M","?","T","R","?","R","?","?","R","BOSS","M","?","?","M","M","R","E","M","T","$","?","R","?","?","R","BOSS","M","?","?","?","$","E","M","E","T","R","M","R","?","M","R","BOSS"],"items_purchased_type":["Card","Card","Relic","Card","Card","Card"],"build_version":"2020-12-22","purchased_purges":1,"victory":true,"max_hp_per_floor":[75,75,75,75,75,75,75,75,75,75,75,75,75,75,75,75,75,75,80,80,80,80,80,80,80,80,87,87,87,87,87,87,87,87,87,87,83,83,83,97,97,97,97,97,97,97,97,97,97,97],"card_choices":[{"not_picked":["Stack","Redo"],"picked":"Beam Cell","floor":1.0},{"not_picked":["Defragment","Sweeping Beam"],"picked":"Beam Cell","floor":2.0},{"not_picked":["Aggregate","Sweeping Beam"],"picked":"Auto Shields","floor":6.0},{"not_picked":["Consume","Blizzard"],"picked":"Cold Snap","floor":7.0},{"not_picked":["Thunder Strike","Hyperbeam"],"picked":"Electrodynamics","floor":16.0},{"not_picked":["Streamline","Rebound"],"picked":"Conserve Battery+1","floor":18.0},{"not_picked":["Conserve Battery","Redo+1"],"picked":"Defragment+1","floor":21.0},{"not_picked":["Cold Snap","Coolheaded+1"],"picked":"Gash","floor":22.0},{"not_picked":["Amplify","Reprogram"],"picked":"Reinforced Body+1","floor":24.0},{"not_picked":["Compile Driver","Consume"],"picked":"Self Repair","floor":25.0},{"not_picked":["All For One","Reboot"],"picked":"Meteor Strike","floor":33.0},{"not_picked":["Steam Power","Go for the Eyes"],"picked":"hubris:Ukulele","floor":35},{"not_picked":["Capacitor+1","Compile Driver"],"picked":"Gash+1","floor":36},{"not_picked":["BootSequence+1","Reprogram+1"],"picked":"Cold Snap+1","floor":40},{"not_picked":["Sweeping Beam","Force Field","Redo"],"picked":"SKIP","floor":41},{"not_picked":["FTL","Hyperbeam"],"picked":"Ball Lightning+1","floor":42},{"not_picked":["Turbo+1","Capacitor+1","Barrage+1"],"picked":"SKIP","floor":45},{"not_picked":["Darkness+1","Chaos","Ball Lightning"],"picked":"Rip and Tear","floor":47},{"not_picked":["Gash","hubris:PowerSurge","Heatsinks"],"picked":"Double Energy+1","floor":48}],"player_experience":578312,"relics_obtained":[{"floor":6.0,"key":"Lizard Tail"},{"floor":9.0,"key":"Shovel"},{"floor":10.0,"key":"hubris:Potato"},{"floor":12.0,"key":"Nunchaku"},{"floor":14.0,"key":"Bag of Marbles"},{"floor":15.0,"key":"hubris:BottledRain"},{"floor":23.0,"key":"Bronze Scales"},{"floor":24.0,"key":"MealTicket"},{"floor":26.0,"key":"hubris:Zylophone"},{"floor":29.0,"key":"Unceasing Top"},{"floor":32.0,"key":"PreservedInsect"},{"floor":36,"key":"hubris:GlazedTorus"},{"floor":40,"key":"Mango"},{"floor":42,"key":"Toy Ornithopter"},{"floor":43,"key":"Symbiotic Virus"},{"floor":44,"key":"hubris:TenFootPole"},{"floor":46,"key":"Question Card"},{"floor":49,"key":"Art of War"}],"event_choices":[{"cards_removed":["Strike_B"],"damage_healed":0.0,"max_hp_gain":0.0,"max_hp_loss":0.0,"gold_gain":0.0,"event_name":"Golden Wing","player_choice":"Card Removal","floor":8.0,"gold_loss":0.0,"damage_taken":7.0},{"damage_healed":0.0,"max_hp_gain":0.0,"max_hp_loss":0.0,"gold_gain":0.0,"event_name":"Living Wall","player_choice":"Grow","floor":11.0,"gold_loss":0.0,"damage_taken":0.0,"cards_upgraded":["Beam Cell"]},{"damage_healed":0.0,"max_hp_gain":0.0,"max_hp_loss":0.0,"gold_gain":0.0,"event_name":"Shining Light","player_choice":"Entered Light","floor":13.0,"gold_loss":0.0,"damage_taken":15.0,"cards_upgraded":["Auto Shields","Strike_B"]},{"damage_healed":0.0,"max_hp_gain":5.0,"max_hp_loss":0.0,"gold_gain":0.0,"event_name":"Forgotten Altar","player_choice":"Shed Blood","floor":19.0,"gold_loss":0.0,"damage_taken":19.0},{"damage_healed":0.0,"max_hp_gain":0.0,"max_hp_loss":0.0,"gold_gain":0.0,"event_name":"Vampires","player_choice":"Ignored","floor":28.0,"gold_loss":0.0,"damage_taken":0.0},{"damage_healed":0.0,"max_hp_gain":0.0,"max_hp_loss":0.0,"gold_gain":0.0,"event_name":"Ghosts","player_choice":"Ignored","floor":30.0,"gold_loss":0.0,"damage_taken":0.0},{"damage_healed":0,"gold_gain":0,"player_choice":"Fight","damage_taken":0,"max_hp_gain":0,"max_hp_loss":0,"event_name":"Mysterious Sphere","floor":36,"gold_loss":0},{"damage_healed":0,"gold_gain":0,"player_choice":"Max HP","damage_taken":0,"max_hp_gain":0,"max_hp_loss":4,"event_name":"Winding Halls","floor":37,"gold_loss":0},{"damage_healed":0,"gold_gain":0,"player_choice":"Ignored","damage_taken":0,"max_hp_gain":0,"max_hp_loss":0,"event_name":"Tomb of Lord Red Mask","floor":38,"gold_loss":0}],"is_beta":false,"boss_relics":[{"not_picked":["Philosopher\u0027s Stone","Tiny House"],"picked":"Sozu"},{"not_picked":["hubris:CrackedHourglass","hubris:Stopwatch"],"picked":"Nuclear Battery"}],"items_purged_floors":[39],"is_endless":false,"potions_floor_spawned":[16,22,33,36,42],"ascension_level":3}}