{"host":"sc0o2qwpf9j16a4i","time":1609618995,"event":{"mods":["AchievementEnabler","BaseMod","BetterRewards","Block Reminder","Colored Map","Colored Powertips","Custom Start","Highlight Path","Minty Spire (QoL Compilation)","Relic Stats"],"gold_per_floor":[113,127,127,107,119,119,139,172,172,172,197,197,215,14,14,88,88,88,13,13,13,13,13,13,13,13,13,13,13,13,13,13,13,13,13,13,0,0,0,0,0,0,0,0,0,0,0,0,0,0,0,0,0,0,0,0,0],"floor_reached":56,"playtime":2383,"items_purged":["Strike_R"],"score":2777,"play_id":"f9a58ab3-5973-47d4-ad58-72cedf9ccbfb","local_time":"20210102222315","is_ascension_mode":true,"campfire_choices":[{"data":"Fiend Fire","floor":6,"key":"SMITH"},{"data":"Bash","floor":10,"key":"SMITH"},{"data":"Metallicize","floor":15,"key":"SMITH"},{"data":"Feel No Pain","floor":24,"key":"SMITH"},{"data":"Corruption","floor":27,"key":"SMITH"},{"data":"Evolve","floor":30,"key":"SMITH"},{"floor":32,"key":"REST"},{"data":"Inflame","floor":40,"key":"SMITH"},{"floor":44,"key":"RECALL"},{"data":"Defend_R","floor":46,"key":"SMITH"},{"data":"Defend_R","floor":49,"key":"SMITH"},{"floor":53,"key":"REST"}],"circlet_count":0,"master_deck":["AscendersBane","Strike_R+1","Strike_R","Strike_R+1","Defend_R","Defend_R+1","Defend_R+1","Defend_R+1","Bash+1","Feel No Pain+1","Fiend Fire+1","Metallicize+1","Inflame+1","Evolve+1","Battle Trance+1","Flame Barrier+1","Seeing Red+1","True Grit+1","Burning Pact+1","Shrug It Off+1","Body Slam+1","Corruption+1","Power Through+1","Exhume+1","Sentinel+1","Entrench+1","Pommel Strike+1","True Grit+1","Spot Weakness+1","Exhume+1","Inflame+1","Dual Wield+1","Havoc+1","Offering+1","Body Slam+1","Uppercut+1","True Grit+1","Entrench+1","Burning Pact+1"],"relics":["Burning Blood","Shuriken","ClockworkSouvenir","Pear","Membership Card","Bird Faced Urn","Toxic Egg 2","Chemical X","Mercury Hourglass","Matryoshka","Gremlin Horn","Meat on the Bone","Bronze Scales","Molten Egg 2","Dream Catcher","Omamori","Whetstone","Ectoplasm","Ornamental Fan","InkBottle","Red Skull","Gambling Chip","Enchiridion","Philosopher\u0027s Stone","Red Mask","Old Coin","StrikeDummy","Bag of Marbles","Bottled Tornado"],"acts_visited":["Exordium","TheCity","TheBeyond","TheEnding"],"potions_floor_usage":[4,16,18,25,35,56,56],"damage_taken":[{"damage":11,"enemies":"Small Slimes","floor":1,"turns":2},{"damage":6,"enemies":"Jaw Worm","floor":2,"turns":4},{"damage":0,"enemies":"Cultist","floor":5,"turns":3},{"damage":0,"enemies":"Exordium Wildlife","floor":7,"turns":3},{"damage":7,"enemies":"Lagavulin","floor":8,"turns":7},{"damage":0,"enemies":"Gremlin Nob","floor":11,"turns":2},{"damage":2,"enemies":"Blue Slaver","floor":13,"turns":3},{"damage":1,"enemies":"The Guardian","floor":16,"turns":8},{"damage":0,"enemies":"Chosen","floor":18,"turns":3},{"damage":5,"enemies":"3 Byrds","floor":21,"turns":3},{"damage":0,"enemies":"Snecko","floor":22,"turns":3},{"damage":16,"enemies":"Gremlin Leader","floor":23,"turns":5},{"damage":34,"enemies":"Slavers","floor":25,"turns":5},{"damage":0,"enemies":"Centurion and Healer","floor":29,"turns":3},{"damage":5,"enemies":"Collector","floor":33,"turns":7},{"damage":34,"enemies":"3 Shapes","floor":35,"turns":3},{"damage":0,"enemies":"2 Orb Walkers","floor":38,"turns":3},{"damage":4,"enemies":"Orb Walker","floor":39,"turns":3},{"damage":3,"enemies":"Reptomancer","floor":41,"turns":4},{"damage":6,"enemies":"4 Shapes","floor":42,"turns":1},{"damage":6,"enemies":"Nemesis","floor":45,"turns":3},{"damage":19,"enemies":"Jaw Worm Horde","floor":48,"turns":2},{"damage":9,"enemies":"Time Eater","floor":50,"turns":10},{"damage":47,"enemies":"Awakened One","floor":51,"turns":7},{"damage":42,"enemies":"Shield and Spear","floor":55,"turns":5},{"damage":110,"enemies":"The Heart","floor":56,"turns":8}],"seed_played":"5797298770108274516","potions_obtained":[{"floor":4,"key":"SmokeBomb"},{"floor":5,"key":"CultistPotion"},{"floor":16,"key":"ElixirPotion"},{"floor":18,"key":"Regen Potion"},{"floor":33,"key":"SteroidPotion"},{"floor":38,"key":"Ancient Potion"}],"is_trial":false,"path_per_floor":["M","M","?","?","M","R","M","E","T","R","E","?","M","$","R","B",null,"M","$","?","M","M","E","R","E","T","R","?","M","R","?","R","B",null,"M","?","?","?","M","R","E","M","T","R","E","R","?","M","R","B","B",null,"R","$","E","B"],"character_chosen":"IRONCLAD","items_purchased":["Shuriken","ClockworkSouvenir","Feel No Pain","Pear","Fiend Fire","Membership Card","Bird Faced Urn","Toxic Egg 2","Metallicize","Chemical X","Inflame","Mercury Hourglass","Matryoshka","Gremlin Horn","Evolve","Battle Trance+1","ColorlessPotion","BloodPotion","Omamori","Whetstone","Body Slam+1","Exhume+1"],"campfire_rested":2,"item_purchase_floors":[0,0,0,0,0,0,0,0,0,0,0,0,0,0,0,0,0,0,14,14,14,19],"current_hp_per_floor":[34,42,42,59,73,73,85,84,84,84,85,59,69,69,69,82,84,85,85,73,84,85,77,77,67,67,67,42,54,54,33,60,73,86,62,62,62,80,88,88,90,90,90,90,90,90,85,80,80,85,60,79,85,85,55,0,0],"gold":0,"neow_bonus":"","is_daily":false,"chose_seed":false,"campfire_upgraded":9,"win_rate":0.0,"timestamp":1609618995,"path_taken":["M","M","?","?","M","R","?","E","T","R","E","?","M","$","R","BOSS","M","$","?","?","M","E","R","E","T","R","?","M","R","?","R","BOSS","M","?","?","?","?","R","E","M","T","R","E","R","?","M","R","BOSS","BOSS","R","$","E","BOSS"],"items_purchased_type":["Relic","Relic","Card","Relic","Card","Relic","Relic","Relic","Card","Relic","Card","Relic","Relic","Relic","Card","Card","Potion","Potion","Relic","Relic","Card","Card"],"build_version":"2020-12-22","purchased_purges":1,"victory":false,"max_hp_per_floor":[85,85,85,85,85,85,85,85,85,85,85,85,85,85,85,85,85,85,85,85,85,85,85,85,85,85,85,90,90,90,90,90,90,90,90,90,90,90,90,90,90,90,90,90,90,90,85,85,85,85,85,85,85,85,85,85,85],"relic_stats":{"Gremlin Horn":[39,41],"counters":[56,278],"Whetstone":["Strike_R","Strike_R"],"Burning Blood":269,"Mercury Hourglass":[461],"Dream Catcher":2,"Shuriken":[15],"Ornamental Fan":[52],"Bird Faced Urn":[160],"Bronze Scales":[700],"Gambling Chip":[33],"Ectoplasm":711,"Chemical X":[1],"obtain_stats":[{"Regal Pillow":24,"Gremlin Horn":43,"Enchiridion":31,"Incense Burner":12,"Whetstone":14,"Bottled Tornado":48,"Ancient Tea Set":45,"Burning Blood":0,"ClockworkSouvenir":0,"Old Coin":38,"Centennial Puzzle":38,"Nunchaku":42,"Dream Catcher":11,"Matryoshka":0,"Gambling Chip":26,"Philosopher\u0027s Stone":34,"Red Mask":37,"Chemical X":0,"Toxic Egg 2":0,"InkBottle":25,"Red Skull":26,"Potion Belt":26,"Pear":0,"NeowsBlessing":0,"Golden Idol":4,"Self Forming Clay":55,"Oddly Smooth Stone":20,"Thread and Needle":36,"Omamori":14,"WarpedTongs":41,"Mercury Hourglass":0,"Anchor":6,"Shuriken":0,"Ornamental Fan":23,"Bird Faced Urn":0,"Bronze Scales":9,"Snecko Eye":17,"Molten Egg 2":29,"Mark of Pain":34,"Ectoplasm":17,"Art of War":27,"Bag of Marbles":45,"Membership Card":20,"StrikeDummy":41,"Meat on the Bone":8},{"Regal Pillow":14,"Gremlin Horn":23,"Enchiridion":44,"Incense Burner":7,"Whetstone":37,"Bottled Tornado":26,"Ancient Tea Set":25,"Burning Blood":0,"ClockworkSouvenir":30,"Old Coin":47,"Centennial Puzzle":21,"Nunchaku":23,"Dream Catcher":36,"Matryoshka":30,"Gambling Chip":43,"Philosopher\u0027s Stone":45,"Red Mask":46,"Chemical X":30,"Toxic Egg 2":30,"InkBottle":43,"Red Skull":43,"Potion Belt":14,"Pear":30,"NeowsBlessing":0,"Golden Idol":2,"Self Forming Clay":29,"Oddly Smooth Stone":11,"Thread and Needle":20,"Omamori":37,"WarpedTongs":22,"Mercury Hourglass":30,"Anchor":4,"Shuriken":30,"Ornamental Fan":42,"Bird Faced Urn":30,"Bronze Scales":35,"Snecko Eye":9,"Molten Egg 2":16,"Mark of Pain":18,"Ectoplasm":38,"Art of War":15,"Bag of Marbles":51,"Membership Card":11,"StrikeDummy":49,"Meat on the Bone":35},{"Regal Pillow":63,"Gremlin Horn":120,"Enchiridion":222,"Incense Burner":19,"Whetstone":192,"Bottled Tornado":134,"Ancient Tea Set":129,"Burning Blood":0,"ClockworkSouvenir":168,"Old Coin":235,"Centennial Puzzle":106,"Nunchaku":120,"Dream Catcher":189,"Matryoshka":168,"Gambling Chip":219,"Philosopher\u0027s Stone":229,"Red Mask":232,"Chemical X":168,"Toxic Egg 2":168,"InkBottle":219,"Red Skull":219,"Potion Belt":63,"Pear":168,"NeowsBlessing":0,"Golden Idol":2,"Self Forming Clay":158,"Oddly Smooth Stone":52,"Thread and Needle":100,"Omamori":192,"WarpedTongs":111,"Mercury Hourglass":168,"Anchor":9,"Shuriken":168,"Ornamental Fan":214,"Bird Faced Urn":168,"Bronze Scales":187,"Snecko Eye":43,"Molten Egg 2":75,"Mark of Pain":92,"Ectoplasm":200,"Art of War":71,"Bag of Marbles":246,"Membership Card":52,"StrikeDummy":242,"Meat on the Bone":187}],"InkBottle":[33],"Meat on the Bone":12},"card_choices":[{"not_picked":["Wild Strike","Cleave"],"picked":"Flame Barrier+1","floor":1},{"not_picked":["Dark Embrace","Pummel"],"picked":"Seeing Red+1","floor":2},{"not_picked":["Heavy Blade","Perfected Strike"],"picked":"True Grit+1","floor":5},{"not_picked":["Hemokinesis","Pommel Strike","Anger"],"picked":"SKIP","floor":7},{"not_picked":["Blood for Blood","Cleave"],"picked":"Burning Pact+1","floor":8},{"not_picked":["Iron Wave+1","Carnage+1","Clash+1"],"picked":"SKIP","floor":11},{"not_picked":["Warcry+1","Iron Wave+1"],"picked":"Shrug It Off+1","floor":13},{"not_picked":["Reaper+1","Impervious+1"],"picked":"Corruption","floor":16},{"not_picked":["Clothesline+1","Warcry+1"],"picked":"Power Through+1","floor":18},{"not_picked":["Carnage+1","Evolve"],"picked":"Sentinel+1","floor":21},{"not_picked":["Heavy Blade+1","Thunderclap+1"],"picked":"Entrench+1","floor":22},{"not_picked":["Fiend Fire+1","Havoc+1"],"picked":"Pommel Strike+1","floor":23},{"not_picked":["Headbutt+1","Clash+1"],"picked":"True Grit+1","floor":25},{"not_picked":["Combust","Pummel+1"],"picked":"Spot Weakness+1","floor":29},{"not_picked":["Corruption","Brutality"],"picked":"Exhume+1","floor":33},{"not_picked":["Wild Strike+1","Perfected Strike+1"],"picked":"Inflame","floor":35},{"not_picked":["Inflame","Havoc+1"],"picked":"Dual Wield+1","floor":38},{"not_picked":["Iron Wave+1","Thunderclap+1"],"picked":"Havoc+1","floor":39},{"not_picked":["Cleave+1","Combust+1"],"picked":"Offering+1","floor":41},{"not_picked":["Rupture","Havoc+1"],"picked":"Body Slam+1","floor":42},{"not_picked":["True Grit+1","Evolve"],"picked":"Uppercut+1","floor":45},{"not_picked":["Warcry+1","Whirlwind+1"],"picked":"True Grit+1","floor":48},{"not_picked":["Clothesline+1","Whirlwind+1"],"picked":"Entrench+1","floor":53},{"not_picked":["Sever Soul+1","Immolate+1"],"picked":"Burning Pact+1","floor":55}],"player_experience":521576,"relics_obtained":[{"floor":8,"key":"Meat on the Bone"},{"floor":9,"key":"Bronze Scales"},{"floor":9,"key":"Molten Egg 2"},{"floor":11,"key":"Dream Catcher"},{"floor":23,"key":"Ornamental Fan"},{"floor":25,"key":"InkBottle"},{"floor":26,"key":"Red Skull"},{"floor":26,"key":"Gambling Chip"},{"floor":31,"key":"Enchiridion"},{"floor":38,"key":"Old Coin"},{"floor":41,"key":"StrikeDummy"},{"floor":45,"key":"Bag of Marbles"},{"floor":55,"key":"Bottled Tornado"}],"event_choices":[{"damage_healed":0,"gold_gain":0,"player_choice":"Grow","damage_taken":0,"max_hp_gain":0,"max_hp_loss":0,"event_name":"Living Wall","floor":3,"gold_loss":0,"cards_upgraded":["Inflame"]},{"damage_healed":0,"gold_gain":0,"player_choice":"Bought 1 Potion","damage_taken":0,"max_hp_gain":0,"max_hp_loss":0,"event_name":"The Woman in Blue","floor":4,"gold_loss":0},{"damage_healed":0,"gold_gain":0,"player_choice":"Entered Light","damage_taken":26,"max_hp_gain":0,"max_hp_loss":0,"event_name":"Shining Light","floor":12,"gold_loss":0,"cards_upgraded":["Strike_R","Defend_R"]},{"damage_healed":0,"gold_gain":0,"player_choice":"Damaged","damage_taken":12,"max_hp_gain":0,"max_hp_loss":0,"event_name":"Wheel of Change","floor":20,"gold_loss":0},{"damage_healed":0,"gold_gain":0,"player_choice":"Shed Blood","damage_taken":30,"max_hp_gain":5,"max_hp_loss":0,"event_name":"Forgotten Altar","floor":28,"gold_loss":0},{"damage_healed":0,"gold_gain":0,"player_choice":"Obtained Book","damage_taken":21,"max_hp_gain":0,"max_hp_loss":0,"event_name":"Cursed Tome","floor":31,"gold_loss":0},{"cards_removed":["Strike_R"],"damage_healed":0,"gold_gain":0,"player_choice":"Removed Attack","damage_taken":0,"max_hp_gain":0,"max_hp_loss":0,"event_name":"Falling","floor":36,"gold_loss":0},{"damage_healed":0,"gold_gain":0,"player_choice":"Paid","damage_taken":0,"relics_obtained":["Red Mask"],"max_hp_gain":0,"max_hp_loss":0,"event_name":"Tomb of Lord Red Mask","floor":37,"gold_loss":13},{"damage_healed":0,"gold_gain":0,"player_choice":"Fight","damage_taken":0,"max_hp_gain":0,"max_hp_loss":0,"event_name":"Mysterious Sphere","floor":38,"gold_loss":0},{"damage_healed":0,"gold_gain":0,"player_choice":"Max HP","damage_taken":0,"max_hp_gain":0,"max_hp_loss":5,"event_name":"Winding Halls","floor":47,"gold_loss":0}],"is_beta":false,"boss_relics":[{"not_picked":["Coffee Dripper","Black Blood"],"picked":"Ectoplasm"},{"not_picked":["Velvet Choker","Tiny House"],"picked":"Philosopher\u0027s Stone"}],"items_purged_floors":[0],"is_endless":false,"potions_floor_spawned":[5,8,13,16,18,33,38,42,45],"killed_by":"The Heart","ascension_level":20}}