{"host":"du3j2mdkciet31iv","time":1609619178,"event":{"mods":["BaseMod","Minty Spire (QoL Compilation)","Permanent Neow","Relic Stats","StSLib"],"gold_per_floor":[115,134,209,229,229,229,76,76,76,26,26,45,69,87,87,208,208,226,426,419,419,419],"floor_reached":21,"playtime":1465,"items_purged":["Strike_R"],"score":171,"play_id":"c62faf75-d13e-421f-a659-8b5328dd33c8","local_time":"20210102222618","is_ascension_mode":false,"campfire_choices":[{"data":"Flame Barrier","floor":6.0,"key":"SMITH"},{"data":"Metallicize","floor":8.0,"key":"SMITH"},{"data":"Shrug It Off","floor":11.0,"key":"SMITH"},{"data":"Twin Strike","floor":15.0,"key":"SMITH"}],"circlet_count":0,"master_deck":["Strike_R","Strike_R","Strike_R","Strike_R","Defend_R","Defend_R","Defend_R","Bash","Metallicize+1","Flame Barrier+1","Cleave","Shrug It Off+1","Twin Strike+1","Juggernaut","Iron Wave","Inflame+1"],"relics":["Black Blood","Golden Idol","Regal Pillow"],"acts_visited":["Exordium","TheCity"],"potions_floor_usage":[],"damage_taken":[{"damage":5.0,"enemies":"Small Slimes","floor":1.0,"turns":4.0},{"damage":6.0,"enemies":"Jaw Worm","floor":2.0,"turns":4.0},{"damage":0.0,"enemies":"2 Louse","floor":4.0,"turns":4.0},{"damage":15.0,"enemies":"Exordium Thugs","floor":12.0,"turns":9.0},{"damage":0.0,"enemies":"2 Fungi Beasts","floor":13.0,"turns":4.0},{"damage":0.0,"enemies":"Exordium Wildlife","floor":14.0,"turns":5.0},{"damage":51.0,"enemies":"The Guardian","floor":16.0,"turns":13.0},{"damage":25.0,"enemies":"Spheric Guardian","floor":18.0,"turns":8.0},{"damage":19.0,"enemies":"2 Thieves","floor":20.0,"turns":4.0}],"seed_played":"4797048342524602502","potions_obtained":[{"floor":4.0,"key":"Block Potion"},{"floor":16.0,"key":"Strength Potion"},{"floor":18.0,"key":"CultistPotion"}],"is_trial":false,"path_per_floor":["M","M","?","M","?","R","$","R","T","?","R","M","M","M","R","B",null,"M","?","M","$"],"character_chosen":"IRONCLAD","items_purchased":["Cleave","Shrug It Off"],"campfire_rested":0,"item_purchase_floors":[7,7],"current_hp_per_floor":[80,80,69,75,74,74,74,74,74,74,74,65,71,74,74,29,74,61,61,54,54,54],"gold":419,"neow_bonus":"","is_daily":false,"chose_seed":false,"campfire_upgraded":4,"win_rate":0.0,"timestamp":1609619178,"path_taken":["M","M","?","M","?","R","$","R","T","?","R","M","M","M","R","BOSS","M","?","M","$"],"items_purchased_type":["Card","Card"],"build_version":"2020-12-22","purchased_purges":1,"victory":false,"max_hp_per_floor":[80,80,80,80,74,74,74,74,74,74,74,74,74,74,74,74,74,74,74,74,74,74],"relic_stats":{"Regal Pillow":0,"counters":[9,55],"Golden Idol":46,"Black Blood":62,"obtain_stats":[{"Regal Pillow":9,"Golden Idol":5,"Black Blood":17,"Burning Blood":0},{"Regal Pillow":3,"Golden Idol":3,"Black Blood":7,"Burning Blood":0},{"Regal Pillow":12,"Golden Idol":12,"Black Blood":43,"Burning Blood":0}]},"card_choices":[{"not_picked":["Headbutt","True Grit"],"picked":"Metallicize","floor":1.0},{"not_picked":["Second Wind","Ghostly Armor"],"picked":"Flame Barrier","floor":2.0},{"not_picked":["Body Slam","Clothesline","Thunderclap"],"picked":"SKIP","floor":4.0},{"not_picked":["Second Wind","Headbutt"],"picked":"Twin Strike","floor":12.0},{"not_picked":["Armaments","Combust","Iron Wave"],"picked":"SKIP","floor":13.0},{"not_picked":["Entrench","Dropkick","Shockwave"],"picked":"SKIP","floor":14.0},{"not_picked":["Barricade","Berserk"],"picked":"Juggernaut","floor":16.0},{"not_picked":["Uppercut+1","Dark Embrace+1"],"picked":"Iron Wave","floor":18.0},{"not_picked":["Clash","Pommel Strike"],"picked":"Inflame+1","floor":20.0}],"player_experience":0,"relics_obtained":[{"floor":9.0,"key":"Regal Pillow"}],"event_choices":[{"damage_healed":0.0,"max_hp_gain":0.0,"max_hp_loss":0.0,"gold_gain":75.0,"event_name":"World of Goop","player_choice":"Gather Gold","floor":3.0,"gold_loss":0.0,"damage_taken":11.0},{"damage_healed":0.0,"max_hp_gain":0.0,"max_hp_loss":6.0,"gold_gain":0.0,"event_name":"Golden Idol","player_choice":"Lose Max HP","floor":5.0,"gold_loss":0.0,"damage_taken":0.0,"relics_obtained":["Golden Idol"]},{"cards_removed":["Defend_R"],"damage_healed":0.0,"max_hp_gain":0.0,"max_hp_loss":0.0,"gold_gain":0.0,"event_name":"The Cleric","player_choice":"Card Removal","floor":10.0,"gold_loss":50.0,"damage_taken":0.0},{"damage_healed":0.0,"max_hp_gain":0.0,"max_hp_loss":0.0,"gold_gain":200.0,"event_name":"Wheel of Change","player_choice":"Gold","floor":19.0,"gold_loss":0.0,"damage_taken":0.0}],"is_beta":false,"boss_relics":[{"not_picked":["SacredBark","Runic Pyramid"],"picked":"Black Blood"}],"items_purged_floors":[7],"is_endless":false,"potions_floor_spawned":[4,16,18],"ascension_level":0}}