{"host":"wha9hktbkslqvblg","time":1609586062,"event":{"mods":["BaseMod","Colored Map","Minty Spire (QoL Compilation)","Relic Stats","SuperFastMode","everything is the same but u backflip on backflip"],"gold_per_floor":[111,111,111,111,36,36,53,87,114,114,14,14,25,53,53,53,53],"floor_reached":16,"playtime":199,"items_purged":["Strike_R","Strike_R"],"score":262,"play_id":"963b8074-8c26-4334-ac3c-ed44812129bb","local_time":"20210102201422","is_ascension_mode":true,"campfire_choices":[{"data":"Wild Strike","floor":6,"key":"SMITH"},{"data":"Power Through","floor":10,"key":"SMITH"},{"data":"Bash","floor":15,"key":"SMITH"}],"circlet_count":0,"master_deck":["AscendersBane","Strike_R","Strike_R","Defend_R","Defend_R","Defend_R","Defend_R","Bash+1","Wild Strike+1","Brutality","Power Through+1","Pommel Strike+1"],"relics":["Burning Blood","NeowsBlessing","Molten Egg 2","Bag of Preparation","Dream Catcher","Calipers"],"acts_visited":["Exordium"],"potions_floor_usage":[14],"damage_taken":[{"damage":0,"enemies":"Jaw Worm","floor":1,"turns":1},{"damage":0,"enemies":"Small Slimes","floor":7,"turns":2},{"damage":0,"enemies":"3 Sentries","floor":8,"turns":2},{"damage":1,"enemies":"Cultist","floor":13,"turns":3},{"damage":20,"enemies":"Lagavulin","floor":14,"turns":7},{"damage":54,"enemies":"Hexaghost","floor":16,"turns":9}],"seed_played":"3335796885863407625","potions_obtained":[{"floor":1,"key":"Explosive Potion"},{"floor":8,"key":"Weak Potion"}],"is_trial":false,"path_per_floor":["M","?","?","T","$","R","M","E","T","R","$","?","M","E","R","B"],"character_chosen":"IRONCLAD","items_purchased":[],"campfire_rested":0,"item_purchase_floors":[],"current_hp_per_floor":[74,74,74,74,74,74,75,75,75,75,75,75,75,61,61,7,7],"gold":53,"neow_bonus":"THREE_ENEMY_KILL","is_daily":false,"chose_seed":false,"campfire_upgraded":3,"win_rate":0.0,"timestamp":1609586062,"path_taken":["M","?","?","?","$","R","M","E","T","R","$","?","M","E","R","BOSS"],"items_purchased_type":[],"build_version":"2020-12-22","purchased_purges":2,"victory":false,"max_hp_per_floor":[75,75,75,75,75,75,75,75,75,75,75,75,75,75,75,75,75],"relic_stats":{"Dream Catcher":0,"counters":[6,24],"Bag of Preparation":[6],"obtain_stats":[{"Dream Catcher":12,"Calipers":14,"NeowsBlessing":0,"Molten Egg 2":4,"Bag of Preparation":8,"Burning Blood":0},{"Dream Catcher":3,"Calipers":5,"NeowsBlessing":0,"Molten Egg 2":1,"Bag of Preparation":3,"Burning Blood":0},{"Dream Catcher":5,"Calipers":15,"NeowsBlessing":0,"Molten Egg 2":1,"Bag of Preparation":5,"Burning Blood":0}],"Burning Blood":14},"card_choices":[{"not_picked":["Perfected Strike","Heavy Blade"],"picked":"Wild Strike","floor":1},{"not_picked":["Havoc","Flex","Clothesline+1"],"picked":"SKIP","floor":7},{"not_picked":["Body Slam+1","Twin Strike+1"],"picked":"Power Through","floor":8},{"not_picked":["Wild Strike+1","Exhume","Rupture"],"picked":"SKIP","floor":13},{"not_picked":["Clash+1","Inflame"],"picked":"Pommel Strike+1","floor":14}],"player_experience":925162,"relics_obtained":[{"floor":4,"key":"Molten Egg 2"},{"floor":8,"key":"Bag of Preparation"},{"floor":14,"key":"Calipers"}],"event_choices":[{"damage_healed":0,"gold_gain":0,"cards_transformed":["Strike_R"],"player_choice":"Change","damage_taken":0,"max_hp_gain":0,"max_hp_loss":0,"event_name":"Living Wall","floor":2,"gold_loss":0,"cards_obtained":["Brutality"]},{"damage_healed":0,"gold_gain":0,"player_choice":"Ignored","damage_taken":0,"max_hp_gain":0,"max_hp_loss":0,"event_name":"Liars Game","floor":3,"gold_loss":0},{"damage_healed":0,"gold_gain":0,"player_choice":"Gave Potion","damage_taken":0,"relics_obtained":["Dream Catcher"],"max_hp_gain":0,"max_hp_loss":0,"event_name":"WeMeetAgain","floor":12,"gold_loss":0}],"is_beta":false,"boss_relics":[],"items_purged_floors":[5,11],"is_endless":false,"potions_floor_spawned":[1,8],"killed_by":"Hexaghost","ascension_level":20}}