{"host":"ga4s3hj9m6nkn6gp","time":1609598274,"event":{"mods":["BaseMod","Colored Powertips","Minty Spire (QoL Compilation)","Relic Stats"],"gold_per_floor":[114,129,144,144,159,159,159,189,189,204,234,84,99,114,114,214,214,229,229,328,343,43,73,88,103,178,193,223,223,253,883,883,983,983,998,298,313,13,28,58,58,58,83,98,113,113,0,0,0,0],"floor_reached":51,"playtime":1731,"items_purged":[],"score":1024,"play_id":"878784f9-4013-480a-bd0a-db98f397a1de","local_time":"20210102153754","daily_mods":["Insanity","Time Dilation","Binary"],"is_ascension_mode":false,"campfire_choices":[{"data":"Demon Form","floor":6.0,"key":"SMITH"},{"data":"Flex","floor":15.0,"key":"SMITH"},{"floor":29.0,"key":"DIG"},{"floor":32,"key":"DIG"},{"floor":41,"key":"DIG"},{"floor":49,"key":"DIG"}],"circlet_count":0,"master_deck":["Uppercut+1","Shrug It Off+1","Anger+1","Perfected Strike+1","Headbutt+1","Flame Barrier+1","Armaments+1","Sentinel+1","Heavy Blade+1","Havoc+1","Rage+1","Dropkick+1","Cleave+1","Havoc+1","Dark Embrace+1","Twin Strike+1","Battle Trance+1","Bloodletting+1","Twin Strike+1","Cleave+1","Inflame+1","True Grit+1","Burning Pact+1","Searing Blow+1","Spot Weakness+1","Bloodletting+1","Twin Strike+1","Twin Strike+1","Heavy Blade+1","True Grit+1","Warcry+1","True Grit+1","Cleave+1","Searing Blow+1","Shrug It Off+1","Body Slam+1","Thunderclap+1","Wild Strike+1","Havoc+1","Flex+1","Dual Wield+1","Wild Strike+1","Sentinel+1","Clothesline+1","Perfected Strike+1","Anger+1","Flex+1","Rampage+1","Warcry+1","Clash+1","Perfected Strike+1","Twin Strike+1","Headbutt+1","Demon Form+1","Perfected Strike+1","Shockwave+1","Thunderclap+1","Cleave+1","Cleave+1","Flex+1","Body Slam+1","Pummel+1","Demon Form+1"],"relics":["Burning Blood","Kunai","Bag of Preparation","Pear","Happy Flower","Orrery","Busted Crown","Shovel","Smiling Mask","Shuriken","Strawberry","Turnip","Bronze Scales","Lantern","Black Star","Paper Frog","Unceasing Top","Cauldron","Membership Card","CaptainsWheel","Ornamental Fan","Centennial Puzzle","War Paint","Vajra","Mark of the Bloom","Red Mask","Bottled Flame"],"acts_visited":["Exordium","TheCity","TheBeyond"],"potions_floor_usage":[30,33,36,45,50,50],"damage_taken":[{"damage":0.0,"enemies":"Cultist","floor":1.0,"turns":3.0},{"damage":0.0,"enemies":"Jaw Worm","floor":2.0,"turns":2.0},{"damage":0.0,"enemies":"2 Louse","floor":3.0,"turns":2.0},{"damage":5.0,"enemies":"Blue Slaver","floor":5.0,"turns":3.0},{"damage":20.0,"enemies":"Gremlin Nob","floor":8.0,"turns":4.0},{"damage":0.0,"enemies":"2 Fungi Beasts","floor":10.0,"turns":2.0},{"damage":21.0,"enemies":"Lagavulin","floor":11.0,"turns":5.0},{"damage":0.0,"enemies":"Lots of Slimes","floor":13.0,"turns":1.0},{"damage":0.0,"enemies":"Looter","floor":14.0,"turns":1.0},{"damage":45.0,"enemies":"Hexaghost","floor":16.0,"turns":5.0},{"damage":1.0,"enemies":"2 Thieves","floor":18.0,"turns":2.0},{"damage":5.0,"enemies":"Shell Parasite","floor":21.0,"turns":2.0},{"damage":10.0,"enemies":"Slavers","floor":23.0,"turns":2.0},{"damage":0.0,"enemies":"Centurion and Healer","floor":24.0,"turns":4.0},{"damage":10.0,"enemies":"Sentry and Sphere","floor":25.0,"turns":3.0},{"damage":0.0,"enemies":"Snake Plant","floor":27.0,"turns":1.0},{"damage":9.0,"enemies":"Gremlin Leader","floor":28.0,"turns":2.0},{"damage":0,"enemies":"Slavers","floor":30,"turns":2},{"damage":49,"enemies":"Collector","floor":33,"turns":6},{"damage":13,"enemies":"Orb Walker","floor":35,"turns":3},{"damage":0,"enemies":"3 Darklings","floor":37,"turns":4},{"damage":3,"enemies":"Spire Growth","floor":39,"turns":2},{"damage":45,"enemies":"Nemesis","floor":40,"turns":5},{"damage":53,"enemies":"Transient","floor":44,"turns":5},{"damage":2,"enemies":"Sphere and 2 Shapes","floor":45,"turns":3},{"damage":13,"enemies":"Donu and Deca","floor":50,"turns":6}],"seed_played":"-4486375853315586652","potions_obtained":[{"floor":1.0,"key":"SmokeBomb"},{"floor":2.0,"key":"Weak Potion"},{"floor":5.0,"key":"Fire Potion"},{"floor":16.0,"key":"SneckoOil"},{"floor":21.0,"key":"DistilledChaos"},{"floor":27.0,"key":"CultistPotion"},{"floor":30,"key":"FairyPotion"},{"floor":36,"key":"BloodPotion"},{"floor":36,"key":"HeartOfIron"},{"floor":36,"key":"Dexterity Potion"},{"floor":39,"key":"SteroidPotion"}],"is_trial":false,"path_per_floor":["M","M","M","?","M","R","T","E","T","M","E","$","M","M","R","B",null,"M","?","?","M","$","E","M","M","T","M","E","R","E","?","R","B",null,"M","$","M","$","M","E","R","$","T","M","M","?","?","?","R","B",null],"character_chosen":"IRONCLAD","items_purchased":["Orrery","Shovel","Paper Frog","Unceasing Top","Cauldron","Membership Card","CaptainsWheel"],"campfire_rested":0,"item_purchase_floors":[12,22,36,36,36,38,38],"current_hp_per_floor":[80,80,80,64,65,65,65,51,61,67,52,52,58,64,64,25,90,90,90,90,90,90,86,90,86,86,90,94,94,97,28,28,25,97,90,97,97,97,97,58,58,58,58,11,15,15,15,15,15,2],"gold":0,"neow_bonus":"","is_daily":true,"chose_seed":false,"campfire_upgraded":2,"win_rate":0.0,"timestamp":1609598274,"path_taken":["M","?","M","?","M","R","?","E","T","M","E","$","M","M","R","BOSS","M","?","?","M","?","E","M","M","T","M","E","R","E","?","R","BOSS","M","$","M","$","M","E","R","?","T","M","M","?","?","?","R","BOSS"],"items_purchased_type":["Relic","Relic","Relic","Relic","Relic","Relic","Relic"],"build_version":"2020-12-22","purchased_purges":0,"victory":true,"max_hp_per_floor":[80,80,80,80,80,80,80,80,90,90,90,90,90,90,90,90,90,90,90,90,90,90,90,90,90,90,90,97,97,97,97,97,97,97,97,97,97,97,97,97,97,97,97,97,97,97,97,97,97,97],"relic_stats":{"Mark of the Bloom":6,"Happy Flower":[19],"counters":[26,80],"Bag of Preparation":[42],"War Paint":["Flex","Shrug It Off"],"Smiling Mask":0,"Burning Blood":110,"Centennial Puzzle":[9],"Busted Crown":34,"Shovel":4,"Shuriken":[22],"Ornamental Fan":[36],"Bronze Scales":[70],"Turnip":[8],"Black Star":1,"Kunai":[36],"obtain_stats":[{"Lantern":32,"Mark of the Bloom":46,"Vajra":43,"Bag of Preparation":8,"Smiling Mask":23,"Burning Blood":0,"Centennial Puzzle":40,"Shovel":22,"Strawberry":28,"Red Mask":47,"Kunai":7,"Paper Frog":36,"Pear":9,"Happy Flower":11,"War Paint":41,"Cauldron":36,"CaptainsWheel":38,"Bottled Flame":49,"Busted Crown":17,"Shuriken":26,"Ornamental Fan":40,"Bronze Scales":30,"Orrery":12,"Turnip":29,"Black Star":34,"Membership Card":38,"Unceasing Top":36},{"Lantern":18,"Mark of the Bloom":25,"Vajra":23,"Bag of Preparation":5,"Smiling Mask":13,"Burning Blood":0,"Centennial Puzzle":23,"Shovel":12,"Strawberry":17,"Red Mask":25,"Kunai":4,"Paper Frog":20,"Pear":5,"Happy Flower":7,"War Paint":23,"Cauldron":20,"CaptainsWheel":21,"Bottled Flame":25,"Busted Crown":10,"Shuriken":15,"Ornamental Fan":23,"Bronze Scales":18,"Orrery":7,"Turnip":17,"Black Star":19,"Membership Card":21,"Unceasing Top":20},{"Lantern":46,"Mark of the Bloom":74,"Vajra":66,"Bag of Preparation":14,"Smiling Mask":34,"Burning Blood":0,"Centennial Puzzle":66,"Shovel":32,"Strawberry":44,"Red Mask":74,"Kunai":10,"Paper Frog":55,"Pear":14,"Happy Flower":21,"War Paint":66,"Cauldron":55,"CaptainsWheel":59,"Bottled Flame":74,"Busted Crown":28,"Shuriken":41,"Ornamental Fan":66,"Bronze Scales":46,"Orrery":21,"Turnip":44,"Black Star":52,"Membership Card":59,"Unceasing Top":55}],"Unceasing Top":[10]},"card_choices":[{"not_picked":["Warcry"],"picked":"Perfected Strike","floor":1.0},{"not_picked":["Sentinel"],"picked":"Twin Strike","floor":2.0},{"not_picked":["Cleave"],"picked":"Headbutt","floor":3.0},{"not_picked":["Clothesline"],"picked":"Demon Form","floor":5.0},{"not_picked":["Flame Barrier","Heavy Blade"],"picked":"SKIP","floor":8.0},{"not_picked":["Inflame"],"picked":"Perfected Strike","floor":10.0},{"not_picked":["Armaments"],"picked":"Shockwave","floor":11.0},{"not_picked":["Armaments"],"picked":"Thunderclap","floor":12.0},{"not_picked":["True Grit"],"picked":"Cleave","floor":12.0},{"not_picked":["Clothesline"],"picked":"Cleave","floor":12.0},{"not_picked":["Headbutt"],"picked":"Flex","floor":12.0},{"not_picked":["Rage"],"picked":"Body Slam","floor":12.0},{"not_picked":["Twin Strike"],"picked":"Pummel","floor":13.0},{"not_picked":["Carnage","Shockwave"],"picked":"SKIP","floor":14.0},{"not_picked":["Double Tap"],"picked":"Demon Form","floor":16.0}],"player_experience":547201,"relics_obtained":[{"floor":7.0,"key":"Kunai"},{"floor":8.0,"key":"Bag of Preparation"},{"floor":9.0,"key":"Pear"},{"floor":11.0,"key":"Happy Flower"},{"floor":23.0,"key":"Smiling Mask"},{"floor":26.0,"key":"Shuriken"},{"floor":28.0,"key":"Strawberry"},{"floor":29.0,"key":"Turnip"},{"floor":30,"key":"Bronze Scales"},{"floor":32,"key":"Lantern"},{"floor":40,"key":"Ornamental Fan"},{"floor":40,"key":"Centennial Puzzle"},{"floor":41,"key":"War Paint"},{"floor":43,"key":"Vajra"},{"floor":49,"key":"Bottled Flame"}],"event_choices":[{"damage_healed":0.0,"max_hp_gain":0.0,"max_hp_loss":0.0,"gold_gain":0.0,"event_name":"Shining Light","player_choice":"Entered Light","floor":4.0,"gold_loss":0.0,"damage_taken":16.0,"cards_upgraded":["Perfected Strike","Havoc"]},{"damage_healed":0.0,"max_hp_gain":0.0,"max_hp_loss":0.0,"gold_gain":0.0,"event_name":"Beggar","player_choice":"Ignored","floor":19.0,"gold_loss":0.0,"damage_taken":0.0},{"damage_healed":0.0,"max_hp_gain":0.0,"max_hp_loss":0.0,"gold_gain":99.0,"event_name":"Nest","player_choice":"Stole From Cult","floor":20.0,"gold_loss":0.0,"damage_taken":0.0},{"damage_healed":0,"gold_gain":630,"player_choice":"GOLD GOLD GOLD GOLD GOLD GOLD GOLD ","damage_taken":69,"max_hp_gain":0,"max_hp_loss":0,"event_name":"Knowing Skull","floor":31,"potions_obtained":[],"gold_loss":0,"cards_obtained":[]},{"damage_healed":0,"gold_gain":0,"player_choice":"Upgrade","damage_taken":0,"relics_obtained":["Mark of the Bloom"],"max_hp_gain":0,"max_hp_loss":0,"event_name":"MindBloom","floor":46,"gold_loss":0,"cards_upgraded":["Uppercut","Anger","Perfected Strike","Headbutt","Flame Barrier","Armaments","Sentinel","Heavy Blade","Rage","Dropkick","Cleave","Havoc","Dark Embrace","Twin Strike","Battle Trance","Bloodletting","Twin Strike","Cleave","Inflame","True Grit","Burning Pact","Searing Blow","Spot Weakness","Bloodletting","Twin Strike","Twin Strike","Heavy Blade","True Grit","Warcry","True Grit","Cleave","Searing Blow","Shrug It Off","Body Slam","Thunderclap","Wild Strike","Havoc","Dual Wield","Wild Strike","Sentinel","Clothesline","Perfected Strike","Anger","Rampage","Warcry","Clash","Twin Strike","Headbutt","Perfected Strike","Shockwave","Thunderclap","Cleave","Cleave","Flex","Body Slam","Pummel","Demon Form"]},{"damage_healed":0,"gold_gain":0,"player_choice":"Paid","damage_taken":0,"relics_obtained":["Red Mask"],"max_hp_gain":0,"max_hp_loss":0,"event_name":"Tomb of Lord Red Mask","floor":47,"gold_loss":113},{"damage_healed":0,"gold_gain":0,"player_choice":"Memory 1","damage_taken":0,"max_hp_gain":0,"max_hp_loss":0,"event_name":"SensoryStone","floor":48,"gold_loss":0}],"is_beta":false,"boss_relics":[{"not_picked":["Cursed Key","Sozu"],"picked":"Busted Crown"},{"not_picked":["Calling Bell","SlaversCollar"],"picked":"Black Star"}],"items_purged_floors":[],"is_endless":false,"potions_floor_spawned":[1,2,5,11,16,21,25,27,30,39,40,44],"ascension_level":0}}