{"host":"f5n4tidiz2n5sooh","time":1609565920,"event":{"mods":["BaseMod","Bestiary","Colored Map","Minty Spire (QoL Compilation)","Relic Stats","StSLib"],"gold_per_floor":[13,32,46,71,71,71,99,109,109,139,139,172,182,182,182,256,256,276,291,216,216,227,227,257,257,311,337,252,280,304,316,328,340,340],"floor_reached":33,"playtime":1080,"items_purged":[],"score":760,"play_id":"c96decd3-e840-44f2-af75-aa8bce4c8dfd","local_time":"20210101233840","is_ascension_mode":true,"campfire_choices":[{"data":"Bash","floor":6.0,"key":"SMITH"},{"data":"Flame Barrier","floor":11.0,"key":"SMITH"},{"data":"Inflame","floor":15.0,"key":"SMITH"},{"data":"Shockwave","floor":23.0,"key":"SMITH"},{"data":"Pommel Strike","floor":25,"key":"SMITH"},{"data":"Impervious","floor":32,"key":"SMITH"}],"circlet_count":0,"master_deck":["AscendersBane","Strike_R","Strike_R","Strike_R","Defend_R","Defend_R","Defend_R","Defend_R","Bash+1","Corruption","Twin Strike","Pommel Strike+1","Cleave","Flame Barrier+1","Second Wind","Pummel","Inflame+1","Impervious+1","Shockwave+1","True Grit+1","Spot Weakness"],"relics":["Burning Blood","Anchor","Ancient Tea Set","StrikeDummy","Bottled Lightning","Vajra","Meat on the Bone","Coffee Dripper","MutagenicStrength","Bag of Preparation","Regal Pillow","TungstenRod","MawBank"],"acts_visited":["Exordium","TheCity"],"potions_floor_usage":[24,24,33],"damage_taken":[{"damage":6.0,"enemies":"Cultist","floor":1.0,"turns":3.0},{"damage":13.0,"enemies":"2 Louse","floor":2.0,"turns":2.0},{"damage":9.0,"enemies":"Jaw Worm","floor":3.0,"turns":4.0},{"damage":31.0,"enemies":"Gremlin Nob","floor":7.0,"turns":4.0},{"damage":3.0,"enemies":"Blue Slaver","floor":8.0,"turns":2.0},{"damage":25.0,"enemies":"Lagavulin","floor":10.0,"turns":4.0},{"damage":0.0,"enemies":"3 Sentries","floor":12.0,"turns":6.0},{"damage":2.0,"enemies":"Large Slime","floor":13.0,"turns":3.0},{"damage":0.0,"enemies":"Slime Boss","floor":16.0,"turns":8.0},{"damage":19.0,"enemies":"Spheric Guardian","floor":18.0,"turns":4.0},{"damage":7.0,"enemies":"Shell Parasite","floor":19.0,"turns":4.0},{"damage":30.0,"enemies":"Sentry and Sphere","floor":22.0,"turns":5.0},{"damage":3,"enemies":"Book of Stabbing","floor":24,"turns":4},{"damage":27,"enemies":"Slavers","floor":27,"turns":5},{"damage":0,"enemies":"Snecko","floor":29,"turns":3},{"damage":0,"enemies":"Centurion and Healer","floor":30,"turns":4},{"damage":53,"enemies":"Collector","floor":33,"turns":7}],"seed_played":"3022061688851011203","potions_obtained":[{"floor":2.0,"key":"GamblersBrew"},{"floor":3.0,"key":"LiquidBronze"},{"floor":8.0,"key":"AttackPotion"},{"floor":13.0,"key":"Dexterity Potion"},{"floor":16.0,"key":"EssenceOfSteel"},{"floor":18.0,"key":"ColorlessPotion"},{"floor":22.0,"key":"Block Potion"},{"floor":24,"key":"SpeedPotion"},{"floor":29,"key":"AttackPotion"}],"is_trial":false,"path_per_floor":["M","M","M","T","?","R","E","M","T","E","R","E","M","T","R","B",null,"M","M","?","?","M","R","E","R","T","E","?","M","M","?","R","B"],"character_chosen":"IRONCLAD","items_purchased":[],"campfire_rested":0,"item_purchase_floors":[],"current_hp_per_floor":[68,61,58,58,63,63,38,41,41,22,22,28,32,32,32,50,73,60,59,59,59,47,47,50,50,50,41,41,47,53,53,53,0,0],"gold":340,"neow_bonus":"THREE_RARE_CARDS","is_daily":false,"chose_seed":false,"campfire_upgraded":6,"win_rate":0.0,"timestamp":1609565920,"path_taken":["M","M","M","?","?","R","E","M","T","E","R","E","M","?","R","BOSS","M","M","?","?","M","R","E","R","T","E","?","M","M","?","R","BOSS"],"items_purchased_type":[],"build_version":"2020-12-22","purchased_purges":0,"victory":false,"max_hp_per_floor":[75,75,75,75,80,80,80,80,80,80,80,80,80,80,80,80,80,80,80,80,80,80,80,80,80,80,80,80,80,80,80,80,80,80],"relic_stats":{"Regal Pillow":0,"counters":[17,72],"Bag of Preparation":[8],"MawBank":60,"obtain_stats":[{"Regal Pillow":26,"Vajra":12,"Bag of Preparation":24,"Ancient Tea Set":7,"MawBank":28,"Burning Blood":0,"Anchor":4,"MutagenicStrength":21,"Coffee Dripper":17,"Bottled Lightning":10,"StrikeDummy":9,"TungstenRod":27,"Meat on the Bone":14},{"Regal Pillow":13,"Vajra":7,"Bag of Preparation":13,"Ancient Tea Set":4,"MawBank":14,"Burning Blood":0,"Anchor":3,"MutagenicStrength":11,"Coffee Dripper":9,"Bottled Lightning":6,"StrikeDummy":5,"TungstenRod":14,"Meat on the Bone":8},{"Regal Pillow":53,"Vajra":25,"Bag of Preparation":53,"Ancient Tea Set":13,"MawBank":58,"Burning Blood":0,"Anchor":9,"MutagenicStrength":44,"Coffee Dripper":36,"Bottled Lightning":19,"StrikeDummy":15,"TungstenRod":58,"Meat on the Bone":28}],"Burning Blood":96,"TungstenRod":5,"Meat on the Bone":36},"card_choices":[{"not_picked":["Juggernaut","Berserk"],"picked":"Corruption","floor":0.0},{"not_picked":["Thunderclap","Power Through"],"picked":"Twin Strike","floor":1.0},{"not_picked":["Searing Blow","Combust"],"picked":"Pommel Strike","floor":2.0},{"not_picked":["Dropkick","Evolve","Intimidate"],"picked":"SKIP","floor":3.0},{"not_picked":["Brutality","Perfected Strike"],"picked":"Cleave","floor":7.0},{"not_picked":["Inflame","Ghostly Armor"],"picked":"Flame Barrier","floor":8.0},{"not_picked":["Whirlwind","Seeing Red"],"picked":"Second Wind","floor":10.0},{"not_picked":["Seeing Red","Body Slam"],"picked":"Pummel","floor":12.0},{"not_picked":["Body Slam","Thunderclap"],"picked":"Inflame","floor":13.0},{"not_picked":["Exhume","Bludgeon"],"picked":"Impervious","floor":16.0},{"not_picked":["Clothesline","Wild Strike"],"picked":"Shockwave","floor":18.0},{"not_picked":["Anger","Warcry","Iron Wave"],"picked":"SKIP","floor":19.0},{"not_picked":["Havoc","Wild Strike+1"],"picked":"True Grit+1","floor":22.0},{"not_picked":["Warcry","Flex","Havoc"],"picked":"SKIP","floor":24},{"not_picked":["Flex","Iron Wave","True Grit"],"picked":"SKIP","floor":27},{"not_picked":["Evolve+1","Blood for Blood","Clash"],"picked":"SKIP","floor":29},{"not_picked":["Iron Wave","Clash"],"picked":"Spot Weakness","floor":30}],"player_experience":1959683,"relics_obtained":[{"floor":4.0,"key":"Anchor"},{"floor":7.0,"key":"Ancient Tea Set"},{"floor":9.0,"key":"StrikeDummy"},{"floor":10.0,"key":"Bottled Lightning"},{"floor":12.0,"key":"Vajra"},{"floor":14.0,"key":"Meat on the Bone"},{"floor":24,"key":"Bag of Preparation"},{"floor":26,"key":"Regal Pillow"},{"floor":27,"key":"TungstenRod"}],"event_choices":[{"damage_healed":0.0,"max_hp_gain":5.0,"max_hp_loss":0.0,"gold_gain":0.0,"event_name":"Big Fish","player_choice":"Donut","floor":5.0,"gold_loss":0.0,"damage_taken":0.0},{"cards_removed":["Strike_R"],"damage_healed":0.0,"max_hp_gain":0.0,"max_hp_loss":0.0,"gold_gain":0.0,"event_name":"Beggar","player_choice":"Gave Gold","floor":20.0,"gold_loss":75.0,"damage_taken":0.0},{"damage_healed":0.0,"max_hp_gain":0.0,"max_hp_loss":0.0,"gold_gain":0.0,"event_name":"Drug Dealer","player_choice":"Inject Mutagens","floor":21.0,"gold_loss":0.0,"damage_taken":0.0,"relics_obtained":["MutagenicStrength"]},{"damage_healed":0,"gold_gain":0,"player_choice":"Obtained Relic","damage_taken":0,"relics_obtained":["MawBank"],"max_hp_gain":0,"max_hp_loss":0,"event_name":"Addict","floor":28,"gold_loss":85},{"cards_removed":["Strike_R"],"damage_healed":0,"gold_gain":0,"player_choice":"Purged","damage_taken":0,"max_hp_gain":0,"max_hp_loss":0,"event_name":"Purifier","floor":31,"gold_loss":0}],"is_beta":false,"boss_relics":[{"not_picked":["Astrolabe","Runic Dome"],"picked":"Coffee Dripper"}],"items_purged_floors":[],"is_endless":false,"potions_floor_spawned":[2,3,8,13,16,18,22,24,29],"killed_by":"Collector","ascension_level":20}}