{"host":"baymyijz6sxaqj5s","time":1609595339,"event":{"mods":["AchievementEnabler","BaseMod","Colored Map","Colored Powertips","DeckTracker","Highlight Path","KOR Keyword Fix","Keyboard Shortcuts","Minty Spire (QoL Compilation)","Quick Restart","StSLib","SuperFastMode"],"gold_per_floor":[113,78,78,91,104,104,114,129,154,154,173,99,129,139,139,241,241,254,254,264,264,274,302,302,302,302,302,320,320,332,349,349,452,452,471,482,17,17,27,27,27,27,51,101,120,138,138,151,151,151,151],"floor_reached":50,"playtime":2207,"items_purged":["Strike_B+1"],"score":483,"play_id":"052b8728-97f8-4645-a050-5dc52f0c5875","local_time":"20210102224859","is_ascension_mode":false,"campfire_choices":[{"data":"Dualcast","floor":6,"key":"SMITH"},{"data":"Electrodynamics","floor":15,"key":"SMITH"},{"floor":24,"key":"REST"},{"floor":27,"key":"REST"},{"floor":32,"key":"REST"},{"data":"Rainbow","floor":40,"key":"SMITH"},{"data":"Capacitor","floor":42,"key":"SMITH"},{"data":"Leap","floor":47,"key":"SMITH"},{"data":"Chaos","floor":49,"key":"SMITH"}],"circlet_count":0,"master_deck":["Strike_B+1","Defend_B+1","Defend_B+1","Defend_B+1","Defend_B+1","Zap","Dualcast+1","Conserve Battery","Compile Driver","Coolheaded","Defragment","Electrodynamics+1","Capacitor+1","Leap+1","Machine Learning","Chaos+1","Doom and Gloom","Steam+1","Skim+1","Defragment+1","Rainbow+1","Sweeping Beam+1","Multi-Cast","Self Repair+1","The Bomb","Redo+1","Darkness+1"],"relics":["FrozenCore","Orichalcum","Nuclear Battery","Bag of Marbles","Sundial","Matryoshka","Lee\u0027s Waffle","White Beast Statue","Toy Ornithopter","Gambling Chip"],"acts_visited":["Exordium","TheCity","TheBeyond"],"potions_floor_usage":[11,23,23,33,33,35,44,46,46,50,50],"damage_taken":[{"damage":12,"enemies":"Small Slimes","floor":1,"turns":5},{"damage":0,"enemies":"Cultist","floor":4,"turns":4},{"damage":0,"enemies":"2 Louse","floor":5,"turns":2},{"damage":2,"enemies":"Blue Slaver","floor":7,"turns":4},{"damage":0,"enemies":"Large Slime","floor":8,"turns":6},{"damage":8,"enemies":"3 Louse","floor":11,"turns":2},{"damage":0,"enemies":"Looter","floor":14,"turns":3},{"damage":54,"enemies":"Hexaghost","floor":16,"turns":12},{"damage":2,"enemies":"3 Byrds","floor":18,"turns":5},{"damage":2,"enemies":"Shell Parasite","floor":20,"turns":6},{"damage":27,"enemies":"Cultist and Chosen","floor":22,"turns":7},{"damage":38,"enemies":"Gremlin Leader","floor":23,"turns":7},{"damage":0,"enemies":"Shelled Parasite and Fungi","floor":28,"turns":8},{"damage":1,"enemies":"Centurion and Healer","floor":30,"turns":7},{"damage":10,"enemies":"Chosen and Byrds","floor":31,"turns":7},{"damage":21,"enemies":"Collector","floor":33,"turns":9},{"damage":33,"enemies":"3 Shapes","floor":35,"turns":5},{"damage":0,"enemies":"Orb Walker","floor":36,"turns":4},{"damage":1,"enemies":"Spire Growth","floor":39,"turns":7},{"damage":26,"enemies":"Mind Bloom Boss Battle","floor":44,"turns":9},{"damage":4,"enemies":"3 Darklings","floor":45,"turns":3},{"damage":12,"enemies":"Writhing Mass","floor":46,"turns":8},{"damage":0,"enemies":"4 Shapes","floor":48,"turns":3},{"damage":106,"enemies":"Awakened One","floor":50,"turns":16}],"seed_played":"1435651474237726037","potions_obtained":[{"floor":8,"key":"Explosive Potion"},{"floor":11,"key":"FocusPotion"},{"floor":16,"key":"SmokeBomb"},{"floor":22,"key":"Swift Potion"},{"floor":23,"key":"FocusPotion"},{"floor":31,"key":"Dexterity Potion"},{"floor":33,"key":"EssenceOfSteel"},{"floor":39,"key":"SkillPotion"},{"floor":44,"key":"Dexterity Potion"},{"floor":45,"key":"Fire Potion"},{"floor":46,"key":"FocusPotion"},{"floor":48,"key":"Ancient Potion"}],"is_trial":false,"path_per_floor":["M","?","?","M","M","R","M","M","T","?","M","$","?","M","R","B",null,"M","?","M","?","M","E","R","?","T","R","M","?","M","M","R","B",null,"M","M","$","?","M","R","?","R","T","?","M","M","R","M","R","B"],"character_chosen":"DEFECT","items_purchased":["Capacitor","Matryoshka","Lee\u0027s Waffle"],"campfire_rested":3,"item_purchase_floors":[12,37,37],"current_hp_per_floor":[70,82,82,82,82,82,80,80,80,85,77,77,77,77,77,23,87,85,85,83,83,56,18,44,44,44,70,70,70,69,59,85,64,87,54,54,94,94,93,93,93,93,93,78,84,92,92,92,92,0,0],"gold":151,"neow_bonus":"TEN_PERCENT_HP_BONUS","is_daily":false,"chose_seed":false,"campfire_upgraded":6,"win_rate":0.0,"timestamp":1609595339,"path_taken":["M","?","?","M","M","R","?","M","T","?","M","$","?","M","R","BOSS","M","?","M","?","M","E","R","?","T","R","M","?","M","M","R","BOSS","M","M","$","?","?","R","?","R","T","?","M","M","R","M","R","BOSS"],"items_purchased_type":["Card","Relic","Relic"],"build_version":"2020-12-22","purchased_purges":1,"victory":false,"max_hp_per_floor":[82,82,82,82,82,82,82,82,82,87,87,87,87,87,87,87,87,87,87,87,87,87,87,87,87,87,87,87,87,87,87,87,87,87,87,87,94,94,94,94,94,94,94,94,94,94,94,94,94,94,94],"card_choices":[{"not_picked":["Streamline","Gash","Steam Power"],"picked":"SKIP","floor":1},{"not_picked":["Coolheaded","Sweeping Beam"],"picked":"Conserve Battery","floor":4},{"not_picked":["Barrage","Aggregate"],"picked":"Compile Driver","floor":5},{"not_picked":["Beam Cell","Tempest"],"picked":"Coolheaded","floor":7},{"not_picked":["Chill","Hologram"],"picked":"Defragment","floor":8},{"not_picked":["Gash","Sweeping Beam"],"picked":"Electrodynamics","floor":11},{"not_picked":["Turbo","Rip and Tear"],"picked":"Leap","floor":14},{"not_picked":["Echo Form","Reboot"],"picked":"Machine Learning","floor":16},{"not_picked":["Compile Driver","Ball Lightning","Undo"],"picked":"SKIP","floor":18},{"not_picked":["Melter+1","Conserve Battery"],"picked":"Chaos","floor":20},{"not_picked":["Sweeping Beam","Steam Power"],"picked":"Steam+1","floor":22},{"not_picked":["Reprogram","Steam Power"],"picked":"Skim+1","floor":23},{"not_picked":["Hologram","Skim","Steam"],"picked":"SKIP","floor":28},{"not_picked":["Skim+1","Gash"],"picked":"Defragment+1","floor":30},{"not_picked":["Steam","Conserve Battery+1"],"picked":"Rainbow","floor":31},{"not_picked":["Gash+1","Rebound+1","Beam Cell+1"],"picked":"SKIP","floor":35},{"not_picked":["Leap","Loop"],"picked":"Sweeping Beam+1","floor":36},{"not_picked":["Glacier","Fusion+1"],"picked":"Self Repair+1","floor":39},{"not_picked":["HandOfGreed","Secret Weapon"],"picked":"The Bomb","floor":41},{"not_picked":["Streamline","Ball Lightning+1"],"picked":"Redo+1","floor":44},{"not_picked":["BootSequence+1","Steam+1","Cold Snap+1"],"picked":"SKIP","floor":45},{"not_picked":["Stack","Heatsinks"],"picked":"Darkness+1","floor":46},{"not_picked":["Defragment","Compile Driver","Turbo"],"picked":"SKIP","floor":48}],"player_experience":287897,"relics_obtained":[{"floor":9,"key":"Orichalcum"},{"floor":23,"key":"Bag of Marbles"},{"floor":26,"key":"Sundial"},{"floor":43,"key":"White Beast Statue"},{"floor":43,"key":"Toy Ornithopter"},{"floor":44,"key":"Gambling Chip"}],"event_choices":[{"damage_healed":20,"gold_gain":0,"player_choice":"Healed","damage_taken":0,"max_hp_gain":0,"max_hp_loss":0,"event_name":"The Cleric","floor":2,"gold_loss":35},{"cards_removed":["Strike_B"],"damage_healed":0,"gold_gain":0,"player_choice":"Purged","damage_taken":0,"max_hp_gain":0,"max_hp_loss":0,"event_name":"Purifier","floor":3,"gold_loss":0},{"damage_healed":0,"gold_gain":0,"player_choice":"Donut","damage_taken":0,"max_hp_gain":5,"max_hp_loss":0,"event_name":"Big Fish","floor":10,"gold_loss":0},{"damage_healed":0,"gold_gain":30,"player_choice":"Searched \u00272\u0027 times","damage_taken":0,"max_hp_gain":0,"max_hp_loss":0,"event_name":"Dead Adventurer","floor":13,"gold_loss":0},{"damage_healed":0,"gold_gain":0,"player_choice":"Ignored","damage_taken":0,"max_hp_gain":0,"max_hp_loss":0,"event_name":"Vampires","floor":19,"gold_loss":0},{"damage_healed":0,"gold_gain":0,"player_choice":"Read","damage_taken":0,"max_hp_gain":0,"max_hp_loss":0,"event_name":"The Library","floor":21,"gold_loss":0,"cards_obtained":["Doom and Gloom"]},{"damage_healed":0,"gold_gain":0,"player_choice":"Simplicity","damage_taken":0,"max_hp_gain":0,"max_hp_loss":0,"event_name":"Back to Basics","floor":25,"gold_loss":0,"cards_upgraded":["Strike_B","Strike_B","Strike_B","Defend_B","Defend_B","Defend_B","Defend_B"]},{"damage_healed":0,"gold_gain":0,"player_choice":"Ignored","damage_taken":0,"max_hp_gain":0,"max_hp_loss":0,"event_name":"The Mausoleum","floor":29,"gold_loss":0},{"damage_healed":0,"gold_gain":0,"cards_transformed":["Strike_B"],"player_choice":"Transformed","damage_taken":0,"max_hp_gain":0,"max_hp_loss":0,"event_name":"Transmorgrifier","floor":38,"gold_loss":0,"cards_obtained":["Multi-Cast"]},{"damage_healed":0,"gold_gain":0,"player_choice":"Memory 1","damage_taken":0,"max_hp_gain":0,"max_hp_loss":0,"event_name":"SensoryStone","floor":41,"gold_loss":0},{"damage_healed":0,"gold_gain":0,"player_choice":"Fight","damage_taken":0,"max_hp_gain":0,"max_hp_loss":0,"event_name":"MindBloom","floor":44,"gold_loss":0}],"is_beta":false,"boss_relics":[{"not_picked":["Black Star","Sozu"],"picked":"Nuclear Battery"},{"not_picked":["Runic Dome","Runic Pyramid"],"picked":"FrozenCore"}],"items_purged_floors":[37],"is_endless":false,"potions_floor_spawned":[8,11,16,22,23,31,33,39,44,45,46,48],"killed_by":"Awakened One","ascension_level":0}}