{"host":"yecadp3kwkksam5a","time":1609605013,"event":{"mods":["Arknights The Spire","BaseMod","Minty Spire (QoL Compilation)","StSLib","The Hierophant"],"gold_per_floor":[713,734,526,542,569,610,610,624,647,647,683,683,683,428,428,524,524,544,565,593,341,341,341,389,161,161,211,249,42,90,117,117,216,216,239,151,174,192,217,217,252,199,252,252,272,330,349,402,402,402,402,402,402,139,193,193],"floor_reached":57,"playtime":2170,"items_purged":["Wraith Form v2+1","Dodge and Roll+1","Cloak And Dagger+1","Wraith Form v2+1","Backflip","Backflip+1"],"score":4035,"play_id":"4f96d70e-b3a6-43a4-90b3-eea07869a107","local_time":"20210103013013","is_ascension_mode":true,"campfire_choices":[{"floor":7,"key":"RECALL"},{"data":"Blade Dance","floor":15,"key":"SMITH"},{"data":"Accuracy","floor":23,"key":"SMITH"},{"data":"Burst","floor":32,"key":"SMITH"},{"data":"Accuracy","floor":40,"key":"SMITH"},{"data":"Tactician","floor":44,"key":"SMITH"},{"data":"Tactician","floor":49,"key":"SMITH"},{"data":"Acrobatics","floor":53,"key":"SMITH"}],"circlet_count":1,"master_deck":["AscendersBane","Blade Dance+1","Cloak And Dagger+1","Blade Dance+1","Blade Dance+1","PiercingWail+1","Accuracy+1","Phantasmal Killer+1","Accuracy+1","Accuracy+1","Blade Dance+1","Cloak And Dagger+1","Blade Dance+1","Prepared+1","Escape Plan","Blade Dance","Accuracy+1","Blade Dance+1","Backflip","Thinking Ahead+1","After Image+1","After Image+1","Blade Dance+1","Secret Technique+1","Backflip","Acrobatics+1","Accuracy+1","Escape Plan","Master of Strategy+1","Acrobatics+1","Burst+1","Accuracy+1","Acrobatics+1","Tactician+1","Accuracy+1","Blade Dance","Accuracy","Adrenaline+1","Reflex","Tactician+1","Prepared+1","Acrobatics","Acrobatics"],"relics":["Ring of the Snake","Golden Idol","Nunchaku","CeramicFish","Toy Ornithopter","Mercury Hourglass","Lantern","Pandora\u0027s Box","Oddly Smooth Stone","Bottled Lightning","OrangePellets","Art of War","Orichalcum","Juzu Bracelet","PreservedInsect","Dream Catcher","Pen Nib","Kunai","WristBlade","Membership Card","Red Mask","Meat on the Bone","Question Card","War Paint","Mummified Hand","Thread and Needle","Question Card","MawBank","Ornamental Fan","Odd Mushroom","StrikeDummy","WristBlade","WarpedTongs","Anchor","Boot","Bronze Scales","Sundial","ClockworkSouvenir","Potion Belt","Coffee Dripper","DollysMirror","Ice Cream","Eternal Feather","Snake Skull","Lantern","War Paint","Strawberry","InkBottle","Happy Flower","Pen Nib","Ancient Tea Set","StrikeDummy","Circlet","Boot","Bottled Tornado","Strawberry","Pandora\u0027s Box","Medical Kit","Vajra","Oddly Smooth Stone","WingedGreaves","Sundial","Potion Belt","Snake Skull","Shuriken","Tiny Chest","SlaversCollar","Singing Bowl","Orrery","CeramicFish","Lizard Tail","Omamori","Membership Card","Bronze Scales","War Paint","Kunai"],"acts_visited":["Exordium","TheCity","TheBeyond","TheEnding"],"potions_floor_usage":[],"damage_taken":[{"damage":0,"enemies":"Cultist","floor":1,"turns":1},{"damage":0,"enemies":"Small Slimes","floor":2,"turns":1},{"damage":0,"enemies":"2 Louse","floor":4,"turns":1},{"damage":0,"enemies":"Blue Slaver","floor":5,"turns":1},{"damage":0,"enemies":"Lagavulin","floor":6,"turns":1},{"damage":0,"enemies":"Exordium Thugs","floor":8,"turns":1},{"damage":0,"enemies":"Gremlin Nob","floor":11,"turns":1},{"damage":0,"enemies":"Hexaghost","floor":16,"turns":1},{"damage":0,"enemies":"2 Thieves","floor":18,"turns":1},{"damage":0,"enemies":"Shell Parasite","floor":19,"turns":1},{"damage":0,"enemies":"Snake Plant","floor":20,"turns":1},{"damage":0,"enemies":"Slavers","floor":24,"turns":1},{"damage":0,"enemies":"Gremlin Leader","floor":27,"turns":1},{"damage":0,"enemies":"Book of Stabbing","floor":28,"turns":1},{"damage":0,"enemies":"Slavers","floor":30,"turns":1},{"damage":0,"enemies":"Sentry and Sphere","floor":31,"turns":1},{"damage":0,"enemies":"Automaton","floor":33,"turns":1},{"damage":0,"enemies":"3 Shapes","floor":35,"turns":1},{"damage":0,"enemies":"Orb Walker","floor":37,"turns":1},{"damage":0,"enemies":"Transient","floor":38,"turns":2},{"damage":0,"enemies":"4 Shapes","floor":39,"turns":1},{"damage":0,"enemies":"Nemesis","floor":41,"turns":2},{"damage":0,"enemies":"Writhing Mass","floor":45,"turns":1},{"damage":0,"enemies":"Giant Head","floor":46,"turns":1},{"damage":0,"enemies":"Spire Growth","floor":47,"turns":1},{"damage":0,"enemies":"Reptomancer","floor":48,"turns":1},{"damage":0,"enemies":"Donu and Deca","floor":50,"turns":2},{"damage":0,"enemies":"Time Eater","floor":51,"turns":2},{"damage":0,"enemies":"Shield and Spear","floor":55,"turns":1},{"damage":0,"enemies":"The Heart","floor":56,"turns":4}],"seed_played":"-7535691780408168599","potions_obtained":[{"floor":2,"key":"ColorlessPotion"},{"floor":6,"key":"LiquidMemories"},{"floor":24,"key":"EntropicBrew"},{"floor":27,"key":"AttackPotion"},{"floor":30,"key":"Energy Potion"},{"floor":31,"key":"DistilledChaos"}],"is_trial":false,"path_per_floor":["M","M","$","M","M","E","R","M","T","?","E","?","?","$","R","B",null,"M","M","M","$","?","R","E","$","T","E","E","$","E","M","R","B",null,"M","$","M","M","M","R","E","$","T","R","M","E","M","E","R","B","B",null,"R","$","E","B",null],"character_chosen":"THE_SILENT","items_purchased":["Accuracy","Escape Plan","Ancient Tea Set","Master of Strategy","Bottled Tornado","Strawberry","Medical Kit","Accuracy","Vajra","WingedGreaves","Shuriken","Orrery","Membership Card","Bronze Scales","War Paint","Acrobatics"],"campfire_rested":0,"item_purchase_floors":[3,3,3,3,14,14,21,21,21,25,29,42,54,54,54,54],"current_hp_per_floor":[84,84,84,84,84,84,84,84,84,55,55,55,30,37,58,58,83,83,83,83,83,101,101,101,101,101,101,101,101,101,101,101,101,101,101,101,101,101,101,101,103,107,107,107,109,109,111,111,111,111,111,111,111,111,111,111],"gold":193,"neow_bonus":"RANDOM_COMMON_RELIC","is_daily":false,"chose_seed":false,"campfire_upgraded":7,"win_rate":0.0,"timestamp":1609605013,"path_taken":["M","M","$","M","M","E","R","M","T","?","E","?","?","$","R","BOSS","M","M","M","$","?","R","E","?","T","E","E","$","E","M","R","BOSS","M","$","M","M","M","R","E","$","T","R","M","E","M","E","R","BOSS","BOSS","R","$","E","BOSS"],"items_purchased_type":["Card","Card","Relic","Card","Relic","Relic","Relic","Card","Relic","Relic","Relic","Relic","Relic","Relic","Relic","Card"],"build_version":"2020-12-22","purchased_purges":6,"victory":true,"max_hp_per_floor":[84,84,84,84,84,84,84,84,84,84,84,84,84,91,91,91,91,91,91,91,91,101,101,101,101,101,101,101,101,101,101,101,101,101,101,101,101,101,101,101,103,107,107,107,109,109,111,111,111,111,111,111,111,111,111,111],"card_choices":[{"not_picked":["Underhanded Strike","Crippling Poison","Poisoned Stab","Prepared","Terror"],"picked":"SKIP","floor":1},{"not_picked":["Slice","Flying Knee","Quick Slash","Deflect","Endless Agony"],"picked":"SKIP","floor":2},{"not_picked":["Sucker Punch","Bane","Slice","Tactician","Phantasmal Killer"],"picked":"SKIP","floor":4},{"not_picked":["Blade Dance","Sucker Punch","Flying Knee","Dodge and Roll"],"picked":"Acrobatics","floor":5},{"not_picked":["Sucker Punch","Dagger Throw","Infinite Blades","All Out Attack","Quick Slash"],"picked":"SKIP","floor":6},{"not_picked":["Underhanded Strike","Flying Knee","Deflect","Masterful Stab","Quick Slash"],"picked":"SKIP","floor":8},{"not_picked":["Sucker Punch","Tools of the Trade","Concentrate","Dodge and Roll","Infinite Blades"],"picked":"SKIP","floor":11},{"not_picked":["Underhanded Strike","Predator","Masterful Stab+1","Deflect","Backflip"],"picked":"SKIP","floor":18},{"not_picked":["Poisoned Stab","Deadly Poison","Outmaneuver","Dagger Spray","Quick Slash"],"picked":"SKIP","floor":19},{"not_picked":["Deadly Poison+1","All Out Attack","Choke","Backflip"],"picked":"Burst","floor":20},{"not_picked":["Eviscerate","Infinite Blades","Backflip","Slice"],"picked":"Acrobatics+1","floor":24},{"not_picked":["Finisher","Accuracy","Blade Dance","Deflect"],"picked":"Tactician","floor":27},{"not_picked":["Skewer","Dodge and Roll","Doppelganger","Dash","Slice"],"picked":"SKIP","floor":28},{"not_picked":["Cloak And Dagger","Bane+1","Calculated Gamble","Blur"],"picked":"Accuracy","floor":30},{"not_picked":["Infinite Blades","Sucker Punch","Cloak And Dagger","Caltrops"],"picked":"Blade Dance","floor":31},{"not_picked":["Quick Slash+1","Cloak And Dagger","Prepared","Flechettes+1","Underhanded Strike"],"picked":"SKIP","floor":35},{"not_picked":["Distraction","Deadly Poison","Underhanded Strike+1","All Out Attack","Cloak And Dagger"],"picked":"SKIP","floor":37},{"not_picked":["Poisoned Stab+1","Cloak And Dagger","Dodge and Roll","Unload","Masterful Stab"],"picked":"SKIP","floor":38},{"not_picked":["Concentrate","Dodge and Roll","Flying Knee","Sucker Punch+1","Cloak And Dagger+1"],"picked":"SKIP","floor":39},{"not_picked":["Underhanded Strike","Bane","Dagger Spray","Acrobatics","Poisoned Stab"],"picked":"Singing Bowl","floor":41},{"not_picked":["Slice","Leg Sweep","Noxious Fumes","Unload","Flechettes"],"picked":"Singing Bowl","floor":42},{"not_picked":["Deadly Poison","Dodge and Roll+1","Die Die Die","Quick Slash","Outmaneuver+1"],"picked":"Singing Bowl","floor":42},{"not_picked":["Deflect","Terror+1","Flying Knee","Prepared"],"picked":"Accuracy","floor":42},{"not_picked":["Underhanded Strike+1","Predator+1","Escape Plan","Flying Knee+1"],"picked":"Adrenaline","floor":42},{"not_picked":["Dagger Spray","All Out Attack","Malaise","Dagger Throw"],"picked":"Reflex","floor":42},{"not_picked":["Dodge and Roll","Acrobatics","PiercingWail+1","Choke","Backflip+1"],"picked":"Singing Bowl","floor":45},{"not_picked":["Finisher","Catalyst+1","Dagger Throw+1","Blade Dance"],"picked":"Tactician","floor":46},{"not_picked":["Bane","Dash","Blur+1","Choke","Endless Agony"],"picked":"Singing Bowl","floor":47},{"not_picked":["Envenom","Dodge and Roll","Blur","Cloak And Dagger+1"],"picked":"Prepared+1","floor":48},{"not_picked":["Terror","Noxious Fumes","Flechettes","Concentrate"],"picked":"Acrobatics","floor":55}],"player_experience":333851,"relics_obtained":[{"floor":6,"key":"StrikeDummy"},{"floor":11,"key":"Boot"},{"floor":24,"key":"Oddly Smooth Stone"},{"floor":26,"key":"Sundial"},{"floor":27,"key":"Potion Belt"},{"floor":28,"key":"Snake Skull"},{"floor":30,"key":"Tiny Chest"},{"floor":41,"key":"Singing Bowl"},{"floor":43,"key":"CeramicFish"},{"floor":46,"key":"Lizard Tail"},{"floor":48,"key":"Omamori"},{"floor":55,"key":"Kunai"}],"event_choices":[{"damage_healed":0,"gold_gain":0,"player_choice":"Take Damage","damage_taken":29,"relics_obtained":["Circlet"],"max_hp_gain":0,"max_hp_loss":0,"event_name":"Golden Idol","floor":10,"gold_loss":0},{"cards_removed":["Wraith Form v2"],"damage_healed":0,"gold_gain":0,"player_choice":"Forget","damage_taken":0,"max_hp_gain":0,"max_hp_loss":0,"event_name":"Living Wall","floor":12,"gold_loss":0},{"damage_healed":0,"gold_gain":0,"player_choice":"Entered Light","damage_taken":25,"max_hp_gain":0,"max_hp_loss":0,"event_name":"Shining Light","floor":13,"gold_loss":0,"cards_upgraded":["Acrobatics","Accuracy"]},{"cards_removed":["Envenom"],"damage_healed":8,"gold_gain":0,"player_choice":"Offered Rare","damage_taken":0,"max_hp_gain":10,"max_hp_loss":0,"event_name":"Bonfire Elementals","floor":22,"gold_loss":0}],"is_beta":false,"boss_relics":[{"not_picked":["Calling Bell","Astrolabe"],"picked":"Pandora\u0027s Box"},{"not_picked":["Ring of the Serpent","Sozu"],"picked":"SlaversCollar"}],"items_purged_floors":[14,21,25,29,36,54],"is_endless":false,"potions_floor_spawned":[2,6,24,27,30,31,33,35,45,46],"ascension_level":20}}