{"host":"56ghxnzsglgdq727","time":1609571387,"event":{"mods":["AchievementEnabler","BaseMod","Downfall","Minty Spire (QoL Compilation)","StSLib"],"gold_per_floor":[116,116,133,152,59,90,90,15,15,42,56,56,133,151,151,247,247,247],"floor_reached":17,"playtime":615,"items_purged":["Strike_G"],"score":198,"play_id":"a170f077-514a-4f7a-9d9a-4d2b41935801","local_time":"20210102020947","is_ascension_mode":true,"campfire_choices":[{"data":"expansioncontent:DarkVoid","floor":7,"key":"SMITH"},{"floor":12,"key":"REST"},{"floor":15,"key":"REST"}],"circlet_count":0,"master_deck":["Survivor","Neutralize","Unload+1","Caltrops","expansioncontent:DarkVoid+1","Glass Knife+1","Expertise","Reflex","Blur","Escape Plan","Envenom","PiercingWail","Wraith Form v2","Prepared","Setup"],"relics":["Ring of the Snake","Molten Egg 2","Pen Nib","Singing Bowl","Pear","Pandora\u0027s Box"],"acts_visited":["Exordium","TheCity"],"potions_floor_usage":[16],"damage_taken":[{"damage":0.0,"enemies":"2 Louse","floor":1.0,"turns":2.0},{"damage":0.0,"enemies":"Cultist","floor":3.0,"turns":3.0},{"damage":2.0,"enemies":"Small Slimes","floor":4.0,"turns":3.0},{"damage":19,"enemies":"3 Sentries","floor":6,"turns":8},{"damage":30,"enemies":"Lagavulin","floor":10,"turns":6},{"damage":0,"enemies":"3 Louse","floor":11,"turns":1},{"damage":0,"enemies":"Large Slime","floor":14,"turns":4},{"damage":21,"enemies":"The Guardian","floor":16,"turns":15}],"seed_played":"-9051637420261366045","potions_obtained":[{"floor":4.0,"key":"Dexterity Potion"},{"floor":10,"key":"BlessingOfTheForge"},{"floor":16,"key":"Energy Potion"}],"is_trial":false,"path_per_floor":["M","?","M","M","$","E","R","$","T","E","M","R","T","M","R","B",null],"character_chosen":"THE_SILENT","items_purchased":["expansioncontent:DarkVoid"],"campfire_rested":2,"item_purchase_floors":[5],"current_hp_per_floor":[70,70,70,68,68,49,49,49,49,21,23,45,55,57,82,61,86,86],"gold":247,"neow_bonus":"ONE_RANDOM_RARE_CARD","is_daily":false,"chose_seed":false,"campfire_upgraded":1,"win_rate":0.0,"timestamp":1609571387,"path_taken":["M","?","?","M","$","E","R","$","T","E","M","R","?","M","R","BOSS"],"items_purchased_type":["Card"],"build_version":"2020-12-22","purchased_purges":1,"victory":false,"max_hp_per_floor":[70,70,70,70,70,70,70,70,70,72,74,74,84,86,86,86,86,86],"card_choices":[{"not_picked":["Slice","Bouncing Flask"],"picked":"Caltrops","floor":1.0},{"not_picked":["PiercingWail","Bane","Dagger Throw"],"picked":"SKIP","floor":3.0},{"not_picked":["Riddle With Holes","Quick Slash","Tactician"],"picked":"SKIP","floor":4.0},{"not_picked":["Cloak And Dagger","PiercingWail","Tools of the Trade"],"picked":"SKIP","floor":6},{"not_picked":["PiercingWail","Acrobatics","Prepared"],"picked":"Singing Bowl","floor":10},{"not_picked":["Bane+1","Deflect","Footwork"],"picked":"Singing Bowl","floor":11},{"not_picked":["Finisher+1","Blade Dance","Quick Slash+1"],"picked":"Singing Bowl","floor":14},{"not_picked":["Burst","Venomology"],"picked":"Glass Knife+1","floor":16}],"player_experience":81250,"relics_obtained":[{"floor":6,"key":"Molten Egg 2"},{"floor":9,"key":"Pen Nib"},{"floor":10,"key":"Singing Bowl"},{"floor":13,"key":"Pear"}],"event_choices":[{"damage_healed":0.0,"max_hp_gain":0.0,"max_hp_loss":0.0,"gold_gain":0.0,"event_name":"Accursed Blacksmith","player_choice":"Forge","floor":2.0,"gold_loss":0.0,"damage_taken":0.0,"cards_upgraded":["Unload"]}],"is_beta":false,"boss_relics":[{"not_picked":["WristBlade","Philosopher\u0027s Stone"],"picked":"Pandora\u0027s Box"}],"items_purged_floors":[8],"is_endless":false,"potions_floor_spawned":[4,10,16],"ascension_level":1}}