{"host":"u4pncpybdtxxvw4r","time":1609601059,"event":{"mods":["AchievementEnabler","BaseMod","Block Reminder","Colored Powertips","Downfall","Marisa£®ÏF”Í°°ƒß¿Ì…≥£©","Minty Spire (QoL Compilation)","Permanent Neow","Potion Indicator Mod","Rare Cards Sparkle","StSLib","SuperFastMode"],"gold_per_floor":[111,128,128,0,15,15,28,28,28,42,60,71,26,44,44,143,143,155,167,177,177,13,13,13,28,28,39,39,39],"floor_reached":28,"playtime":1799,"items_purged":["Strike_G"],"score":241,"play_id":"d103e822-e726-4057-847e-6ee3aeb45622","local_time":"20210102232419","is_ascension_mode":false,"campfire_choices":[{"data":"Discovery","floor":6,"key":"SMITH"},{"data":"Neutralize","floor":8,"key":"SMITH"},{"data":"Outmaneuver","floor":15,"key":"SMITH"},{"floor":23,"key":"REST"}],"circlet_count":0,"master_deck":["Strike_G","Strike_G","Strike_G","Strike_G","Defend_G","Defend_G","Defend_G","Defend_G","Defend_G","Survivor","Neutralize+1","Discovery+1","Blur","Choke","Outmaneuver+1","Heel Hook","Noxious Fumes","Flying Knee","Slice","Deflect+1","Slice","Blur+1","A Thousand Cuts","Expertise+1","Crippling Poison+1","Leg Sweep+1","Writhe","Metamorphosis+1","Flying Knee","Endless Agony"],"relics":["Ring of the Snake","Toxic Egg 2","HoveringKite","Frozen Egg 2","Pear"],"acts_visited":["Exordium","TheCity"],"potions_floor_usage":[23,25,27,28],"damage_taken":[{"damage":1,"enemies":"Cultist","floor":1,"turns":3},{"damage":4,"enemies":"Jaw Worm","floor":2,"turns":7},{"damage":0,"enemies":"2 Louse","floor":5,"turns":3},{"damage":0,"enemies":"2 Fungi Beasts","floor":7,"turns":4},{"damage":0,"enemies":"Large Slime","floor":10,"turns":5},{"damage":2,"enemies":"Exordium Wildlife","floor":11,"turns":6},{"damage":0,"enemies":"Looter","floor":12,"turns":4},{"damage":6,"enemies":"Lots of Slimes","floor":14,"turns":6},{"damage":50,"enemies":"Slime Boss","floor":16,"turns":15},{"damage":27,"enemies":"Chosen","floor":18,"turns":7},{"damage":13,"enemies":"Spheric Guardian","floor":19,"turns":5},{"damage":13,"enemies":"Snake Plant","floor":20,"turns":5},{"damage":37,"enemies":"3 Cultists","floor":25,"turns":6},{"damage":25,"enemies":"Sentry and Sphere","floor":27,"turns":6},{"damage":29,"enemies":"Chosen and Byrds","floor":28,"turns":6}],"seed_played":"3023805401875115354","potions_obtained":[{"floor":5,"key":"SkillPotion"},{"floor":10,"key":"Strength Potion"},{"floor":11,"key":"FearPotion"},{"floor":16,"key":"Regen Potion"},{"floor":20,"key":"Fruit Juice"},{"floor":27,"key":"Energy Potion"}],"is_trial":false,"path_per_floor":["M","M","?","$","M","R","M","R","T","M","M","M","$","M","R","B",null,"M","M","M","?","$","R","$","M","T","M","M"],"character_chosen":"THE_SILENT","items_purchased":["Outmaneuver","Slice","Metamorphosis+1"],"campfire_rested":1,"item_purchase_floors":[4,13,22],"current_hp_per_floor":[69,65,70,70,70,70,70,70,70,70,68,68,68,62,62,12,75,48,35,22,22,22,49,49,27,37,12,0,0],"gold":39,"neow_bonus":"RANDOM_COLORLESS","is_daily":false,"chose_seed":false,"campfire_upgraded":3,"win_rate":0.0,"timestamp":1609601059,"path_taken":["M","M","?","$","M","R","M","R","T","M","M","M","$","M","R","BOSS","M","M","M","?","$","R","$","M","T","M","M"],"items_purchased_type":["Card","Card","Card"],"build_version":"2020-12-22","purchased_purges":1,"victory":false,"max_hp_per_floor":[70,70,75,75,75,75,75,75,75,75,75,75,75,75,75,75,75,75,75,75,75,75,80,80,80,90,90,90,90],"card_choices":[{"not_picked":["Jack Of All Trades","expansioncontent:SuperHexaguard"],"picked":"Discovery","floor":0},{"not_picked":["Footwork","PiercingWail"],"picked":"Blur","floor":1},{"not_picked":["Backflip","Well Laid Plans"],"picked":"Choke","floor":2},{"not_picked":["Quick Slash","Poisoned Stab"],"picked":"Heel Hook","floor":5},{"not_picked":["Flechettes","PiercingWail"],"picked":"Noxious Fumes","floor":7},{"not_picked":["Masterful Stab","Dagger Spray"],"picked":"Flying Knee","floor":10},{"not_picked":["Poisoned Stab","Sucker Punch"],"picked":"Slice","floor":11},{"not_picked":["Flying Knee","Skewer"],"picked":"Deflect+1","floor":12},{"not_picked":["Sucker Punch","Escape Plan+1"],"picked":"Blur+1","floor":14},{"not_picked":["Wraith Form v2","Burst+1"],"picked":"A Thousand Cuts","floor":16},{"not_picked":["PiercingWail+1","Slice"],"picked":"Expertise+1","floor":18},{"not_picked":["Well Laid Plans+1","Dash"],"picked":"Crippling Poison+1","floor":19},{"not_picked":["Outmaneuver+1","Sucker Punch"],"picked":"Leg Sweep+1","floor":20},{"not_picked":["Expertise+1","Skewer"],"picked":"Flying Knee","floor":25},{"not_picked":["Dodge and Roll+1","Infinite Blades+1"],"picked":"Endless Agony","floor":27}],"player_experience":10053,"relics_obtained":[{"floor":9,"key":"Toxic Egg 2"},{"floor":26,"key":"Pear"}],"event_choices":[{"damage_healed":0,"gold_gain":0,"player_choice":"Donut","damage_taken":0,"max_hp_gain":5,"max_hp_loss":0,"event_name":"Big Fish","floor":3,"gold_loss":0},{"damage_healed":0,"gold_gain":0,"player_choice":"Opened","damage_taken":0,"relics_obtained":["Frozen Egg 2"],"max_hp_gain":0,"max_hp_loss":0,"event_name":"The Mausoleum","floor":21,"gold_loss":0,"cards_obtained":["Writhe"]}],"is_beta":false,"boss_relics":[{"not_picked":["Coffee Dripper","SacredBark"],"picked":"HoveringKite"}],"items_purged_floors":[4],"is_endless":false,"potions_floor_spawned":[5,10,11,16,18,20,27],"killed_by":"Chosen and Byrds","ascension_level":0}}