{"host":"h3yie3u3olngyjol","time":1609578501,"event":{"mods":["BaseMod","Colored Powertips","Downfall","Highlight Path","Infinite Spire","Lobotomy","LobotomyExtend","Marked Mod","Minty Spire (QoL Compilation)","Prisma Mod","Replay The Spire","RumiaBox-露米娅的神秘盒子","Shop Mod","StSLib","The Hierophant","The Runesmith","vexMod"],"gold_per_floor":[114,128,47,47,53,53,77,116,142,142,142,165,165,165,165,215,215,224,323,340,390,390,390,427,444,444,450,450,473,474,502,502,597,597,605,605,607,375,399,411,411,155,178,181,181,181,197,222,222,313,313,313],"floor_reached":51,"playtime":2567,"items_purged":["hierophant:Defend_Hierophant","hierophant:AuricBeam+1"],"score":751,"play_id":"e8ddc9d6-a4d2-4c74-a115-6acb4572e790","local_time":"20210102170821","is_ascension_mode":false,"campfire_choices":[{"data":"expansioncontent:CaCaw","floor":6.0,"key":"SMITH"},{"data":"hierophant:Punish","floor":11.0,"key":"SMITH"},{"data":"hierophant:DisplayOfPower","floor":13.0,"key":"SMITH"},{"data":"hierophant:ChurchCoffers","floor":23.0,"key":"SMITH"},{"data":"infinitespire:DeathsTouch","floor":28.0,"key":"SMITH"},{"floor":32.0,"key":"REST"},{"data":"hierophant:DeathKnell","floor":41,"key":"SMITH"},{"data":"hierophant:Sermon","floor":45,"key":"SMITH"},{"data":"hierophant:FieryStrike","floor":49,"key":"SMITH"}],"circlet_count":0,"master_deck":["hierophant:Strike_Hierophant","hierophant:Strike_Hierophant","hierophant:Strike_Hierophant","hierophant:Strike_Hierophant","hierophant:Punish+1","hierophant:Defend_Hierophant","hierophant:Defend_Hierophant+1","hierophant:Defend_Hierophant+1","hierophant:ChurchCoffers+1","hierophant:OrnateBuckler+1","hierophant:Sermon+1","hierophant:FieryStrike+1","hierophant:DisplayOfPower+1","hierophant:ThreeLashes+1","infinitespire:DeathsTouch+1","hierophant:PassingBell","hierophant:DeathKnell+1","hierophant:FieryStrike+1","hierophant:DivineIntervention"],"relics":["hierophant:PropheticMaskRelic","LetterFromLob","LaetitiaHeart","War Paint","vexMod:FocusSash","Bronze Scales","SoulBox","vexMod:GhostlyGear","Tiny House","infinitespire:Midas Blood","infinitespire:ShieldingShard","vexMod:BigBerry","Bag of Marbles","Akabeko","Lee\u0027s Waffle","PreservedInsect"],"acts_visited":["Exordium","TheCity","TheBeyond","Exordium"],"potions_floor_usage":[40],"damage_taken":[{"damage":11.0,"enemies":"Jaw Worm","floor":1.0,"turns":3.0},{"damage":0.0,"enemies":"2 Louse","floor":2.0,"turns":1.0},{"damage":0.0,"enemies":"Small Slimes","floor":5.0,"turns":2.0},{"damage":8.0,"enemies":"Gremlin Gang","floor":7.0,"turns":3.0},{"damage":23.0,"enemies":"Replay:BlueRogue","floor":8.0,"turns":8.0},{"damage":6.0,"enemies":"3 Louse","floor":12.0,"turns":2.0},{"damage":26.0,"enemies":"The Guardian","floor":16.0,"turns":9.0},{"damage":26.0,"enemies":"Spheric Guardian","floor":18.0,"turns":5.0},{"damage":22.0,"enemies":"Shell Parasite","floor":20.0,"turns":8.0},{"damage":22.0,"enemies":"Nightmare","floor":24.0,"turns":5.0},{"damage":10.0,"enemies":"Shelled Parasite and Fungi","floor":25.0,"turns":5.0},{"damage":1.0,"enemies":"Centurion and Healer","floor":27.0,"turns":4.0},{"damage":18.0,"enemies":"Snake Plant","floor":29.0,"turns":3.0},{"damage":0.0,"enemies":"3 Cultists","floor":30.0,"turns":4.0},{"damage":12.0,"enemies":"Chosen and Byrds","floor":31.0,"turns":3.0},{"damage":23.0,"enemies":"Collector","floor":33.0,"turns":5.0},{"damage":5,"enemies":"3 Shapes","floor":35,"turns":5},{"damage":18,"enemies":"3 Darklings","floor":37,"turns":6},{"damage":8,"enemies":"Jaw Worm Horde","floor":39,"turns":2},{"damage":0,"enemies":"Giant Head","floor":40,"turns":7},{"damage":1,"enemies":"Spire Growth","floor":44,"turns":2},{"damage":0,"enemies":"4 Shapes","floor":47,"turns":4},{"damage":8,"enemies":"Jaw Worm Horde","floor":48,"turns":3},{"damage":46,"enemies":"Donu and Deca","floor":50,"turns":5}],"seed_played":"-6287715283657001704","potions_obtained":[{"floor":1.0,"key":"Elixir"},{"floor":5.0,"key":"PowerPotion"},{"floor":12.0,"key":"Dexterity Potion"},{"floor":16.0,"key":"Swift Potion"},{"floor":21.0,"key":"SpeedPotion"},{"floor":25.0,"key":"Death Potion"},{"floor":29.0,"key":"Energy Potion"},{"floor":30.0,"key":"LiquidMemories"},{"floor":33.0,"key":"AttackPotion"},{"floor":35,"key":"Block Potion"},{"floor":37,"key":"Adrenaline Potion"},{"floor":44,"key":"LifebloodPotion"}],"is_trial":false,"path_per_floor":["M","M","$","?","M","R","M","E","T","?","R","M","R","?","R","B",null,"M","?","M","AVR","?","R","NM","M","T","M","R","M","M","M","R","B",null,"M","?","M","$","M","E","R","$","T","M","R","?","M","M","R","B",null],"character_chosen":"HIEROPHANT","items_purchased":["expansioncontent:CaCaw","Bag of Marbles","Lee\u0027s Waffle"],"campfire_rested":1,"item_purchase_floors":[3,38,42],"current_hp_per_floor":[71,71,71,71,71,71,63,40,40,56,56,50,50,50,50,24,82,62,62,42,47,87,87,65,58,58,57,57,39,39,28,54,31,117,112,112,94,94,86,86,86,124,124,123,123,123,123,115,115,69,124,124],"gold":313,"neow_bonus":"TEN_PERCENT_HP_BONUS","is_daily":false,"chose_seed":false,"campfire_upgraded":8,"win_rate":0.0,"timestamp":1609578501,"path_taken":["M","M","$","?","M","R","M","E","T","?","R","M","R","?","R","BOSS","M","?","M","AVR","?","R","NM","?","T","M","R","M","M","M","R","BOSS","M","?","M","$","?","E","R","?","T","M","R","?","?","M","R","BOSS"],"items_purchased_type":["Card","Relic","Relic"],"build_version":"2020-12-22","purchased_purges":2,"victory":false,"max_hp_per_floor":[82,82,82,82,82,82,82,82,82,82,82,82,82,82,82,82,82,82,82,82,87,87,87,87,87,87,87,87,87,87,87,87,87,117,117,117,117,117,117,117,117,124,124,124,124,124,124,124,124,124,124,124],"card_choices":[{"not_picked":["hierophant:MorningPrayer","hierophant:Blessing"],"picked":"hierophant:OrnateBuckler","floor":1.0},{"not_picked":["hierophant:AuricShield","hierophant:Endure"],"picked":"hierophant:HolyVerse","floor":2.0},{"not_picked":["hierophant:FaithHealing","hierophant:Endure"],"picked":"hierophant:OrnateBuckler","floor":5.0},{"not_picked":["hierophant:DisplayOfPower","hierophant:SealAway"],"picked":"hierophant:Sermon","floor":7.0},{"not_picked":["hierophant:Levitation","hierophant:TollTheBells"],"picked":"hierophant:FieryStrike","floor":8.0},{"not_picked":["hierophant:Shelter","hierophant:Martyrdom"],"picked":"hierophant:DisplayOfPower","floor":12.0},{"not_picked":["hierophant:Invocation","hierophant:MintersHammer"],"picked":"hierophant:Determination","floor":16.0},{"not_picked":["hierophant:Alms","hierophant:Remorse+1"],"picked":"hierophant:ThreeLashes+1","floor":18.0},{"not_picked":["hierophant:FieryStrike","hierophant:RustyCrate","hierophant:SolarFlare+1"],"picked":"SKIP","floor":20.0},{"not_picked":["hierophant:Encroach","hierophant:TollTheBells+1","hierophant:Racketeering"],"picked":"SKIP","floor":24.0},{"not_picked":["hierophant:Rebuild","hierophant:Shelter","hierophant:Encroach+1"],"picked":"SKIP","floor":25.0},{"not_picked":["hierophant:Refuge","hierophant:MintersHammer","hierophant:RustyCrate"],"picked":"SKIP","floor":27.0},{"not_picked":["hierophant:DisplayOfPower","hierophant:Martyrdom","hierophant:ThreeLashes+1"],"picked":"SKIP","floor":29.0},{"not_picked":["hierophant:Rebuild+1","hierophant:AuricShield"],"picked":"hierophant:PassingBell","floor":30.0},{"not_picked":["hierophant:Glossolalia","hierophant:Shelter","hierophant:RepressedViolence"],"picked":"SKIP","floor":31.0},{"not_picked":["hierophant:Cornucopia","hierophant:Levitation"],"picked":"hierophant:DeathKnell","floor":33.0},{"not_picked":["hierophant:Patience","hierophant:FlamingChariot"],"picked":"hierophant:AuricBeam+1","floor":35},{"not_picked":["hierophant:Encroach","hierophant:Remorse","hierophant:Smite"],"picked":"SKIP","floor":37},{"not_picked":["hierophant:Zeal","hierophant:Alms+1"],"picked":"hierophant:FieryStrike+1","floor":39},{"not_picked":["hierophant:Doomsaying","hierophant:RecallFunds","hierophant:Mercenaries+1"],"picked":"SKIP","floor":40},{"not_picked":["hierophant:RepressedViolence","hierophant:CursedGold+1","hierophant:MirrorShield+1"],"picked":"SKIP","floor":44},{"not_picked":["hierophant:RepressedViolence","hierophant:CursedGold+1","hierophant:MirrorShield+1"],"picked":"SKIP","floor":44},{"not_picked":["hierophant:Prophecy+1","hierophant:Doubloon+1","hierophant:MirrorShield"],"picked":"SKIP","floor":47},{"not_picked":["hierophant:HammerAndAnvil","hierophant:SealAway","hierophant:RustyCrate+1"],"picked":"SKIP","floor":48},{"not_picked":["hierophant:Generosity","hierophant:Anathema"],"picked":"hierophant:DivineIntervention","floor":50}],"player_experience":449066,"relics_obtained":[{"floor":1.0,"key":"LetterFromLob"},{"floor":8.0,"key":"War Paint"},{"floor":9.0,"key":"vexMod:FocusSash"},{"floor":24.0,"key":"infinitespire:Midas Blood"},{"floor":26.0,"key":"infinitespire:ShieldingShard"},{"floor":40,"key":"Akabeko"},{"floor":43,"key":"PreservedInsect"}],"event_choices":[{"damage_healed":0.0,"max_hp_gain":0.0,"max_hp_loss":0.0,"gold_gain":0.0,"event_name":"The Woman in Blue","player_choice":"Bought 0 Potions","floor":14.0,"gold_loss":0.0,"damage_taken":0.0},{"damage_healed":0.0,"max_hp_gain":0.0,"max_hp_loss":0.0,"gold_gain":0.0,"event_name":"WeMeetAgain","player_choice":"Gave Potion","floor":15.0,"gold_loss":0.0,"damage_taken":0.0,"relics_obtained":["Bronze Scales"]},{"damage_healed":0.0,"max_hp_gain":0.0,"max_hp_loss":0.0,"gold_gain":99.0,"event_name":"Nest","player_choice":"Stole From Cult","floor":19.0,"gold_loss":0.0,"damage_taken":0.0},{"damage_healed":40.0,"max_hp_gain":0.0,"max_hp_loss":0.0,"gold_gain":0.0,"event_name":"Wheel of Change","player_choice":"Full Heal","floor":22.0,"gold_loss":0.0,"damage_taken":0.0},{"damage_healed":0,"gold_gain":0,"player_choice":"Ignored","damage_taken":0,"max_hp_gain":0,"max_hp_loss":0,"event_name":"NoteForYourself","floor":36,"gold_loss":0},{"cards_removed":["hierophant:Determination"],"damage_healed":0,"gold_gain":0,"player_choice":"Purged","damage_taken":0,"max_hp_gain":0,"max_hp_loss":0,"event_name":"Purifier","floor":46,"gold_loss":0}],"is_beta":false,"boss_relics":[{"not_picked":["Calling Bell","Black Star"],"picked":"SoulBox"},{"not_picked":["AddBug","vexMod:EndlessSickness"],"picked":"vexMod:BigBerry"},{"not_picked":["Runic Pyramid","Philosopher\u0027s Stone","ReplayTheSpireMod:DimensionalGlitch"]}],"items_purged_floors":[38,42],"is_endless":true,"potions_floor_spawned":[1,5,12,16,25,29,30,33,35,37,44,47],"ascension_level":0}}