{"host":"37dk0reb6x0du8wx","time":1609605130,"event":{"mods":["BaseMod","Colored Map","DeckTracker","Minty Spire (QoL Compilation)","Quick Restart","StSLib","The Dragon Tamer"],"gold_per_floor":[112,112,112,112,129,129,304,318,318,334,352,352,370,390,390,485,485,496,496,175,190,190,190,190,190],"floor_reached":24,"playtime":597,"items_purged":["Defend_G"],"score":209,"play_id":"6a3ddb16-5f89-4c8e-9fa6-75eb8a44b572","local_time":"20210103013210","is_ascension_mode":true,"campfire_choices":[{"data":"Poisoned Stab","floor":6,"key":"SMITH"},{"floor":15,"key":"REST"},{"floor":23,"key":"REST"}],"circlet_count":0,"master_deck":["Strike_G","Strike_G","Strike_G","Strike_G","Defend_G","Defend_G","Defend_G","Defend_G","Survivor","Neutralize","Poisoned Stab+1","Flechettes","Doubt","Noxious Fumes","Parasite","Deadly Poison"],"relics":["Ring of the Snake","Bronze Scales","InkBottle","Bottled Flame","Black Star","Ornamental Fan"],"acts_visited":["Exordium","TheCity"],"potions_floor_usage":[16,16,16,22,22,24,24],"damage_taken":[{"damage":5,"enemies":"Cultist","floor":1,"turns":4},{"damage":1,"enemies":"Jaw Worm","floor":5,"turns":3},{"damage":0,"enemies":"2 Louse","floor":8,"turns":2},{"damage":9,"enemies":"Exordium Thugs","floor":10,"turns":5},{"damage":13,"enemies":"Blue Slaver","floor":11,"turns":3},{"damage":9,"enemies":"2 Fungi Beasts","floor":13,"turns":3},{"damage":30,"enemies":"Exordium Wildlife","floor":14,"turns":4},{"damage":19,"enemies":"Hexaghost","floor":16,"turns":8},{"damage":26,"enemies":"Shell Parasite","floor":18,"turns":6},{"damage":21,"enemies":"Spheric Guardian","floor":21,"turns":5},{"damage":1,"enemies":"Cultist and Chosen","floor":22,"turns":4},{"damage":50,"enemies":"Gremlin Leader","floor":24,"turns":2}],"seed_played":"6759213258095985505","potions_obtained":[{"floor":1,"key":"EssenceOfSteel"},{"floor":10,"key":"CunningPotion"},{"floor":14,"key":"PowerPotion"},{"floor":16,"key":"EntropicBrew"}],"is_trial":false,"path_per_floor":["M","?","?","?","M","R","?","M","T","M","M","?","M","M","R","B",null,"M","?","$","M","M","R","E"],"character_chosen":"THE_SILENT","items_purchased":["Ornamental Fan"],"campfire_rested":2,"item_purchase_floors":[20],"current_hp_per_floor":[65,62,67,67,66,66,66,66,66,57,44,62,53,23,45,26,75,49,49,49,28,27,49,0,0],"gold":190,"neow_bonus":"RANDOM_COMMON_RELIC","is_daily":false,"chose_seed":false,"campfire_upgraded":1,"win_rate":0.0,"timestamp":1609605130,"path_taken":["M","?","?","?","?","R","?","M","T","M","M","?","?","M","R","BOSS","M","?","$","M","M","R","E"],"items_purchased_type":["Relic"],"build_version":"2020-12-22","purchased_purges":1,"victory":false,"max_hp_per_floor":[70,70,75,75,75,75,75,75,75,75,75,75,75,75,75,75,75,75,75,75,75,75,75,75,75],"card_choices":[{"not_picked":["Reflex","Dodge and Roll","Acrobatics"],"picked":"SKIP","floor":1},{"not_picked":["Predator","Catalyst"],"picked":"Flechettes","floor":5},{"not_picked":["Backflip","Accuracy"],"picked":"Noxious Fumes","floor":8},{"not_picked":["Sucker Punch","Blade Dance","Outmaneuver"],"picked":"SKIP","floor":10},{"not_picked":["Cloak And Dagger","Acrobatics","Choke"],"picked":"SKIP","floor":11},{"not_picked":["Bane","Outmaneuver","Choke"],"picked":"SKIP","floor":13},{"not_picked":["Quick Slash","Riddle With Holes"],"picked":"Deadly Poison","floor":14},{"not_picked":["Quick Slash","Dodge and Roll+1","Reflex"],"picked":"SKIP","floor":18},{"not_picked":["Outmaneuver","Underhanded Strike","Finisher"],"picked":"SKIP","floor":21}],"player_experience":138061,"relics_obtained":[{"floor":9,"key":"Bottled Flame"}],"event_choices":[{"damage_healed":0,"gold_gain":0,"player_choice":"Success","damage_taken":3,"relics_obtained":["InkBottle"],"max_hp_gain":0,"max_hp_loss":0,"event_name":"Scrap Ooze","floor":2,"gold_loss":0},{"damage_healed":0,"gold_gain":0,"player_choice":"Donut","damage_taken":0,"max_hp_gain":5,"max_hp_loss":0,"event_name":"Big Fish","floor":3,"gold_loss":0},{"damage_healed":0,"gold_gain":0,"player_choice":"1 cards matched","damage_taken":0,"max_hp_gain":0,"max_hp_loss":0,"event_name":"Match and Keep!","floor":4,"gold_loss":0,"cards_obtained":["Poisoned Stab"]},{"damage_healed":0,"gold_gain":175,"player_choice":"AGREE","damage_taken":0,"max_hp_gain":0,"max_hp_loss":0,"event_name":"Liars Game","floor":7,"gold_loss":0,"cards_obtained":["Doubt"]},{"damage_healed":18,"gold_gain":0,"player_choice":"Healed and dodged fight","damage_taken":0,"max_hp_gain":0,"max_hp_loss":0,"event_name":"Mushrooms","floor":12,"gold_loss":0,"cards_obtained":["Parasite"]},{"cards_removed":["Strike_G"],"damage_healed":0,"gold_gain":0,"player_choice":"Elegance","damage_taken":0,"max_hp_gain":0,"max_hp_loss":0,"event_name":"Back to Basics","floor":19,"gold_loss":0}],"is_beta":false,"boss_relics":[{"not_picked":["Philosopher\u0027s Stone","Runic Pyramid"],"picked":"Black Star"}],"items_purged_floors":[20],"is_endless":false,"potions_floor_spawned":[1,10,14,16,22],"killed_by":"Gremlin Leader","ascension_level":2}}