{"host":"os7ajuuouznx3pj7","time":1609625449,"event":{"mods":["AchievementEnabler","BaseMod","Bestiary","Block Reminder","Colored Map","Colored Powertips","Keyboard Shortcuts","Minty Spire (QoL Compilation)","Quick Restart","Relic Stats","SuperFastMode"],"gold_per_floor":[115,115,25,25,45,45,45,77,77,12,40,90,110,121,121,121,121],"floor_reached":16,"playtime":1053,"items_purged":[],"score":266,"play_id":"3646aba2-5c57-4bcd-a5c2-eab0c0221e0c","local_time":"20210102201049","is_ascension_mode":true,"campfire_choices":[{"data":"Hemokinesis","floor":6.0,"key":"SMITH"},{"data":"Blood for Blood","floor":15,"key":"SMITH"}],"circlet_count":0,"master_deck":["AscendersBane","Strike_R+1","Strike_R","Strike_R+1","Strike_R+1","Defend_R+1","Defend_R","Defend_R","Defend_R","Bash","Second Wind","Uppercut+1","Hemokinesis+1","True Grit","Blood for Blood+1","Feel No Pain","Power Through"],"relics":["Burning Blood","NeowsBlessing","Whetstone","The Courier","Eternal Feather"],"acts_visited":["Exordium"],"potions_floor_usage":[14,16],"damage_taken":[{"damage":0.0,"enemies":"Small Slimes","floor":1.0,"turns":1.0},{"damage":0.0,"enemies":"Jaw Worm","floor":5.0,"turns":1.0},{"damage":0.0,"enemies":"3 Sentries","floor":8.0,"turns":2.0},{"damage":15.0,"enemies":"Lagavulin","floor":11.0,"turns":5.0},{"damage":3,"enemies":"Cultist","floor":13,"turns":5},{"damage":8,"enemies":"Blue Slaver","floor":14,"turns":4},{"damage":74,"enemies":"Slime Boss","floor":16,"turns":7}],"seed_played":"4802035222730292782","potions_obtained":[{"floor":8.0,"key":"SpeedPotion"},{"floor":13,"key":"BloodPotion"}],"is_trial":false,"path_per_floor":["M","?","$","?","M","R","?","E","T","$","E","?","M","M","R","B"],"character_chosen":"IRONCLAD","items_purchased":["Uppercut","Blood for Blood"],"campfire_rested":0,"item_purchase_floors":[3,10],"current_hp_per_floor":[74,51,51,51,57,57,57,63,63,63,54,47,50,48,57,0,0],"gold":121,"neow_bonus":"THREE_ENEMY_KILL","is_daily":false,"chose_seed":false,"campfire_upgraded":2,"win_rate":0.0,"timestamp":1609625449,"path_taken":["M","?","$","?","?","R","?","E","T","?","E","?","M","M","R","BOSS"],"items_purchased_type":["Card","Card"],"build_version":"2020-12-22","purchased_purges":0,"victory":false,"max_hp_per_floor":[75,75,75,75,75,75,75,75,75,75,75,75,75,75,75,75,75],"relic_stats":{"counters":[7,25],"Eternal Feather":9,"Whetstone":["Strike_R","Strike_R"],"obtain_stats":[{"NeowsBlessing":0,"Eternal Feather":11,"The Courier":9,"Whetstone":8,"Burning Blood":0},{"NeowsBlessing":0,"Eternal Feather":4,"The Courier":3,"Whetstone":3,"Burning Blood":0},{"NeowsBlessing":0,"Eternal Feather":9,"The Courier":4,"Whetstone":4,"Burning Blood":0}],"Burning Blood":36},"card_choices":[{"not_picked":["Armaments","Shrug It Off"],"picked":"Second Wind","floor":1.0},{"not_picked":["Flex","Armaments"],"picked":"Hemokinesis","floor":5.0},{"not_picked":["Iron Wave","Headbutt"],"picked":"True Grit","floor":8.0},{"not_picked":["Clash","Wild Strike","Pommel Strike"],"picked":"SKIP","floor":11.0},{"not_picked":["Pommel Strike","Second Wind"],"picked":"Feel No Pain","floor":13},{"not_picked":["Inflame","Rupture"],"picked":"Power Through","floor":14}],"player_experience":765229,"relics_obtained":[{"floor":8.0,"key":"Whetstone"},{"floor":9.0,"key":"The Courier"},{"floor":11.0,"key":"Eternal Feather"}],"event_choices":[{"damage_healed":0.0,"max_hp_gain":0.0,"max_hp_loss":0.0,"gold_gain":0.0,"event_name":"Shining Light","player_choice":"Entered Light","floor":2.0,"gold_loss":0.0,"damage_taken":23.0,"cards_upgraded":["Strike_R","Defend_R"]},{"cards_removed":["Strike_R"],"damage_healed":0.0,"max_hp_gain":0.0,"max_hp_loss":0.0,"gold_gain":0.0,"event_name":"Bonfire Elementals","player_choice":"Offered Basic","floor":4.0,"gold_loss":0.0,"damage_taken":0.0},{"damage_healed":0.0,"max_hp_gain":0.0,"max_hp_loss":0.0,"gold_gain":0.0,"event_name":"Living Wall","player_choice":"Grow","floor":7.0,"gold_loss":0.0,"damage_taken":0.0,"cards_upgraded":["Uppercut"]},{"damage_healed":0,"gold_gain":50,"player_choice":"Touch","damage_taken":7,"max_hp_gain":0,"max_hp_loss":0,"event_name":"FaceTrader","floor":12,"gold_loss":0}],"is_beta":false,"boss_relics":[],"items_purged_floors":[],"is_endless":false,"potions_floor_spawned":[8,13],"killed_by":"Slime Boss","ascension_level":20}}