{"host":"fjaupvxe7fzqrf4j","time":1609564216,"event":{"mods":["ATMod(°¢èªMod)","BaseMod","Minty Spire (QoL Compilation)","StSLib"],"gold_per_floor":[115,134,134,134,153,185,185,212,212,246,277,304,332,360,360,432,432,443,472,519,117,42,74,108,142,142,170,297,427,553,685,685,862,862,878,896,896,912,912,1347,1482,1616,1616,1747,1874,2006,2056,2056,2056,2256,2456,2456,2456,7,282,407],"floor_reached":57,"playtime":1291,"items_purged":["AT_WindFlip"],"score":4918,"play_id":"72baf854-7e10-4f09-b962-5468bcb8cba0","local_time":"20210102131016","daily_mods":["SealedDeck","Heirloom","Time Dilation","Flight","Elite Swarm"],"is_ascension_mode":true,"campfire_choices":[{"data":"AT_Desolate","floor":7,"key":"SMITH"},{"data":"AT_KingSlayer","floor":15,"key":"SMITH"},{"data":"Prepared","floor":32,"key":"SMITH"},{"floor":49,"key":"RECALL"},{"data":"Wraith Form v2","floor":53,"key":"SMITH"}],"circlet_count":0,"master_deck":["AscendersBane","Escape Plan+1","Acrobatics+1","Eviscerate+1","Backflip+1","Prepared+1","Prepared+1","AT_Desolate+1","Acrobatics+1","Adrenaline+1","Adrenaline+1","AT_KingSlayer+1","After Image+1","CurseOfTheBell","Wraith Form v2+1","Wraith Form v2+1"],"relics":["Ring of the Snake","AT_ATBox","Ginger","Peace Pipe","Mummified Hand","Happy Flower","Sundial","Bronze Scales","Shuriken","Bag of Marbles","AT_BellDemon","Calipers","Torii","Centennial Puzzle","WristBlade","CaptainsWheel","Red Mask","Mango","Juzu Bracelet","Akabeko","ClockworkSouvenir","AT_ChloranthyRing","AT_BladeRuinedKing","The Courier","Orichalcum","Tiny Chest","Bird Faced Urn","AT_EbonyIvory","AT_TheCollector","Lizard Tail","Gremlin Horn","Pen Nib","Art of War","Toy Ornithopter","Strawberry","StoneCalendar","Pantograph","Calling Bell","AT_SpeedBoots","The Specimen","Meat on the Bone","AT_LudenTempest","Mark of the Bloom","Du-Vu Doll","Tingsha","Old Coin","Tough Bandages","Omamori","Molten Egg 2","White Beast Statue","Bottled Lightning","Bag of Preparation","CeramicFish","Prayer Wheel","Eternal Feather","Ancient Tea Set","Darkstone Periapt","Incense Burner","Pear","Gambling Chip","AT_Kusabimaru","AT_SilvercatRing","DollysMirror","AT_ImmortalShieldbow","Paper Crane","Nunchaku","AT_ForceNature","Anchor","Snake Skull","Ornamental Fan","AT_BellowingDragoncrestRing","AT_MibuBalloonWealth","Kunai","AT_SunfireAegis","Blue Candle","Blood Vial"],"acts_visited":["Exordium","TheCity","TheBeyond","TheEnding"],"potions_floor_usage":[56],"damage_taken":[{"damage":0,"enemies":"Cultist","floor":1,"turns":1},{"damage":0,"enemies":"Small Slimes","floor":2,"turns":1},{"damage":0,"enemies":"Jaw Worm","floor":5,"turns":1},{"damage":0,"enemies":"Lagavulin","floor":6,"turns":2},{"damage":0,"enemies":"Gremlin Nob","floor":8,"turns":1},{"damage":0,"enemies":"Lagavulin","floor":10,"turns":1},{"damage":0,"enemies":"3 Sentries","floor":11,"turns":1},{"damage":0,"enemies":"Gremlin Nob","floor":12,"turns":1},{"damage":0,"enemies":"3 Sentries","floor":13,"turns":1},{"damage":0,"enemies":"Gremlin Nob","floor":14,"turns":1},{"damage":0,"enemies":"The Guardian","floor":16,"turns":1},{"damage":0,"enemies":"2 Thieves","floor":18,"turns":1},{"damage":0,"enemies":"Masked Bandits","floor":19,"turns":2},{"damage":0,"enemies":"Slavers","floor":23,"turns":1},{"damage":0,"enemies":"Gremlin Leader","floor":24,"turns":1},{"damage":0,"enemies":"Slavers","floor":25,"turns":1},{"damage":0,"enemies":"Gremlin Leader","floor":27,"turns":1},{"damage":0,"enemies":"Slavers","floor":28,"turns":1},{"damage":0,"enemies":"Gremlin Leader","floor":29,"turns":1},{"damage":0,"enemies":"Book of Stabbing","floor":30,"turns":1},{"damage":0,"enemies":"Slavers","floor":31,"turns":1},{"damage":0,"enemies":"Automaton","floor":33,"turns":1},{"damage":0,"enemies":"3 Shapes","floor":35,"turns":1},{"damage":0,"enemies":"Orb Walker","floor":36,"turns":1},{"damage":0,"enemies":"Writhing Mass","floor":38,"turns":1},{"damage":0,"enemies":"Reptomancer","floor":40,"turns":1},{"damage":0,"enemies":"Giant Head","floor":41,"turns":1},{"damage":0,"enemies":"Nemesis","floor":42,"turns":1},{"damage":0,"enemies":"Giant Head","floor":44,"turns":1},{"damage":0,"enemies":"Reptomancer","floor":45,"turns":1},{"damage":0,"enemies":"Nemesis","floor":46,"turns":1},{"damage":0,"enemies":"2 Orb Walkers","floor":47,"turns":1},{"damage":0,"enemies":"Donu and Deca","floor":50,"turns":1},{"damage":0,"enemies":"Awakened One","floor":51,"turns":2},{"damage":0,"enemies":"Shield and Spear","floor":55,"turns":1},{"damage":0,"enemies":"The Heart","floor":56,"turns":4}],"seed_played":"-1669065508229401984","potions_obtained":[{"floor":2,"key":"DuplicationPotion"},{"floor":5,"key":"Swift Potion"}],"is_trial":true,"path_per_floor":["M","M","?","?","M","E","R","E","T","E","E","E","E","E","R","B",null,"M","?","T","$","?","E","E","E","T","E","E","E","E","E","R","B",null,"M","M","?","M","?","E","E","E","T","E","E","E","?","T","R","B","B",null,"R","$","E","B",null],"character_chosen":"THE_SILENT","items_purchased":["Akabeko","ClockworkSouvenir","AT_Kusabimaru","AT_SilvercatRing","DollysMirror","AT_ImmortalShieldbow","Paper Crane","Nunchaku","AT_ForceNature","Anchor","Snake Skull","Ornamental Fan","AT_BellowingDragoncrestRing","AT_MibuBalloonWealth","Kunai","AT_SunfireAegis"],"campfire_rested":0,"item_purchase_floors":[21,21,54,54,54,54,54,54,54,54,54,54,54,54,54,54],"current_hp_per_floor":[59,59,54,54,54,54,54,54,54,54,54,54,54,54,54,54,63,63,77,77,77,77,77,77,77,77,79,80,80,80,87,87,87,87,87,87,87,87,87,87,87,87,87,87,87,87,87,87,87,87,87,87,87,87,87,87],"gold":407,"neow_bonus":"","is_daily":false,"chose_seed":false,"campfire_upgraded":4,"win_rate":0.0,"timestamp":1609564216,"path_taken":["M","?","?","?","?","E","R","E","T","E","E","E","E","E","R","BOSS","M","?","?","?","?","E","E","E","T","E","E","E","E","E","R","BOSS","M","M","?","M","?","E","E","E","T","E","E","E","?","?","R","BOSS","BOSS","R","$","E","BOSS"],"items_purchased_type":["Relic","Relic","Relic","Relic","Relic","Relic","Relic","Relic","Relic","Relic","Relic","Relic","Relic","Relic","Relic","Relic"],"build_version":"2020-12-22","purchased_purges":1,"victory":true,"max_hp_per_floor":[66,66,66,66,66,66,66,66,66,66,66,66,66,66,66,66,66,66,80,80,80,80,80,80,80,80,80,80,80,80,87,87,87,87,87,87,87,87,87,87,87,87,87,87,87,87,97,97,97,97,97,97,97,97,97,97],"card_choices":[{"not_picked":["All Out Attack","Dagger Throw","Flechettes"],"picked":"SKIP","floor":1},{"not_picked":["Outmaneuver","Prepared","AT_WindFlip"],"picked":"SKIP","floor":2},{"not_picked":["Dagger Throw","AT_WindFlip"],"picked":"Acrobatics","floor":5},{"not_picked":["Unload","Wraith Form v2","AT_EssenceShift"],"picked":"SKIP","floor":6},{"not_picked":["AT_MyraUnstableElement","A Thousand Cuts"],"picked":"Adrenaline","floor":8},{"not_picked":["Venomology","Glass Knife"],"picked":"Adrenaline","floor":10},{"not_picked":["Phantasmal Killer","A Thousand Cuts","AT_MyraUnstableElement"],"picked":"SKIP","floor":11},{"not_picked":["Die Die Die","Glass Knife","Malaise"],"picked":"SKIP","floor":12},{"not_picked":["AT_EssenceShift","Corpse Explosion","Wraith Form v2"],"picked":"SKIP","floor":13},{"not_picked":["Envenom","Tools of the Trade"],"picked":"AT_KingSlayer","floor":14},{"not_picked":["Cloak And Dagger","Dodge and Roll","Deflect"],"picked":"SKIP","floor":18},{"not_picked":["Die Die Die","Burst","Envenom"],"picked":"SKIP","floor":23},{"not_picked":["Tools of the Trade","Night Terror","AT_EssenceShift"],"picked":"SKIP","floor":24},{"not_picked":["Envenom","Burst","Corpse Explosion"],"picked":"SKIP","floor":25},{"not_picked":["Malaise","A Thousand Cuts","AT_MyraUnstableElement"],"picked":"SKIP","floor":27},{"not_picked":["Tools of the Trade","AT_MyraUnstableElement"],"picked":"After Image","floor":28},{"not_picked":["Phantasmal Killer","Doppelganger","Glass Knife"],"picked":"SKIP","floor":29},{"not_picked":["Wraith Form v2","Unload","AT_KingSlayer"],"picked":"SKIP","floor":30},{"not_picked":["Unload","Burst","AT_EssenceShift"],"picked":"SKIP","floor":31},{"not_picked":["Poisoned Stab","Masterful Stab","Underhanded Strike+1"],"picked":"SKIP","floor":35},{"not_picked":["Caltrops","Catalyst","Backflip"],"picked":"SKIP","floor":36},{"not_picked":["Backflip","Underhanded Strike+1","AT_WindFlip"],"picked":"SKIP","floor":38},{"not_picked":["AT_EssenceShift","Tools of the Trade","Envenom"],"picked":"SKIP","floor":40},{"not_picked":["Grand Finale","AT_MyraUnstableElement"],"picked":"Wraith Form v2","floor":41},{"not_picked":["Burst","Phantasmal Killer","Wraith Form v2"],"picked":"SKIP","floor":42},{"not_picked":["Phantasmal Killer","A Thousand Cuts","Night Terror"],"picked":"SKIP","floor":44},{"not_picked":["Doppelganger","Corpse Explosion","Tools of the Trade"],"picked":"SKIP","floor":45},{"not_picked":["Storm of Steel","Bullet Time","Doppelganger"],"picked":"SKIP","floor":46},{"not_picked":["Storm of Steel","Bullet Time","Doppelganger"],"picked":"SKIP","floor":46},{"not_picked":["After Image","Die Die Die+1","Corpse Explosion"],"picked":"SKIP","floor":55}],"player_experience":319528,"relics_obtained":[{"floor":6,"key":"Mummified Hand"},{"floor":8,"key":"Happy Flower"},{"floor":9,"key":"Sundial"},{"floor":10,"key":"Bronze Scales"},{"floor":11,"key":"Shuriken"},{"floor":12,"key":"Bag of Marbles"},{"floor":13,"key":"AT_BellDemon"},{"floor":14,"key":"Calipers"},{"floor":14,"key":"Torii"},{"floor":16,"key":"Centennial Puzzle"},{"floor":18,"key":"CaptainsWheel"},{"floor":19,"key":"Red Mask"},{"floor":19,"key":"Mango"},{"floor":20,"key":"Juzu Bracelet"},{"floor":23,"key":"AT_ChloranthyRing"},{"floor":23,"key":"AT_BladeRuinedKing"},{"floor":24,"key":"The Courier"},{"floor":24,"key":"Orichalcum"},{"floor":25,"key":"Tiny Chest"},{"floor":25,"key":"Bird Faced Urn"},{"floor":27,"key":"AT_EbonyIvory"},{"floor":27,"key":"AT_TheCollector"},{"floor":28,"key":"Lizard Tail"},{"floor":28,"key":"Gremlin Horn"},{"floor":29,"key":"Pen Nib"},{"floor":30,"key":"Art of War"},{"floor":30,"key":"Toy Ornithopter"},{"floor":31,"key":"Strawberry"},{"floor":31,"key":"StoneCalendar"},{"floor":33,"key":"Pantograph"},{"floor":34,"key":"AT_SpeedBoots"},{"floor":34,"key":"The Specimen"},{"floor":35,"key":"Meat on the Bone"},{"floor":36,"key":"AT_LudenTempest"},{"floor":38,"key":"Du-Vu Doll"},{"floor":40,"key":"Tingsha"},{"floor":40,"key":"Old Coin"},{"floor":41,"key":"Tough Bandages"},{"floor":41,"key":"Omamori"},{"floor":42,"key":"Molten Egg 2"},{"floor":42,"key":"White Beast Statue"},{"floor":43,"key":"Bottled Lightning"},{"floor":44,"key":"Bag of Preparation"},{"floor":44,"key":"CeramicFish"},{"floor":45,"key":"Prayer Wheel"},{"floor":45,"key":"Eternal Feather"},{"floor":46,"key":"Ancient Tea Set"},{"floor":46,"key":"Darkstone Periapt"},{"floor":47,"key":"Incense Burner"},{"floor":47,"key":"Pear"},{"floor":48,"key":"Gambling Chip"},{"floor":55,"key":"Blue Candle"},{"floor":55,"key":"Blood Vial"}],"event_choices":[{"damage_healed":0,"gold_gain":0,"player_choice":"Success","damage_taken":5,"relics_obtained":["Peace Pipe"],"max_hp_gain":0,"max_hp_loss":0,"event_name":"Scrap Ooze","floor":3,"gold_loss":0},{"damage_healed":0,"gold_gain":0,"player_choice":"Ignored","damage_taken":0,"max_hp_gain":0,"max_hp_loss":0,"event_name":"Liars Game","floor":4,"gold_loss":0},{"damage_healed":0,"gold_gain":0,"player_choice":"Fought Bandits","damage_taken":0,"max_hp_gain":0,"max_hp_loss":0,"event_name":"Masked Bandits","floor":19,"gold_loss":0},{"cards_removed":["Deflect"],"damage_healed":0,"gold_gain":0,"player_choice":"Gave Gold","damage_taken":0,"max_hp_gain":0,"max_hp_loss":0,"event_name":"Beggar","floor":22,"gold_loss":75},{"damage_healed":0,"gold_gain":0,"player_choice":"Upgrade","damage_taken":0,"relics_obtained":["Mark of the Bloom"],"max_hp_gain":0,"max_hp_loss":0,"event_name":"MindBloom","floor":37,"gold_loss":0,"cards_upgraded":["Escape Plan","Backflip","Acrobatics","Eviscerate","Backflip","Prepared","Acrobatics","Adrenaline","Adrenaline","After Image"]},{"cards_removed":["Backflip"],"damage_healed":0,"gold_gain":0,"player_choice":"Removed Skill","damage_taken":0,"max_hp_gain":0,"max_hp_loss":0,"event_name":"Falling","floor":39,"gold_loss":0},{"damage_healed":0,"gold_gain":0,"player_choice":"Fight","damage_taken":0,"max_hp_gain":0,"max_hp_loss":0,"event_name":"Mysterious Sphere","floor":47,"gold_loss":0}],"is_beta":false,"boss_relics":[{"not_picked":["Ring of the Serpent","Coffee Dripper"],"picked":"WristBlade"},{"not_picked":["SacredBark","AT_MortalBlade"],"picked":"Calling Bell"}],"items_purged_floors":[21],"is_endless":false,"potions_floor_spawned":[2,5,11,12,14,16,23,24,27,28,29,41,42,44,45,46,47,55],"ascension_level":20}}