{"host":"wg33yb1rgt3nbe17","time":1609572876,"event":{"mods":["AchievementEnabler","BaseMod","Colored Map","Minty Spire (QoL Compilation)","Permanent Neow","Relic Stats","StSLib"],"gold_per_floor":[118,64,64,14,28,53,66,66,66],"floor_reached":8,"playtime":263,"items_purged":[],"score":64,"play_id":"b0526244-05fc-4fe6-808b-1f5968a855d7","local_time":"20210102023436","is_ascension_mode":true,"campfire_choices":[],"circlet_count":0,"master_deck":["Strike_B","Strike_B","Strike_B","Defend_B","Defend_B","Defend_B","Defend_B","Zap","Dualcast","Metamorphosis","Auto Shields","Ball Lightning","Turbo","Creative AI","Ball Lightning"],"relics":["Cracked Core","Bronze Scales"],"acts_visited":["Exordium"],"potions_floor_usage":[8,8,8],"damage_taken":[{"damage":4,"enemies":"Small Slimes","floor":1,"turns":3},{"damage":1,"enemies":"Cultist","floor":5,"turns":3},{"damage":31,"enemies":"Gremlin Nob","floor":6,"turns":4},{"damage":0,"enemies":"2 Louse","floor":7,"turns":2},{"damage":20,"enemies":"3 Sentries","floor":8,"turns":3}],"seed_played":"-8634655326303628239","potions_obtained":[{"floor":1,"key":"PowerPotion"},{"floor":6,"key":"SneckoOil"}],"is_trial":false,"path_per_floor":["M","$","?","$","M","E","M","E"],"character_chosen":"DEFECT","items_purchased":["Ball Lightning","SkillPotion"],"campfire_rested":0,"item_purchase_floors":[2,4],"current_hp_per_floor":[50,50,50,50,49,18,18,0,0],"gold":66,"neow_bonus":"RANDOM_COLORLESS_2","is_daily":false,"chose_seed":false,"campfire_upgraded":0,"win_rate":0.0,"timestamp":1609572876,"path_taken":["M","$","?","?","M","E","M","E"],"items_purchased_type":["Card","Potion"],"build_version":"2020-12-22","purchased_purges":0,"victory":false,"max_hp_per_floor":[75,75,75,75,75,75,75,75,75],"relic_stats":{"counters":[5,15],"Bronze Scales":[12],"obtain_stats":[{"Bronze Scales":6,"Cracked Core":0},{"Bronze Scales":3,"Cracked Core":0},{"Bronze Scales":10,"Cracked Core":0}]},"card_choices":[{"not_picked":["Violence","Panache"],"picked":"Metamorphosis","floor":0},{"not_picked":["Barrage","Blizzard"],"picked":"Auto Shields","floor":1},{"not_picked":["Leap","Stack"],"picked":"Turbo","floor":5},{"not_picked":["Go for the Eyes","Loop"],"picked":"Creative AI","floor":6},{"not_picked":["Gash","Stack"],"picked":"Ball Lightning","floor":7}],"player_experience":549848,"relics_obtained":[{"floor":6,"key":"Bronze Scales"}],"event_choices":[{"cards_removed":["Strike_B"],"damage_healed":0,"gold_gain":0,"player_choice":"Offered Basic","damage_taken":0,"max_hp_gain":0,"max_hp_loss":0,"event_name":"Bonfire Elementals","floor":3,"gold_loss":0}],"is_beta":false,"boss_relics":[],"items_purged_floors":[],"is_endless":false,"potions_floor_spawned":[1,6],"killed_by":"3 Sentries","ascension_level":3}}