{"host":"hjw1ay65n7jm40lc","time":1609627364,"event":{"mods":["AchievementEnabler","BaseMod","Block Reminder","Colored Map","Colored Powertips","Curses Come First","Downfall","Googly Eyes","Hermit","Highlight Path","Jorbs\u0027s Wanderer Trilogy","Minty Spire (QoL Compilation)","Quick Restart","Relic Stats","StSLib"],"gold_per_floor":[118,130,2,77,93,93,132,61,61,92,92,92,105,70,70,199,199,212,212,251,251,265,304,304,227,227,241,276,276,276,201,201,304,304,320,320,273,273,292,292,327,327,327,327,126,136,155,175,175,175,175],"floor_reached":50,"playtime":4798,"items_purged":[],"score":639,"play_id":"6c0a5718-38e8-48de-8468-3760e082082e","local_time":"20210102174244","is_ascension_mode":false,"campfire_choices":[{"data":"stsjorbsmod:EyeOfTheStorm","floor":6.0,"key":"SMITH"},{"data":"stsjorbsmod:ScorchingRay","floor":11,"key":"SMITH"},{"data":"stsjorbsmod:TrueStrike","floor":15,"key":"SMITH"},{"data":"stsjorbsmod:Inferno","floor":24,"key":"SMITH"},{"data":"stsjorbsmod:FindFamiliar","floor":29,"key":"SMITH"},{"data":"stsjorbsmod:HoldMonster","floor":32,"key":"SMITH"},{"data":"stsjorbsmod:Prestidigitation","floor":40,"key":"SMITH"},{"data":"Sadistic Nature","floor":42,"key":"SMITH"},{"data":"stsjorbsmod:Pyromancy","floor":44,"key":"SMITH"},{"floor":49,"key":"REST"}],"circlet_count":0,"master_deck":["stsjorbsmod:ForbiddenGrimoire+1","stsjorbsmod:Defend_Wanderer","stsjorbsmod:Defend_Wanderer","stsjorbsmod:Defend_Wanderer","stsjorbsmod:FreshAdventure+1","stsjorbsmod:EyeOfTheStorm+1","stsjorbsmod:FlameWard","stsjorbsmod:SmithingStrike","stsjorbsmod:ChainLightning","stsjorbsmod:ColorSpray","stsjorbsmod:ColorSpray+1","stsjorbsmod:ScorchingRay+1","stsjorbsmod:TrueStrike+1","stsjorbsmod:Withdraw","stsjorbsmod:AnimateObjects+1","stsjorbsmod:MagicMissiles+1","stsjorbsmod:LoseGrip+1","stsjorbsmod:Inferno+1","stsjorbsmod:Firebolt+1","stsjorbsmod:FindFamiliar+1","stsjorbsmod:HedgeWizard+1","stsjorbsmod:HoldMonster+1","stsjorbsmod:Pyromancy+1","stsjorbsmod:LoseGrip+1","Sadistic Nature+1","stsjorbsmod:Prestidigitation+1","stsjorbsmod:ParryingBlow+1","stsjorbsmod:Channel+1","stsjorbsmod:UnseenServant"],"relics":["Cursed Key","Pear","Lantern","Bloody Idol","Astrolabe","Red Mask","Bronze Scales","Akabeko","Molten Egg 2","Philosopher\u0027s Stone","Smiling Mask","Whetstone"],"acts_visited":["Exordium","TheCity","TheBeyond"],"potions_floor_usage":[10,33,33,41,46,50],"damage_taken":[{"damage":0.0,"enemies":"Small Slimes","floor":1.0,"turns":3.0},{"damage":0.0,"enemies":"2 Louse","floor":2.0,"turns":3.0},{"damage":0.0,"enemies":"Jaw Worm","floor":5.0,"turns":2.0},{"damage":7.0,"enemies":"Lagavulin","floor":7.0,"turns":5.0},{"damage":10,"enemies":"Gremlin Nob","floor":10,"turns":4},{"damage":6,"enemies":"Large Slime","floor":13,"turns":3},{"damage":0,"enemies":"Slime Boss","floor":16,"turns":6},{"damage":0,"enemies":"Chosen","floor":18,"turns":4},{"damage":0,"enemies":"Masked Bandits","floor":20,"turns":5},{"damage":0,"enemies":"2 Thieves","floor":22,"turns":3},{"damage":0,"enemies":"Gremlin Leader","floor":23,"turns":5},{"damage":10,"enemies":"Cultist and Chosen","floor":27,"turns":5},{"damage":8,"enemies":"Slavers","floor":28,"turns":4},{"damage":30,"enemies":"Collector","floor":33,"turns":6},{"damage":2,"enemies":"3 Shapes","floor":35,"turns":4},{"damage":0,"enemies":"Orb Walker","floor":39,"turns":4},{"damage":0,"enemies":"Giant Head","floor":41,"turns":5},{"damage":1,"enemies":"Writhing Mass","floor":46,"turns":3},{"damage":0,"enemies":"Transient","floor":47,"turns":5},{"damage":30,"enemies":"4 Shapes","floor":48,"turns":3},{"damage":69,"enemies":"Time Eater","floor":50,"turns":6}],"seed_played":"2132468065207762638","potions_obtained":[{"floor":1.0,"key":"PowerPotion"},{"floor":5.0,"key":"PowerPotion"},{"floor":10,"key":"champ:CounterPotion"},{"floor":22,"key":"SteroidPotion"},{"floor":28,"key":"FearPotion"},{"floor":35,"key":"hexamod:EctoCoolerPotion"},{"floor":39,"key":"PowerPotion"},{"floor":48,"key":"SteroidPotion"}],"is_trial":false,"path_per_floor":["M","M","$","?","M","R","E","$","T","E","R","?","M","?","R","B",null,"M","?","?","?","M","E","R","$","T","M","E","R","?","?","R","B",null,"M","?","$","?","M","R","E","R","T","R","$","M","M","M","R","B"],"character_chosen":"WANDERER","items_purchased":["stsjorbsmod:SmithingStrike","BlessingOfTheForge","stsjorbsmod:ColorSpray","GamblersBrew","stsjorbsmod:Prestidigitation","Whetstone","SpeedPotion"],"campfire_rested":1,"item_purchase_floors":[3,3,8,25,37,45,45],"current_hp_per_floor":[68,68,68,57,57,57,60,60,60,50,50,50,44,62,62,62,72,72,72,72,72,72,72,72,72,72,62,54,54,54,54,54,29,72,72,62,62,62,67,67,72,72,72,72,72,72,72,47,68,0,0],"gold":175,"neow_bonus":"BOSS_RELIC","is_daily":false,"chose_seed":false,"campfire_upgraded":9,"win_rate":0.0,"timestamp":1609627364,"path_taken":["M","M","$","?","M","R","E","$","T","E","R","?","M","?","R","BOSS","M","?","?","?","?","E","R","?","T","M","E","R","?","?","R","BOSS","M","?","$","?","M","R","E","R","T","R","$","M","M","?","R","BOSS"],"items_purchased_type":["Card","Potion","Card","Potion","Card","Relic","Potion"],"build_version":"2020-12-22","purchased_purges":0,"victory":false,"max_hp_per_floor":[68,68,68,68,68,68,78,78,78,78,78,72,72,72,72,72,72,72,72,72,72,72,72,72,72,72,72,72,72,72,72,72,72,72,72,72,72,72,72,72,72,72,72,72,72,72,72,72,72,72,72],"relic_stats":{"counters":[21,88],"Bloody Idol":23,"Astrolabe":["stsjorbsmod:AnimateObjects","stsjorbsmod:MagicMissiles","stsjorbsmod:LoseGrip"],"Bronze Scales":[139],"Whetstone":["stsjorbsmod:ColorSpray","stsjorbsmod:FreshAdventure"],"Cursed Key":0,"Smiling Mask":0,"obtain_stats":[{"Lantern":10,"Pear":7,"Golden Idol":12,"Astrolabe":17,"stsjorbsmod:GrimoireRelic":0,"Whetstone":45,"Cursed Key":0,"Smiling Mask":41,"Akabeko":23,"Bronze Scales":21,"Bloody Idol":30,"Molten Egg 2":28,"Philosopher\u0027s Stone":34,"Red Mask":20},{"Lantern":5,"Pear":4,"Golden Idol":5,"Astrolabe":7,"stsjorbsmod:GrimoireRelic":0,"Whetstone":17,"Cursed Key":0,"Smiling Mask":17,"Akabeko":11,"Bronze Scales":9,"Bloody Idol":13,"Molten Egg 2":13,"Philosopher\u0027s Stone":14,"Red Mask":9},{"Lantern":17,"Pear":13,"Golden Idol":17,"Astrolabe":26,"stsjorbsmod:GrimoireRelic":0,"Whetstone":71,"Cursed Key":0,"Smiling Mask":71,"Akabeko":43,"Bronze Scales":35,"Bloody Idol":52,"Molten Egg 2":52,"Philosopher\u0027s Stone":58,"Red Mask":35}]},"card_choices":[{"not_picked":["stsjorbsmod:Introspection","stsjorbsmod:Counterspell"],"picked":"stsjorbsmod:FlameWard","floor":1.0},{"not_picked":["stsjorbsmod:WanderingMind","stsjorbsmod:Aid","stsjorbsmod:Materialize"],"picked":"SKIP","floor":2.0},{"not_picked":["stsjorbsmod:FaerieFire","stsjorbsmod:Will"],"picked":"stsjorbsmod:ChainLightning","floor":5.0},{"not_picked":["stsjorbsmod:FlameWard","stsjorbsmod:RefuseToForget"],"picked":"stsjorbsmod:ColorSpray","floor":7.0},{"not_picked":["stsjorbsmod:Index","stsjorbsmod:Banish"],"picked":"stsjorbsmod:ScorchingRay","floor":10},{"not_picked":["stsjorbsmod:BurningFlask","stsjorbsmod:Channel"],"picked":"stsjorbsmod:TrueStrike","floor":13},{"not_picked":["stsjorbsmod:Rediscovery","stsjorbsmod:ThirstingSword"],"picked":"stsjorbsmod:Withdraw","floor":16},{"not_picked":["stsjorbsmod:DisguiseSelf","stsjorbsmod:Will","stsjorbsmod:BlackTentacles"],"picked":"SKIP","floor":18},{"not_picked":["stsjorbsmod:Prepare","stsjorbsmod:ParryingBlow"],"picked":"stsjorbsmod:Inferno","floor":20},{"not_picked":["stsjorbsmod:Channel","stsjorbsmod:TollTheDead"],"picked":"stsjorbsmod:Firebolt+1","floor":22},{"not_picked":["stsjorbsmod:MistyStep","stsjorbsmod:UnseenServant"],"picked":"stsjorbsmod:FindFamiliar","floor":23},{"not_picked":["stsjorbsmod:SmithingStrike","stsjorbsmod:OldPocket"],"picked":"stsjorbsmod:HedgeWizard+1","floor":27},{"not_picked":["stsjorbsmod:FracturedMind+1","stsjorbsmod:FaerieFire"],"picked":"stsjorbsmod:HoldMonster","floor":28},{"not_picked":["stsjorbsmod:HoldMonster","stsjorbsmod:CorrodingBarrier"],"picked":"stsjorbsmod:Pyromancy","floor":33},{"not_picked":["stsjorbsmod:AnimateObjects+1","stsjorbsmod:Rest+1"],"picked":"stsjorbsmod:LoseGrip+1","floor":35},{"not_picked":["Impatience","Trip"],"picked":"Sadistic Nature","floor":36},{"not_picked":["stsjorbsmod:ChainLightning+1","stsjorbsmod:FracturedMind+1","stsjorbsmod:TollTheDead+1"],"picked":"SKIP","floor":39},{"not_picked":["stsjorbsmod:RayOfFrost+1","stsjorbsmod:ParryingBlow+1"],"picked":"stsjorbsmod:Channel+1","floor":41},{"not_picked":["stsjorbsmod:ChatteringStrike+1","stsjorbsmod:TollTheDead+1","stsjorbsmod:Prepare+1"],"picked":"SKIP","floor":46},{"not_picked":["stsjorbsmod:Rest","stsjorbsmod:RayOfFrost+1","stsjorbsmod:HedgeWizard"],"picked":"SKIP","floor":47},{"not_picked":["stsjorbsmod:FaerieFire","stsjorbsmod:ParryingBlow+1"],"picked":"stsjorbsmod:UnseenServant","floor":48}],"player_experience":763233,"relics_obtained":[{"floor":7.0,"key":"Pear"},{"floor":10,"key":"Lantern"},{"floor":20,"key":"Red Mask"},{"floor":23,"key":"Akabeko"},{"floor":28,"key":"Molten Egg 2"},{"floor":41,"key":"Smiling Mask"}],"event_choices":[{"damage_healed":0.0,"max_hp_gain":0.0,"max_hp_loss":0.0,"gold_gain":75.0,"event_name":"World of Goop","player_choice":"Gather Gold","floor":4.0,"gold_loss":0.0,"damage_taken":11.0},{"damage_healed":0,"gold_gain":0,"player_choice":"Lose Max HP","damage_taken":0,"relics_obtained":["Golden Idol"],"max_hp_gain":0,"max_hp_loss":6,"event_name":"Golden Idol","floor":12,"gold_loss":0},{"damage_healed":18,"gold_gain":0,"player_choice":"Healed","damage_taken":0,"max_hp_gain":0,"max_hp_loss":0,"event_name":"The Cleric","floor":14,"gold_loss":35},{"damage_healed":0,"gold_gain":0,"player_choice":"Ignored","damage_taken":0,"max_hp_gain":0,"max_hp_loss":0,"event_name":"Ghosts","floor":19,"gold_loss":0},{"damage_healed":0,"gold_gain":0,"player_choice":"Fought Bandits","damage_taken":0,"max_hp_gain":0,"max_hp_loss":0,"event_name":"Masked Bandits","floor":20,"gold_loss":0},{"damage_healed":0,"gold_gain":0,"player_choice":"Gave Potion","damage_taken":0,"relics_obtained":["Bronze Scales"],"max_hp_gain":0,"max_hp_loss":0,"event_name":"WeMeetAgain","floor":21,"gold_loss":0},{"damage_healed":0,"gold_gain":0,"player_choice":"Gave Idol","damage_taken":0,"relics_obtained":["Bloody Idol"],"max_hp_gain":0,"max_hp_loss":0,"event_name":"Forgotten Altar","floor":30,"relics_lost":["Golden Idol"],"gold_loss":0},{"cards_removed":["stsjorbsmod:Strike_Wanderer"],"damage_healed":0,"gold_gain":0,"player_choice":"Gave Gold","damage_taken":0,"max_hp_gain":0,"max_hp_loss":0,"event_name":"Beggar","floor":31,"gold_loss":75},{"damage_healed":0,"gold_gain":0,"player_choice":"Memory 3","damage_taken":10,"max_hp_gain":0,"max_hp_loss":0,"event_name":"SensoryStone","floor":36,"gold_loss":0},{"damage_healed":0,"gold_gain":0,"cards_transformed":["stsjorbsmod:Defend_Wanderer"],"player_choice":"Transformed","damage_taken":0,"max_hp_gain":0,"max_hp_loss":0,"event_name":"Transmorgrifier","floor":38,"gold_loss":0,"cards_obtained":["stsjorbsmod:ParryingBlow"]}],"is_beta":false,"boss_relics":[{"not_picked":["Empty Cage","Velvet Choker"],"picked":"Astrolabe"},{"not_picked":["Coffee Dripper","Tiny House"],"picked":"Philosopher\u0027s Stone"}],"items_purged_floors":[],"is_endless":false,"potions_floor_spawned":[1,5,10,22,28,35,39,48],"killed_by":"Time Eater","ascension_level":0}}