{"host":"2gugywxuw0nvjb3h","time":1609552491,"event":{"mods":["AchievementEnabler","BaseMod","Better Altar","Better Match","Better Note","Better Sensory Stone","Better Skull","Better Third Choice","BetterRewards","Colored Map","Colored Powertips","Curses Come First","Evolution","Filter the Spire","GifTheSpireLib","Key Reminder","Marisa????????","Minty Spire (QoL Compilation)","Rare Cards Sparkle","Relic Sorter","Spicy Shops","StSLib"],"gold_per_floor":[125,134,162,190,211,251,98,140,166,209,209,250,279,306,306,412,412,441,461,461,88,113,113,133,133,133,158,158,83,83,125,125,233,233,257,284,24,0,0,38,95,95,175,175,198,279,299,333,333,333],"floor_reached":51,"playtime":4689,"items_purged":[],"score":1128,"play_id":"226be315-9a23-4952-83bf-94e69d5e4ff7","local_time":"20210101185451","is_ascension_mode":true,"campfire_choices":[{"floor":11.0,"key":"REST"},{"floor":15.0,"key":"REST"},{"data":"1","floor":23,"key":"LIFT"},{"data":"2","floor":25,"key":"LIFT"},{"data":"3","floor":28,"key":"LIFT"},{"data":"Madness","floor":30,"key":"SMITH"},{"data":"Alpha","floor":32,"key":"SMITH"},{"data":"Devotion","floor":42,"key":"SMITH"},{"floor":49,"key":"REST"}],"circlet_count":0,"master_deck":["EmptyFist+1","EmptyFist","EmptyFist+1","Strike_P","Defend_P","Defend_P","Defend_P","Defend_P","Eruption","Vigilance","Meditate","Meditate","BowlingBash","Madness+1","Consecrate","Halt","TalkToTheHand","Consecrate","Scrawl","JustLucky","ForeignInfluence","TalkToTheHand","Weave","Alpha+1","FearNoEvil+1","Evaluate","Weave","Meditate","EmptyMind","Sanctity","Devotion+1","JustLucky","Meditate+1","CarveReality+1","Crescendo+1","SignatureMove+1","ThirdEye+1","ClearTheMind+1"],"relics":["PureWater","EVO:Axolotl","CatCart","Tiny Chest","Ornamental Fan","Incense Burner","CeramicFish","DollysMirror","Bird Faced Urn","Sundial","Anchor","Smiling Mask","Toy Ornithopter","PreservedInsect","Sozu","Girya","Lantern","Bag of Preparation","Bronze Scales","HornCleat","Toolbox","Eternal Feather","Philosopher\u0027s Stone","Matryoshka","Red Mask","Whetstone","Regal Pillow","Bottled Tornado","Gremlin Horn","Question Card","Toxic Egg 2","Oddly Smooth Stone"],"acts_visited":["Exordium","TheCity","TheBeyond"],"potions_floor_usage":[],"damage_taken":[{"damage":12.0,"enemies":"2 Louse","floor":1.0,"turns":3.0},{"damage":6.0,"enemies":"Cultist","floor":3.0,"turns":3.0},{"damage":2.0,"enemies":"Jaw Worm","floor":4.0,"turns":2.0},{"damage":19.0,"enemies":"Large Slime","floor":5.0,"turns":6.0},{"damage":11.0,"enemies":"Lagavulin","floor":6.0,"turns":6.0},{"damage":9.0,"enemies":"Gremlin Nob","floor":8.0,"turns":4.0},{"damage":14.0,"enemies":"3 Sentries","floor":10.0,"turns":5.0},{"damage":1.0,"enemies":"Lagavulin","floor":12.0,"turns":5.0},{"damage":0.0,"enemies":"Gremlin Gang","floor":13.0,"turns":3.0},{"damage":0.0,"enemies":"2 Fungi Beasts","floor":14.0,"turns":3.0},{"damage":13.0,"enemies":"The Guardian","floor":16.0,"turns":12.0},{"damage":4,"enemies":"2 Thieves","floor":18,"turns":4},{"damage":0,"enemies":"Spheric Guardian","floor":19,"turns":3},{"damage":0,"enemies":"Snake Plant","floor":22,"turns":3},{"damage":1,"enemies":"Centurion and Healer","floor":24,"turns":5},{"damage":0,"enemies":"Snecko","floor":27,"turns":3},{"damage":0,"enemies":"Book of Stabbing","floor":31,"turns":2},{"damage":2,"enemies":"Collector","floor":33,"turns":6},{"damage":1,"enemies":"3 Shapes","floor":35,"turns":3},{"damage":4,"enemies":"3 Darklings","floor":36,"turns":3},{"damage":0,"enemies":"Giant Head","floor":40,"turns":5},{"damage":16,"enemies":"Orin","floor":41,"turns":6},{"damage":0,"enemies":"Sphere and 2 Shapes","floor":45,"turns":3},{"damage":0,"enemies":"Jaw Worm Horde","floor":47,"turns":2},{"damage":31,"enemies":"Nemesis","floor":48,"turns":5},{"damage":21,"enemies":"Donu and Deca","floor":50,"turns":5}],"seed_played":"6869713589989106756","potions_obtained":[{"floor":1.0,"key":"SteroidPotion"},{"floor":6.0,"key":"Regen Potion"},{"floor":10.0,"key":"LiquidMemories"},{"floor":16.0,"key":"Energy Potion"}],"is_trial":false,"path_per_floor":["M","?","M","M","M","E","$","E","T","E","R","E","M","M","R","B",null,"M","M","?","$","M","R","M","R","T","M","R","$","R","E","R","B",null,"M","M","$","?","T","E","?","R","T","?","M","T","M","E","R","B",null],"character_chosen":"WATCHER","items_purchased":["CeramicFish","Incense Burner","Ornamental Fan","Meditate","DollysMirror","Anchor","Lantern","Bag of Preparation","Bronze Scales","Toolbox","Matryoshka"],"campfire_rested":3,"item_purchase_floors":[0,0,0,0,0,7,21,21,21,29,37],"current_hp_per_floor":[60,60,54,52,33,22,22,25,25,11,32,41,41,41,62,49,72,68,68,68,68,68,68,69,69,69,69,69,69,69,69,72,71,72,71,67,67,67,67,71,58,72,72,72,72,72,72,41,72,53],"gold":333,"neow_bonus":"","is_daily":false,"chose_seed":false,"campfire_upgraded":3,"win_rate":0.0,"timestamp":1609552491,"path_taken":["M","?","M","M","?","E","$","E","T","E","R","E","M","M","R","BOSS","M","M","?","$","?","R","M","R","T","M","R","$","R","E","R","BOSS","M","M","$","?","?","E","?","R","T","?","?","?","M","E","R","BOSS"],"items_purchased_type":["Relic","Relic","Relic","Card","Relic","Relic","Relic","Relic","Relic","Relic","Relic"],"build_version":"2020-12-22","purchased_purges":0,"victory":true,"max_hp_per_floor":[72,72,72,72,72,72,72,72,72,72,72,72,72,72,72,72,72,72,72,72,72,72,72,72,72,72,72,72,72,72,72,72,72,72,72,72,72,72,72,72,72,72,72,72,72,72,72,72,72,72],"card_choices":[{"not_picked":["JustLucky","SandsOfTime"],"picked":"BowlingBash","floor":1.0},{"not_picked":["Mind Blast","Deep Breath"],"picked":"Madness","floor":2.0},{"not_picked":["Pray","Weave"],"picked":"Consecrate","floor":3.0},{"not_picked":["JustLucky","EmptyBody"],"picked":"Halt","floor":4.0},{"not_picked":["Pray","ThirdEye"],"picked":"TalkToTheHand","floor":5.0},{"not_picked":["Evaluate","CutThroughFate"],"picked":"Consecrate","floor":6.0},{"not_picked":["Fasting2","Halt"],"picked":"Scrawl","floor":8.0},{"not_picked":["EmptyMind","WreathOfFlame"],"picked":"JustLucky","floor":10.0},{"not_picked":["Prostrate","JustLucky"],"picked":"ForeignInfluence","floor":12.0},{"not_picked":["Crescendo","CutThroughFate"],"picked":"TalkToTheHand","floor":13.0},{"not_picked":["DeceiveReality","Study"],"picked":"Weave","floor":14.0},{"not_picked":["Scrawl","Omniscience"],"picked":"Alpha","floor":16.0},{"not_picked":["EmptyFist","PathToVictory"],"picked":"FearNoEvil+1","floor":18},{"not_picked":["BowlingBash+1","ReachHeaven"],"picked":"Evaluate","floor":19},{"not_picked":["CrushJoints","FlyingSleeves"],"picked":"Weave","floor":22},{"not_picked":["ThirdEye+1","SignatureMove"],"picked":"Meditate","floor":24},{"not_picked":["WindmillStrike","Prostrate"],"picked":"EmptyMind","floor":27},{"not_picked":["CrushJoints+1","EmptyBody"],"picked":"Sanctity","floor":31},{"not_picked":["MasterReality","Vault"],"picked":"Devotion","floor":33},{"not_picked":["Conclude","WaveOfTheHand"],"picked":"JustLucky","floor":35},{"not_picked":["Study","Conclude+1"],"picked":"Meditate+1","floor":36},{"not_picked":["Wallop+1","Conclude"],"picked":"CarveReality+1","floor":40},{"not_picked":["LikeWater","CrushJoints+1"],"picked":"Crescendo+1","floor":41},{"not_picked":["CutThroughFate","FlyingSleeves","InnerPeace"],"picked":"SignatureMove+1","floor":45},{"not_picked":["Indignation+1","Protect+1","CrushJoints"],"picked":"ThirdEye+1","floor":47},{"not_picked":["TalkToTheHand","ThirdEye+1","SashWhip"],"picked":"ClearTheMind+1","floor":48}],"player_experience":167453,"relics_obtained":[{"floor":6.0,"key":"Sundial"},{"floor":8.0,"key":"Tiny Chest"},{"floor":9.0,"key":"Smiling Mask"},{"floor":10.0,"key":"Toy Ornithopter"},{"floor":12.0,"key":"PreservedInsect"},{"floor":26,"key":"HornCleat"},{"floor":31,"key":"Eternal Feather"},{"floor":39,"key":"Whetstone"},{"floor":39,"key":"Regal Pillow"},{"floor":40,"key":"Bottled Tornado"},{"floor":41,"key":"CatCart"},{"floor":43,"key":"Gremlin Horn"},{"floor":43,"key":"Question Card"},{"floor":46,"key":"Toxic Egg 2"},{"floor":48,"key":"Oddly Smooth Stone"}],"event_choices":[{"damage_healed":0.0,"max_hp_gain":0.0,"max_hp_loss":0.0,"gold_gain":1.0,"event_name":"betterStone:BetterStone","player_choice":"1","floor":2.0,"gold_loss":0.0,"damage_taken":0.0},{"damage_healed":0,"gold_gain":0,"player_choice":"Gave Potion","damage_taken":0,"relics_obtained":["Girya"],"max_hp_gain":0,"max_hp_loss":0,"event_name":"WeMeetAgain","floor":20,"gold_loss":0},{"damage_healed":0,"gold_gain":0,"player_choice":"Paid","damage_taken":0,"relics_obtained":["Red Mask"],"max_hp_gain":0,"max_hp_loss":0,"event_name":"Tomb of Lord Red Mask","floor":38,"gold_loss":24},{"damage_healed":0,"gold_gain":0,"player_choice":"Fight","damage_taken":0,"max_hp_gain":0,"max_hp_loss":0,"event_name":"OrinTheCat","floor":41,"gold_loss":0},{"damage_healed":0,"gold_gain":0,"player_choice":"Got Potions","damage_taken":0,"max_hp_gain":0,"max_hp_loss":0,"event_name":"Lab","floor":44,"gold_loss":0}],"is_beta":false,"boss_relics":[{"not_picked":["Cursed Key","Runic Pyramid"],"picked":"Sozu"},{"not_picked":["Velvet Choker","VioletLotus"],"picked":"Philosopher\u0027s Stone"}],"items_purged_floors":[],"is_endless":false,"potions_floor_spawned":[1,6,10,16,18,22,24,33,35,41,45,47,48],"ascension_level":1}}