{"host":"wpobqx0jtxs252ev","time":1609596615,"event":{"mods":["AchievementEnabler","Act Like it!","BaseMod","Better Altar","Better Note","Better Sensory Stone","Better Skull","Better Third Choice","Colored Powertips","Downfall","Gensokyo","Infinite Spire","Koishi","Marisa????????","Mimic Mod","Minty Spire (QoL Compilation)","Relic Stats","Replay The Spire","StSLib","The Jungle","The Runesmith"],"gold_per_floor":[118,23,38,260,270,270,270,270],"floor_reached":7,"playtime":391,"items_purged":[],"score":41,"play_id":"8c61dd41-a2e1-4d6c-9b61-6b6d14895378","local_time":"20210102111015","is_ascension_mode":false,"campfire_choices":[{"floor":6,"key":"REST"}],"circlet_count":0,"master_deck":["Koishi:BasicStrike+1","Koishi:BasicStrike","Koishi:BasicStrike","Koishi:BasicStrike","Koishi:BasicDefend","Koishi:BasicDefend","Koishi:BasicDefend","Koishi:BasicDefend","Koishi:Provoke","Koishi:HauntingSlash","Koishi:FidgetySnatcher","Gensokyo:Shovel","Gensokyo:RustyChest","Gensokyo:TarnishedGold","Koishi:JumpScare"],"relics":["Koishi:ImaginaryFriend","NeowsBlessing","Replay:Mystery Machine"],"acts_visited":["Exordium"],"potions_floor_usage":[],"damage_taken":[{"damage":0,"enemies":"Gensokyo:2_Kodama","floor":1,"turns":2},{"damage":0,"enemies":"Gensokyo:Gryphon","floor":3,"turns":2},{"damage":0,"enemies":"Gensokyo:3_Fairies","floor":5,"turns":2},{"damage":50,"enemies":"Gensokyo:Cirno","floor":7,"turns":8}],"seed_played":"6226687974617138714","potions_obtained":[{"floor":3,"key":"Adrenaline Potion"}],"is_trial":false,"path_per_floor":["M","COS","M","?","M","R","E"],"character_chosen":"KOISHI","items_purchased":[],"campfire_rested":1,"item_purchase_floors":[],"current_hp_per_floor":[60,60,60,22,24,42,0,0],"gold":270,"neow_bonus":"THREE_ENEMY_KILL","is_daily":false,"chose_seed":false,"campfire_upgraded":0,"win_rate":0.0,"timestamp":1609596615,"path_taken":["M","COS","M","?","?","R","E"],"items_purchased_type":[],"build_version":"2020-12-22","purchased_purges":0,"victory":false,"max_hp_per_floor":[60,60,60,60,60,60,60,60],"relic_stats":{"counters":[4,14],"obtain_stats":[{"NeowsBlessing":0,"Replay:Mystery Machine":4,"Koishi:ImaginaryFriend":0},{"NeowsBlessing":0,"Replay:Mystery Machine":2,"Koishi:ImaginaryFriend":0},{"NeowsBlessing":0,"Replay:Mystery Machine":4,"Koishi:ImaginaryFriend":0}]},"card_choices":[{"not_picked":["Koishi:BloodcurdlingScream","Koishi:SpiritedAway"],"picked":"Koishi:FidgetySnatcher","floor":1},{"not_picked":["Koishi:SubconsciousSweep","Koishi:ReflexRadar"],"picked":"Koishi:JumpScare","floor":3},{"not_picked":["Koishi:HeartfeltFancy","Koishi:FleetingPhantom","Koishi:FourthEye"],"picked":"SKIP","floor":5}],"player_experience":218360,"relics_obtained":[],"event_choices":[{"damage_healed":0,"gold_gain":222,"player_choice":"RE GO UP GO ","damage_taken":44,"relics_obtained":["Replay:Mystery Machine"],"max_hp_gain":0,"max_hp_loss":0,"event_name":"betterSkull:BetterSkull","floor":4,"gold_loss":0,"cards_upgraded":["Koishi:BasicStrike"]}],"is_beta":false,"boss_relics":[],"items_purged_floors":[],"is_endless":false,"potions_floor_spawned":[3],"killed_by":"Gensokyo:Cirno","ascension_level":0}}