{"host":"q1yq0ibtlljsjzm9","time":1609550944,"event":{"mods":["BaseMod","DeckTracker","Hermit","Minty Spire (QoL Compilation)","StSLib"],"gold_per_floor":[109,123,143,143,71,71,88,103,152,180,34,65,65,80,80,179,179,196,296,311,19,19,50,50,64,64,82,82,82,82,82,82,82,82],"floor_reached":33,"playtime":9092,"items_purged":["Dualcast"],"score":275,"play_id":"7bb90246-d636-449a-a47a-50c12ec014f6","local_time":"20210101172904","is_ascension_mode":false,"campfire_choices":[{"data":"Hello World","floor":6.0,"key":"SMITH"},{"floor":13.0,"key":"REST"},{"floor":15.0,"key":"REST"},{"floor":24,"key":"REST"},{"floor":29,"key":"REST"},{"floor":32,"key":"REST"}],"circlet_count":0,"master_deck":["Strike_B","Strike_B","Strike_B","Defend_B","Defend_B","Defend_B+1","Defend_B","Zap+1","All For One","Hello World+1","Conserve Battery","Gash","Multi-Cast","BootSequence","Go for the Eyes","Sweeping Beam","Gash","Self Repair","Streamline","Glacier","Echo Form","Beam Cell","Lockon","Conserve Battery","Sweeping Beam","Ball Lightning+1"],"relics":["Cracked Core","War Paint","Matryoshka","Happy Flower","Runic Pyramid","Ginger","Shuriken","Regal Pillow","Sundial","Darkstone Periapt"],"acts_visited":["Exordium","TheCity"],"potions_floor_usage":[25,25,33,33],"damage_taken":[{"damage":1.0,"enemies":"Jaw Worm","floor":1.0,"turns":3.0},{"damage":6.0,"enemies":"Cultist","floor":2.0,"turns":4.0},{"damage":14.0,"enemies":"Small Slimes","floor":3.0,"turns":4.0},{"damage":3.0,"enemies":"Looter","floor":7.0,"turns":3.0},{"damage":0.0,"enemies":"Large Slime","floor":8.0,"turns":3.0},{"damage":22.0,"enemies":"Lagavulin","floor":10.0,"turns":6.0},{"damage":12.0,"enemies":"3 Sentries","floor":12.0,"turns":5.0},{"damage":0.0,"enemies":"Exordium Wildlife","floor":14.0,"turns":3.0},{"damage":28.0,"enemies":"Hexaghost","floor":16.0,"turns":7.0},{"damage":23.0,"enemies":"3 Byrds","floor":18.0,"turns":5.0},{"damage":17.0,"enemies":"Chosen","floor":20.0,"turns":6.0},{"damage":47,"enemies":"Book of Stabbing","floor":23,"turns":6},{"damage":25,"enemies":"3 Cultists","floor":25,"turns":6},{"damage":0,"enemies":"Snecko","floor":27,"turns":5},{"damage":82,"enemies":"Champ","floor":33,"turns":8}],"seed_played":"7238023590254233380","potions_obtained":[{"floor":1.0,"key":"DuplicationPotion"},{"floor":8.0,"key":"ColorlessPotion"},{"floor":12.0,"key":"CultistPotion"},{"floor":14.0,"key":"Dexterity Potion"},{"floor":23,"key":"Energy Potion"},{"floor":25,"key":"AttackPotion"},{"floor":27,"key":"SpeedPotion"}],"is_trial":false,"path_per_floor":["M","M","M","?","$","R","M","M","T","E","$","E","R","M","R","B",null,"M","?","M","$","$","E","R","M","T","M","?","R","?","?","R","B"],"character_chosen":"DEFECT","items_purchased":["BootSequence","Self Repair","Ginger"],"campfire_rested":5,"item_purchase_floors":[5,11,21],"current_hp_per_floor":[74,68,54,54,54,54,51,51,51,29,29,24,46,53,75,54,75,59,59,49,49,49,9,31,13,13,20,20,57,57,57,75,0,0],"gold":82,"neow_bonus":"ONE_RANDOM_RARE_CARD","is_daily":false,"chose_seed":false,"campfire_upgraded":1,"win_rate":0.0,"timestamp":1609550944,"path_taken":["M","M","M","?","$","R","M","?","T","E","$","E","R","M","R","BOSS","M","?","M","?","$","E","R","M","T","M","?","R","?","?","R","BOSS"],"items_purchased_type":["Card","Card","Relic"],"build_version":"2020-12-22","purchased_purges":1,"victory":false,"max_hp_per_floor":[75,75,75,75,75,75,75,75,75,75,75,75,75,75,75,75,75,75,75,75,75,75,75,75,75,75,75,75,75,75,75,75,75,75],"card_choices":[{"not_picked":["Reinforced Body","Steam"],"picked":"Hello World","floor":1.0},{"not_picked":["Hologram","Barrage"],"picked":"Conserve Battery","floor":2.0},{"not_picked":["Double Energy","Coolheaded"],"picked":"Gash","floor":3.0},{"not_picked":["Fusion","Ball Lightning"],"picked":"Go for the Eyes","floor":7.0},{"not_picked":["Double Energy","Barrage"],"picked":"Sweeping Beam","floor":8.0},{"not_picked":["Rebound","Streamline"],"picked":"Gash","floor":10.0},{"not_picked":["Biased Cognition","Cold Snap"],"picked":"Streamline","floor":12.0},{"not_picked":["Barrage","Compile Driver"],"picked":"Glacier","floor":14.0},{"not_picked":["Biased Cognition","Seek"],"picked":"Echo Form","floor":16.0},{"not_picked":["Steam","Sweeping Beam"],"picked":"Beam Cell","floor":18.0},{"not_picked":["Biased Cognition","Sweeping Beam"],"picked":"Lockon","floor":20},{"not_picked":["Redo","Echo Form"],"picked":"Conserve Battery","floor":23},{"not_picked":["Self Repair","Streamline"],"picked":"Sweeping Beam","floor":25},{"not_picked":["Cold Snap","Aggregate"],"picked":"Ball Lightning+1","floor":27}],"player_experience":31187,"relics_obtained":[{"floor":9.0,"key":"War Paint"},{"floor":10.0,"key":"Matryoshka"},{"floor":12.0,"key":"Happy Flower"},{"floor":23,"key":"Shuriken"},{"floor":26,"key":"Regal Pillow"},{"floor":26,"key":"Sundial"}],"event_choices":[{"damage_healed":0.0,"max_hp_gain":0.0,"max_hp_loss":0.0,"gold_gain":0.0,"cards_transformed":["Strike_B"],"event_name":"Transmorgrifier","player_choice":"Transformed","floor":4.0,"gold_loss":0.0,"damage_taken":0.0,"cards_obtained":["Multi-Cast"]},{"damage_healed":0.0,"max_hp_gain":0.0,"max_hp_loss":0.0,"gold_gain":100.0,"event_name":"Golden Shrine","player_choice":"Pray","floor":19.0,"gold_loss":0.0,"damage_taken":0.0},{"damage_healed":0,"gold_gain":0,"player_choice":"Opened","damage_taken":0,"relics_obtained":["Darkstone Periapt"],"max_hp_gain":0,"max_hp_loss":0,"event_name":"The Mausoleum","floor":28,"gold_loss":0},{"damage_healed":0,"gold_gain":0,"player_choice":"Ignored","damage_taken":0,"max_hp_gain":0,"max_hp_loss":0,"event_name":"Cursed Tome","floor":31,"gold_loss":0}],"is_beta":false,"boss_relics":[{"not_picked":["Runic Dome","FrozenCore"],"picked":"Runic Pyramid"}],"items_purged_floors":[11],"is_endless":false,"potions_floor_spawned":[1,8,12,14,23,25,27],"killed_by":"Champ","ascension_level":0}}