{"host":"foq4mrde4mssg7vt","time":1609625859,"event":{"mods":["AchievementEnabler","BaseMod","Colored Map","Colored Powertips","Highlight Path","Minty Spire (QoL Compilation)","Relic Stats","everything is the same but u backflip on backflip"],"gold_per_floor":[118,118,118,131,12,12,47,47,72,72,99,115,115,130,130,229,229,254,179,197,221,111,147,147,186,186,186,206,206,126,151,151,246,246,262,262,262,287,307,307,307],"floor_reached":40,"playtime":1580,"items_purged":["Pain","Endless Agony"],"score":872,"play_id":"8210d76c-883d-40da-8a18-68f00c0da8a6","local_time":"20210103061739","is_ascension_mode":true,"campfire_choices":[{"data":"Noxious Fumes","floor":6.0,"key":"SMITH"},{"data":"Crippling Poison","floor":8.0,"key":"SMITH"},{"data":"Dash","floor":10.0,"key":"SMITH"},{"data":"Footwork","floor":15.0,"key":"SMITH"},{"floor":24.0,"key":"REST"},{"data":"Deadly Poison","floor":27.0,"key":"SMITH"},{"data":"Acrobatics","floor":32.0,"key":"SMITH"}],"circlet_count":0,"master_deck":["AscendersBane","Strike_G+1","Defend_G","Defend_G","Defend_G","Defend_G","Defend_G","Survivor","Neutralize","Noxious Fumes+1","Dagger Spray","Dash+1","Crippling Poison+1","Predator","Footwork+1","Night Terror","Deadly Poison+1","Caltrops","Acrobatics+1","Burst","Footwork","Choke+1"],"relics":["Ring of the Snake","NeowsBlessing","WarpedTongs","Omamori","Snake Skull","The Courier","Golden Idol","Snecko Eye","Question Card","Bottled Tornado","Torii","Black Star","Lantern"],"acts_visited":["Exordium","TheCity","TheBeyond"],"potions_floor_usage":[40],"damage_taken":[{"damage":0.0,"enemies":"Small Slimes","floor":1.0,"turns":1.0},{"damage":0.0,"enemies":"2 Louse","floor":4.0,"turns":1.0},{"damage":0.0,"enemies":"Gremlin Nob","floor":7.0,"turns":1.0},{"damage":15.0,"enemies":"Lagavulin","floor":11.0,"turns":7.0},{"damage":0.0,"enemies":"Cultist","floor":12.0,"turns":3.0},{"damage":2.0,"enemies":"Gremlin Gang","floor":14.0,"turns":4.0},{"damage":32.0,"enemies":"Slime Boss","floor":16.0,"turns":8.0},{"damage":0.0,"enemies":"3 Byrds","floor":18.0,"turns":4.0},{"damage":0.0,"enemies":"Chosen","floor":20.0,"turns":5.0},{"damage":2.0,"enemies":"Centurion and Healer","floor":21.0,"turns":5.0},{"damage":12.0,"enemies":"Book of Stabbing","floor":23.0,"turns":5.0},{"damage":11.0,"enemies":"Gremlin Leader","floor":25.0,"turns":5.0},{"damage":1.0,"enemies":"Sentry and Sphere","floor":28.0,"turns":5.0},{"damage":1.0,"enemies":"Cultist and Chosen","floor":31.0,"turns":4.0},{"damage":11.0,"enemies":"Collector","floor":33.0,"turns":7.0},{"damage":1.0,"enemies":"3 Shapes","floor":35.0,"turns":4.0},{"damage":14.0,"enemies":"3 Darklings","floor":38.0,"turns":3.0},{"damage":10.0,"enemies":"Maw","floor":39.0,"turns":8.0},{"damage":37,"enemies":"Nemesis","floor":40,"turns":5}],"seed_played":"8248468053151195698","potions_obtained":[{"floor":4.0,"key":"BlessingOfTheForge"},{"floor":7.0,"key":"Weak Potion"},{"floor":12.0,"key":"DuplicationPotion"},{"floor":33.0,"key":"Fire Potion"},{"floor":39.0,"key":"SkillPotion"}],"is_trial":false,"path_per_floor":["M","?","?","M","$","R","E","R","T","R","E","M","?","M","R","B",null,"M","?","M","M","?","E","R","E","T","R","M","?","$","M","R","B",null,"M","?","?","M","M","E"],"character_chosen":"THE_SILENT","items_purchased":["Dash"],"campfire_rested":1,"item_purchase_floors":[5],"current_hp_per_floor":[59,59,59,59,59,59,59,59,59,59,44,44,44,42,42,10,48,48,48,48,46,46,34,52,41,41,41,40,40,40,39,39,28,52,51,51,51,37,27,0,0],"gold":307,"neow_bonus":"THREE_ENEMY_KILL","is_daily":false,"chose_seed":false,"campfire_upgraded":6,"win_rate":0.0,"timestamp":1609625859,"path_taken":["M","?","?","?","$","R","E","R","T","R","E","?","?","M","R","BOSS","M","?","M","M","?","E","R","E","T","R","?","?","$","M","R","BOSS","M","?","?","M","?","E"],"items_purchased_type":["Card"],"build_version":"2020-12-22","purchased_purges":2,"victory":false,"max_hp_per_floor":[66,66,66,66,66,66,66,66,66,66,66,66,60,60,60,60,60,60,60,60,60,60,60,60,60,60,60,60,60,60,60,60,60,60,60,60,60,60,60,60,60],"relic_stats":{"Torii":6,"counters":[19,85],"Golden Idol":92,"Snecko Eye":[111,109,113,106],"Snake Skull":[120],"Black Star":0,"Question Card":8,"obtain_stats":[{"Lantern":37,"NeowsBlessing":0,"Torii":26,"Golden Idol":13,"Snake Skull":9,"The Courier":11,"Omamori":7,"Bottled Tornado":25,"Question Card":23,"WarpedTongs":3,"Snecko Eye":17,"Black Star":34,"Ring of the Snake":0},{"Lantern":16,"NeowsBlessing":0,"Torii":12,"Golden Idol":5,"Snake Skull":3,"The Courier":4,"Omamori":3,"Bottled Tornado":12,"Question Card":11,"WarpedTongs":1,"Snecko Eye":7,"Black Star":15,"Ring of the Snake":0},{"Lantern":69,"NeowsBlessing":0,"Torii":49,"Golden Idol":13,"Snake Skull":3,"The Courier":10,"Omamori":3,"Bottled Tornado":49,"Question Card":44,"WarpedTongs":1,"Snecko Eye":25,"Black Star":65,"Ring of the Snake":0}],"Ring of the Snake":[38],"WarpedTongs":[83]},"card_choices":[{"not_picked":["Flying Knee","Flechettes"],"picked":"Noxious Fumes","floor":1.0},{"not_picked":["Expertise","Quick Slash"],"picked":"Dagger Spray","floor":4.0},{"not_picked":["Sucker Punch","Blur"],"picked":"Crippling Poison","floor":7.0},{"not_picked":["Cloak And Dagger","Glass Knife"],"picked":"Blade Dance","floor":11.0},{"not_picked":["Deadly Poison","Tactician"],"picked":"Predator","floor":12.0},{"not_picked":["Bane","Dagger Throw"],"picked":"Footwork","floor":14.0},{"not_picked":["Tools of the Trade","Storm of Steel"],"picked":"Night Terror","floor":16.0},{"not_picked":["Underhanded Strike","Slice+1","Deflect"],"picked":"SKIP","floor":18.0},{"not_picked":["Dagger Throw","Deflect","Setup"],"picked":"SKIP","floor":20.0},{"not_picked":["Sucker Punch","Noxious Fumes"],"picked":"Deadly Poison","floor":21.0},{"not_picked":["All Out Attack","Sucker Punch","Cloak And Dagger"],"picked":"SKIP","floor":23.0},{"not_picked":["Infinite Blades","Dagger Spray","Flying Knee","Dagger Throw"],"picked":"SKIP","floor":25.0},{"not_picked":["Outmaneuver","Cloak And Dagger","Poisoned Stab","Grand Finale"],"picked":"SKIP","floor":28.0},{"not_picked":["Caltrops","Deadly Poison","Bane"],"picked":"Acrobatics","floor":31.0},{"not_picked":["Adrenaline","Venomology","Doppelganger"],"picked":"Burst","floor":33.0},{"not_picked":["Sucker Punch","All Out Attack","Deadly Poison","Reflex"],"picked":"SKIP","floor":35.0},{"not_picked":["Dodge and Roll","Poisoned Stab","Distraction"],"picked":"Footwork","floor":38.0},{"not_picked":["Deadly Poison","Blade Dance+1","Dodge and Roll+1"],"picked":"Choke+1","floor":39.0}],"player_experience":383363,"relics_obtained":[{"floor":7.0,"key":"Omamori"},{"floor":9.0,"key":"Snake Skull"},{"floor":11.0,"key":"The Courier"},{"floor":23.0,"key":"Question Card"},{"floor":25.0,"key":"Bottled Tornado"},{"floor":26.0,"key":"Torii"}],"event_choices":[{"damage_healed":0.0,"max_hp_gain":0.0,"max_hp_loss":0.0,"gold_gain":0.0,"event_name":"Liars Game","player_choice":"Ignored","floor":2.0,"gold_loss":0.0,"damage_taken":0.0},{"damage_healed":0.0,"max_hp_gain":0.0,"max_hp_loss":0.0,"gold_gain":0.0,"event_name":"Accursed Blacksmith","player_choice":"Rummage","floor":3.0,"gold_loss":0.0,"damage_taken":0.0,"relics_obtained":["WarpedTongs"],"cards_obtained":["Pain"]},{"damage_healed":0.0,"max_hp_gain":0.0,"max_hp_loss":6.0,"gold_gain":0.0,"event_name":"Golden Idol","player_choice":"Lose Max HP","floor":13.0,"gold_loss":0.0,"damage_taken":0.0,"relics_obtained":["Golden Idol"]},{"cards_removed":["Strike_G"],"damage_healed":0.0,"max_hp_gain":0.0,"max_hp_loss":0.0,"gold_gain":0.0,"event_name":"Beggar","player_choice":"Gave Gold","floor":19.0,"gold_loss":75.0,"damage_taken":0.0},{"cards_removed":["Strike_G"],"damage_healed":0.0,"max_hp_gain":0.0,"max_hp_loss":0.0,"gold_gain":0.0,"event_name":"Designer","player_choice":"Upgrade and Remove","floor":22.0,"gold_loss":110.0,"damage_taken":0.0,"cards_upgraded":["Strike_G"]},{"damage_healed":0.0,"max_hp_gain":0.0,"max_hp_loss":0.0,"gold_gain":0.0,"cards_transformed":["Strike_G","Strike_G"],"event_name":"Drug Dealer","player_choice":"Became Test Subject","floor":29.0,"gold_loss":0.0,"damage_taken":0.0,"cards_obtained":["Caltrops","Endless Agony"]},{"damage_healed":0.0,"max_hp_gain":0.0,"max_hp_loss":0.0,"gold_gain":0.0,"event_name":"SensoryStone","player_choice":"Memory 1","floor":36.0,"gold_loss":0.0,"damage_taken":0.0},{"cards_removed":["Blade Dance"],"damage_healed":0.0,"max_hp_gain":0.0,"max_hp_loss":0.0,"gold_gain":0.0,"event_name":"WeMeetAgain","player_choice":"Gave Card","floor":37.0,"gold_loss":0.0,"damage_taken":0.0,"relics_obtained":["Lantern"]}],"is_beta":false,"boss_relics":[{"not_picked":["Sozu","Philosopher\u0027s Stone"],"picked":"Snecko Eye"},{"not_picked":["WristBlade","HoveringKite"],"picked":"Black Star"}],"items_purged_floors":[5,30],"is_endless":false,"potions_floor_spawned":[4,7,12,21,23,33,35,39],"killed_by":"Nemesis","ascension_level":18}}