{"host":"xjyie0ctswsml60g","time":1609631351,"event":{"mods":["AchievementEnabler","BaseMod","Colored Map","Minty Spire (QoL Compilation)","Quick Restart","SuperFastMode"],"gold_per_floor":[113,127,141,155,155,155,167,181,254,25,39,71,71,81,81,176,176,101,101],"floor_reached":18,"playtime":876,"items_purged":["Prostrate"],"score":241,"play_id":"63d72758-8157-4e60-919e-3d60a4bc0e2d","local_time":"20210103014911","is_ascension_mode":false,"campfire_choices":[{"data":"Eruption","floor":6.0,"key":"SMITH"},{"floor":15,"key":"RECALL"}],"circlet_count":0,"master_deck":["Defend_P","Defend_P","Defend_P","Defend_P","Eruption+1","Vigilance","ConjureBlade","Swivel","Wireheading","ThirdEye","WreathOfFlame","Tantrum","Meditate","SashWhip","Wish","Perseverance+1","Vault+1","Blasphemy+1"],"relics":["PureWater","Orrery","Shovel","Astrolabe"],"acts_visited":["Exordium","TheCity"],"potions_floor_usage":[12,14,16],"damage_taken":[{"damage":4.0,"enemies":"Jaw Worm","floor":1.0,"turns":3.0},{"damage":0.0,"enemies":"Cultist","floor":2.0,"turns":3.0},{"damage":5.0,"enemies":"2 Louse","floor":3.0,"turns":3.0},{"damage":18.0,"enemies":"Blue Slaver","floor":4.0,"turns":6.0},{"damage":1.0,"enemies":"2 Fungi Beasts","floor":7.0,"turns":4.0},{"damage":6.0,"enemies":"Large Slime","floor":8.0,"turns":3.0},{"damage":8.0,"enemies":"3 Louse","floor":11.0,"turns":2.0},{"damage":0,"enemies":"Lagavulin","floor":12,"turns":4},{"damage":15,"enemies":"Exordium Thugs","floor":14,"turns":4},{"damage":0,"enemies":"Slime Boss","floor":16,"turns":4},{"damage":40,"enemies":"2 Thieves","floor":18,"turns":4}],"seed_played":"-9155116619361920470","potions_obtained":[{"floor":4.0,"key":"LiquidMemories"},{"floor":8.0,"key":"FearPotion"},{"floor":12,"key":"Swift Potion"},{"floor":14,"key":"ColorlessPotion"}],"is_trial":false,"path_per_floor":["M","M","M","M","?","R","M","M","T","$","M","E","?","M","R","B",null,"M"],"character_chosen":"WATCHER","items_purchased":["Orrery"],"campfire_rested":0,"item_purchase_floors":[10],"current_hp_per_floor":[68,68,63,45,50,50,49,43,43,43,35,35,35,20,20,20,77,37,37],"gold":101,"neow_bonus":"REMOVE_CARD","is_daily":false,"chose_seed":false,"campfire_upgraded":1,"win_rate":0.0,"timestamp":1609631351,"path_taken":["M","M","M","M","?","R","M","M","T","$","M","E","?","?","R","BOSS","M"],"items_purchased_type":["Relic"],"build_version":"2020-12-22","purchased_purges":1,"victory":false,"max_hp_per_floor":[72,72,72,72,77,77,77,77,77,77,77,77,77,77,77,77,77,77,77],"card_choices":[{"not_picked":["ClearTheMind","Crescendo"],"picked":"Prostrate","floor":1.0},{"not_picked":["Halt","InnerPeace"],"picked":"ConjureBlade","floor":2.0},{"not_picked":["Halt","BowlingBash"],"picked":"Swivel","floor":3.0},{"not_picked":["FollowUp","SashWhip"],"picked":"Wireheading","floor":4.0},{"not_picked":["ConjureBlade","Evaluate"],"picked":"ThirdEye","floor":7.0},{"not_picked":["Swivel","SashWhip"],"picked":"WreathOfFlame","floor":8.0},{"not_picked":["ThirdEye","EmptyBody"],"picked":"Tantrum","floor":10.0},{"not_picked":["CutThroughFate","PathToVictory"],"picked":"Meditate","floor":10.0},{"not_picked":["EmptyBody","MentalFortress"],"picked":"SashWhip","floor":10.0},{"not_picked":["Meditate","Crescendo","Prostrate"],"picked":"SKIP","floor":11.0},{"not_picked":["FlurryOfBlows","Blasphemy","CrushJoints"],"picked":"SKIP","floor":12},{"not_picked":["FlurryOfBlows","FollowUp","Consecrate"],"picked":"SKIP","floor":14},{"not_picked":["Judgement","ConjureBlade"],"picked":"Wish","floor":16}],"player_experience":491725,"relics_obtained":[{"floor":12,"key":"Shovel"}],"event_choices":[{"damage_healed":0.0,"max_hp_gain":5.0,"max_hp_loss":0.0,"gold_gain":0.0,"event_name":"Big Fish","player_choice":"Donut","floor":5.0,"gold_loss":0.0,"damage_taken":0.0},{"damage_healed":0,"gold_gain":0,"player_choice":"0 cards matched","damage_taken":0,"max_hp_gain":0,"max_hp_loss":0,"event_name":"Match and Keep!","floor":13,"gold_loss":0,"cards_obtained":[]}],"is_beta":false,"boss_relics":[{"not_picked":["Runic Dome","Coffee Dripper"],"picked":"Astrolabe"}],"items_purged_floors":[10],"is_endless":false,"potions_floor_spawned":[4,8,12,14],"killed_by":"2 Thieves","ascension_level":0}}