{"host":"dftyqn972q7tuon4","time":1609550468,"event":{"mods":["AchievementEnabler","BaseMod","Better Altar","Better Match","Better Note","Better Sensory Stone","Better Skull","Better Third Choice","Colored Powertips","Highlight Path","Minty Spire (QoL Compilation)","Permanent Neow","Quick Restart","StSLib"],"gold_per_floor":[114,129,144,94,94,124,13,43,43,58,88,88,118,0,0,100,100,115,115,130,130,130,130,160,160,160,160,175,205,205,220,220,320,320,335,350,350,365,20,20,50,50,50,50,80,95,145,145,145,145],"floor_reached":51,"playtime":4880,"items_purged":["Grand Finale","Pain"],"score":919,"play_id":"bdb37d18-af7d-4b86-8b31-c524e3f2937f","local_time":"20210102022108","daily_mods":["Shiny","ControlledChaos","Elite Swarm"],"is_ascension_mode":false,"campfire_choices":[{"data":"Envenom","floor":12,"key":"SMITH"},{"data":"After Image","floor":15,"key":"SMITH"},{"data":"Accuracy","floor":23,"key":"SMITH"},{"data":"Blade Dance","floor":27,"key":"SMITH"},{"data":"Crippling Poison","floor":32,"key":"SMITH"},{"data":"Blade Dance","floor":40,"key":"SMITH"},{"data":"Adrenaline","floor":42,"key":"SMITH"},{"data":"Adrenaline","floor":44,"key":"SMITH"},{"data":"Footwork","floor":49,"key":"SMITH"}],"circlet_count":0,"master_deck":["Venomology","Corpse Explosion","Malaise","Phantasmal Killer","Die Die Die","Adrenaline+1","Envenom+1","Burst","Wraith Form v2","Tools of the Trade","Night Terror","Unload","After Image+1","Bullet Time","Storm of Steel","Glass Knife","A Thousand Cuts","Setup","Accuracy+1","Footwork+1","Force Field","After Image","Footwork","Burst","Footwork","Outmaneuver","Phantasmal Killer","Storm of Steel","Noxious Fumes","Cloak And Dagger","Blade Dance+1","Crippling Poison+1","Blade Dance+1","Deflect+1","Blind","Finesse","Finisher","Choke","Skewer+1","Accuracy+1","Underhanded Strike+1","Prepared+1","Bouncing Flask+1","Blade Dance+1","Enlightenment","Adrenaline+1","Bullet Time","Cloak And Dagger","Infinite Blades+1","Bane+1"],"relics":["Ring of the Snake","Frozen Eye","Prayer Wheel","PreservedInsect","Orichalcum","Snake Skull","Strawberry","Pen Nib","Snecko Eye","Singing Bowl","White Beast Statue","Happy Flower","Nloth\u0027s Gift","SacredBark","WarpedTongs","Bronze Scales","Question Card","Lizard Tail","Shuriken","TungstenRod"],"acts_visited":["Exordium","TheCity","TheBeyond"],"potions_floor_usage":[6,8,10,11,11,13,16,20,24,24,29,33,33,36,38,45,46,47,50,50,50],"damage_taken":[{"damage":0.0,"enemies":"Cultist","floor":1.0,"turns":3.0},{"damage":1,"enemies":"Small Slimes","floor":2,"turns":3},{"damage":0,"enemies":"2 Louse","floor":3,"turns":2},{"damage":14,"enemies":"3 Sentries","floor":6,"turns":4},{"damage":0,"enemies":"Lagavulin","floor":8,"turns":3},{"damage":13,"enemies":"Blue Slaver","floor":10,"turns":5},{"damage":0,"enemies":"Gremlin Nob","floor":11,"turns":2},{"damage":3,"enemies":"3 Sentries","floor":13,"turns":5},{"damage":8,"enemies":"Hexaghost","floor":16,"turns":8},{"damage":0,"enemies":"Chosen","floor":18,"turns":3},{"damage":6,"enemies":"3 Byrds","floor":20,"turns":3},{"damage":4,"enemies":"Gremlin Leader","floor":24,"turns":5},{"damage":2,"enemies":"Centurion and Healer","floor":28,"turns":2},{"damage":2,"enemies":"Book of Stabbing","floor":29,"turns":2},{"damage":0,"enemies":"3 Cultists","floor":31,"turns":3},{"damage":0,"enemies":"Automaton","floor":33,"turns":7},{"damage":9,"enemies":"3 Darklings","floor":35,"turns":2},{"damage":0,"enemies":"3 Shapes","floor":36,"turns":3},{"damage":8,"enemies":"Spire Growth","floor":38,"turns":4},{"damage":20,"enemies":"Nemesis","floor":41,"turns":5},{"damage":6,"enemies":"Reptomancer","floor":45,"turns":3},{"damage":0,"enemies":"Maw","floor":46,"turns":5},{"damage":2,"enemies":"Mind Bloom Boss Battle","floor":47,"turns":4},{"damage":26,"enemies":"Awakened One","floor":50,"turns":7}],"seed_played":"-2495295926900846280","potions_obtained":[{"floor":2,"key":"Strength Potion"},{"floor":8,"key":"SteroidPotion"},{"floor":10,"key":"Poison Potion"},{"floor":13,"key":"LiquidBronze"},{"floor":20,"key":"CunningPotion"},{"floor":24,"key":"Energy Potion"},{"floor":28,"key":"BlessingOfTheForge"},{"floor":29,"key":"AttackPotion"},{"floor":31,"key":"Poison Potion"},{"floor":33,"key":"SpeedPotion"},{"floor":35,"key":"AttackPotion"},{"floor":36,"key":"Ancient Potion"},{"floor":38,"key":"Ancient Potion"},{"floor":45,"key":"Regen Potion"},{"floor":46,"key":"SteroidPotion"},{"floor":47,"key":"ColorlessPotion"}],"is_trial":false,"path_per_floor":["M","M","M","?","?","E","$","E","T","M","E","R","E","$","R","B",null,"M","?","M","?","?","R","E","?","T","R","M","E","?","M","R","B",null,"M","M","?","M","$","R","E","R","T","R","E","M","?","?","R","B",null],"character_chosen":"THE_SILENT","items_purchased":["Footwork","Noxious Fumes","Cloak And Dagger","Bronze Scales","Enlightenment"],"campfire_rested":0,"item_purchase_floors":[7,14,14,39,39],"current_hp_per_floor":[70,69,69,69,64,50,50,50,50,37,44,44,41,41,41,33,77,77,77,71,71,71,71,69,69,69,69,69,69,69,69,69,71,85,76,78,78,70,70,70,50,50,50,50,44,84,82,82,82,56],"gold":145,"neow_bonus":"","is_daily":true,"chose_seed":false,"campfire_upgraded":9,"win_rate":0.0,"timestamp":1609550468,"path_taken":["M","M","?","?","?","E","?","E","T","?","E","R","E","$","R","BOSS","M","?","?","?","?","R","E","?","T","R","M","E","?","M","R","BOSS","M","?","?","M","$","R","E","R","T","R","E","?","?","?","R","BOSS"],"items_purchased_type":["Card","Card","Card","Relic","Card"],"build_version":"2020-12-22","purchased_purges":2,"victory":true,"max_hp_per_floor":[70,70,70,70,70,70,70,70,70,70,77,77,77,77,77,77,77,77,77,77,77,77,77,79,79,79,79,81,83,83,83,83,85,85,85,87,87,87,87,87,87,87,87,87,87,87,87,83,83,83],"card_choices":[{"not_picked":["Dagger Spray","Underhanded Strike"],"picked":"Setup","floor":1.0},{"not_picked":["Bouncing Flask","Dodge and Roll"],"picked":"Accuracy","floor":2},{"not_picked":["Flechettes","Bane"],"picked":"Footwork","floor":3},{"not_picked":["Die Die Die","Envenom"],"picked":"After Image","floor":6},{"not_picked":["Venomology","Unload"],"picked":"Burst","floor":8},{"not_picked":["Dagger Spray","Quick Slash"],"picked":"Footwork","floor":10},{"not_picked":["Dagger Throw","Poisoned Stab"],"picked":"Outmaneuver","floor":10},{"not_picked":["Storm of Steel","Envenom"],"picked":"Phantasmal Killer","floor":11},{"not_picked":["Venomology","Unload"],"picked":"Storm of Steel","floor":13},{"not_picked":["Expertise","Reflex"],"picked":"Blade Dance","floor":18},{"not_picked":["Slice","Bane"],"picked":"Crippling Poison","floor":18},{"not_picked":["Quick Slash","Bane+1"],"picked":"Blade Dance","floor":20},{"not_picked":["Acrobatics","All Out Attack"],"picked":"Deflect+1","floor":20},{"not_picked":["Wraith Form v2","A Thousand Cuts","Malaise"],"picked":"Singing Bowl","floor":24},{"not_picked":["Finesse","Impatience"],"picked":"Blind","floor":25},{"not_picked":["Magnetism","Discovery"],"picked":"Finesse","floor":25},{"not_picked":["Dagger Throw","Riddle With Holes+1"],"picked":"Finisher","floor":28},{"not_picked":["Footwork+1","Dodge and Roll+1","Endless Agony"],"picked":"Singing Bowl","floor":28},{"not_picked":["Tools of the Trade","Phantasmal Killer","Venomology"],"picked":"Singing Bowl","floor":29},{"not_picked":["Blade Dance","Quick Slash"],"picked":"Choke","floor":31},{"not_picked":["Quick Slash","Poisoned Stab"],"picked":"Skewer+1","floor":31},{"not_picked":["Corpse Explosion","Storm of Steel","Unload"],"picked":"Singing Bowl","floor":33},{"not_picked":["Dodge and Roll+1","Slice"],"picked":"Accuracy+1","floor":35},{"not_picked":["Sucker Punch+1","Quick Slash"],"picked":"Underhanded Strike+1","floor":35},{"not_picked":["Sucker Punch","Underhanded Strike"],"picked":"Prepared+1","floor":36},{"not_picked":["Dagger Spray","Poisoned Stab","Well Laid Plans+1"],"picked":"Singing Bowl","floor":36},{"not_picked":["Skewer","Acrobatics+1"],"picked":"Bouncing Flask+1","floor":38},{"not_picked":["Bane","Storm of Steel"],"picked":"Blade Dance+1","floor":38},{"not_picked":["Unload","Malaise"],"picked":"Adrenaline","floor":41},{"not_picked":["Malaise","Adrenaline","Glass Knife"],"picked":"Bullet Time","floor":45},{"not_picked":["Calculated Gamble+1","Sucker Punch","A Thousand Cuts"],"picked":"Cloak And Dagger","floor":46},{"not_picked":["Sucker Punch+1","Dash+1","Bane+1"],"picked":"Infinite Blades+1","floor":46},{"not_picked":["PiercingWail+1","Flying Knee","Outmaneuver"],"picked":"Bane+1","floor":47}],"player_experience":584389,"relics_obtained":[{"floor":6,"key":"PreservedInsect"},{"floor":8,"key":"Orichalcum"},{"floor":9,"key":"Snake Skull"},{"floor":11,"key":"Strawberry"},{"floor":13,"key":"Pen Nib"},{"floor":24,"key":"Singing Bowl"},{"floor":26,"key":"White Beast Statue"},{"floor":29,"key":"Happy Flower"},{"floor":41,"key":"Question Card"},{"floor":43,"key":"Lizard Tail"},{"floor":45,"key":"Shuriken"},{"floor":47,"key":"TungstenRod"}],"event_choices":[{"cards_removed":["Doppelganger"],"damage_healed":0,"gold_gain":0,"player_choice":"Card Removal","damage_taken":0,"max_hp_gain":0,"max_hp_loss":0,"event_name":"The Cleric","floor":4,"gold_loss":50},{"damage_healed":0,"gold_gain":0,"player_choice":"Bought 0 Potions","damage_taken":0,"max_hp_gain":0,"max_hp_loss":0,"event_name":"The Woman in Blue","floor":19,"gold_loss":0},{"damage_healed":0,"gold_gain":0,"player_choice":"Inject Mutagens","damage_taken":0,"relics_obtained":["MutagenicStrength"],"max_hp_gain":0,"max_hp_loss":0,"event_name":"Drug Dealer","floor":21,"gold_loss":0},{"damage_healed":0,"gold_gain":0,"player_choice":"Ignored","damage_taken":0,"max_hp_gain":0,"max_hp_loss":0,"event_name":"Vampires","floor":22,"gold_loss":0},{"damage_healed":0,"gold_gain":2,"player_choice":"1","damage_taken":0,"max_hp_gain":0,"max_hp_loss":0,"event_name":"betterStone:BetterStone","floor":25,"gold_loss":0},{"damage_healed":0,"gold_gain":0,"player_choice":"Traded Relic","damage_taken":0,"relics_obtained":["Nloth\u0027s Gift"],"max_hp_gain":0,"max_hp_loss":0,"event_name":"N\u0027loth","floor":30,"relics_lost":["MutagenicStrength"],"gold_loss":0},{"damage_healed":0,"gold_gain":0,"player_choice":"Rummage","damage_taken":0,"relics_obtained":["WarpedTongs"],"max_hp_gain":0,"max_hp_loss":0,"event_name":"Accursed Blacksmith","floor":37,"gold_loss":0,"cards_obtained":["Pain"]},{"damage_healed":0,"gold_gain":0,"player_choice":"Fight","damage_taken":0,"max_hp_gain":0,"max_hp_loss":0,"event_name":"MindBloom","floor":47,"gold_loss":0},{"damage_healed":0,"gold_gain":0,"player_choice":"Max HP","damage_taken":0,"max_hp_gain":0,"max_hp_loss":4,"event_name":"Winding Halls","floor":48,"gold_loss":0}],"is_beta":false,"boss_relics":[{"not_picked":["Velvet Choker","Coffee Dripper"],"picked":"Snecko Eye"},{"not_picked":["Sozu","Empty Cage"],"picked":"SacredBark"}],"items_purged_floors":[7,39],"is_endless":false,"potions_floor_spawned":[2,8,10,13,18,20,24,28,29,31,33,35,36,38,41,45,46,47],"ascension_level":0}}