{"host":"e1d4pmcf31bpmsqo","time":1609562755,"event":{"mods":["BaseMod","Better Note","Better Third Choice","Colored Powertips","Disable Question Mark Monsters","Minty Spire (QoL Compilation)","Relic Stats","StSLib"],"gold_per_floor":[112,123,9,59,70,104,104,138,138,150,150,75,90,106,106,180,180,134,134,134,154,0,0,0,0],"floor_reached":24,"playtime":783,"items_purged":["Strike_P"],"score":512,"play_id":"586c7d87-d14b-4bf1-8b44-24c67d6c37f6","local_time":"20210102154555","is_ascension_mode":true,"campfire_choices":[{"data":"CrushJoints","floor":7,"key":"SMITH"},{"floor":11,"key":"REST"},{"data":"MentalFortress","floor":15,"key":"SMITH"},{"floor":23,"key":"REST"}],"circlet_count":0,"master_deck":["AscendersBane","Strike_P","Strike_P","Strike_P","Defend_P","Defend_P","Defend_P","Defend_P","Eruption","Vigilance","FlurryOfBlows","Consecrate","TalkToTheHand","Adaptation","CrushJoints+1","CarveReality","MentalFortress+1","Wallop","Worship","Establishment","Protect","LessonLearned","Brilliance"],"relics":["Black Star","Gremlin Horn","Darkstone Periapt","Boot","Mummified Hand","Snecko Eye","Nloth\u0027s Gift"],"acts_visited":["Exordium","TheCity"],"potions_floor_usage":[8,13,16,16,24],"damage_taken":[{"damage":12.0,"enemies":"Cultist","floor":1.0,"turns":3.0},{"damage":9.0,"enemies":"2 Louse","floor":2.0,"turns":3.0},{"damage":7.0,"enemies":"Jaw Worm","floor":5.0,"turns":4.0},{"damage":64,"enemies":"Lagavulin","floor":6,"turns":5},{"damage":16,"enemies":"Gremlin Nob","floor":8,"turns":3},{"damage":9,"enemies":"Gremlin Gang","floor":10,"turns":4},{"damage":2,"enemies":"Looter","floor":13,"turns":3},{"damage":0,"enemies":"2 Fungi Beasts","floor":14,"turns":3},{"damage":0,"enemies":"Slime Boss","floor":16,"turns":4},{"damage":37,"enemies":"2 Thieves","floor":18,"turns":5},{"damage":14,"enemies":"Chosen","floor":21,"turns":5},{"damage":0,"enemies":"Shelled Parasite and Fungi","floor":24,"turns":1}],"seed_played":"6220555897874157693","potions_obtained":[{"floor":5.0,"key":"Energy Potion"},{"floor":6,"key":"Weak Potion"},{"floor":10,"key":"ColorlessPotion"},{"floor":13,"key":"SkillPotion"},{"floor":21,"key":"Swift Potion"}],"is_trial":false,"path_per_floor":["M","M","$","?","M","E","R","E","T","M","R","$","M","M","R","B",null,"M","?","?","M","$","R","M"],"character_chosen":"WATCHER","items_purchased":["TalkToTheHand","Adaptation","LessonLearned","Brilliance"],"campfire_rested":2,"item_purchase_floors":[3,3,22,22],"current_hp_per_floor":[49,40,40,40,33,44,44,28,28,19,39,39,37,37,37,37,60,23,23,23,9,9,29,29,29],"gold":0,"neow_bonus":"BOSS_RELIC","is_daily":false,"chose_seed":false,"campfire_upgraded":2,"win_rate":0.0,"timestamp":1609562755,"path_taken":["M","M","$","?","M","E","R","E","T","M","R","$","?","M","R","BOSS","M","?","?","?","$","R","M"],"items_purchased_type":["Card","Card","Card","Card"],"build_version":"2020-12-22","purchased_purges":1,"victory":false,"max_hp_per_floor":[68,68,68,68,68,68,68,68,68,68,68,68,68,68,68,68,68,68,68,68,68,68,68,68,68],"relic_stats":{"Darkstone Periapt":0,"Gremlin Horn":[6,6],"counters":[12,43],"Mummified Hand":[12],"Snecko Eye":[19,14,18,25],"Black Star":2,"Nloth\u0027s Gift":0,"Boot":[5],"obtain_stats":[{"Darkstone Periapt":8,"Gremlin Horn":6,"Mummified Hand":9,"Snecko Eye":17,"Black Star":0,"Nloth\u0027s Gift":20,"PureWater":0,"StrikeDummy":6,"Boot":8},{"Darkstone Periapt":5,"Gremlin Horn":4,"Mummified Hand":5,"Snecko Eye":9,"Black Star":0,"Nloth\u0027s Gift":10,"PureWater":0,"StrikeDummy":4,"Boot":5},{"Darkstone Periapt":18,"Gremlin Horn":15,"Mummified Hand":18,"Snecko Eye":32,"Black Star":0,"Nloth\u0027s Gift":37,"PureWater":0,"StrikeDummy":15,"Boot":18}]},"card_choices":[{"not_picked":["FlyingSleeves","FollowUp"],"picked":"FlurryOfBlows","floor":1.0},{"not_picked":["Protect","BowlingBash"],"picked":"Consecrate","floor":2.0},{"not_picked":["WindmillStrike","EmptyMind"],"picked":"CrushJoints","floor":5.0},{"not_picked":["CrushJoints","ThirdEye","Worship"],"picked":"SKIP","floor":6},{"not_picked":["Adaptation","Swivel"],"picked":"CarveReality","floor":8},{"not_picked":["SashWhip","Vault"],"picked":"MentalFortress","floor":10},{"not_picked":["Sanctity","LikeWater"],"picked":"Wallop","floor":13},{"not_picked":["JustLucky","Prostrate"],"picked":"Worship","floor":14},{"not_picked":["Alpha","SpiritShield"],"picked":"Establishment","floor":16},{"not_picked":["CrushJoints+1","Halt+1","FlurryOfBlows"],"picked":"SKIP","floor":18},{"not_picked":["ThirdEye","ForeignInfluence+1","SandsOfTime"],"picked":"SKIP","floor":21}],"player_experience":1006729,"relics_obtained":[{"floor":6,"key":"Gremlin Horn"},{"floor":6,"key":"StrikeDummy"},{"floor":8,"key":"Darkstone Periapt"},{"floor":8,"key":"Boot"},{"floor":9,"key":"Mummified Hand"}],"event_choices":[{"damage_healed":0.0,"max_hp_gain":0.0,"max_hp_loss":0.0,"gold_gain":50.0,"event_name":"Golden Shrine","player_choice":"Pray","floor":4.0,"gold_loss":0.0,"damage_taken":0.0},{"damage_healed":0,"gold_gain":0,"player_choice":"Read","damage_taken":0,"max_hp_gain":0,"max_hp_loss":0,"event_name":"The Library","floor":19,"gold_loss":0,"cards_obtained":["Protect"]},{"damage_healed":0,"gold_gain":0,"player_choice":"Traded Relic","damage_taken":0,"relics_obtained":["Nloth\u0027s Gift"],"max_hp_gain":0,"max_hp_loss":0,"event_name":"N\u0027loth","floor":20,"relics_lost":["StrikeDummy"],"gold_loss":0}],"is_beta":false,"boss_relics":[{"not_picked":["Coffee Dripper","Ectoplasm"],"picked":"Snecko Eye"}],"items_purged_floors":[12],"is_endless":false,"potions_floor_spawned":[5,6,10,13,21],"killed_by":"Shelled Parasite and Fungi","ascension_level":20}}