{"host":"i9477i93mjcyimye","time":1609601919,"event":{"mods":["Aspiration","BaseMod","Bestiary","Colored Powertips","Downfall","Googly Eyes","Ironclad Rager","Minty Spire (QoL Compilation)","Quick Restart","Relic Stats","Replay The Spire","Robot Space Explorer","Spicy Shops","StSLib","The Disciple","The Exalted","The Jungle","The Marked","The Problem Sleuth","The Senshi","Wandering Minibosses"],"gold_per_floor":[18,18,18,18,33,33,49,49,118,128,147,177,192,209,209,209,209],"floor_reached":16,"playtime":1268,"items_purged":[],"score":114,"play_id":"b0131852-4ff6-45fe-abba-20ded9e83605","local_time":"20210103023839","is_ascension_mode":true,"campfire_choices":[{"data":"Twin Strike","floor":6,"key":"SMITH"},{"floor":8,"key":"RECALL"}],"circlet_count":0,"master_deck":["Bash","Twin Strike+1","Twin Strike","Twin Strike","Twin Strike","Twin Strike+1","Iron Wave","Iron Wave","Iron Wave","Iron Wave+1","Clash","Rupture","ReplayTheSpireMod:Limb From Limb","True Grit","Rage","Shrug It Off","Infernal Blade","Injury"],"relics":["Burning Blood","Bromod:ArcaneAwakening","Centennial Puzzle"],"acts_visited":["Exordium"],"potions_floor_usage":[],"damage_taken":[{"damage":0,"enemies":"2 Louse","floor":1,"turns":2},{"damage":0,"enemies":"Cultist","floor":5,"turns":2},{"damage":0,"enemies":"Jaw Worm","floor":7,"turns":2},{"damage":1,"enemies":"Exordium Thugs","floor":10,"turns":3},{"damage":14,"enemies":"Red Slaver","floor":11,"turns":2},{"damage":20,"enemies":"3 Sentries","floor":12,"turns":6},{"damage":12,"enemies":"Exordium Wildlife","floor":13,"turns":3},{"damage":4,"enemies":"2 Fungi Beasts","floor":14,"turns":2},{"damage":53,"enemies":"Fading Forest","floor":16,"turns":10}],"seed_played":"7937568511717917346","potions_obtained":[{"floor":5,"key":"Toxic Potion"},{"floor":12,"key":"Fire Potion"},{"floor":13,"key":"Energy Potion"},{"floor":14,"key":"Strength Potion"}],"is_trial":false,"path_per_floor":["M","$","?","?","M","R","M","R","T","M","M","E","M","M","R","B"],"character_chosen":"IRONCLAD","items_purchased":[],"campfire_rested":0,"item_purchase_floors":[],"current_hp_per_floor":[57,57,43,48,54,54,60,60,60,65,57,43,37,39,39,0,0],"gold":209,"neow_bonus":"IRONCLAD_BERSERKER","is_daily":false,"chose_seed":false,"campfire_upgraded":1,"win_rate":0.0,"timestamp":1609601919,"path_taken":["M","$","?","?","?","R","M","R","T","M","M","E","M","M","R","BOSS"],"items_purchased_type":[],"build_version":"2020-12-22","purchased_purges":0,"victory":false,"max_hp_per_floor":[72,72,72,72,72,72,72,72,72,72,72,72,72,72,72,72,72],"relic_stats":{"Centennial Puzzle":[9],"counters":[9,32],"obtain_stats":[{"Bromod:ArcaneAwakening":9,"Centennial Puzzle":12,"Burning Blood":0},{"Bromod:ArcaneAwakening":3,"Centennial Puzzle":6,"Burning Blood":0},{"Bromod:ArcaneAwakening":6,"Centennial Puzzle":17,"Burning Blood":0}],"Burning Blood":48},"card_choices":[{"not_picked":["Twin Strike","Clothesline"],"picked":"Run Through","floor":1},{"not_picked":["True Grit","Replay:Undeath\u0027s Touch"],"picked":"Clash","floor":5},{"not_picked":["Dual Wield","Run Through"],"picked":"Rupture","floor":7},{"not_picked":["Infernal Blade","Clothesline"],"picked":"ReplayTheSpireMod:Limb From Limb","floor":10},{"not_picked":["Twin Strike","Thunderclap"],"picked":"True Grit","floor":11},{"not_picked":["Thunderclap","Body Slam"],"picked":"Rage","floor":12},{"not_picked":["True Grit","Life Link"],"picked":"Shrug It Off","floor":13},{"not_picked":["Limit Break","Second Wind"],"picked":"Infernal Blade","floor":14}],"player_experience":239676,"relics_obtained":[{"floor":9,"key":"Bromod:ArcaneAwakening"},{"floor":12,"key":"Centennial Puzzle"}],"event_choices":[{"damage_healed":0,"gold_gain":0,"player_choice":"Entered Light","damage_taken":14,"max_hp_gain":0,"max_hp_loss":0,"event_name":"Shining Light","floor":3,"gold_loss":0,"cards_upgraded":["Iron Wave","Twin Strike"]},{"cards_removed":["Run Through"],"damage_healed":5,"gold_gain":0,"player_choice":"Offered Common","damage_taken":0,"max_hp_gain":0,"max_hp_loss":0,"event_name":"Bonfire Elementals","floor":4,"gold_loss":0},{"cards_removed":["Run Through"],"damage_healed":5,"gold_gain":0,"player_choice":"Offered Special","damage_taken":0,"max_hp_gain":0,"max_hp_loss":0,"event_name":"Bonfire Elementals","floor":4,"gold_loss":0}],"is_beta":false,"boss_relics":[],"items_purged_floors":[],"is_endless":false,"potions_floor_spawned":[5,12,13,14],"killed_by":"Fading Forest","ascension_level":2}}