{"host":"3qkmyeoym75lj4wn","time":1609606119,"event":{"mods":["2.2 Compatiblity","BaseMod","Block Reminder","Colored Powertips","Highlight Path","Minty Spire (QoL Compilation)","Permanent Neow","Potion Indicator Mod","Rare Cards Sparkle","Relic Stats","StSLib"],"gold_per_floor":[117,117,8,19,19,19,19],"floor_reached":6,"playtime":128,"items_purged":[],"score":68,"play_id":"db65852b-0de2-4a1f-9d80-2d8dfd7b7b64","local_time":"20210102164839","is_ascension_mode":true,"campfire_choices":[],"circlet_count":0,"master_deck":["AscendersBane","Strike_B","Strike_B","Strike_B","Strike_B","Defend_B","Defend_B","Defend_B","Defend_B","Zap","Dualcast","Finesse","Ball Lightning","Go for the Eyes","Coolheaded"],"relics":["Cracked Core","Bag of Marbles"],"acts_visited":["Exordium"],"potions_floor_usage":[6],"damage_taken":[{"damage":11,"enemies":"Cultist","floor":1,"turns":4},{"damage":0,"enemies":"2 Louse","floor":4,"turns":2},{"damage":57,"enemies":"Gremlin Nob","floor":6,"turns":3}],"seed_played":"2655500804965088837","potions_obtained":[{"floor":4,"key":"LiquidMemories"}],"is_trial":false,"path_per_floor":["M","?","$","M","?","E"],"character_chosen":"DEFECT","items_purchased":["Go for the Eyes","LiquidMemories"],"campfire_rested":0,"item_purchase_floors":[3,3],"current_hp_per_floor":[53,53,53,53,53,0,0],"gold":19,"neow_bonus":"RANDOM_COLORLESS","is_daily":false,"chose_seed":false,"campfire_upgraded":0,"win_rate":0.0,"timestamp":1609606119,"path_taken":["M","?","$","M","?","E"],"items_purchased_type":["Card","Potion"],"build_version":"2020-12-22","purchased_purges":0,"victory":false,"max_hp_per_floor":[71,71,71,71,71,71,71],"relic_stats":{"counters":[3,9],"obtain_stats":[{"Bag of Marbles":5,"Cracked Core":0},{"Bag of Marbles":2,"Cracked Core":0},{"Bag of Marbles":6,"Cracked Core":0}]},"card_choices":[{"not_picked":["Good Instincts","Impatience"],"picked":"Finesse","floor":0},{"not_picked":["Skim","Redo"],"picked":"Ball Lightning","floor":1},{"not_picked":["Gash","Steam Power"],"picked":"Coolheaded","floor":4}],"player_experience":1640144,"relics_obtained":[],"event_choices":[{"damage_healed":0,"gold_gain":0,"player_choice":"Ignored","damage_taken":0,"max_hp_gain":0,"max_hp_loss":0,"event_name":"Shining Light","floor":2,"gold_loss":0},{"damage_healed":0,"gold_gain":0,"player_choice":"Gave Potion","damage_taken":0,"relics_obtained":["Bag of Marbles"],"max_hp_gain":0,"max_hp_loss":0,"event_name":"WeMeetAgain","floor":5,"gold_loss":0}],"is_beta":false,"boss_relics":[],"items_purged_floors":[],"is_endless":false,"potions_floor_spawned":[4],"killed_by":"Gremlin Nob","ascension_level":20}}