{"host":"idhn3x725u206pbu","time":1609556503,"event":{"mods":["AchievementEnabler","BaseMod","Bestiary","Better Altar","Better Match","Better Note","Better Sensory Stone","Better Skull","Better Third Choice","BetterRewards","Colored Map","Energized Spire","Hubris","Infinite Spire","Minty Spire (QoL Compilation)","Permanent Neow","Quick Restart","Relic Stats","Replay The Spire","Spicy Shops","StSLib","The Jungle","UnlockEverythingMod","¡¾ÒÅÎï¿¨ÅÆ¡¿REMEMod"],"gold_per_floor":[114,114,114,130,205,236,236,236,284,303,314,314,314],"floor_reached":12,"playtime":805,"items_purged":["Strike_R"],"score":78,"play_id":"99ab7bf0-8ac4-4f73-a281-3376838dfa3a","local_time":"20210102110143","is_ascension_mode":false,"campfire_choices":[],"circlet_count":0,"master_deck":["Strike_R","Strike_R","Strike_R","Strike_R","Defend_R","Defend_R","Defend_R","Defend_R","Bash","Rupture","Armaments","Self Repair+1","Genetic Algorithm","Ghostly Armor","Pommel Strike"],"relics":["REME_ComplimentaryCards","Iron Core","Letter Opener","Regal Pillow"],"acts_visited":["Exordium"],"potions_floor_usage":[6],"damage_taken":[{"damage":0,"enemies":"2 Louse","floor":1,"turns":5},{"damage":3,"enemies":"Small Slimes","floor":4,"turns":4},{"damage":54,"enemies":"3 Sentries","floor":6,"turns":14},{"damage":10,"enemies":"Jaw Worm","floor":10,"turns":7},{"damage":37,"enemies":"Exordium Thugs","floor":11,"turns":8},{"damage":0,"enemies":"Lagavulin","floor":12,"turns":1}],"seed_played":"-846651368877060662","potions_obtained":[{"floor":4,"key":"Strength Potion"},{"floor":6,"key":"SkillPotion"},{"floor":10,"key":"GamblersBrew"}],"is_trial":false,"path_per_floor":["M","?","$","M","?","E","?","$","T","M","M","E"],"character_chosen":"IRONCLAD","items_purchased":["Rupture","Armaments"],"campfire_rested":0,"item_purchase_floors":[0,0],"current_hp_per_floor":[80,80,80,80,69,25,49,49,49,49,22,22,22],"gold":314,"neow_bonus":"","is_daily":false,"chose_seed":false,"campfire_upgraded":0,"win_rate":0.0,"timestamp":1609556503,"path_taken":["M","?","$","M","?","E","?","$","T","M","?","E"],"items_purchased_type":["Card","Card"],"build_version":"2020-12-22","purchased_purges":1,"victory":false,"max_hp_per_floor":[80,80,80,80,80,80,80,80,80,80,80,80,80],"relic_stats":{"Regal Pillow":0,"counters":[21,93],"Letter Opener":[15],"obtain_stats":[{"Potion Belt":23,"hubris:Metronome":9,"Iron Core":2,"Regal Pillow":9,"Dead Branch":14,"Replay:Grab Bag":17,"Circlet":0,"Letter Opener":6,"Burning Blood":0,"Replay:Wanted Poster":34,"BranchBurnRelic":15,"Lizard Tail":8,"hubris:Icosahedron":13,"energizedSpire:CursedPentagram":17,"energizedSpire:TabascoSauce":24,"Prayer Wheel":36,"WingedGreaves":5,"Fusion Hammer":17,"Kintsugi":17,"REME_PuzzleBoxRelic":24,"energizedSpire:DecayingSkull":0,"Replay:Drink Me":17,"Unceasing Top":26,"REME_ComplimentaryCards":0},{"Potion Belt":9,"hubris:Metronome":3,"Iron Core":16,"Regal Pillow":18,"Dead Branch":5,"Replay:Grab Bag":6,"Circlet":0,"Letter Opener":18,"Burning Blood":0,"Replay:Wanted Poster":13,"BranchBurnRelic":5,"Lizard Tail":3,"hubris:Icosahedron":4,"energizedSpire:CursedPentagram":6,"energizedSpire:TabascoSauce":9,"Prayer Wheel":15,"WingedGreaves":2,"Fusion Hammer":6,"Kintsugi":6,"REME_PuzzleBoxRelic":9,"energizedSpire:DecayingSkull":0,"Replay:Drink Me":6,"Unceasing Top":10,"REME_ComplimentaryCards":0},{"Potion Belt":34,"hubris:Metronome":10,"Iron Core":59,"Regal Pillow":77,"Dead Branch":17,"Replay:Grab Bag":26,"Circlet":0,"Letter Opener":77,"Burning Blood":0,"Replay:Wanted Poster":47,"BranchBurnRelic":17,"Lizard Tail":10,"hubris:Icosahedron":14,"energizedSpire:CursedPentagram":26,"energizedSpire:TabascoSauce":34,"Prayer Wheel":53,"WingedGreaves":6,"Fusion Hammer":26,"Kintsugi":26,"REME_PuzzleBoxRelic":34,"energizedSpire:DecayingSkull":0,"Replay:Drink Me":26,"Unceasing Top":37,"REME_ComplimentaryCards":0}]},"card_choices":[{"not_picked":["Reckless Charge","Iron Wave","Body Slam"],"picked":"SKIP","floor":1},{"not_picked":["ReplayTheSpireMod:Stacked","Power Through"],"picked":"Genetic Algorithm","floor":4},{"not_picked":["Flex","ReplayTheSpireMod:Muscle Training"],"picked":"Ghostly Armor","floor":6},{"not_picked":["Thunderclap","Shrug It Off"],"picked":"Pommel Strike","floor":10},{"not_picked":["Heavy Blade","Thunderclap","Gash"],"picked":"SKIP","floor":11}],"player_experience":93558,"relics_obtained":[{"floor":6,"key":"Letter Opener"},{"floor":9,"key":"Regal Pillow"}],"event_choices":[{"damage_healed":0,"gold_gain":75,"player_choice":"Gold","damage_taken":11,"max_hp_gain":0,"max_hp_loss":0,"event_name":"betterThird:BetterGoop","floor":5,"gold_loss":0}],"is_beta":false,"boss_relics":[],"items_purged_floors":[0],"is_endless":false,"potions_floor_spawned":[4,6,10],"killed_by":"Lagavulin","ascension_level":0}}