{"host":"4cz9gr89nglr7k8k","time":1609622855,"event":{"mods":["BaseMod","Minty Spire (QoL Compilation)","Relic Stats","Slay-I"],"gold_per_floor":[118,193,25,41,58,58,85,85,85,85,235,254,254,274,274,348,348,358,372,49,64,24,24,24,38,38,38,38,58,70,84,84,84,84],"floor_reached":33,"playtime":832,"items_purged":[],"score":598,"play_id":"dcc3c045-774a-4c5f-abe2-f49f3f65eae8","local_time":"20210102222735","is_ascension_mode":true,"campfire_choices":[{"data":"Fire Breathing","floor":6,"key":"SMITH"},{"data":"Perfected Strike","floor":13,"key":"SMITH"},{"floor":15,"key":"REST"},{"floor":23,"key":"REST"},{"floor":27,"key":"REST"},{"floor":32,"key":"REST"}],"circlet_count":0,"master_deck":["AscendersBane","Strike_R","Strike_R","Strike_R","Strike_R","Strike_R","Defend_R","Defend_R","Defend_R","Bash","Fire Breathing+1","Pummel","True Grit","Perfected Strike+1","Doubt","Twin Strike","Twin Strike","Demon Form","Shrug It Off+1","Anger","Fire Breathing","Thunderclap+1","Twin Strike+1","Cleave+1","Anger"],"relics":["Burning Blood","NeowsBlessing","Vajra","FossilizedHelix","Question Card","SlaversCollar","Thread and Needle","Tiny Chest"],"acts_visited":["Exordium","TheCity"],"potions_floor_usage":[7,19,19,21,22,25,30,33],"damage_taken":[{"damage":0,"enemies":"Small Slimes","floor":1,"turns":1},{"damage":0,"enemies":"Jaw Worm","floor":4,"turns":1},{"damage":0,"enemies":"Cultist","floor":5,"turns":1},{"damage":35,"enemies":"Lagavulin","floor":7,"turns":5},{"damage":0,"enemies":"Gremlin Gang","floor":12,"turns":3},{"damage":23,"enemies":"Exordium Thugs","floor":14,"turns":4},{"damage":0,"enemies":"Slime Boss","floor":16,"turns":8},{"damage":32,"enemies":"Shell Parasite","floor":18,"turns":4},{"damage":11,"enemies":"2 Thieves","floor":19,"turns":2},{"damage":21,"enemies":"Snake Plant","floor":21,"turns":5},{"damage":15,"enemies":"Shelled Parasite and Fungi","floor":25,"turns":8},{"damage":57,"enemies":"3 Cultists","floor":29,"turns":5},{"damage":24,"enemies":"Snake Plant","floor":30,"turns":4},{"damage":17,"enemies":"Centurion and Healer","floor":31,"turns":5},{"damage":47,"enemies":"Champ","floor":33,"turns":6}],"seed_played":"2058378857561931395","potions_obtained":[{"floor":1,"key":"Fire Potion"},{"floor":4,"key":"DuplicationPotion"},{"floor":12,"key":"EssenceOfSteel"},{"floor":18,"key":"AttackPotion"},{"floor":19,"key":"Weak Potion"},{"floor":22,"key":"Fruit Juice"},{"floor":22,"key":"Dexterity Potion"},{"floor":22,"key":"Block Potion"},{"floor":25,"key":"SteroidPotion"},{"floor":29,"key":"BloodPotion"}],"is_trial":false,"path_per_floor":["M","?","$","M","M","R","E","?","T","?","?","M","R","M","R","B",null,"M","M","$","M","?","R","$","M","T","R","?","M","M","M","R","B"],"character_chosen":"IRONCLAD","items_purchased":["Vajra","Thread and Needle"],"campfire_rested":4,"item_purchase_floors":[3,20],"current_hp_per_floor":[74,63,63,69,75,75,46,39,39,44,44,50,50,33,57,63,76,50,45,45,30,35,60,60,51,51,76,76,25,24,13,38,0,0],"gold":84,"neow_bonus":"THREE_ENEMY_KILL","is_daily":false,"chose_seed":false,"campfire_upgraded":2,"win_rate":0.0,"timestamp":1609622855,"path_taken":["M","?","$","M","M","R","E","?","T","?","?","?","R","M","R","BOSS","M","M","$","M","?","R","?","?","T","R","?","M","M","?","R","BOSS"],"items_purchased_type":["Relic","Relic"],"build_version":"2020-12-22","purchased_purges":0,"victory":false,"max_hp_per_floor":[75,75,75,75,75,75,75,75,75,80,80,80,80,80,80,80,80,80,80,80,80,85,85,85,85,85,85,85,85,85,85,85,85,85],"relic_stats":{"counters":[15,62],"Tiny Chest":0,"Question Card":10,"obtain_stats":[{"SlaversCollar":17,"NeowsBlessing":0,"Vajra":3,"Thread and Needle":20,"Tiny Chest":26,"Question Card":9,"Burning Blood":0,"FossilizedHelix":7},{"SlaversCollar":7,"NeowsBlessing":0,"Vajra":1,"Thread and Needle":9,"Tiny Chest":11,"Question Card":4,"Burning Blood":0,"FossilizedHelix":4},{"SlaversCollar":23,"NeowsBlessing":0,"Vajra":1,"Thread and Needle":29,"Tiny Chest":42,"Question Card":8,"Burning Blood":0,"FossilizedHelix":8}],"Burning Blood":84},"card_choices":[{"not_picked":["Havoc","Entrench"],"picked":"Fire Breathing","floor":1},{"not_picked":["True Grit","Shrug It Off"],"picked":"Pummel","floor":4},{"not_picked":["Body Slam","Warcry"],"picked":"True Grit","floor":5},{"not_picked":["Intimidate","Uppercut"],"picked":"Perfected Strike","floor":7},{"not_picked":["Corruption","True Grit","Warcry"],"picked":"Twin Strike","floor":12},{"not_picked":["Headbutt","True Grit","Pummel"],"picked":"Twin Strike","floor":14},{"not_picked":["Corruption","Fiend Fire","Berserk"],"picked":"Demon Form","floor":16},{"not_picked":["Flex","Battle Trance","Sword Boomerang"],"picked":"Shrug It Off+1","floor":18},{"not_picked":["Rampage","Clash+1","Havoc"],"picked":"Anger","floor":19},{"not_picked":["Evolve","Combust+1","Havoc"],"picked":"Fire Breathing","floor":21},{"not_picked":["Uppercut","Iron Wave","True Grit+1"],"picked":"Thunderclap+1","floor":25},{"not_picked":["Sword Boomerang","Seeing Red+1","Anger"],"picked":"Twin Strike+1","floor":29},{"not_picked":["Uppercut","Shockwave","Sword Boomerang"],"picked":"Cleave+1","floor":30},{"not_picked":["Rage","Corruption","Iron Wave"],"picked":"Anger","floor":31}],"player_experience":1472545,"relics_obtained":[{"floor":7,"key":"FossilizedHelix"},{"floor":9,"key":"Question Card"},{"floor":26,"key":"Tiny Chest"}],"event_choices":[{"damage_healed":0,"gold_gain":75,"player_choice":"Gather Gold","damage_taken":11,"max_hp_gain":0,"max_hp_loss":0,"event_name":"World of Goop","floor":2,"gold_loss":0},{"cards_removed":["Defend_R"],"damage_healed":0,"gold_gain":0,"player_choice":"Card Removal","damage_taken":7,"max_hp_gain":0,"max_hp_loss":0,"event_name":"Golden Wing","floor":8,"gold_loss":0},{"damage_healed":0,"gold_gain":0,"player_choice":"Donut","damage_taken":0,"max_hp_gain":5,"max_hp_loss":0,"event_name":"Big Fish","floor":10,"gold_loss":0},{"damage_healed":0,"gold_gain":150,"player_choice":"AGREE","damage_taken":0,"max_hp_gain":0,"max_hp_loss":0,"event_name":"Liars Game","floor":11,"gold_loss":0,"cards_obtained":["Doubt"]},{"damage_healed":0,"gold_gain":0,"player_choice":"Bought 3 Potions","damage_taken":0,"max_hp_gain":0,"max_hp_loss":0,"event_name":"The Woman in Blue","floor":22,"gold_loss":0},{"damage_healed":0,"gold_gain":0,"player_choice":"Ignored","damage_taken":0,"max_hp_gain":0,"max_hp_loss":0,"event_name":"Fountain of Cleansing","floor":28,"gold_loss":0}],"is_beta":false,"boss_relics":[{"not_picked":["Velvet Choker","Runic Cube"],"picked":"SlaversCollar"}],"items_purged_floors":[],"is_endless":false,"potions_floor_spawned":[1,4,12,18,19,25,29],"killed_by":"Champ","ascension_level":20}}