{"host":"tiwza2kisyyrpq7h","time":1609593470,"event":{"mods":["BaseMod","Colored Powertips","Minty Spire (QoL Compilation)","Quick Restart","Rare Cards Sparkle","StSLib","SuperFastMode","The Servant 0.9.4","óô»ðÖ¸ÄÏ"],"gold_per_floor":[110,122,122,122,137,137,20,54,54,67,80,80,111,124,124,196,196,215,215,105,120,131,131,131,17,68,68,80,110,110,123,123,194,194,207,221,1220,1233,1233,509,509,509],"floor_reached":41,"playtime":1770,"items_purged":["Strike_P","Normality"],"score":854,"play_id":"3da052e5-201c-47af-8041-f8af8b317f4b","local_time":"20210102211750","is_ascension_mode":true,"campfire_choices":[{"data":"Eruption","floor":6.0,"key":"SMITH"},{"floor":12.0,"key":"REST"},{"floor":15.0,"key":"REST"},{"floor":23.0,"key":"REST"},{"floor":27.0,"key":"REST"},{"data":"Omniscience","floor":30.0,"key":"SMITH"},{"data":"WaveOfTheHand","floor":32.0,"key":"SMITH"}],"circlet_count":0,"master_deck":["AscendersBane","Eruption+1","Vigilance+1","FlurryOfBlows","PathToVictory","PathToVictory","WaveOfTheHand+1","Establishment+1","Protect","Indignation","Adaptation+1","PathToVictory+1","WindmillStrike","Devotion+1","ReachHeaven","Evaluate","Omniscience+1","Swivel","ReachHeaven","JustLucky+1","FearNoEvil","InnerPeace","Devotion+1","LikeWater+1","Halt","Devotion+1","TalkToTheHand","ConjureBlade","Nirvana+1","Normality","Protect+1","Study+1"],"relics":["Runic Pyramid","TeardropLocket","Frozen Egg 2","Dream Catcher","Dead Branch","Pandora\u0027s Box","PreservedInsect","Ancient Tea Set","Cursed Key","War Paint","Damaru","TheAbacus"],"acts_visited":["Exordium","TheCity","TheBeyond"],"potions_floor_usage":[41],"damage_taken":[{"damage":12.0,"enemies":"Small Slimes","floor":1.0,"turns":3.0},{"damage":2.0,"enemies":"Jaw Worm","floor":2.0,"turns":3.0},{"damage":0.0,"enemies":"Cultist","floor":5.0,"turns":3.0},{"damage":12.0,"enemies":"Gremlin Nob","floor":8.0,"turns":3.0},{"damage":1.0,"enemies":"Large Slime","floor":10.0,"turns":5.0},{"damage":11.0,"enemies":"Gremlin Gang","floor":11.0,"turns":3.0},{"damage":28.0,"enemies":"3 Sentries","floor":13.0,"turns":12.0},{"damage":8.0,"enemies":"Blue Slaver","floor":14.0,"turns":5.0},{"damage":3.0,"enemies":"Slime Boss","floor":16.0,"turns":6.0},{"damage":8.0,"enemies":"Chosen","floor":18.0,"turns":4.0},{"damage":29.0,"enemies":"3 Byrds","floor":21.0,"turns":6.0},{"damage":19.0,"enemies":"Snake Plant","floor":22.0,"turns":3.0},{"damage":11.0,"enemies":"Chosen and Byrds","floor":28.0,"turns":6.0},{"damage":0.0,"enemies":"Gremlin Leader","floor":29.0,"turns":5.0},{"damage":6.0,"enemies":"Snecko","floor":31.0,"turns":4.0},{"damage":13.0,"enemies":"Collector","floor":33.0,"turns":7.0},{"damage":21.0,"enemies":"3 Shapes","floor":35.0,"turns":4.0},{"damage":13.0,"enemies":"Orb Walker","floor":36.0,"turns":5.0},{"damage":10.0,"enemies":"3 Darklings","floor":38.0,"turns":9.0},{"damage":30,"enemies":"Giant Head","floor":41,"turns":6}],"seed_played":"-6041647399294650879","potions_obtained":[{"floor":1.0,"key":"Swift Potion"},{"floor":10.0,"key":"LiquidMemories"},{"floor":11.0,"key":"SpeedPotion"},{"floor":13.0,"key":"Energy Potion"},{"floor":21.0,"key":"Weak Potion"},{"floor":22.0,"key":"StancePotion"},{"floor":33.0,"key":"LiquidBronze"},{"floor":38.0,"key":"Fruit Juice"}],"is_trial":false,"path_per_floor":["M","M","?","?","M","R","$","E","T","M","M","R","E","M","R","B",null,"M","?","?","M","M","R","?","$","T","R","M","E","R","M","R","B",null,"M","M","?","M","?","R","E"],"character_chosen":"WATCHER","items_purchased":["WaveOfTheHand","LikeWater+1","Halt","War Paint","Damaru","Study+1","TheAbacus","Dexterity Potion"],"campfire_rested":4,"item_purchase_floors":[7,25,25,40,40,40,40,40],"current_hp_per_floor":[49,47,47,47,47,47,47,35,35,34,23,43,15,7,27,24,57,49,49,49,20,1,21,21,21,21,41,30,30,30,24,24,11,54,33,20,20,15,15,15,0,0],"gold":509,"neow_bonus":"BOSS_RELIC","is_daily":false,"chose_seed":false,"campfire_upgraded":3,"win_rate":0.0,"timestamp":1609593470,"path_taken":["M","M","?","?","M","R","$","E","T","M","M","R","E","M","R","BOSS","M","?","?","?","M","R","?","$","T","R","?","E","R","M","R","BOSS","M","M","?","M","?","R","E"],"items_purchased_type":["Card","Card","Card","Relic","Relic","Card","Relic","Potion"],"build_version":"2020-12-22","purchased_purges":2,"victory":false,"max_hp_per_floor":[68,68,68,68,68,68,68,68,68,68,68,68,68,68,68,68,68,68,68,68,68,68,68,68,68,68,68,68,68,68,68,68,68,68,68,68,68,73,69,69,69,69],"card_choices":[{"not_picked":["Sanctity","FollowUp"],"picked":"FlurryOfBlows","floor":1.0},{"not_picked":["Protect","CrushJoints"],"picked":"PathToVictory","floor":2.0},{"not_picked":["FlurryOfBlows","JustLucky"],"picked":"PathToVictory","floor":5.0},{"not_picked":["FlurryOfBlows","EmptyFist"],"picked":"Establishment+1","floor":8.0},{"not_picked":["CarveReality","FlurryOfBlows"],"picked":"Protect","floor":10.0},{"not_picked":["WheelKick","EmptyFist"],"picked":"Indignation","floor":11.0},{"not_picked":["Conclude","Consecrate"],"picked":"Adaptation+1","floor":12.0},{"not_picked":["WreathOfFlame","Evaluate"],"picked":"PathToVictory","floor":13.0},{"not_picked":["ThirdEye","ClearTheMind"],"picked":"WindmillStrike","floor":14.0},{"not_picked":["Wish","SpiritShield"],"picked":"Devotion+1","floor":16.0},{"not_picked":["JustLucky","CutThroughFate+1"],"picked":"FearNoEvil","floor":18.0},{"not_picked":["CrushJoints","Prostrate"],"picked":"InnerPeace","floor":21.0},{"not_picked":["Evaluate","Crescendo+1","CrushJoints"],"picked":"SKIP","floor":22.0},{"not_picked":["Tantrum","FlurryOfBlows"],"picked":"Devotion+1","floor":27.0},{"not_picked":["WheelKick","SignatureMove","EmptyBody"],"picked":"SKIP","floor":28.0},{"not_picked":["Conclude","Evaluate"],"picked":"TalkToTheHand","floor":29.0},{"not_picked":["CutThroughFate","Halt","FearNoEvil"],"picked":"SKIP","floor":31.0},{"not_picked":["SpiritShield","DeusExMachina"],"picked":"ConjureBlade","floor":33.0},{"not_picked":["EmptyBody","Evaluate","InnerPeace"],"picked":"SKIP","floor":35.0},{"not_picked":["EmptyMind","CutThroughFate"],"picked":"Nirvana+1","floor":36.0},{"not_picked":["Sanctity","Collect+1"],"picked":"Protect+1","floor":38.0}],"player_experience":921453,"relics_obtained":[{"floor":8.0,"key":"Frozen Egg 2"},{"floor":9.0,"key":"Dream Catcher"},{"floor":13.0,"key":"Dead Branch"},{"floor":26.0,"key":"PreservedInsect"},{"floor":29.0,"key":"Ancient Tea Set"}],"event_choices":[{"damage_healed":0.0,"max_hp_gain":0.0,"max_hp_loss":0.0,"gold_gain":0.0,"event_name":"Big Fish","player_choice":"Box","floor":3.0,"gold_loss":0.0,"damage_taken":0.0,"relics_obtained":["TeardropLocket"],"cards_obtained":["Regret"]},{"cards_removed":["Regret"],"damage_healed":0.0,"max_hp_gain":0.0,"max_hp_loss":0.0,"gold_gain":0.0,"event_name":"Purifier","player_choice":"Purged","floor":4.0,"gold_loss":0.0,"damage_taken":0.0},{"damage_healed":0.0,"max_hp_gain":0.0,"max_hp_loss":0.0,"gold_gain":0.0,"event_name":"Vampires","player_choice":"Ignored","floor":19.0,"gold_loss":0.0,"damage_taken":0.0},{"cards_removed":["ReachHeaven"],"damage_healed":0.0,"max_hp_gain":0.0,"max_hp_loss":0.0,"gold_gain":0.0,"event_name":"Designer","player_choice":"Upgrade and Remove","floor":20.0,"gold_loss":110.0,"damage_taken":0.0,"cards_upgraded":["JustLucky"]},{"damage_healed":0.0,"max_hp_gain":0.0,"max_hp_loss":0.0,"gold_gain":0.0,"event_name":"Duplicator","player_choice":"Copied","floor":24.0,"gold_loss":0.0,"damage_taken":0.0,"cards_obtained":["Devotion"]},{"damage_healed":0.0,"max_hp_gain":0.0,"max_hp_loss":0.0,"gold_gain":999.0,"event_name":"MindBloom","player_choice":"Gold","floor":37.0,"gold_loss":0.0,"damage_taken":0.0,"cards_obtained":["Normality","Normality"]},{"damage_healed":0.0,"max_hp_gain":0.0,"max_hp_loss":4.0,"gold_gain":0.0,"event_name":"Winding Halls","player_choice":"Max HP","floor":39.0,"gold_loss":0.0,"damage_taken":0.0}],"is_beta":false,"boss_relics":[{"not_picked":["Calling Bell","Snecko Eye"],"picked":"Pandora\u0027s Box"},{"not_picked":["Fusion Hammer","SlaversCollar"],"picked":"Cursed Key"}],"items_purged_floors":[7,40],"is_endless":false,"potions_floor_spawned":[1,10,11,13,21,22,33,38],"killed_by":"Giant Head","ascension_level":17}}