{"host":"a2lvm7nbw6nkrc91","time":1609565525,"event":{"mods":["BaseMod","Friendly Minions","Hermit","Kiyohime£¨?ýï£©","Koishi","Marisa£¨Ùöéë¡¡Øª×âÞÞ£©","Minty Spire (QoL Compilation)","Prisma Mod","Replay The Spire","StSLib","Td1madao Mod","The Bug Knight","The Dragon Tamer"],"gold_per_floor":[111,128,141,157,171,171,346,346,346,377,377,391,406,122,122,122,122],"floor_reached":16,"playtime":480,"items_purged":["hermit:Strike_Hermit"],"score":104,"play_id":"37732f32-86ae-4183-9839-4b2e52046ed6","local_time":"20210102143205","is_ascension_mode":false,"campfire_choices":[{"data":"hermit:CursedWeapon","floor":6.0,"key":"SMITH"},{"data":"hermit:Combo","floor":8.0,"key":"SMITH"},{"floor":15,"key":"REST"}],"circlet_count":0,"master_deck":["hermit:Strike_Hermit","hermit:Strike_Hermit","hermit:Strike_Hermit","hermit:Defend_Hermit","hermit:Defend_Hermit","hermit:Defend_Hermit","hermit:Defend_Hermit","hermit:Snapshot","hermit:Covet","hermit:CursedWeapon+1","hermit:WideOpen","hermit:Headshot","hermit:Combo+1","hermit:Gambit+1","Doubt","hermit:RoundhouseKick","hermit:Determination","hermit:Enervate","Mayhem","hermit:Feint","hermit:BigShot","hermit:Dive","hermit:Dive"],"relics":["hermit:Momento","NeowsBlessing","InkBottle","Bottled Flame","BargainBundle"],"acts_visited":["Exordium"],"potions_floor_usage":[16],"damage_taken":[{"damage":0.0,"enemies":"Jaw Worm","floor":1.0,"turns":1.0},{"damage":2.0,"enemies":"Small Slimes","floor":2.0,"turns":1.0},{"damage":2.0,"enemies":"2 Louse","floor":3.0,"turns":1.0},{"damage":10.0,"enemies":"Lots of Slimes","floor":4.0,"turns":3.0},{"damage":4.0,"enemies":"2 Fungi Beasts","floor":5.0,"turns":2.0},{"damage":30.0,"enemies":"Gremlin Nob","floor":10.0,"turns":4.0},{"damage":2.0,"enemies":"Looter","floor":12.0,"turns":2.0},{"damage":2,"enemies":"Large Slime","floor":13,"turns":2},{"damage":46,"enemies":"The Guardian","floor":16,"turns":7}],"seed_played":"84267460865924496","potions_obtained":[{"floor":1.0,"key":"hermit:Eclipse"},{"floor":5.0,"key":"AttackPotion"},{"floor":13,"key":"Explosive Potion"}],"is_trial":false,"path_per_floor":["M","M","M","M","M","R","?","R","T","E","?","M","M","$","R","B"],"character_chosen":"HERMIT","items_purchased":["BargainBundle","Mayhem","hermit:Feint","hermit:BigShot","hermit:Dive"],"campfire_rested":1,"item_purchase_floors":[14,14,14,14,14],"current_hp_per_floor":[75,73,71,61,57,57,57,57,57,27,27,25,23,23,45,0,0],"gold":122,"neow_bonus":"THREE_ENEMY_KILL","is_daily":false,"chose_seed":false,"campfire_upgraded":2,"win_rate":0.0,"timestamp":1609565525,"path_taken":["M","M","M","M","M","R","?","R","T","E","?","M","M","$","R","BOSS"],"items_purchased_type":["Relic","Card","Card","Card","Card"],"build_version":"2020-12-22","purchased_purges":1,"victory":false,"max_hp_per_floor":[75,75,75,75,75,75,75,75,75,75,75,75,75,75,75,75,75],"card_choices":[{"not_picked":["hermit:TrackingShot","hermit:Desperado"],"picked":"hermit:CursedWeapon","floor":1.0},{"not_picked":["hermit:Dive","hermit:SprayPray"],"picked":"hermit:WideOpen","floor":2.0},{"not_picked":["hermit:LuckOfTheDraw","hermit:BodyArmor"],"picked":"hermit:Headshot","floor":3.0},{"not_picked":["hermit:ItchyTrigger","hermit:HighCaliber"],"picked":"hermit:Combo","floor":4.0},{"not_picked":["hermit:LowProfile","hermit:CalledShot"],"picked":"hermit:Gambit","floor":5.0},{"not_picked":["hermit:Quickdraw","hermit:DeadMansHand"],"picked":"hermit:RoundhouseKick","floor":10.0},{"not_picked":["hermit:HighCaliber","hermit:GhostlyPresence"],"picked":"hermit:Determination","floor":12.0},{"not_picked":["hermit:DeadMansHand","hermit:WideOpen"],"picked":"hermit:Enervate","floor":13}],"player_experience":513130,"relics_obtained":[{"floor":9.0,"key":"InkBottle"},{"floor":10.0,"key":"Bottled Flame"}],"event_choices":[{"damage_healed":0.0,"max_hp_gain":0.0,"max_hp_loss":0.0,"gold_gain":175.0,"event_name":"Liars Game","player_choice":"AGREE","floor":7.0,"gold_loss":0.0,"damage_taken":0.0,"cards_obtained":["Doubt"]},{"damage_healed":0.0,"max_hp_gain":0.0,"max_hp_loss":0.0,"gold_gain":0.0,"event_name":"Living Wall","player_choice":"Grow","floor":11.0,"gold_loss":0.0,"damage_taken":0.0,"cards_upgraded":["hermit:Gambit"]}],"is_beta":false,"boss_relics":[],"items_purged_floors":[14],"is_endless":false,"potions_floor_spawned":[1,5,13],"killed_by":"The Guardian","ascension_level":0}}