{"host":"x1qj4d8ympd5jdqh","time":1609589955,"event":{"mods":["AchievementEnabler","AlwaysNeverKeys","BaseMod","Colored Map","Custom Start","DeckTracker","Highlight Path","Minty Spire (QoL Compilation)","StSLib","SuperFastMode"],"gold_per_floor":[116,191,9,23,93,128,128,138,163,88,104,104,104,129,129,200,200,212,212,212,223,46,46,73,83,132,144,144,156,187,199,199,271,271,286,311,146,164,164,199,49,49,49,75,93,93,93,106,106,106,106,106],"floor_reached":51,"playtime":1084,"items_purged":["Strike_P","Defend_P","Defend_P","FollowUp+1"],"score":1766,"play_id":"fee78b0a-ba59-4cb6-8187-4c2f927e7c4b","local_time":"20210102211915","is_ascension_mode":true,"campfire_choices":[{"data":"Eruption","floor":7.0,"key":"SMITH"},{"data":"SignatureMove","floor":12.0,"key":"SMITH"},{"data":"EmptyBody","floor":15.0,"key":"SMITH"},{"data":"Adaptation","floor":23.0,"key":"SMITH"},{"data":"Vault","floor":28.0,"key":"SMITH"},{"floor":32.0,"key":"REST"},{"data":"CrushJoints","floor":47.0,"key":"SMITH"},{"data":"Adaptation","floor":49.0,"key":"SMITH"}],"circlet_count":0,"master_deck":["AscendersBane","Defend_P","Eruption+1","Vigilance","SignatureMove+1","EmptyBody+1","Vault+1","FearNoEvil","Necronomicurse","Adaptation+1","CrushJoints+1","Vault","Prostrate","Adaptation+1"],"relics":["HolyWater","NeowsBlessing","StrikeDummy","Pen Nib","Oddly Smooth Stone","Happy Flower","Empty Cage","Necronomicon","Blood Vial","Strawberry","Orichalcum","CaptainsWheel","Gremlin Horn","CeramicFish","Du-Vu Doll"],"acts_visited":["Exordium","TheCity","TheBeyond"],"potions_floor_usage":[50,50,50,51],"damage_taken":[{"damage":0.0,"enemies":"2 Louse","floor":1.0,"turns":1.0},{"damage":0.0,"enemies":"Jaw Worm","floor":4.0,"turns":1.0},{"damage":0.0,"enemies":"3 Sentries","floor":6.0,"turns":2.0},{"damage":0.0,"enemies":"Small Slimes","floor":8.0,"turns":2.0},{"damage":0.0,"enemies":"2 Fungi Beasts","floor":11.0,"turns":2.0},{"damage":6.0,"enemies":"Lagavulin","floor":14.0,"turns":3.0},{"damage":16.0,"enemies":"The Guardian","floor":16.0,"turns":7.0},{"damage":0.0,"enemies":"2 Thieves","floor":18.0,"turns":3.0},{"damage":0.0,"enemies":"Spheric Guardian","floor":21.0,"turns":2.0},{"damage":0.0,"enemies":"Book of Stabbing","floor":24.0,"turns":1.0},{"damage":0.0,"enemies":"Snake Plant","floor":25.0,"turns":2.0},{"damage":0.0,"enemies":"Shelled Parasite and Fungi","floor":27.0,"turns":3.0},{"damage":0.0,"enemies":"Sentry and Sphere","floor":29.0,"turns":3.0},{"damage":36.0,"enemies":"Gremlin Leader","floor":30.0,"turns":4.0},{"damage":0.0,"enemies":"Centurion and Healer","floor":31.0,"turns":4.0},{"damage":0.0,"enemies":"Automaton","floor":33.0,"turns":3.0},{"damage":8.0,"enemies":"3 Darklings","floor":35.0,"turns":8.0},{"damage":11.0,"enemies":"Mind Bloom Boss Battle","floor":36.0,"turns":4.0},{"damage":9.0,"enemies":"3 Shapes","floor":38.0,"turns":3.0},{"damage":3.0,"enemies":"Nemesis","floor":40.0,"turns":5.0},{"damage":0.0,"enemies":"Reptomancer","floor":42.0,"turns":1.0},{"damage":0.0,"enemies":"Giant Head","floor":44.0,"turns":4.0},{"damage":0.0,"enemies":"Jaw Worm Horde","floor":45.0,"turns":4.0},{"damage":7.0,"enemies":"Spire Growth","floor":48.0,"turns":3.0},{"damage":29,"enemies":"Donu and Deca","floor":50,"turns":6},{"damage":15,"enemies":"Time Eater","floor":51,"turns":4}],"seed_played":"2510272880827459266","potions_obtained":[{"floor":1.0,"key":"Weak Potion"},{"floor":16.0,"key":"SpeedPotion"},{"floor":30.0,"key":"Ancient Potion"},{"floor":31.0,"key":"PowerPotion"},{"floor":33.0,"key":"SmokeBomb"},{"floor":35.0,"key":"EntropicBrew"},{"floor":44.0,"key":"GamblersBrew"}],"is_trial":false,"path_per_floor":["M","?","$","M","T","E","R","M","T","?","M","R","?","E","R","B",null,"M","?","?","M","$","R","E","M","T","M","R","M","E","M","R","B",null,"M","?","$","M","?","E","$","E","T","E","M","?","R","M","R","B","B"],"character_chosen":"WATCHER","items_purchased":["FollowUp","SteroidPotion","Adaptation","Adaptation"],"campfire_rested":1,"item_purchase_floors":[3,3,22,37],"current_hp_per_floor":[61,50,50,50,50,50,50,50,50,50,50,50,50,44,44,28,58,58,58,37,37,37,37,37,39,46,48,48,50,16,18,40,42,67,61,52,52,45,45,44,44,46,46,48,50,50,50,45,45,18,5,5],"gold":106,"neow_bonus":"THREE_ENEMY_KILL","is_daily":false,"chose_seed":false,"campfire_upgraded":7,"win_rate":0.0,"timestamp":1609589955,"path_taken":["M","?","$","M","?","E","R","M","T","?","M","R","?","E","R","BOSS","M","?","?","M","$","R","E","M","T","?","R","M","E","M","R","BOSS","M","?","$","M","?","E","$","E","T","E","M","?","R","M","R","BOSS","BOSS"],"items_purchased_type":["Card","Potion","Card","Card"],"build_version":"2020-12-22","purchased_purges":4,"victory":false,"max_hp_per_floor":[68,68,68,68,68,68,68,68,68,68,68,68,68,68,68,68,68,68,68,68,68,68,68,68,68,75,75,75,75,75,75,75,75,75,75,75,75,75,75,75,75,75,75,75,75,75,75,75,75,75,75,75],"card_choices":[{"not_picked":["WindmillStrike","ClearTheMind","PathToVictory"],"picked":"SKIP","floor":1.0},{"not_picked":["Sanctity","Collect"],"picked":"SignatureMove","floor":4.0},{"not_picked":["Sanctity","Meditate"],"picked":"EmptyBody","floor":6.0},{"not_picked":["ClearTheMind","Meditate","JustLucky"],"picked":"SKIP","floor":8.0},{"not_picked":["Consecrate","LikeWater","Evaluate"],"picked":"SKIP","floor":11.0},{"not_picked":["MasterReality","CarveReality","Prostrate"],"picked":"SKIP","floor":14.0},{"not_picked":["Judgement","ConjureBlade"],"picked":"Vault","floor":16.0},{"not_picked":["Collect","PathToVictory"],"picked":"FearNoEvil","floor":18.0},{"not_picked":["EmptyFist","SignatureMove","Swivel+1"],"picked":"SKIP","floor":21.0},{"not_picked":["SandsOfTime","FlurryOfBlows","WindmillStrike"],"picked":"SKIP","floor":24.0},{"not_picked":["BattleHymn","JustLucky","EmptyBody"],"picked":"SKIP","floor":25.0},{"not_picked":["Study","ReachHeaven","SashWhip"],"picked":"SKIP","floor":27.0},{"not_picked":["Tantrum","Conclude","Collect+1"],"picked":"SKIP","floor":29.0},{"not_picked":["EmptyBody","BattleHymn","ThirdEye+1"],"picked":"SKIP","floor":30.0},{"not_picked":["Evaluate","FlurryOfBlows+1"],"picked":"CrushJoints","floor":31.0},{"not_picked":["SpiritShield","Alpha"],"picked":"Vault","floor":33.0},{"not_picked":["Protect+1","Evaluate+1"],"picked":"Prostrate","floor":35.0},{"not_picked":["SandsOfTime","ForeignInfluence+1","DeusExMachina"],"picked":"SKIP","floor":38.0},{"not_picked":["FlurryOfBlows+1","LikeWater","WreathOfFlame+1"],"picked":"SKIP","floor":40.0},{"not_picked":["EmptyFist","ThirdEye","DeusExMachina"],"picked":"SKIP","floor":44.0},{"not_picked":["ClearTheMind","Wallop","SandsOfTime"],"picked":"SKIP","floor":45.0},{"not_picked":["Consecrate","CrushJoints","Halt+1"],"picked":"SKIP","floor":48.0}],"player_experience":1306632,"relics_obtained":[{"floor":5.0,"key":"StrikeDummy"},{"floor":6.0,"key":"Pen Nib"},{"floor":9.0,"key":"Oddly Smooth Stone"},{"floor":14.0,"key":"Happy Flower"},{"floor":20.0,"key":"Necronomicon"},{"floor":24.0,"key":"Blood Vial"},{"floor":26.0,"key":"Strawberry"},{"floor":30.0,"key":"Orichalcum"},{"floor":36.0,"key":"CaptainsWheel"},{"floor":40.0,"key":"Gremlin Horn"},{"floor":43.0,"key":"CeramicFish"},{"floor":44.0,"key":"Du-Vu Doll"}],"event_choices":[{"damage_healed":0.0,"max_hp_gain":0.0,"max_hp_loss":0.0,"gold_gain":75.0,"event_name":"World of Goop","player_choice":"Gather Gold","floor":2.0,"gold_loss":0.0,"damage_taken":11.0},{"cards_removed":["Strike_P"],"damage_healed":0.0,"max_hp_gain":0.0,"max_hp_loss":0.0,"gold_gain":0.0,"event_name":"The Cleric","player_choice":"Card Removal","floor":10.0,"gold_loss":75.0,"damage_taken":0.0},{"damage_healed":0.0,"max_hp_gain":0.0,"max_hp_loss":0.0,"gold_gain":0.0,"event_name":"Upgrade Shrine","player_choice":"Upgraded","floor":13.0,"gold_loss":0.0,"damage_taken":0.0,"cards_upgraded":["FollowUp"]},{"damage_healed":0.0,"max_hp_gain":0.0,"max_hp_loss":0.0,"gold_gain":0.0,"event_name":"The Mausoleum","player_choice":"Ignored","floor":19.0,"gold_loss":0.0,"damage_taken":0.0},{"damage_healed":0.0,"max_hp_gain":0.0,"max_hp_loss":0.0,"gold_gain":0.0,"event_name":"Cursed Tome","player_choice":"Obtained Book","floor":20.0,"gold_loss":0.0,"damage_taken":21.0},{"damage_healed":0.0,"max_hp_gain":0.0,"max_hp_loss":0.0,"gold_gain":0.0,"event_name":"MindBloom","player_choice":"Fight","floor":36.0,"gold_loss":0.0,"damage_taken":0.0},{"damage_healed":0.0,"max_hp_gain":0.0,"max_hp_loss":0.0,"gold_gain":0.0,"event_name":"Tomb of Lord Red Mask","player_choice":"Ignored","floor":39.0,"gold_loss":0.0,"damage_taken":0.0},{"cards_removed":["Defend_P"],"damage_healed":0.0,"max_hp_gain":0.0,"max_hp_loss":0.0,"gold_gain":0.0,"event_name":"Purifier","player_choice":"Purged","floor":46.0,"gold_loss":0.0,"damage_taken":0.0}],"is_beta":false,"boss_relics":[{"not_picked":["Calling Bell","Black Star"],"picked":"Empty Cage"},{"not_picked":["Sozu","Runic Dome"],"picked":"HolyWater"}],"items_purged_floors":[3,22,37,41],"is_endless":false,"potions_floor_spawned":[1,11,16,18,30,31,33,35,44,45],"killed_by":"Time Eater","ascension_level":20}}