{"host":"roy81xfr74e1j9y7","time":1609589849,"event":{"mods":["2.2 Compatiblity","AchievementEnabler","BaseMod","Block Reminder","Colored Map","Colored Powertips","DeckTracker","Defuse TimeMaze Blight","Highlight Path","Keyboard Shortcuts","Minty Spire (QoL Compilation)","Permanent Neow","Quick Restart","Random Character Button","Rare Cards Sparkle","Relic Stats","StSLib","Synergy Search","slay the spire mod where everything is the same but ironclad has a cowboy hat"],"gold_per_floor":[112,131,145,145,145,145,179,191,215,231,256,256,221,240,240,338,338,353,428,447,10,29,29,29],"floor_reached":23,"playtime":1570,"items_purged":["Regret"],"score":223,"play_id":"cf4a7141-5470-4e52-99f0-f6558c30aefe","local_time":"20210102121729","is_ascension_mode":true,"campfire_choices":[{"data":"Deadly Poison","floor":6.0,"key":"SMITH"},{"floor":12.0,"key":"REST"},{"data":"Footwork","floor":15.0,"key":"SMITH"}],"circlet_count":0,"master_deck":["Strike_G","Strike_G","Strike_G","Strike_G","Strike_G","Defend_G","Defend_G","Defend_G","Defend_G","Defend_G","Survivor","Neutralize","Deadly Poison","Endless Agony+1","Deadly Poison+1","PiercingWail","Dash","Catalyst","Footwork+1","Cloak And Dagger","A Thousand Cuts","Poisoned Stab","Accuracy","Noxious Fumes+1"],"relics":["Ring of the Snake","Snake Skull","Potion Belt","MealTicket","Bag of Marbles","WristBlade","Ice Cream"],"acts_visited":["Exordium","TheCity"],"potions_floor_usage":[23],"damage_taken":[{"damage":6.0,"enemies":"Jaw Worm","floor":1.0,"turns":4.0},{"damage":0.0,"enemies":"Small Slimes","floor":2.0,"turns":2.0},{"damage":0.0,"enemies":"Cultist","floor":3.0,"turns":3.0},{"damage":21.0,"enemies":"Gremlin Nob","floor":7.0,"turns":4.0},{"damage":14.0,"enemies":"Looter","floor":8.0,"turns":2.0},{"damage":8.0,"enemies":"Red Slaver","floor":10.0,"turns":3.0},{"damage":18.0,"enemies":"3 Sentries","floor":11.0,"turns":9.0},{"damage":8.0,"enemies":"Exordium Thugs","floor":14.0,"turns":4.0},{"damage":11.0,"enemies":"The Guardian","floor":16.0,"turns":9.0},{"damage":15,"enemies":"2 Thieves","floor":18,"turns":4},{"damage":15,"enemies":"3 Byrds","floor":20,"turns":6},{"damage":16,"enemies":"Snecko","floor":22,"turns":7},{"damage":34,"enemies":"Slavers","floor":23,"turns":1}],"seed_played":"8559328871637985168","potions_obtained":[{"floor":1.0,"key":"DuplicationPotion"},{"floor":3.0,"key":"Poison Potion"},{"floor":11.0,"key":"Fire Potion"},{"floor":14.0,"key":"DuplicationPotion"},{"floor":22,"key":"ColorlessPotion"}],"is_trial":false,"path_per_floor":["M","M","M","?","?","R","E","M","T","M","E","R","?","M","R","B",null,"M","?","M","$","M","E"],"character_chosen":"THE_SILENT","items_purchased":["Ice Cream","Accuracy"],"campfire_rested":1,"item_purchase_floors":[21,21],"current_hp_per_floor":[64,64,64,64,64,64,43,29,29,21,3,24,41,33,33,22,70,55,48,33,48,32,0,0],"gold":29,"neow_bonus":"THREE_CARDS","is_daily":false,"chose_seed":false,"campfire_upgraded":2,"win_rate":0.0,"timestamp":1609589849,"path_taken":["M","M","M","?","?","R","E","M","T","M","E","R","?","M","R","BOSS","M","?","M","$","M","E"],"items_purchased_type":["Relic","Card"],"build_version":"2020-12-22","purchased_purges":1,"victory":false,"max_hp_per_floor":[70,70,70,70,70,70,70,70,70,70,70,70,70,70,70,70,70,70,70,70,70,70,70,70],"relic_stats":{"counters":[13,58],"MealTicket":15,"Snake Skull":[28],"obtain_stats":[{"Potion Belt":7,"Ice Cream":21,"WristBlade":17,"MealTicket":9,"Snake Skull":5,"Bag of Marbles":11,"Ring of the Snake":0},{"Potion Belt":4,"Ice Cream":11,"WristBlade":9,"MealTicket":5,"Snake Skull":3,"Bag of Marbles":7,"Ring of the Snake":0},{"Potion Belt":13,"Ice Cream":50,"WristBlade":40,"MealTicket":15,"Snake Skull":9,"Bag of Marbles":27,"Ring of the Snake":0}],"Ring of the Snake":[29]},"card_choices":[{"not_picked":["Bane","Accuracy"],"picked":"Deadly Poison","floor":0.0},{"not_picked":["Flying Knee","Backflip"],"picked":"Endless Agony","floor":1.0},{"not_picked":["Blade Dance","Accuracy"],"picked":"Deadly Poison","floor":2.0},{"not_picked":["Deflect","Tactician"],"picked":"PiercingWail","floor":3.0},{"not_picked":["Outmaneuver","Backflip"],"picked":"Dash","floor":7.0},{"not_picked":["Acrobatics","Infinite Blades"],"picked":"Catalyst","floor":8.0},{"not_picked":["Distraction","Blade Dance","PiercingWail"],"picked":"SKIP","floor":10.0},{"not_picked":["PiercingWail","Sucker Punch"],"picked":"Footwork","floor":11.0},{"not_picked":["Flying Knee","Skewer"],"picked":"Cloak And Dagger","floor":14.0},{"not_picked":["Tools of the Trade","Bullet Time"],"picked":"A Thousand Cuts","floor":16.0},{"not_picked":["Dagger Spray","PiercingWail"],"picked":"Poisoned Stab","floor":18},{"not_picked":["PiercingWail","Dodge and Roll","Flying Knee"],"picked":"SKIP","floor":20},{"not_picked":["Blade Dance","PiercingWail+1"],"picked":"Noxious Fumes+1","floor":22}],"player_experience":195447,"relics_obtained":[{"floor":7.0,"key":"Potion Belt"},{"floor":9.0,"key":"MealTicket"},{"floor":11.0,"key":"Bag of Marbles"}],"event_choices":[{"damage_healed":0.0,"max_hp_gain":0.0,"max_hp_loss":0.0,"gold_gain":0.0,"event_name":"Living Wall","player_choice":"Grow","floor":4.0,"gold_loss":0.0,"damage_taken":0.0,"cards_upgraded":["Endless Agony"]},{"damage_healed":0.0,"max_hp_gain":0.0,"max_hp_loss":0.0,"gold_gain":0.0,"event_name":"Big Fish","player_choice":"Box","floor":5.0,"gold_loss":0.0,"damage_taken":0.0,"relics_obtained":["Snake Skull"],"cards_obtained":["Regret"]},{"damage_healed":17.0,"max_hp_gain":0.0,"max_hp_loss":0.0,"gold_gain":0.0,"event_name":"The Cleric","player_choice":"Healed","floor":13.0,"gold_loss":35.0,"damage_taken":0.0},{"damage_healed":0,"gold_gain":75,"player_choice":"Touch","damage_taken":7,"max_hp_gain":0,"max_hp_loss":0,"event_name":"FaceTrader","floor":19,"gold_loss":0}],"is_beta":false,"boss_relics":[{"not_picked":["Ectoplasm","Pandora\u0027s Box"],"picked":"WristBlade"}],"items_purged_floors":[21],"is_endless":false,"potions_floor_spawned":[1,3,11,14,22],"killed_by":"Slavers","ascension_level":2}}