{"host":"z9grmtg2w0nmz8n1","time":1609568414,"event":{"mods":["Aspiration","Bard","BaseMod","Beaked The Cultist","Better Altar","Better Match","Better Note","Better Sensory Stone","Better Skull","Better Third Choice","BetterRewards","CCEM","Colored Map","Conspire","Downfall","GifTheSpireLib","Googly Eyes","Halation","Hermit","Highlight Path","Hubris","Hunter ??","Jedi Mod","Jorbs\u0027s Wanderer Trilogy","Mad Scientist","Marisa????????","Minty Spire (QoL Compilation)","Permanent Neow","Replay The Spire","Shade Mod","Shop Mod","Spicy Shops","StSLib","Stuff the Spire","The Bug Knight","The Construct","The Necromancer","The Runesmith","The Witch"],"gold_per_floor":[111,123,48,48,66,66,94,113,138,156,156,187,187,205,205,301,301,290,290,304,123,137,137,137],"floor_reached":23,"playtime":1026,"items_purged":["Strike_B","Strike_B"],"score":213,"play_id":"e2713fb7-400a-4655-8b27-f746924dbb75","local_time":"20210102042014","is_ascension_mode":true,"campfire_choices":[{"floor":6,"key":"RECALL"},{"floor":11,"key":"REST"},{"data":"Zap","floor":13,"key":"SMITH"},{"floor":15,"key":"REST"}],"circlet_count":0,"master_deck":["Strike_B","Strike_B","Defend_B","Defend_B","Defend_B","Defend_B","Zap+1","Dualcast","FTL","StuffTheSpire:Plugnplay","Machine Learning","Ball Lightning","Leap"],"relics":["Cracked Core","NeowsBlessing","Pet Ghost","Eternal Feather","conspire:RoyalGoblet"],"acts_visited":["Exordium","TheCity"],"potions_floor_usage":[10,12,16,23,23],"damage_taken":[{"damage":0,"enemies":"Jaw Worm","floor":1,"turns":1},{"damage":0,"enemies":"2 Louse","floor":2,"turns":1},{"damage":0,"enemies":"Cultist","floor":5,"turns":1},{"damage":46,"enemies":"3 Sentries","floor":7,"turns":11},{"damage":4,"enemies":"Blue Slaver","floor":8,"turns":5},{"damage":8,"enemies":"Exordium Wildlife","floor":10,"turns":3},{"damage":20,"enemies":"HollowMod:MossKnight","floor":12,"turns":5},{"damage":3,"enemies":"Exordium Thugs","floor":14,"turns":4},{"damage":34,"enemies":"Slime Boss","floor":16,"turns":9},{"damage":15,"enemies":"2 Thieves","floor":18,"turns":4},{"damage":19,"enemies":"Shell Parasite","floor":20,"turns":6},{"damage":28,"enemies":"Centurion and Healer","floor":22,"turns":5},{"damage":8,"enemies":"Book of Stabbing","floor":23,"turns":5}],"seed_played":"-3505235855664999212","potions_obtained":[{"floor":1,"key":"Swift Potion"},{"floor":5,"key":"jedi:coolantleak"},{"floor":7,"key":"Weak Potion"},{"floor":16,"key":"jedi:holywater"},{"floor":20,"key":"Block Potion"},{"floor":22,"key":"SkillPotion"}],"is_trial":false,"path_per_floor":["M","M","$","?","M","R","E","M","T","M","R","E","R","M","R","B",null,"M","?","M","$","M","E"],"character_chosen":"DEFECT","items_purchased":["Ball Lightning"],"campfire_rested":2,"item_purchase_floors":[21],"current_hp_per_floor":[75,75,75,75,75,75,29,25,25,17,39,19,25,22,50,16,75,60,60,41,41,13,5,5],"gold":137,"neow_bonus":"THREE_ENEMY_KILL","is_daily":false,"chose_seed":false,"campfire_upgraded":1,"win_rate":0.0,"timestamp":1609568414,"path_taken":["M","M","$","?","M","R","E","M","T","M","R","E","R","M","R","BOSS","M","?","M","$","M","E"],"items_purchased_type":["Card"],"build_version":"2020-12-22","purchased_purges":2,"victory":false,"max_hp_per_floor":[75,75,75,75,75,75,75,75,75,75,75,75,75,75,75,75,75,75,75,75,75,75,75,75],"card_choices":[{"not_picked":["Compile Driver","StuffTheSpire:CleanHardDrive"],"picked":"FTL","floor":1},{"not_picked":["Glacier","BasicCrystalCard","Coolheaded"],"picked":"SKIP","floor":2},{"not_picked":["Coolheaded","Crystallizer","Panic Button"],"picked":"SKIP","floor":5},{"not_picked":["StuffTheSpire:GlassShard","Go for the Eyes","Aggregate"],"picked":"SKIP","floor":7},{"not_picked":["BasicCrystalCard","Hologram","Darkness"],"picked":"SKIP","floor":8},{"not_picked":["Coolheaded","Go for the Eyes"],"picked":"StuffTheSpire:Plugnplay","floor":10},{"not_picked":["Leap","ReplayTheSpireMod:Dual Polarity","Rebound"],"picked":"SKIP","floor":12},{"not_picked":["StuffTheSpire:SnapShoot","ReplayTheSpireMod:Repulse"],"picked":"Machine Learning","floor":14},{"not_picked":["jedi:BurstLightning","Panic Button","StuffTheSpire:LoadUp"],"picked":"SKIP","floor":18},{"not_picked":["Stack","Conserve Battery+1","Genetic Algorithm"],"picked":"SKIP","floor":20},{"not_picked":["Barrage","Gash"],"picked":"Leap","floor":22}],"player_experience":756119,"relics_obtained":[{"floor":7,"key":"Pet Ghost"},{"floor":12,"key":"Eternal Feather"}],"event_choices":[{"cards_removed":["Strike_B"],"damage_healed":0,"gold_gain":0,"player_choice":"Give","damage_taken":0,"max_hp_gain":0,"max_hp_loss":0,"event_name":"betterNote:BetterNote","floor":19,"gold_loss":0,"cards_obtained":["Strike_B"]}],"is_beta":false,"boss_relics":[{"not_picked":["StuffTheSpire:RunicConfusion","construct:ClawGrip"],"picked":"conspire:RoyalGoblet"}],"items_purged_floors":[3,21],"is_endless":false,"potions_floor_spawned":[1,5,7,16,20,22],"killed_by":"Book of Stabbing","ascension_level":1}}