{"host":"3a1ypf1irl30q4k8","time":1609577554,"event":{"mods":["AchievementEnabler","BaseMod","Bestiary","Colored Map","Minty Spire (QoL Compilation)","Relic Stats"],"gold_per_floor":[116,131,57,157,172,172,199,218,244,24,36,36,36,55,55,153,153,139,139,0,0,0,59,59,117,141,152,2,2,37,37,37,161,161,172,172,183,37,37,48,64,64,64,74,74,134,153,4,4,4,4,4,4,37,37,37],"floor_reached":55,"playtime":5077,"items_purged":["Strike_P","Strike_P+1"],"score":848,"play_id":"628dda81-4047-44f6-adbd-15e936a2dd3b","local_time":"20210102085234","is_ascension_mode":true,"campfire_choices":[{"data":"Wallop","floor":6.0,"key":"SMITH"},{"data":"WheelKick","floor":12.0,"key":"SMITH"},{"data":"Vigilance","floor":15.0,"key":"SMITH"},{"data":"WheelKick","floor":24.0,"key":"SMITH"},{"data":"LessonLearned","floor":32.0,"key":"SMITH"},{"floor":45,"key":"RECALL"},{"floor":49,"key":"REST"},{"data":"Wish","floor":52,"key":"SMITH"}],"circlet_count":0,"master_deck":["Defend_P+1","Defend_P+1","Defend_P+1","Eruption+1","Vigilance+1","BowlingBash+1","Wallop+1","LessonLearned+1","Halt","Halt+1","SpiritShield+1","WheelKick+1","LikeWater+1","Wish+1","WheelKick+1","Wireheading+1","Ghostly+1","Ghostly+1","Ghostly+1","Ghostly+1","CutThroughFate+1","Adaptation+1","Omniscience+1","DeusExMachina+1","Halt+1","FearNoEvil+1","Wallop+1","EmptyFist+1"],"relics":["Snecko Eye","PreservedInsect","Blood Vial","Anchor","Empty Cage","Nilry\u0027s Codex","Omamori","Vajra","Akabeko","OrangePellets","Sozu","Bronze Scales","Damaru","Strawberry","Oddly Smooth Stone"],"acts_visited":["Exordium","TheCity","TheBeyond","TheEnding"],"potions_floor_usage":[55,55,55],"damage_taken":[{"damage":0.0,"enemies":"Cultist","floor":1.0,"turns":3.0},{"damage":2.0,"enemies":"Jaw Worm","floor":2.0,"turns":5.0},{"damage":0.0,"enemies":"2 Louse","floor":5.0,"turns":1.0},{"damage":6.0,"enemies":"3 Sentries","floor":7.0,"turns":4.0},{"damage":0.0,"enemies":"Blue Slaver","floor":8.0,"turns":2.0},{"damage":4.0,"enemies":"2 Fungi Beasts","floor":11.0,"turns":6.0},{"damage":0.0,"enemies":"3 Louse","floor":14.0,"turns":5.0},{"damage":0.0,"enemies":"The Guardian","floor":16.0,"turns":12.0},{"damage":6.0,"enemies":"2 Thieves","floor":18.0,"turns":4.0},{"damage":0.0,"enemies":"Slavers","floor":23.0,"turns":4.0},{"damage":3.0,"enemies":"Book of Stabbing","floor":25.0,"turns":5.0},{"damage":0.0,"enemies":"Shell Parasite","floor":27.0,"turns":4.0},{"damage":4.0,"enemies":"Snecko","floor":30.0,"turns":4.0},{"damage":3.0,"enemies":"Automaton","floor":33.0,"turns":10.0},{"damage":5.0,"enemies":"3 Shapes","floor":35.0,"turns":6.0},{"damage":1.0,"enemies":"3 Darklings","floor":37.0,"turns":5.0},{"damage":5.0,"enemies":"Maw","floor":40.0,"turns":9.0},{"damage":4,"enemies":"Writhing Mass","floor":41,"turns":7},{"damage":0,"enemies":"Sphere and 2 Shapes","floor":44,"turns":4},{"damage":5,"enemies":"Reptomancer","floor":46,"turns":4},{"damage":0,"enemies":"3 Darklings","floor":47,"turns":5},{"damage":5,"enemies":"Awakened One","floor":50,"turns":15},{"damage":3,"enemies":"Shield and Spear","floor":54,"turns":8},{"damage":40,"enemies":"The Heart","floor":55,"turns":12}],"seed_played":"-1698520386036831017","potions_obtained":[{"floor":2.0,"key":"Ancient Potion"},{"floor":8.0,"key":"GamblersBrew"},{"floor":25.0,"key":"Fire Potion"},{"floor":27.0,"key":"AttackPotion"},{"floor":33.0,"key":"FearPotion"}],"is_trial":false,"path_per_floor":["M","M","$","?","M","R","E","M","T","$","M","R","?","M","R","B",null,"M","?","$","?","?","E","R","E","T","M","$","?","M","$","R","B",null,"M","?","M","$","?","M","M","?","T","M","R","E","M","$","R","B",null,"R","$","E","B"],"character_chosen":"WATCHER","items_purchased":["LessonLearned","Anchor","Wireheading","OrangePellets","Bronze Scales","Strawberry"],"campfire_rested":1,"item_purchase_floors":[3,10,20,28,38,48],"current_hp_per_floor":[72,70,70,70,70,70,64,64,64,64,62,62,48,50,50,52,72,66,66,66,50,36,36,36,33,33,35,35,35,32,32,32,31,36,31,31,32,32,32,29,27,27,27,29,29,26,28,35,41,36,41,41,41,38,0,0],"gold":37,"neow_bonus":"BOSS_RELIC","is_daily":false,"chose_seed":false,"campfire_upgraded":6,"win_rate":0.0,"timestamp":1609577554,"path_taken":["M","?","$","?","?","R","E","M","T","$","M","R","?","M","R","BOSS","M","?","$","?","?","E","R","E","T","M","$","?","?","?","R","BOSS","M","?","M","$","?","M","M","?","T","M","R","E","?","?","R","BOSS","R","$","E","BOSS"],"items_purchased_type":["Card","Relic","Card","Relic","Relic","Relic"],"build_version":"2020-12-22","purchased_purges":2,"victory":false,"max_hp_per_floor":[72,72,72,72,72,72,72,72,72,72,72,72,72,72,72,72,72,72,72,72,72,36,36,36,36,36,36,36,36,36,36,36,36,36,36,34,34,34,34,34,34,34,34,34,34,34,34,41,41,41,41,41,41,41,41,41],"relic_stats":{"Blood Vial":25,"Sozu":2,"OrangePellets":[18],"counters":[24,144],"Bronze Scales":[318],"Snecko Eye":[170,175,171,164],"PreservedInsect":207,"obtain_stats":[{"Nilry\u0027s Codex":21,"Vajra":25,"Damaru":46,"Oddly Smooth Stone":54,"PreservedInsect":7,"Omamori":23,"Empty Cage":17,"Akabeko":26,"Blood Vial":9,"Sozu":34,"OrangePellets":28,"Anchor":10,"Bronze Scales":38,"Strawberry":48,"Snecko Eye":0,"PureWater":0},{"Nilry\u0027s Codex":9,"Vajra":11,"Damaru":20,"Oddly Smooth Stone":23,"PreservedInsect":4,"Omamori":10,"Empty Cage":8,"Akabeko":11,"Blood Vial":5,"Sozu":14,"OrangePellets":12,"Anchor":5,"Bronze Scales":16,"Strawberry":21,"Snecko Eye":0,"PureWater":0},{"Nilry\u0027s Codex":42,"Vajra":51,"Damaru":104,"Oddly Smooth Stone":132,"PreservedInsect":13,"Omamori":46,"Empty Cage":38,"Akabeko":51,"Blood Vial":15,"Sozu":69,"OrangePellets":55,"Anchor":15,"Bronze Scales":80,"Strawberry":109,"Snecko Eye":0,"PureWater":0}]},"card_choices":[{"not_picked":["FlurryOfBlows","PathToVictory"],"picked":"BowlingBash","floor":1.0},{"not_picked":["ForeignInfluence","FearNoEvil"],"picked":"Wallop","floor":2.0},{"not_picked":["Consecrate","JustLucky"],"picked":"Halt","floor":5.0},{"not_picked":["PathToVictory","Pray"],"picked":"Halt","floor":7.0},{"not_picked":["PathToVictory","Protect"],"picked":"SpiritShield","floor":8.0},{"not_picked":["Prostrate","FlyingSleeves"],"picked":"WheelKick","floor":11.0},{"not_picked":["PathToVictory","SignatureMove"],"picked":"LikeWater","floor":14.0},{"not_picked":["LessonLearned","Devotion"],"picked":"Wish","floor":16.0},{"not_picked":["SashWhip","EmptyBody"],"picked":"WheelKick","floor":18.0},{"not_picked":["ThirdEye","CarveReality"],"picked":"CutThroughFate","floor":23.0},{"not_picked":["Worship+1","FlyingSleeves+1","PathToVictory"],"picked":"SKIP","floor":25.0},{"not_picked":["CutThroughFate+1","ThirdEye","PathToVictory"],"picked":"SKIP","floor":27.0},{"not_picked":["Consecrate","CrushJoints"],"picked":"Omniscience","floor":30.0},{"not_picked":["SpiritShield","Brilliance"],"picked":"DeusExMachina","floor":33.0},{"not_picked":["PathToVictory+1","EmptyBody+1","ThirdEye"],"picked":"SKIP","floor":35.0},{"not_picked":["WindmillStrike","Wireheading","BattleHymn"],"picked":"SKIP","floor":37.0},{"not_picked":["EmptyFist+1","CrushJoints"],"picked":"Halt+1","floor":40},{"not_picked":["Halt+1","JustLucky+1","Devotion"],"picked":"SKIP","floor":41},{"not_picked":["Wireheading","Consecrate"],"picked":"FearNoEvil+1","floor":44},{"not_picked":["EmptyFist","CutThroughFate+1","JustLucky"],"picked":"SKIP","floor":46},{"not_picked":["FlurryOfBlows+1","EmptyMind"],"picked":"Wallop+1","floor":47},{"not_picked":["CrushJoints","Prostrate+1"],"picked":"EmptyFist+1","floor":54}],"player_experience":932558,"relics_obtained":[{"floor":7.0,"key":"PreservedInsect"},{"floor":9.0,"key":"Blood Vial"},{"floor":21.0,"key":"Nilry\u0027s Codex"},{"floor":23.0,"key":"Omamori"},{"floor":25.0,"key":"Vajra"},{"floor":26.0,"key":"Akabeko"},{"floor":46,"key":"Damaru"},{"floor":54,"key":"Oddly Smooth Stone"}],"event_choices":[{"damage_healed":0.0,"max_hp_gain":0.0,"max_hp_loss":0.0,"gold_gain":100.0,"event_name":"Golden Shrine","player_choice":"Pray","floor":4.0,"gold_loss":0.0,"damage_taken":0.0},{"damage_healed":0.0,"max_hp_gain":0.0,"max_hp_loss":0.0,"gold_gain":0.0,"event_name":"Shining Light","player_choice":"Entered Light","floor":13.0,"gold_loss":0.0,"damage_taken":14.0,"cards_upgraded":["Defend_P","Eruption"]},{"cards_removed":["Defend_P"],"damage_healed":0.0,"max_hp_gain":0.0,"max_hp_loss":0.0,"gold_gain":0.0,"event_name":"Back to Basics","player_choice":"Elegance","floor":19.0,"gold_loss":0.0,"damage_taken":0.0},{"damage_healed":0.0,"max_hp_gain":0.0,"max_hp_loss":0.0,"gold_gain":0.0,"event_name":"Cursed Tome","player_choice":"Obtained Book","floor":21.0,"gold_loss":0.0,"damage_taken":16.0},{"damage_healed":0.0,"max_hp_gain":0.0,"max_hp_loss":36.0,"gold_gain":0.0,"event_name":"Ghosts","player_choice":"Became a Ghost","floor":22.0,"gold_loss":0.0,"damage_taken":0.0,"cards_obtained":["Ghostly","Ghostly","Ghostly","Ghostly","Ghostly"]},{"damage_healed":0.0,"max_hp_gain":0.0,"max_hp_loss":0.0,"gold_gain":0.0,"event_name":"The Library","player_choice":"Read","floor":29.0,"gold_loss":0.0,"damage_taken":0.0,"cards_obtained":["Adaptation"]},{"damage_healed":0.0,"max_hp_gain":0.0,"max_hp_loss":2.0,"gold_gain":0.0,"event_name":"Winding Halls","player_choice":"Max HP","floor":36.0,"gold_loss":0.0,"damage_taken":0.0},{"cards_removed":["Ghostly"],"damage_healed":0.0,"max_hp_gain":0.0,"max_hp_loss":0.0,"gold_gain":0.0,"event_name":"Falling","player_choice":"Removed Skill","floor":39.0,"gold_loss":0.0,"damage_taken":0.0},{"damage_healed":0,"gold_gain":0,"player_choice":"Forge","damage_taken":0,"max_hp_gain":0,"max_hp_loss":0,"event_name":"Accursed Blacksmith","floor":42,"gold_loss":0,"cards_upgraded":["DeusExMachina"]}],"is_beta":false,"boss_relics":[{"not_picked":["Runic Pyramid","Tiny House"],"picked":"Empty Cage"},{"not_picked":["Astrolabe","Calling Bell"],"picked":"Sozu"}],"items_purged_floors":[10,20],"is_endless":false,"potions_floor_spawned":[2,8,25,27,33,40,44,46],"killed_by":"The Heart","ascension_level":1}}