{"host":"m3qxensetu6036ua","time":1609611982,"event":{"mods":["2.2 Compatiblity","AchievementEnabler","BaseMod","Better Altar","Better Match","Better Sensory Stone","Better Skull","Better Third Choice","Better Vampires","Block Reminder","Colored Powertips","Displayed Cursed Tome","GungeonMod","Hubris","Jedi Mod","Minty Spire (QoL Compilation)","Rare Cards Sparkle","Remove Card Discount Mod","Replay The Spire","Robot Space Explorer","Spicy Shops","StSLib","The Dragon Tamer"],"gold_per_floor":[210,157,232,246,261,286,286,317,344,344,362,140,140,150,150,248,248,248,248],"floor_reached":18,"playtime":1409,"items_purged":[],"score":179,"play_id":"e294c68e-4a4d-47b6-bf86-6ced3164b757","local_time":"20210102192622","is_ascension_mode":true,"campfire_choices":[{"floor":13,"key":"REST"},{"floor":15,"key":"REST"}],"circlet_count":0,"master_deck":["Strike_B","Strike_B","Strike_B","Strike_B","Defend_B","Defend_B","Defend_B+1","Defend_B","Zap","Dualcast","Compile Driver","Coolheaded","Coolheaded","Gash","Conserve Battery","Storm","FIFO Queue","hubris:PowerSurge","All For One"],"relics":["Cracked Core","DemoMod:WeirdEgg","DemoMod:BigBoy","Bag of Marbles","Cursed Key"],"acts_visited":["Exordium","TheCity"],"potions_floor_usage":[6,16],"damage_taken":[{"damage":5,"enemies":"Small Slimes","floor":1,"turns":3},{"damage":0,"enemies":"Jaw Worm","floor":4,"turns":4},{"damage":2,"enemies":"Cultist","floor":5,"turns":3},{"damage":17,"enemies":"Lagavulin","floor":6,"turns":8},{"damage":18,"enemies":"3 Sentries","floor":8,"turns":10},{"damage":12,"enemies":"Lots of Slimes","floor":11,"turns":6},{"damage":8,"enemies":"Large Slime","floor":14,"turns":8},{"damage":15,"enemies":"The Guardian","floor":16,"turns":11},{"damage":0,"enemies":"Shell Parasite","floor":18,"turns":3}],"seed_played":"-3413432293683125622","potions_obtained":[{"floor":5,"key":"jedi:tentaclejuice"},{"floor":14,"key":"SkillPotion"}],"is_trial":false,"path_per_floor":["M","$","?","M","M","E","?","E","T","?","M","$","R","M","R","B",null,"M"],"character_chosen":"DEFECT","items_purchased":["Coolheaded","FIFO Queue"],"campfire_rested":2,"item_purchase_floors":[2,12],"current_hp_per_floor":[70,70,59,59,57,40,40,22,22,22,10,10,32,24,46,31,75,75,75],"gold":248,"neow_bonus":"HUNDRED_GOLD","is_daily":false,"chose_seed":false,"campfire_upgraded":0,"win_rate":0.0,"timestamp":1609611982,"path_taken":["M","$","?","M","M","E","?","E","T","?","M","$","R","M","R","BOSS","M"],"items_purchased_type":["Card","Card"],"build_version":"2020-12-22","purchased_purges":0,"victory":false,"max_hp_per_floor":[75,75,75,75,75,75,75,75,75,75,75,75,75,75,75,75,75,75,75],"card_choices":[{"not_picked":["Turbo","Tempest"],"picked":"Compile Driver","floor":1},{"not_picked":["Genetic Algorithm","Hologram"],"picked":"Coolheaded","floor":4},{"not_picked":["Hologram","Sweeping Beam"],"picked":"Gash","floor":5},{"not_picked":["Sweeping Beam","Melter"],"picked":"Conserve Battery","floor":6},{"not_picked":["Meteor Strike","Conserve Battery"],"picked":"Storm","floor":8},{"not_picked":["Turbo","ReplaySort","Chaos"],"picked":"SKIP","floor":11},{"not_picked":["Hologram","Coolheaded"],"picked":"hubris:PowerSurge","floor":14},{"not_picked":["Buffer","Machine Learning"],"picked":"All For One","floor":16}],"player_experience":167276,"relics_obtained":[{"floor":6,"key":"DemoMod:WeirdEgg"},{"floor":8,"key":"DemoMod:BigBoy"},{"floor":9,"key":"Bag of Marbles"}],"event_choices":[{"damage_healed":0,"gold_gain":75,"player_choice":"Gold","damage_taken":11,"max_hp_gain":0,"max_hp_loss":0,"event_name":"betterThird:BetterGoop","floor":3,"gold_loss":0},{"damage_healed":0,"gold_gain":0,"player_choice":"Ignored","damage_taken":0,"max_hp_gain":0,"max_hp_loss":0,"event_name":"Golden Wing","floor":7,"gold_loss":0}],"is_beta":false,"boss_relics":[{"not_picked":["Runic Pyramid","Snecko Eye"],"picked":"Cursed Key"}],"items_purged_floors":[],"is_endless":false,"potions_floor_spawned":[5,14],"killed_by":"Shell Parasite","ascension_level":1}}