{"host":"oy4pyvr762z5n0bb","time":1609622056,"event":{"mods":["AchievementEnabler","BaseMod","Colored Map","Colored Powertips","Googly Eyes","Key Reminder","Minty Spire (QoL Compilation)","Quick Restart","Relic Sorter","StSLib","SuperFastMode","Unceasing Turn Reminder","slay the spire mod where everything is the same but ironclad has a cowboy hat"],"gold_per_floor":[115,115,65,77,93,93,121,121,121,155,115,145,145,179,179,281,281,298,41,41,41,58,58,88,100,112,124,154,177,189,226,238,350,362,393,455,79,0,15,15,42,52,52,81,81,81,98,114,114,114,114,114,114,142,142,142],"floor_reached":55,"playtime":1595,"items_purged":["Strike_G","Strike_G"],"score":1083,"play_id":"ffd021a1-d4b8-47ec-bd1a-ac83307ed85b","local_time":"20210102131416","is_ascension_mode":true,"campfire_choices":[{"data":"After Image","floor":6,"key":"SMITH"},{"data":"Blade Dance","floor":8,"key":"SMITH"},{"data":"Cloak And Dagger","floor":13,"key":"SMITH"},{"data":"Finisher","floor":15,"key":"SMITH"},{"floor":23,"key":"REST"},{"data":"Envenom","floor":25,"key":"SMITH"},{"floor":27,"key":"REST"},{"data":"Accuracy","floor":30,"key":"SMITH"},{"data":"Infinite Blades","floor":32,"key":"SMITH"},{"data":"Cloak And Dagger","floor":40,"key":"SMITH"},{"floor":46,"key":"REST"},{"floor":49,"key":"RECALL"},{"floor":52,"key":"REST"}],"circlet_count":0,"master_deck":["Strike_G","Strike_G","Defend_G","Defend_G","Defend_G","Defend_G","Defend_G","Survivor","Neutralize","After Image+1","Blade Dance+1","Cloak And Dagger+1","Slice","Dagger Throw","Finisher+1","Malaise","Outmaneuver","Dash","Envenom+1","Infinite Blades+1","After Image+1","Accuracy+1","Accuracy+1","Backflip","Cloak And Dagger+1","Choke","Slice+1","A Thousand Cuts","Cloak And Dagger+1","Cloak And Dagger+1","After Image+1"],"relics":["Ring of the Snake","Lizard Tail","Gambling Chip","Bottled Lightning","Snake Skull","Potion Belt","Sozu","DollysMirror","Centennial Puzzle","Regal Pillow","MawBank","Ginger","Ornamental Fan","Busted Crown","The Specimen","TwistedFunnel","PreservedInsect","Red Mask","Mummified Hand","Kunai","Thread and Needle"],"acts_visited":["Exordium","TheCity","TheBeyond","TheEnding"],"potions_floor_usage":[10,16],"damage_taken":[{"damage":0,"enemies":"Jaw Worm","floor":1,"turns":6},{"damage":0,"enemies":"Cultist","floor":4,"turns":5},{"damage":0,"enemies":"2 Louse","floor":5,"turns":3},{"damage":15,"enemies":"3 Sentries","floor":7,"turns":11},{"damage":0,"enemies":"Lagavulin","floor":10,"turns":5},{"damage":8,"enemies":"Gremlin Nob","floor":12,"turns":3},{"damage":5,"enemies":"Lagavulin","floor":14,"turns":6},{"damage":7,"enemies":"Hexaghost","floor":16,"turns":12},{"damage":0,"enemies":"3 Byrds","floor":18,"turns":3},{"damage":21,"enemies":"2 Thieves","floor":22,"turns":4},{"damage":22,"enemies":"Slavers","floor":24,"turns":6},{"damage":1,"enemies":"Snecko","floor":28,"turns":5},{"damage":2,"enemies":"Sentry and Sphere","floor":29,"turns":4},{"damage":7,"enemies":"Book of Stabbing","floor":31,"turns":5},{"damage":24,"enemies":"Collector","floor":33,"turns":8},{"damage":4,"enemies":"Orb Walker","floor":35,"turns":3},{"damage":0,"enemies":"Mind Bloom Boss Battle","floor":36,"turns":5},{"damage":0,"enemies":"3 Shapes","floor":39,"turns":3},{"damage":0,"enemies":"Reptomancer","floor":41,"turns":3},{"damage":0,"enemies":"Maw","floor":42,"turns":5},{"damage":24,"enemies":"Nemesis","floor":44,"turns":3},{"damage":9,"enemies":"Writhing Mass","floor":47,"turns":4},{"damage":0,"enemies":"Spire Growth","floor":48,"turns":4},{"damage":67,"enemies":"Time Eater","floor":50,"turns":13},{"damage":0,"enemies":"Shield and Spear","floor":54,"turns":5},{"damage":132,"enemies":"The Heart","floor":55,"turns":8}],"seed_played":"6573568164230666056","potions_obtained":[{"floor":4,"key":"Strength Potion"},{"floor":11,"key":"FairyPotion"},{"floor":11,"key":"FairyPotion"},{"floor":11,"key":"EssenceOfSteel"}],"is_trial":false,"path_per_floor":["M","?","$","M","M","R","E","R","T","E","?","E","R","E","R","B",null,"M","$","T","?","M","R","E","R","T","R","M","M","R","E","R","B",null,"M","?","$","?","M","R","E","M","T","E","?","R","M","M","R","B",null,"R","$","E","B"],"character_chosen":"THE_SILENT","items_purchased":["Cloak And Dagger","DollysMirror","Accuracy","TwistedFunnel","PreservedInsect"],"campfire_rested":4,"item_purchase_floors":[3,19,19,37,37],"current_hp_per_floor":[63,63,63,63,63,63,48,48,48,48,48,40,40,35,35,28,60,60,60,60,60,39,70,48,48,48,70,69,67,67,60,60,36,62,58,58,58,58,58,58,58,58,58,34,34,70,61,61,61,15,56,70,70,70,0,0],"gold":142,"neow_bonus":"ONE_RANDOM_RARE_CARD","is_daily":false,"chose_seed":false,"campfire_upgraded":8,"win_rate":0.0,"timestamp":1609622056,"path_taken":["M","?","?","M","M","R","E","R","T","E","?","E","R","E","R","BOSS","M","$","?","?","M","R","E","R","T","R","M","M","R","E","R","BOSS","M","?","$","?","M","R","E","M","T","E","?","R","?","M","R","BOSS","R","$","E","BOSS"],"items_purchased_type":["Card","Relic","Card","Relic","Relic"],"build_version":"2020-12-22","purchased_purges":2,"victory":false,"max_hp_per_floor":[70,70,70,70,70,70,70,70,70,70,70,70,70,70,70,70,70,70,70,70,70,70,70,70,70,70,70,70,70,70,70,70,70,70,70,70,70,70,70,70,70,70,70,70,70,70,70,70,70,70,70,70,70,70,70,70],"card_choices":[{"not_picked":["Slice","Concentrate"],"picked":"Blade Dance","floor":1},{"not_picked":["Flying Knee","Quick Slash"],"picked":"Slice","floor":4},{"not_picked":["Skewer","Calculated Gamble"],"picked":"Dagger Throw","floor":5},{"not_picked":["Acrobatics","Flying Knee"],"picked":"Finisher","floor":7},{"not_picked":["PiercingWail","Sucker Punch"],"picked":"Malaise","floor":10},{"not_picked":["Deadly Poison","Catalyst"],"picked":"Outmaneuver","floor":12},{"not_picked":["Bane","Masterful Stab"],"picked":"Dash","floor":14},{"not_picked":["Die Die Die","Venomology"],"picked":"Envenom","floor":16},{"not_picked":["Dash","Bouncing Flask"],"picked":"Infinite Blades","floor":18},{"not_picked":["Flying Knee","Backflip"],"picked":"Accuracy+1","floor":22},{"not_picked":["Deadly Poison","Caltrops"],"picked":"Backflip","floor":24},{"not_picked":["Outmaneuver","Deflect"],"picked":"Cloak And Dagger+1","floor":28},{"not_picked":["Dagger Throw","Bane"],"picked":"Choke","floor":29},{"not_picked":["Dash","Dagger Throw"],"picked":"Slice+1","floor":31},{"not_picked":["Envenom","Glass Knife"],"picked":"A Thousand Cuts","floor":33},{"not_picked":[],"picked":"Cloak And Dagger","floor":35},{"not_picked":[],"picked":"Cloak And Dagger+1","floor":39},{"not_picked":["Quick Slash+1"],"picked":"SKIP","floor":41},{"not_picked":["Finisher+1"],"picked":"SKIP","floor":42},{"not_picked":["Backflip"],"picked":"SKIP","floor":44},{"not_picked":["Escape Plan+1"],"picked":"SKIP","floor":47},{"not_picked":["Sucker Punch+1"],"picked":"SKIP","floor":48},{"not_picked":["Corpse Explosion"],"picked":"SKIP","floor":54}],"player_experience":623254,"relics_obtained":[{"floor":7,"key":"Lizard Tail"},{"floor":9,"key":"Gambling Chip"},{"floor":10,"key":"Bottled Lightning"},{"floor":12,"key":"Snake Skull"},{"floor":14,"key":"Potion Belt"},{"floor":20,"key":"Centennial Puzzle"},{"floor":24,"key":"MawBank"},{"floor":26,"key":"Ginger"},{"floor":31,"key":"Ornamental Fan"},{"floor":36,"key":"The Specimen"},{"floor":41,"key":"Mummified Hand"},{"floor":44,"key":"Kunai"},{"floor":54,"key":"Thread and Needle"}],"event_choices":[{"cards_removed":["Strike_G"],"damage_healed":0,"gold_gain":0,"player_choice":"Purged","damage_taken":0,"max_hp_gain":0,"max_hp_loss":0,"event_name":"Purifier","floor":2,"gold_loss":0},{"damage_healed":0,"gold_gain":0,"player_choice":"Bought 3 Potions","damage_taken":0,"max_hp_gain":0,"max_hp_loss":0,"event_name":"The Woman in Blue","floor":11,"gold_loss":0},{"damage_healed":0,"gold_gain":0,"player_choice":"Opened","damage_taken":0,"relics_obtained":["Regal Pillow"],"max_hp_gain":0,"max_hp_loss":0,"event_name":"The Mausoleum","floor":21,"gold_loss":0},{"damage_healed":0,"gold_gain":0,"player_choice":"Fight","damage_taken":0,"max_hp_gain":0,"max_hp_loss":0,"event_name":"MindBloom","floor":36,"gold_loss":0},{"damage_healed":0,"gold_gain":0,"player_choice":"Paid","damage_taken":0,"relics_obtained":["Red Mask"],"max_hp_gain":0,"max_hp_loss":0,"event_name":"Tomb of Lord Red Mask","floor":38,"gold_loss":79},{"damage_healed":0,"gold_gain":0,"player_choice":"Copied","damage_taken":0,"max_hp_gain":0,"max_hp_loss":0,"event_name":"Duplicator","floor":45,"gold_loss":0,"cards_obtained":["After Image"]}],"is_beta":false,"boss_relics":[{"not_picked":["Astrolabe","Pandora\u0027s Box"],"picked":"Sozu"},{"not_picked":["Snecko Eye","WristBlade"],"picked":"Busted Crown"}],"items_purged_floors":[19,37],"is_endless":false,"potions_floor_spawned":[4,12,22,24,33,36,44,47,48],"killed_by":"The Heart","ascension_level":6}}