{"host":"3iouabftir4t7z56","time":1609592815,"event":{"mods":["2.2 Compatiblity","Act Like it!","BaseMod","Colored Map","Hallownest","Minty Spire (QoL Compilation)","StSLib","The Bug Knight"],"gold_per_floor":[113,159,159,159,159,190,190,63,117,93,112,145,145,172,172,172,172],"floor_reached":16,"playtime":780,"items_purged":["Writhe"],"score":139,"play_id":"99ec3d17-62b7-4bef-a2e2-6bcd2c0c19cf","local_time":"20210102140655","is_ascension_mode":false,"campfire_choices":[{"data":"HollowMod:ShadowDash","floor":15,"key":"SMITH"}],"circlet_count":0,"master_deck":["HollowMod:NailStrikeStart","HollowMod:NailStrikeStart+1","HollowMod:NailStrikeStart","HollowMod:NailStrikeStart","HollowMod:QuickDashStart","HollowMod:QuickDashStart","HollowMod:QuickDashStart+1","HollowMod:QuickDashStart","HollowMod:FocusHealStart","HollowMod:PogoStrike","HollowMod:CycloneSlash+1","HollowMod:ShadowDash+1","HollowMod:CycloneSlash+1","HollowMod:WraithStrike+1","HollowMod:PerfectDash"],"relics":["HollowMod:VesselMask","NeowsBlessing","Molten Egg 2","PreservedInsect","Lantern","Whetstone"],"acts_visited":["Hallownest:Greenpath"],"potions_floor_usage":[],"damage_taken":[{"damage":0,"enemies":"2_ Uuma","floor":1,"turns":1},{"damage":0,"enemies":"Hallownest:eliteMossKnight","floor":6,"turns":1},{"damage":0,"enemies":"Hallownest:2_Baldur","floor":11,"turns":1},{"damage":13,"enemies":"Hallownest:eliteCrystalGuardian","floor":12,"turns":5},{"damage":1,"enemies":"Hallownest:eliteVengeflyKing","floor":14,"turns":4},{"damage":73,"enemies":"Hallownest:BossFalseKnight","floor":16,"turns":10}],"seed_played":"-7252059490216125511","potions_obtained":[{"floor":6,"key":"Weak Potion"}],"is_trial":false,"path_per_floor":["M","?","?","?","?","E","?","$","T","$","M","E","?","E","R","B"],"character_chosen":"THE_BUGKNIGHT","items_purchased":["HollowMod:CycloneSlash+1","HollowMod:WraithStrike+1"],"campfire_rested":0,"item_purchase_floors":[8,10],"current_hp_per_floor":[75,75,84,84,84,84,84,84,84,84,84,71,61,66,66,0,0],"gold":172,"neow_bonus":"THREE_ENEMY_KILL","is_daily":false,"chose_seed":false,"campfire_upgraded":1,"win_rate":0.0,"timestamp":1609592815,"path_taken":["M","?","?","?","?","E","?","$","T","?","M","E","?","E","R","BOSS"],"items_purchased_type":["Card","Card"],"build_version":"2020-12-22","purchased_purges":1,"victory":false,"max_hp_per_floor":[75,75,84,84,84,84,84,84,84,84,84,84,84,84,84,84,84],"card_choices":[{"not_picked":["HollowMod:InfectedAttack","HollowMod:CornifersMapStart"],"picked":"HollowMod:CycloneSlash","floor":1},{"not_picked":["HollowMod:VengefulSpirit+1","HollowMod:NewJinnsSoul"],"picked":"HollowMod:ShadowDash","floor":6},{"not_picked":["HollowMod:CornifersMapStart","HollowMod:NewJinnsSoul"],"picked":"HollowMod:PerfectDash","floor":11},{"not_picked":["HollowMod:SoulShaman","HollowMod:LifebloodCocoon","HollowMod:PureNailStrike+1"],"picked":"SKIP","floor":12},{"not_picked":["HollowMod:NewInfectedGuardian","HollowMod:ShapeofUnn","HollowMod:QuirrelsAssistance+1"],"picked":"SKIP","floor":14}],"player_experience":574931,"relics_obtained":[{"floor":6,"key":"Molten Egg 2"},{"floor":9,"key":"PreservedInsect"},{"floor":12,"key":"Lantern"},{"floor":14,"key":"Whetstone"}],"event_choices":[],"is_beta":false,"boss_relics":[],"items_purged_floors":[8],"is_endless":false,"potions_floor_spawned":[6],"killed_by":"Hallownest:BossFalseKnight","ascension_level":0}}