{"host":"yks98ofmy52hj7my","time":1609618000,"event":{"mods":["BaseMod","Block Reminder","Colored Powertips","Halation","Hubris","Minty Spire (QoL Compilation)","Rare Cards Sparkle","Replay The Spire","StSLib"],"gold_per_floor":[110,126,138,208,208,283,318,333,358,402,402,402,445,459,459,459,459],"floor_reached":16,"playtime":792,"items_purged":[],"score":180,"play_id":"5cdf811d-b2be-4dea-8bf9-2085a3a1f74b","local_time":"20210102180640","is_ascension_mode":true,"campfire_choices":[{"floor":15,"key":"REST"}],"circlet_count":0,"master_deck":["AscendersBane","Strike_R","Strike_R","Strike_R","Strike_R","Strike_R","Defend_R","Defend_R","Defend_R","Defend_R","Bash","Sever Soul","Metallicize","Thunderclap","Rupture","Flex","ReplayTheSpireMod:Muscle Training","Armaments"],"relics":["halation:HeavySnake","Golden Idol","Regal Pillow","Tiny Chest","hubris:OldNail","TungstenRod"],"acts_visited":["Exordium"],"potions_floor_usage":[7,7,10,14],"damage_taken":[{"damage":5,"enemies":"Small Slimes","floor":1,"turns":7},{"damage":1,"enemies":"2 Louse","floor":2,"turns":3},{"damage":2,"enemies":"Cultist","floor":3,"turns":4},{"damage":10,"enemies":"3 Sentries","floor":7,"turns":8},{"damage":1,"enemies":"Large Slime","floor":8,"turns":8},{"damage":18,"enemies":"Replay:BlueRogue","floor":10,"turns":7},{"damage":65,"enemies":"Lagavulin","floor":13,"turns":10},{"damage":9,"enemies":"Looter","floor":14,"turns":4},{"damage":48,"enemies":"Hexaghost","floor":16,"turns":9}],"seed_played":"2870898440188769292","potions_obtained":[{"floor":1,"key":"ColorlessPotion"},{"floor":3,"key":"Dexterity Potion"},{"floor":8,"key":"SneckoOil"},{"floor":10,"key":"Toxic Potion"}],"is_trial":false,"path_per_floor":["M","M","M","?","?","?","E","M","T","E","?","?","E","M","R","B"],"character_chosen":"IRONCLAD","items_purchased":[],"campfire_rested":1,"item_purchase_floors":[],"current_hp_per_floor":[67,66,64,64,44,33,23,22,22,4,4,80,15,6,45,0,0],"gold":459,"neow_bonus":"BOSS_RELIC","is_daily":false,"chose_seed":false,"campfire_upgraded":0,"win_rate":0.0,"timestamp":1609618000,"path_taken":["M","M","M","?","?","?","E","M","T","E","?","?","E","M","R","BOSS"],"items_purchased_type":[],"build_version":"2020-12-22","purchased_purges":0,"victory":false,"max_hp_per_floor":[80,80,80,80,80,80,80,80,80,80,80,80,80,80,80,80,80],"card_choices":[{"not_picked":["Bloodletting","Twin Strike"],"picked":"Sever Soul","floor":1},{"not_picked":["Iron Wave","Thunderclap"],"picked":"Metallicize","floor":2},{"not_picked":["Heavy Blade","True Grit"],"picked":"Flame Barrier","floor":3},{"not_picked":["Havoc","Warcry"],"picked":"Thunderclap","floor":7},{"not_picked":["Clothesline","Wild Strike"],"picked":"Rupture","floor":8},{"not_picked":["Perfected Strike","Thunderclap"],"picked":"Flex","floor":10},{"not_picked":["Clothesline","Infernal Blade"],"picked":"ReplayTheSpireMod:Muscle Training","floor":13},{"not_picked":["Pommel Strike","Entrench"],"picked":"Armaments","floor":14}],"player_experience":461374,"relics_obtained":[{"floor":7,"key":"Regal Pillow"},{"floor":9,"key":"Tiny Chest"},{"floor":10,"key":"hubris:OldNail"},{"floor":13,"key":"TungstenRod"}],"event_choices":[{"damage_healed":0,"gold_gain":70,"player_choice":"Gained Gold","damage_taken":0,"max_hp_gain":0,"max_hp_loss":0,"event_name":"Golden Wing","floor":4,"gold_loss":0},{"damage_healed":0,"gold_gain":0,"player_choice":"Take Damage","damage_taken":20,"relics_obtained":["Golden Idol"],"max_hp_gain":0,"max_hp_loss":0,"event_name":"Golden Idol","floor":5,"gold_loss":0},{"damage_healed":0,"gold_gain":75,"player_choice":"Gather Gold","damage_taken":11,"max_hp_gain":0,"max_hp_loss":0,"event_name":"World of Goop","floor":6,"gold_loss":0},{"damage_healed":0,"gold_gain":0,"player_choice":"Searched \u00270\u0027 times","damage_taken":0,"max_hp_gain":0,"max_hp_loss":0,"event_name":"Dead Adventurer","floor":11,"gold_loss":0},{"cards_removed":["Flame Barrier"],"damage_healed":76,"gold_gain":0,"player_choice":"Offered Uncommon","damage_taken":0,"max_hp_gain":0,"max_hp_loss":0,"event_name":"Bonfire Elementals","floor":12,"gold_loss":0}],"is_beta":false,"boss_relics":[],"items_purged_floors":[],"is_endless":false,"potions_floor_spawned":[1,3,8,10],"killed_by":"Hexaghost","ascension_level":10}}