{"host":"2461dio7vetlq1z3","time":1609628913,"event":{"mods":["2.2 Compatiblity","AchievementEnabler","Aspiration","BaseMod","Better Third Choice","Friendly Minions","Hubris","Minty Spire (QoL Compilation)","Relic Stats","Replay The Spire","Spicy Shops","StSLib","Waifu the Spire"],"gold_per_floor":[365,18,93,113,113,139,139,174,200,215,215,243,35,35,35,108,108,118,118,132,179,196,196,196,196],"floor_reached":24,"playtime":956,"items_purged":["Strike_R","Strike_R"],"score":524,"play_id":"7ec98aed-8291-4e3e-ab1e-94a99a4a5fca","local_time":"20210103000833","is_ascension_mode":true,"campfire_choices":[{"floor":7,"key":"REST"},{"data":"Shockwave","floor":11,"key":"SMITH"},{"data":"Strike_R+2","floor":15,"key":"SMITH"},{"data":"Strike_R+3","floor":23,"key":"SMITH"}],"circlet_count":0,"master_deck":["AscendersBane","Strike_R","Strike_R","Strike_R+4","Defend_R+1","Defend_R","Defend_R","Defend_R","Bash","ReplayTheSpireMod:Corrosion Curse","Armaments+1","hubris:ReadiedAction","Shockwave+1","Bludgeon","Armaments+1","Clothesline+1","Shockwave+1"],"relics":["Burning Blood","Simple Rune","hubris:OldNail","Sundial","King of Hearts","aspiration:HatOfInfinitePower","hubris:HollowSoul","Vajra"],"acts_visited":["Exordium","TheCity"],"potions_floor_usage":[6,12,16,24,24],"damage_taken":[{"damage":6,"enemies":"Jaw Worm","floor":1,"turns":5},{"damage":4,"enemies":"Small Slimes","floor":4,"turns":4},{"damage":51,"enemies":"Gremlin Nob","floor":6,"turns":5},{"damage":3,"enemies":"Lagavulin","floor":8,"turns":6},{"damage":5,"enemies":"2 Louse","floor":10,"turns":3},{"damage":16,"enemies":"3 Sentries","floor":12,"turns":10},{"damage":0,"enemies":"Slime Boss","floor":16,"turns":3},{"damage":4,"enemies":"Chosen","floor":18,"turns":3},{"damage":14,"enemies":"2 Thieves","floor":20,"turns":3},{"damage":30,"enemies":"Cultist and Chosen","floor":22,"turns":7},{"damage":14,"enemies":"Gremlin Leader","floor":24,"turns":3}],"seed_played":"-644004679971968935","potions_obtained":[{"floor":8,"key":"Death Potion"},{"floor":10,"key":"Swift Potion"},{"floor":12,"key":"LifebloodPotion"},{"floor":16,"key":"Toxic Potion"}],"is_trial":false,"path_per_floor":["M","$","?","M","?","E","R","E","T","M","R","E","$","?","R","B",null,"M","?","M","T","M","R","E"],"character_chosen":"IRONCLAD","items_purchased":["Armaments+1","Simple Rune","Block Potion","Armaments"],"campfire_rested":1,"item_purchase_floors":[2,2,2,13],"current_hp_per_floor":[68,68,57,59,59,14,34,37,37,38,38,28,28,28,28,34,60,62,62,54,54,30,30,0,0],"gold":196,"neow_bonus":"TWO_FIFTY_GOLD","is_daily":false,"chose_seed":false,"campfire_upgraded":3,"win_rate":0.0,"timestamp":1609628913,"path_taken":["M","$","?","M","?","E","R","E","T","M","R","E","$","?","R","BOSS","M","?","M","?","M","R","E"],"items_purchased_type":["Card","Relic","Potion","Card"],"build_version":"2020-12-22","purchased_purges":2,"victory":false,"max_hp_per_floor":[68,68,68,68,68,68,68,68,68,68,68,68,68,68,68,68,68,68,68,68,68,68,68,68,68],"relic_stats":{"counters":[11,57],"Sundial":[2],"obtain_stats":[{"Sundial":8,"Vajra":21,"Simple Rune":2,"King of Hearts":9,"hubris:HollowSoul":17,"aspiration:HatOfInfinitePower":12,"Burning Blood":0,"hubris:OldNail":6},{"Sundial":4,"Vajra":9,"Simple Rune":1,"King of Hearts":4,"hubris:HollowSoul":7,"aspiration:HatOfInfinitePower":6,"Burning Blood":0,"hubris:OldNail":3},{"Sundial":20,"Vajra":42,"Simple Rune":5,"King of Hearts":20,"hubris:HollowSoul":36,"aspiration:HatOfInfinitePower":33,"Burning Blood":0,"hubris:OldNail":14}],"Burning Blood":60},"card_choices":[{"not_picked":["ReplayTheSpireMod:Strike From Hell","hubris:SharpeningStone"],"picked":"ReplayTheSpireMod:Corrosion Curse","floor":1},{"not_picked":["ReplayTheSpireMod:Strike From Hell","Rampage"],"picked":"hubris:ReadiedAction","floor":4},{"not_picked":["Thunderclap","Run Through"],"picked":"Shockwave","floor":6},{"not_picked":["Sever Soul","Entrench","Thunderclap"],"picked":"SKIP","floor":8},{"not_picked":["True Grit","Clothesline","Flex"],"picked":"SKIP","floor":10},{"not_picked":["hubris:SharpeningStone","Anger"],"picked":"Bludgeon","floor":12},{"not_picked":["Sword Boomerang","Hemokinesis"],"picked":"Clothesline+1","floor":18},{"not_picked":["Thunderclap","Searing Blow"],"picked":"Shockwave+1","floor":20},{"not_picked":["Twin Strike","ReplayTheSpireMod:Muscle Training","hubris:CleavingFinish"],"picked":"SKIP","floor":22}],"player_experience":1027287,"relics_obtained":[{"floor":6,"key":"hubris:OldNail"},{"floor":8,"key":"Sundial"},{"floor":9,"key":"King of Hearts"},{"floor":12,"key":"aspiration:HatOfInfinitePower"},{"floor":21,"key":"Vajra"}],"event_choices":[{"damage_healed":0,"gold_gain":75,"player_choice":"Gold","damage_taken":11,"max_hp_gain":0,"max_hp_loss":0,"event_name":"betterThird:BetterGoop","floor":3,"gold_loss":0},{"damage_healed":0,"gold_gain":0,"player_choice":"Grow","damage_taken":0,"max_hp_gain":0,"max_hp_loss":0,"event_name":"Living Wall","floor":14,"gold_loss":0,"cards_upgraded":["Armaments"]}],"is_beta":false,"boss_relics":[{"not_picked":["Snecko Eye","Fusion Hammer"],"picked":"hubris:HollowSoul"}],"items_purged_floors":[2,13],"is_endless":false,"potions_floor_spawned":[8,10,12,16,20],"killed_by":"Gremlin Leader","ascension_level":20}}