{"host":"isy2gwbfe91wqj1j","time":1609611235,"event":{"mods":["AchievementEnabler","BaseMod","Better Altar","Better Match","Better Note","Better Sensory Stone","Better Skull","Better Third Choice","BetterRewards","Minty Spire (QoL Compilation)","StSLib"],"gold_per_floor":[113,0,15,26,26,44,44,57,57,69,69,89,89,102,102,201,201,216,291,291,22,22,22,33,33,33,33,33,33],"floor_reached":28,"playtime":1488,"items_purged":["Strike_B","Strike_B"],"score":310,"play_id":"2f7ae32c-bc29-4b4a-af29-1a0316a2fb4e","local_time":"20210102111355","is_ascension_mode":false,"campfire_choices":[{"data":"Zap","floor":7.0,"key":"SMITH"},{"data":"Scrape","floor":15.0,"key":"SMITH"},{"data":"Dualcast","floor":23,"key":"SMITH"}],"circlet_count":0,"master_deck":["Strike_B","Strike_B","Defend_B","Defend_B","Defend_B","Defend_B","Zap+1","Dualcast+1","Scrape+1","FTL","Steam","Enlightenment","FTL","Burn","Go for the Eyes","Go for the Eyes","Forethought","Machine Learning","Gash","Leap","Gash+1","Decay"],"relics":["Cracked Core","Bag of Marbles","Cursed Key","Membership Card","betterThird:NestCultRelic","Bottled Flame"],"acts_visited":["Exordium","TheCity"],"potions_floor_usage":[],"damage_taken":[{"damage":6.0,"enemies":"Jaw Worm","floor":1.0,"turns":3.0},{"damage":0.0,"enemies":"Small Slimes","floor":3.0,"turns":3.0},{"damage":1.0,"enemies":"Cultist","floor":4.0,"turns":3.0},{"damage":0.0,"enemies":"Looter","floor":6.0,"turns":2.0},{"damage":2.0,"enemies":"Large Slime","floor":8.0,"turns":5.0},{"damage":2.0,"enemies":"2 Fungi Beasts","floor":10.0,"turns":3.0},{"damage":4.0,"enemies":"Looter","floor":12.0,"turns":2.0},{"damage":0.0,"enemies":"Exordium Wildlife","floor":14.0,"turns":3.0},{"damage":69.0,"enemies":"The Guardian","floor":16.0,"turns":11.0},{"damage":15.0,"enemies":"Shell Parasite","floor":18.0,"turns":6.0},{"damage":39,"enemies":"2 Thieves","floor":24,"turns":5},{"damage":23,"enemies":"Cultist and Chosen","floor":28,"turns":4}],"seed_played":"-7919210863460483570","potions_obtained":[{"floor":3.0,"key":"EssenceOfSteel"},{"floor":6.0,"key":"SneckoOil"},{"floor":8.0,"key":"Weak Potion"},{"floor":11.0,"key":"Regen Potion"},{"floor":11.0,"key":"ColorlessPotion"},{"floor":16.0,"key":"Energy Potion"},{"floor":18.0,"key":"BlessingOfTheForge"}],"is_trial":false,"path_per_floor":["M","?","M","M","?","M","R","M","T","M","?","M","?","M","R","B",null,"M","?","?","$","?","R","M","?","T","$","M"],"character_chosen":"DEFECT","items_purchased":["Scrape","FTL","Gash","Membership Card","Leap"],"campfire_rested":0,"item_purchase_floors":[0,0,21,21,21],"current_hp_per_floor":[69,75,75,74,74,74,74,72,72,70,70,66,66,66,66,12,81,66,58,62,62,62,62,23,23,23,23,0,0],"gold":33,"neow_bonus":"","is_daily":false,"chose_seed":false,"campfire_upgraded":3,"win_rate":0.0,"timestamp":1609611235,"path_taken":["M","?","M","M","?","M","R","M","T","M","?","?","?","M","R","BOSS","M","?","?","$","?","R","M","?","T","?","M"],"items_purchased_type":["Card","Card","Card","Relic","Card"],"build_version":"2020-12-22","purchased_purges":2,"victory":false,"max_hp_per_floor":[75,81,81,81,81,81,81,81,81,81,81,81,81,81,81,81,81,81,81,81,81,81,81,81,81,81,81,81,81],"card_choices":[{"not_picked":["Compile Driver","Loop"],"picked":"Steam","floor":1.0},{"not_picked":["Barrage","Conserve Battery"],"picked":"FTL","floor":3.0},{"not_picked":["Coolheaded","Reinforced Body","Sunder"],"picked":"SKIP","floor":4.0},{"not_picked":["Steam","Creative AI"],"picked":"Go for the Eyes","floor":6.0},{"not_picked":["Leap","Hologram","Sweeping Beam"],"picked":"SKIP","floor":8.0},{"not_picked":["Streamline","Turbo","Heatsinks"],"picked":"SKIP","floor":10.0},{"not_picked":["Consume","Steam"],"picked":"Go for the Eyes","floor":12.0},{"not_picked":["Violence","Dramatic Entrance"],"picked":"Forethought","floor":13.0},{"not_picked":["Streamline","Capacitor","Glacier"],"picked":"SKIP","floor":14.0},{"not_picked":["Multi-Cast","Meteor Strike"],"picked":"Machine Learning","floor":16.0},{"not_picked":["Hologram+1","Compile Driver","Cold Snap"],"picked":"SKIP","floor":18.0},{"not_picked":["Steam","Glacier+1"],"picked":"Gash+1","floor":24}],"player_experience":133683,"relics_obtained":[{"floor":9.0,"key":"Bag of Marbles"},{"floor":26,"key":"Bottled Flame"}],"event_choices":[{"damage_healed":0.0,"max_hp_gain":0.0,"max_hp_loss":0.0,"gold_gain":0.0,"event_name":"betterThird:BetterSerpent","player_choice":"RENOUNCE","floor":2.0,"gold_loss":113.0,"damage_taken":113.0,"cards_obtained":["Enlightenment"]},{"damage_healed":74.0,"max_hp_gain":0.0,"max_hp_loss":81.0,"gold_gain":0.0,"event_name":"betterThird:BetterShining","player_choice":"Embrace Burn","floor":5.0,"gold_loss":0.0,"damage_taken":0.0},{"damage_healed":0.0,"max_hp_gain":0.0,"max_hp_loss":0.0,"gold_gain":0.0,"event_name":"Lab","player_choice":"Got Potions","floor":11.0,"gold_loss":0.0,"damage_taken":0.0},{"damage_healed":0.0,"max_hp_gain":0.0,"max_hp_loss":0.0,"gold_gain":1.0,"event_name":"betterStone:BetterStone","player_choice":"1","floor":13.0,"gold_loss":0.0,"damage_taken":0.0},{"damage_healed":0.0,"max_hp_gain":0.0,"max_hp_loss":0.0,"gold_gain":75.0,"event_name":"FaceTrader","player_choice":"Touch","floor":19.0,"gold_loss":0.0,"damage_taken":8.0},{"damage_healed":4.0,"max_hp_gain":0.0,"max_hp_loss":0.0,"gold_gain":0.0,"event_name":"betterSkull:BetterSkull","player_choice":"LEAVE ","floor":20.0,"gold_loss":0.0,"damage_taken":0.0,"cards_upgraded":[],"relics_obtained":[]},{"damage_healed":0,"gold_gain":0,"player_choice":"Ignored","damage_taken":0,"max_hp_gain":0,"max_hp_loss":0,"event_name":"betterNote:BetterNote","floor":22,"gold_loss":0,"cards_obtained":["Whirlwind"]},{"damage_healed":0,"gold_gain":0,"player_choice":"Madness","damage_taken":0,"relics_obtained":["betterThird:NestCultRelic"],"max_hp_gain":0,"max_hp_loss":0,"event_name":"betterThird:BetterNest","floor":25,"gold_loss":0}],"is_beta":false,"boss_relics":[{"not_picked":["Inserter","SacredBark"],"picked":"Cursed Key"}],"items_purged_floors":[0,21],"is_endless":false,"potions_floor_spawned":[3,6,8,12,16,18,24],"killed_by":"Cultist and Chosen","ascension_level":0}}