{"host":"yvb207ks1sg3cxef","time":1609594096,"event":{"mods":["2.2 Compatiblity","BaseMod","Bestiary","Colored Powertips","Minty Spire (QoL Compilation)","Permanent Neow","Quick Restart","Relic Stats","StSLib"],"gold_per_floor":[117,117,133,152,77,103,114,114,114,127,160,160,173,17,17,88,88,102,102,63,80,97,97,108,118,118,134,151,151,151,26,26,99,99,116,128,138,138,138],"floor_reached":38,"playtime":4093,"items_purged":["Strike_G","Parasite","Storm of Steel+1"],"score":784,"play_id":"4ea728eb-0e63-415b-9556-bb5ccea8cff9","local_time":"20210102185816","is_ascension_mode":true,"campfire_choices":[{"data":"Footwork","floor":12.0,"key":"SMITH"},{"data":"Noxious Fumes","floor":15.0,"key":"SMITH"},{"data":"Calculated Gamble","floor":23.0,"key":"SMITH"},{"data":"Noxious Fumes","floor":32.0,"key":"SMITH"}],"circlet_count":0,"master_deck":["AscendersBane","Strike_G","Defend_G","Defend_G","Defend_G","Defend_G","Defend_G","Survivor","Neutralize","Dagger Throw","Noxious Fumes+1","Dagger Throw","Footwork+1","Well Laid Plans+1","Deadly Poison","Calculated Gamble+1","Backflip","Outmaneuver+1","Escape Plan+1","Dash","Footwork+1","Noxious Fumes+1","Leg Sweep","Dash","Backflip","Ghostly","Ghostly","Ghostly","Adrenaline","Predator","Night Terror"],"relics":["Coffee Dripper","StrikeDummy","Pocketwatch","Gambling Chip","Happy Flower","Astrolabe","Frozen Egg 2","SlaversCollar"],"acts_visited":["TheCity","TheBeyond"],"potions_floor_usage":[38],"damage_taken":[{"damage":6.0,"enemies":"Small Slimes","floor":1.0,"turns":5.0},{"damage":0.0,"enemies":"2 Louse","floor":3.0,"turns":3.0},{"damage":0.0,"enemies":"Cultist","floor":4.0,"turns":3.0},{"damage":21.0,"enemies":"Gremlin Nob","floor":6.0,"turns":4.0},{"damage":0.0,"enemies":"Large Slime","floor":7.0,"turns":4.0},{"damage":9.0,"enemies":"2 Fungi Beasts","floor":10.0,"turns":3.0},{"damage":9.0,"enemies":"3 Sentries","floor":11.0,"turns":9.0},{"damage":2.0,"enemies":"Red Slaver","floor":13.0,"turns":3.0},{"damage":14.0,"enemies":"Slime Boss","floor":16.0,"turns":10.0},{"damage":11.0,"enemies":"3 Byrds","floor":18.0,"turns":3.0},{"damage":1.0,"enemies":"Shell Parasite","floor":21.0,"turns":7.0},{"damage":15.0,"enemies":"Shelled Parasite and Fungi","floor":22.0,"turns":7.0},{"damage":0.0,"enemies":"3 Cultists","floor":24.0,"turns":6.0},{"damage":0.0,"enemies":"Cultist and Chosen","floor":25.0,"turns":8.0},{"damage":0.0,"enemies":"Snecko","floor":27.0,"turns":6.0},{"damage":3.0,"enemies":"Shelled Parasite and Fungi","floor":28.0,"turns":8.0},{"damage":1.0,"enemies":"Automaton","floor":33.0,"turns":11.0},{"damage":0.0,"enemies":"3 Darklings","floor":35.0,"turns":6.0},{"damage":10.0,"enemies":"3 Shapes","floor":36.0,"turns":6.0},{"damage":0.0,"enemies":"Spire Growth","floor":37.0,"turns":7.0},{"damage":22,"enemies":"4 Shapes","floor":38,"turns":3}],"seed_played":"1996082872658284484","potions_obtained":[{"floor":1.0,"key":"FearPotion"},{"floor":4.0,"key":"Block Potion"},{"floor":11.0,"key":"Regen Potion"},{"floor":13.0,"key":"LiquidBronze"},{"floor":18.0,"key":"BlessingOfTheForge"},{"floor":21.0,"key":"Ancient Potion"},{"floor":22.0,"key":"DuplicationPotion"},{"floor":37.0,"key":"SneckoOil"}],"is_trial":false,"path_per_floor":["M","?","M","M","$","E","M","?","T","M","E","R","M","$","R","B",null,"M","?","$","M","M","R","M","M","T","M","M","?","?","$","R","B",null,"M","M","M","M"],"character_chosen":"THE_SILENT","items_purchased":["Backflip","Noxious Fumes"],"campfire_rested":0,"item_purchase_floors":[14,20],"current_hp_per_floor":[53,35,35,35,35,14,14,30,30,21,12,12,10,10,10,11,50,39,39,39,38,23,23,23,23,23,23,20,20,20,20,20,19,28,28,18,18,0,0],"gold":138,"neow_bonus":"BOSS_RELIC","is_daily":false,"chose_seed":false,"campfire_upgraded":4,"win_rate":0.0,"timestamp":1609594096,"path_taken":["M","?","M","M","$","E","M","?","T","M","E","R","M","$","R","BOSS","M","?","?","M","M","R","M","M","T","M","M","?","?","$","R","BOSS","M","M","M","M"],"items_purchased_type":["Card","Card"],"build_version":"2020-12-22","purchased_purges":3,"victory":false,"max_hp_per_floor":[66,66,66,66,66,66,66,66,66,66,66,66,66,63,63,63,63,63,63,63,63,63,63,63,63,63,63,63,31,31,31,31,31,31,31,31,31,31,31],"relic_stats":{"Happy Flower":[30],"counters":[21,122],"Gambling Chip":[40],"Astrolabe":["Outmaneuver","Storm of Steel","Escape Plan"],"obtain_stats":[{"SlaversCollar":34,"Happy Flower":11,"Gambling Chip":9,"Astrolabe":17,"Coffee Dripper":0,"Frozen Egg 2":26,"StrikeDummy":2,"Ring of the Snake":0,"Pocketwatch":6},{"SlaversCollar":17,"Happy Flower":7,"Gambling Chip":5,"Astrolabe":9,"Coffee Dripper":0,"Frozen Egg 2":14,"StrikeDummy":1,"Ring of the Snake":0,"Pocketwatch":4},{"SlaversCollar":100,"Happy Flower":31,"Gambling Chip":19,"Astrolabe":44,"Coffee Dripper":0,"Frozen Egg 2":75,"StrikeDummy":5,"Ring of the Snake":0,"Pocketwatch":15}],"Pocketwatch":[123]},"card_choices":[{"not_picked":["Accuracy","Dodge and Roll"],"picked":"Dagger Throw","floor":1.0},{"not_picked":["Backflip","Bane"],"picked":"Noxious Fumes","floor":3.0},{"not_picked":["Deflect","Underhanded Strike"],"picked":"Dagger Throw","floor":4.0},{"not_picked":["Terror","Dagger Spray"],"picked":"Footwork","floor":6.0},{"not_picked":["PiercingWail","Slice"],"picked":"Well Laid Plans","floor":7.0},{"not_picked":["Poisoned Stab","Sucker Punch"],"picked":"Deadly Poison","floor":10.0},{"not_picked":["Accuracy","Poisoned Stab","Quick Slash"],"picked":"SKIP","floor":11.0},{"not_picked":["Prepared","Endless Agony"],"picked":"Calculated Gamble","floor":13.0},{"not_picked":["Quick Slash","Well Laid Plans+1"],"picked":"Dash","floor":18.0},{"not_picked":["Poisoned Stab","Acrobatics","Accuracy"],"picked":"SKIP","floor":21.0},{"not_picked":["Dagger Spray","Escape Plan"],"picked":"Leg Sweep","floor":22.0},{"not_picked":["Dagger Throw","Cloak And Dagger"],"picked":"Dash","floor":24.0},{"not_picked":["Accuracy","Choke","Slice"],"picked":"SKIP","floor":25.0},{"not_picked":["Slice","Phantasmal Killer"],"picked":"Backflip","floor":27.0},{"not_picked":["Blade Dance","Outmaneuver","Underhanded Strike"],"picked":"SKIP","floor":28.0},{"not_picked":["Wraith Form v2+1","Storm of Steel"],"picked":"Adrenaline","floor":33.0},{"not_picked":["Bane","Prepared","Deadly Poison+1"],"picked":"SKIP","floor":35.0},{"not_picked":["Cloak And Dagger+1","Eviscerate"],"picked":"Predator","floor":36.0},{"not_picked":["Deadly Poison","Riddle With Holes"],"picked":"Night Terror","floor":37.0}],"player_experience":278899,"relics_obtained":[{"floor":6.0,"key":"Pocketwatch"},{"floor":9.0,"key":"Gambling Chip"},{"floor":11.0,"key":"Happy Flower"},{"floor":26.0,"key":"Frozen Egg 2"}],"event_choices":[{"damage_healed":0.0,"max_hp_gain":0.0,"max_hp_loss":0.0,"gold_gain":0.0,"event_name":"Scrap Ooze","player_choice":"Success","floor":2.0,"gold_loss":0.0,"damage_taken":18.0,"relics_obtained":["StrikeDummy"]},{"damage_healed":16.0,"max_hp_gain":0.0,"max_hp_loss":0.0,"gold_gain":0.0,"event_name":"Mushrooms","player_choice":"Healed and dodged fight","floor":8.0,"gold_loss":0.0,"damage_taken":0.0,"cards_obtained":["Parasite"]},{"damage_healed":0.0,"max_hp_gain":0.0,"max_hp_loss":0.0,"gold_gain":0.0,"event_name":"Duplicator","player_choice":"Copied","floor":19.0,"gold_loss":0.0,"damage_taken":0.0,"cards_obtained":["Footwork"]},{"damage_healed":0.0,"max_hp_gain":0.0,"max_hp_loss":32.0,"gold_gain":0.0,"event_name":"Ghosts","player_choice":"Became a Ghost","floor":29.0,"gold_loss":0.0,"damage_taken":0.0,"cards_obtained":["Ghostly","Ghostly","Ghostly"]},{"damage_healed":0.0,"max_hp_gain":0.0,"max_hp_loss":0.0,"gold_gain":0.0,"event_name":"Accursed Blacksmith","player_choice":"Forge","floor":30.0,"gold_loss":0.0,"damage_taken":0.0,"cards_upgraded":["Well Laid Plans"]}],"is_beta":false,"boss_relics":[{"not_picked":["Ectoplasm","Velvet Choker"],"picked":"Astrolabe"},{"not_picked":["Runic Pyramid","Tiny House"],"picked":"SlaversCollar"}],"items_purged_floors":[5,14,31],"is_endless":false,"potions_floor_spawned":[1,4,11,13,18,21,22,37],"killed_by":"4 Shapes","ascension_level":20}}