{"host":"i0avyit1s6jb1siw","time":1609584043,"event":{"mods":["BaseMod","DeckTracker","Dota2Spire","Highlight Path","Minty Spire (QoL Compilation)","Quick Restart","Replay The Spire","StSLib","SuperFastMode"],"gold_per_floor":[112,123,123,141,29,29,60,60,87,161,61,61,73,87,87,164,164,180,180,180,194,194,194,225,62,88,88,88,88],"floor_reached":28,"playtime":452,"items_purged":["Strike_G","Strike_G"],"score":468,"play_id":"598cdba1-72d6-4cf8-a2be-db8f25427503","local_time":"20210102114043","is_ascension_mode":true,"campfire_choices":[{"data":"Terror","floor":6,"key":"SMITH"},{"data":"Predator","floor":8,"key":"SMITH"},{"floor":12,"key":"REST"},{"data":"Strike_G","floor":15,"key":"PURGE"},{"floor":23,"key":"REST"}],"circlet_count":0,"master_deck":["AscendersBane","Strike_G","Strike_G","Defend_G","Defend_G","Defend_G","Defend_G","Defend_G","Survivor","Neutralize","Masterful Stab","Terror+1","Flying Knee","Backstab","Predator+1","ReplayTheSpireMod:Speed Training","Well Laid Plans","Wraith Form v2","Reflex+1","Necronomicurse"],"relics":["Ring of the Snake","NeowsBlessing","Vajra","Tiny Chest","Philosopher\u0027s Stone","Dota2Spire:EtherealBlade","Necronomicon","Omamori","Dota2Spire:MaskOfMadness","Dota2Spire:MagicBottle"],"acts_visited":["Exordium","TheCity"],"potions_floor_usage":[7,16,24],"damage_taken":[{"damage":0,"enemies":"Cultist","floor":1,"turns":1},{"damage":0,"enemies":"Jaw Worm","floor":2,"turns":1},{"damage":0,"enemies":"Small Slimes","floor":4,"turns":1},{"damage":39,"enemies":"3 Sentries","floor":7,"turns":15},{"damage":4,"enemies":"Blue Slaver","floor":13,"turns":2},{"damage":3,"enemies":"Exordium Wildlife","floor":14,"turns":4},{"damage":2,"enemies":"The Guardian","floor":16,"turns":10},{"damage":0,"enemies":"Chosen","floor":18,"turns":3},{"damage":8,"enemies":"Shell Parasite","floor":21,"turns":4},{"damage":18,"enemies":"Book of Stabbing","floor":24,"turns":5},{"damage":54,"enemies":"Slavers","floor":28,"turns":3}],"seed_played":"1895606534041093754","potions_obtained":[{"floor":1,"key":"PowerPotion"},{"floor":4,"key":"Block Potion"},{"floor":7,"key":"FairyPotion"},{"floor":18,"key":"AttackPotion"},{"floor":27,"key":"Reflective Coating"}],"is_trial":false,"path_per_floor":["M","M","?","M","$","R","E","R","T","?","$","R","M","M","R","B",null,"M","T","?","M","?","R","E","$","T","?","E"],"character_chosen":"THE_SILENT","items_purchased":["Backstab","Dota2Spire:MaskOfMadness"],"campfire_rested":2,"item_purchase_floors":[5,25],"current_hp_per_floor":[59,59,59,59,59,59,20,20,20,20,20,39,35,32,32,30,57,57,57,57,49,28,47,29,29,29,29,0,0],"gold":88,"neow_bonus":"THREE_ENEMY_KILL","is_daily":false,"chose_seed":false,"campfire_upgraded":2,"win_rate":0.0,"timestamp":1609584043,"path_taken":["M","?","?","M","$","R","E","R","T","?","?","R","?","M","R","BOSS","M","?","?","M","?","R","E","$","T","?","E"],"items_purchased_type":["Card","Relic"],"build_version":"2020-12-22","purchased_purges":2,"victory":false,"max_hp_per_floor":[66,66,66,66,66,66,66,66,66,66,66,66,66,66,66,66,66,66,66,66,66,66,66,66,66,66,66,66,66],"card_choices":[{"not_picked":["ReplayTheSpireMod:Speed Training","PiercingWail"],"picked":"Masterful Stab","floor":1},{"not_picked":["Slice","Deflect"],"picked":"Terror","floor":2},{"not_picked":["Catalyst","Slice"],"picked":"Flying Knee","floor":4},{"not_picked":["Hidden Blade","ReplayTheSpireMod:From All Sides"],"picked":"Predator","floor":7},{"not_picked":["Prepared","Hidden Blade"],"picked":"ReplayTheSpireMod:Speed Training","floor":13},{"not_picked":["Sucker Punch","Blade Dance"],"picked":"Well Laid Plans","floor":14},{"not_picked":["Phantasmal Killer","Venomology"],"picked":"Wraith Form v2","floor":16},{"not_picked":["Concentrate","Slice+1","Dagger Spray"],"picked":"SKIP","floor":18},{"not_picked":["Acrobatics","Hidden Blade"],"picked":"Reflex+1","floor":21},{"not_picked":["Caltrops","Underhanded Strike","Bouncing Flask"],"picked":"SKIP","floor":24}],"player_experience":2160195,"relics_obtained":[{"floor":7,"key":"Vajra"},{"floor":9,"key":"Tiny Chest"},{"floor":19,"key":"Dota2Spire:EtherealBlade"},{"floor":22,"key":"Necronomicon"},{"floor":24,"key":"Omamori"},{"floor":26,"key":"Dota2Spire:MagicBottle"}],"event_choices":[{"damage_healed":0,"gold_gain":74,"player_choice":"Gained Gold","damage_taken":0,"max_hp_gain":0,"max_hp_loss":0,"event_name":"Golden Wing","floor":10,"gold_loss":0},{"damage_healed":0,"gold_gain":0,"player_choice":"Ignored","damage_taken":0,"max_hp_gain":0,"max_hp_loss":0,"event_name":"Ghosts","floor":20,"gold_loss":0},{"damage_healed":0,"gold_gain":0,"player_choice":"Obtained Book","damage_taken":21,"max_hp_gain":0,"max_hp_loss":0,"event_name":"Cursed Tome","floor":22,"gold_loss":0},{"damage_healed":0,"gold_gain":0,"player_choice":"Got Potions","damage_taken":0,"max_hp_gain":0,"max_hp_loss":0,"event_name":"Lab","floor":27,"gold_loss":0}],"is_beta":false,"boss_relics":[{"not_picked":["Cursed Key","Replay:Wanted Poster"],"picked":"Philosopher\u0027s Stone"}],"items_purged_floors":[5,11],"is_endless":false,"potions_floor_spawned":[1,4,7,18],"killed_by":"Slavers","ascension_level":20}}