{"host":"mrldknoj69ilw4kk","time":1609576114,"event":{"mods":["BaseMod","Downfall","Minty Spire (QoL Compilation)","StSLib","The Servant 0.9.4"],"gold_per_floor":[111,286,61,61,77,77,103,115,127,171,193,56,56,75,75,177,177,187,202,50,50,50,76,76,76,76,76,100,111,111,129,129,227,227,240,240,291,291,304,304,324,324,348,367,383,415,68,68,68,68],"floor_reached":51,"playtime":1227,"items_purged":["Doubt","Defend_R"],"score":826,"play_id":"3be129f3-bdc0-4e72-a6a0-853f67565b6c","local_time":"20210102082834","is_ascension_mode":false,"campfire_choices":[{"data":"Bash","floor":6.0,"key":"SMITH"},{"data":"Strike_R","floor":8.0,"key":"SMITH"},{"floor":13.0,"key":"DIG"},{"data":"Immolate","floor":15.0,"key":"SMITH"},{"data":"Limit Break","floor":24.0,"key":"SMITH"},{"data":"J.A.X.","floor":27.0,"key":"SMITH"},{"floor":30.0,"key":"REST"},{"floor":32.0,"key":"REST"},{"data":"Inflame","floor":40.0,"key":"SMITH"},{"data":"Whirlwind","floor":42.0,"key":"SMITH"},{"data":"Flex","floor":49.0,"key":"SMITH"}],"circlet_count":0,"master_deck":["Strike_R","Strike_R","Strike_R+1","Defend_R","Defend_R","Bash+1","Carnage","Immolate+1","Limit Break+1","Flex+1","Inflame+1","J.A.X.+1","Whirlwind+1","Double Tap","Flex","Writhe"],"relics":["Burning Blood","NeowsBlessing","MealTicket","MawBank","Shovel","Pen Nib","PreservedInsect","Bag of Marbles","Empty Cage","Anchor","Smiling Mask","Boot","Singing Bowl","Nunchaku","Cursed Key","Du-Vu Doll","Red Skull","Gremlin Horn","Mango"],"acts_visited":[],"potions_floor_usage":[50,50],"damage_taken":[{"damage":0.0,"enemies":"2 Louse","floor":1.0,"turns":1.0},{"damage":0.0,"enemies":"Jaw Worm","floor":5.0,"turns":1.0},{"damage":0.0,"enemies":"3 Sentries","floor":7.0,"turns":2.0},{"damage":28.0,"enemies":"Gremlin Nob","floor":10.0,"turns":4.0},{"damage":0.0,"enemies":"Small Slimes","floor":11.0,"turns":3.0},{"damage":10.0,"enemies":"Looter","floor":14.0,"turns":2.0},{"damage":69.0,"enemies":"The Guardian","floor":16.0,"turns":7.0},{"damage":0.0,"enemies":"2 Thieves","floor":18.0,"turns":1.0},{"damage":34.0,"enemies":"Shell Parasite","floor":19.0,"turns":4.0},{"damage":12.0,"enemies":"Book of Stabbing","floor":23.0,"turns":3.0},{"damage":33.0,"enemies":"Snecko","floor":29.0,"turns":4.0},{"damage":24.0,"enemies":"Snake Plant","floor":31.0,"turns":3.0},{"damage":63.0,"enemies":"Champ","floor":33.0,"turns":8.0},{"damage":0.0,"enemies":"3 Darklings","floor":35.0,"turns":1.0},{"damage":34.0,"enemies":"2 Orb Walkers","floor":37.0,"turns":3.0},{"damage":3.0,"enemies":"3 Shapes","floor":39.0,"turns":1.0},{"damage":3.0,"enemies":"Jaw Worm Horde","floor":41.0,"turns":1.0},{"damage":2.0,"enemies":"4 Shapes","floor":44.0,"turns":1.0},{"damage":13.0,"enemies":"Sphere and 2 Shapes","floor":45.0,"turns":3.0},{"damage":48.0,"enemies":"Nemesis","floor":46.0,"turns":3.0},{"damage":52,"enemies":"Awakened One","floor":50,"turns":4}],"seed_played":"3880865480962352718","potions_obtained":[{"floor":1.0,"key":"AttackPotion"},{"floor":11.0,"key":"AttackPotion"},{"floor":16.0,"key":"EntropicBrew"},{"floor":18.0,"key":"Weak Potion"},{"floor":29.0,"key":"Explosive Potion"},{"floor":39.0,"key":"BloodPotion"},{"floor":41.0,"key":"AttackPotion"},{"floor":46.0,"key":"SteroidPotion"}],"is_trial":false,"path_per_floor":["M","?","$","?","M","R","E","R","T","E","M","$","R","M","R","B",null,"M","M","$","?","?","E","R","?","T","R","T","M","R","M","R","B",null,"M","?","?","?","M","R","M","R","T","M","M","E","$","?","R","B",null],"character_chosen":"IRONCLAD","items_purchased":["MealTicket","PreservedInsect","Anchor","Mango"],"campfire_rested":2,"item_purchase_floors":[3,12,20,47],"current_hp_per_floor":[80,80,80,80,80,80,80,80,80,58,64,79,79,75,75,12,80,80,52,67,67,67,61,61,61,61,61,61,34,58,42,66,9,82,84,86,58,58,63,63,68,68,68,74,69,47,76,76,76,30],"gold":68,"neow_bonus":"THREE_ENEMY_KILL","is_daily":false,"chose_seed":false,"campfire_upgraded":8,"win_rate":0.0,"timestamp":1609576114,"path_taken":["M","?","?","?","?","R","E","R","T","E","M","$","R","M","R","BOSS","M","M","$","?","?","E","R","?","T","R","?","?","R","M","R","BOSS","M","?","?","?","?","R","M","R","T","?","M","E","$","?","R","BOSS"],"items_purchased_type":["Relic","Relic","Relic","Relic"],"build_version":"2020-12-22","purchased_purges":2,"victory":true,"max_hp_per_floor":[80,80,80,80,80,80,80,80,80,80,80,80,80,80,80,80,80,80,80,80,80,80,80,80,80,80,80,80,80,80,82,82,82,82,84,86,86,86,88,88,90,90,90,92,94,96,110,110,110,110],"card_choices":[{"not_picked":["Intimidate","Iron Wave","Twin Strike"],"picked":"SKIP","floor":1.0},{"not_picked":["Entrench","Sentinel","Havoc"],"picked":"SKIP","floor":5.0},{"not_picked":["Pommel Strike","Clothesline","Havoc"],"picked":"SKIP","floor":7.0},{"not_picked":["Flame Barrier","Second Wind"],"picked":"Carnage","floor":10.0},{"not_picked":["Perfected Strike","Wild Strike"],"picked":"Immolate","floor":11.0},{"not_picked":["Iron Wave","Rage","Pommel Strike"],"picked":"SKIP","floor":14.0},{"not_picked":["Double Tap","Corruption"],"picked":"Limit Break","floor":16.0},{"not_picked":["Warcry","Sword Boomerang"],"picked":"Flex","floor":18.0},{"not_picked":["Brutality","Flex"],"picked":"Inflame","floor":19.0},{"not_picked":["Iron Wave","Havoc","Headbutt"],"picked":"SKIP","floor":23.0},{"not_picked":["Clothesline","Bloodletting+1"],"picked":"Whirlwind","floor":29.0},{"not_picked":["Body Slam","Infernal Blade","Clothesline"],"picked":"Singing Bowl","floor":31.0},{"not_picked":["Exhume","Reaper"],"picked":"Double Tap","floor":33.0},{"not_picked":["Clash+1","Shrug It Off+1","Evolve"],"picked":"Singing Bowl","floor":35.0},{"not_picked":["Sadistic Nature","Panacea","Madness"],"picked":"Singing Bowl","floor":36.0},{"not_picked":["Armaments","Havoc+1"],"picked":"Flex","floor":37.0},{"not_picked":["Clash+1","Headbutt","Barricade"],"picked":"Singing Bowl","floor":39.0},{"not_picked":["Blood for Blood+1","Cleave+1","Headbutt+1"],"picked":"Singing Bowl","floor":41.0},{"not_picked":["Anger","Headbutt","Wild Strike+1"],"picked":"Singing Bowl","floor":44.0},{"not_picked":["Sword Boomerang+1","Dark Embrace","Metallicize+1"],"picked":"Singing Bowl","floor":45.0},{"not_picked":["Clash+1","Flex","Carnage"],"picked":"Singing Bowl","floor":46.0}],"player_experience":132178,"relics_obtained":[{"floor":7.0,"key":"MawBank"},{"floor":9.0,"key":"Shovel"},{"floor":10.0,"key":"Pen Nib"},{"floor":13.0,"key":"Bag of Marbles"},{"floor":23.0,"key":"Boot"},{"floor":26.0,"key":"Singing Bowl"},{"floor":28.0,"key":"Nunchaku"},{"floor":37.0,"key":"Du-Vu Doll"},{"floor":43.0,"key":"Red Skull"},{"floor":46.0,"key":"Gremlin Horn"}],"event_choices":[{"damage_healed":0.0,"max_hp_gain":0.0,"max_hp_loss":0.0,"gold_gain":175.0,"event_name":"Liars Game","player_choice":"AGREE","floor":2.0,"gold_loss":0.0,"damage_taken":0.0,"cards_obtained":["Doubt"]},{"damage_healed":0.0,"max_hp_gain":0.0,"max_hp_loss":0.0,"gold_gain":0.0,"event_name":"Golden Idol","player_choice":"Ignored","floor":4.0,"gold_loss":0.0,"damage_taken":0.0},{"damage_healed":0.0,"max_hp_gain":0.0,"max_hp_loss":0.0,"gold_gain":0.0,"event_name":"Addict","player_choice":"Stole Relic","floor":21.0,"gold_loss":0.0,"damage_taken":0.0,"relics_obtained":["Smiling Mask"],"cards_obtained":["Shame"]},{"cards_removed":["Shame"],"damage_healed":0.0,"max_hp_gain":0.0,"max_hp_loss":0.0,"gold_gain":0.0,"event_name":"Back to Basics","player_choice":"Elegance","floor":22.0,"gold_loss":0.0,"damage_taken":0.0},{"damage_healed":0.0,"max_hp_gain":0.0,"max_hp_loss":0.0,"gold_gain":0.0,"event_name":"Drug Dealer","player_choice":"Obtain J.A.X.","floor":25.0,"gold_loss":0.0,"damage_taken":0.0,"cards_obtained":["J.A.X."]},{"damage_healed":0.0,"max_hp_gain":0.0,"max_hp_loss":0.0,"gold_gain":0.0,"event_name":"SensoryStone","player_choice":"Memory 1","floor":36.0,"gold_loss":0.0,"damage_taken":0.0},{"damage_healed":0.0,"max_hp_gain":0.0,"max_hp_loss":0.0,"gold_gain":0.0,"event_name":"Mysterious Sphere","player_choice":"Fight","floor":37.0,"gold_loss":0.0,"damage_taken":0.0},{"damage_healed":0.0,"max_hp_gain":0.0,"max_hp_loss":0.0,"gold_gain":0.0,"event_name":"Tomb of Lord Red Mask","player_choice":"Ignored","floor":38.0,"gold_loss":0.0,"damage_taken":0.0},{"cards_removed":["Strike_R"],"damage_healed":0.0,"max_hp_gain":0.0,"max_hp_loss":0.0,"gold_gain":0.0,"event_name":"Falling","player_choice":"Removed Attack","floor":48.0,"gold_loss":0.0,"damage_taken":0.0}],"is_beta":false,"boss_relics":[{"not_picked":["Velvet Choker","Mark of Pain"],"picked":"Empty Cage"},{"not_picked":["Snecko Eye","Coffee Dripper"],"picked":"Cursed Key"}],"items_purged_floors":[3,47],"is_endless":false,"potions_floor_spawned":[1,11,16,18,29,31,39,41,46],"ascension_level":0}}