{"host":"yecadp3kwkksam5a","time":1609595180,"event":{"mods":["Arknights The Spire","BaseMod","Minty Spire (QoL Compilation)","StSLib","The Hierophant"],"gold_per_floor":[423,423,423,210,224,257,257,287,334,370,381,396,179,207,207,281,281,291,343,130,148,166,166,200,200,200,526,100,113,139,150,150,233,233,246,261,286,167,95,120,120,152,226,255,255,269,45,45,45,45,45,45,45,73,73],"floor_reached":56,"playtime":2402,"items_purged":["Cloak And Dagger","Deflect+1","Blur+1","Deflect+1","Blur+1","Tactician+1"],"score":3311,"play_id":"d780d5e4-a56e-42bf-9f2f-752e5da39499","local_time":"20210102224620","is_ascension_mode":true,"campfire_choices":[{"data":"Accuracy","floor":7.0,"key":"SMITH"},{"floor":15.0,"key":"RECALL"},{"data":"Accuracy","floor":23.0,"key":"SMITH"},{"data":"Blade Dance","floor":25.0,"key":"SMITH"},{"data":"Escape Plan","floor":32.0,"key":"SMITH"},{"floor":41.0,"key":"DIG"},{"floor":45,"key":"DIG"},{"floor":49,"key":"DIG"},{"floor":52,"key":"DIG"}],"circlet_count":0,"master_deck":["Accuracy+1","Reflex+1","Accuracy+1","Acrobatics+1","Calculated Gamble+1","Acrobatics+1","Escape Plan+1","Blade Dance+1","Blade Dance+1","After Image+1","Escape Plan+1","After Image+1","Envenom+1","After Image+1","Adrenaline"],"relics":["Ring of the Snake","Unceasing Top","Tiny Chest","CeramicFish","Bronze Scales","Gambling Chip","Ornamental Fan","SlaversCollar","Enchiridion","Bag of Preparation","Smiling Mask","OrangePellets","Akabeko","Frozen Egg 2","Nunchaku","Busted Crown","Molten Egg 2","Vajra","Singing Bowl","Old Coin","Regal Pillow","Happy Flower","Orrery","Lantern","Whetstone","Oddly Smooth Stone","TheAbacus","Toy Ornithopter","Lantern","Strawberry","Torii","Orrery","Pen Nib","Coffee Dripper","DollysMirror","The Courier","Question Card","Old Coin","Membership Card","Juzu Bracelet","Happy Flower","FossilizedHelix","InkBottle","Busted Crown","Shovel","Lee\u0027s Waffle","Darkstone Periapt","Omamori","Ancient Tea Set","Toxic Egg 2","Sundial","StrikeDummy","Calipers","Kunai","HandDrill","Ornamental Fan","Shuriken","Pantograph"],"acts_visited":["Exordium","TheCity","TheBeyond","TheEnding"],"potions_floor_usage":[],"damage_taken":[{"damage":0.0,"enemies":"Cultist","floor":1.0,"turns":4.0},{"damage":0.0,"enemies":"2 Louse","floor":5.0,"turns":1.0},{"damage":0.0,"enemies":"Gremlin Nob","floor":6.0,"turns":1.0},{"damage":0.0,"enemies":"Lagavulin","floor":8.0,"turns":1.0},{"damage":0.0,"enemies":"3 Sentries","floor":10.0,"turns":2.0},{"damage":0.0,"enemies":"Jaw Worm","floor":11.0,"turns":1.0},{"damage":0.0,"enemies":"Looter","floor":12.0,"turns":1.0},{"damage":0.0,"enemies":"Gremlin Nob","floor":14.0,"turns":1.0},{"damage":0.0,"enemies":"Slime Boss","floor":16.0,"turns":1.0},{"damage":0.0,"enemies":"Spheric Guardian","floor":18.0,"turns":1.0},{"damage":0.0,"enemies":"2 Thieves","floor":21.0,"turns":1.0},{"damage":0.0,"enemies":"Cultist and Chosen","floor":22.0,"turns":1.0},{"damage":0.0,"enemies":"Gremlin Leader","floor":24.0,"turns":1.0},{"damage":0.0,"enemies":"Slavers","floor":27.0,"turns":1.0},{"damage":0.0,"enemies":"3 Cultists","floor":29.0,"turns":1.0},{"damage":0.0,"enemies":"Book of Stabbing","floor":30.0,"turns":1.0},{"damage":0.0,"enemies":"Shelled Parasite and Fungi","floor":31.0,"turns":1.0},{"damage":0.0,"enemies":"Automaton","floor":33.0,"turns":1.0},{"damage":0.0,"enemies":"3 Shapes","floor":35.0,"turns":1.0},{"damage":0.0,"enemies":"3 Darklings","floor":36.0,"turns":1.0},{"damage":0.0,"enemies":"Mind Bloom Boss Battle","floor":37.0,"turns":1.0},{"damage":0.0,"enemies":"Reptomancer","floor":40.0,"turns":1.0},{"damage":0.0,"enemies":"Nemesis","floor":42.0,"turns":1.0},{"damage":0,"enemies":"Giant Head","floor":44,"turns":1},{"damage":0,"enemies":"Transient","floor":46,"turns":1},{"damage":0,"enemies":"Donu and Deca","floor":50,"turns":1},{"damage":0,"enemies":"Shield and Spear","floor":54,"turns":1},{"damage":0,"enemies":"The Heart","floor":55,"turns":4}],"seed_played":"8945370870249441654","potions_obtained":[{"floor":1.0,"key":"Swift Potion"},{"floor":1.0,"key":"Swift Potion"}],"is_trial":false,"path_per_floor":["M","?","?","$","M","E","R","E","T","E","M","M","$","E","R","B",null,"M","T","$","M","M","R","E","R","T","E","$","M","E","M","R","B",null,"M","M","?","$","?","E","R","E","T","E","R","M","$","?","R","B",null,"R","$","E","B",null],"character_chosen":"THE_SILENT","items_purchased":["TheAbacus","Orrery","DollysMirror","Membership Card","Juzu Bracelet","Happy Flower","FossilizedHelix","Lee\u0027s Waffle","Kunai","HandDrill"],"campfire_rested":0,"item_purchase_floors":[4,13,20,28,28,28,28,38,47,47],"current_hp_per_floor":[94,99,99,99,101,103,103,105,112,112,114,116,126,128,128,130,130,132,132,132,134,136,136,138,138,138,140,140,142,144,146,146,146,146,146,146,146,153,153,153,153,153,153,153,153,153,153,143,143,143,151,151,151,151,153],"gold":73,"neow_bonus":"TEN_PERCENT_HP_BONUS","is_daily":false,"chose_seed":false,"campfire_upgraded":4,"win_rate":0.0,"timestamp":1609595180,"path_taken":["M","?","?","$","M","E","R","E","T","E","?","M","$","E","R","BOSS","M","?","$","M","M","R","E","R","T","E","$","M","E","M","R","BOSS","M","M","?","$","?","E","R","E","T","E","R","M","$","?","R","BOSS","R","$","E","BOSS"],"items_purchased_type":["Relic","Relic","Relic","Relic","Relic","Relic","Relic","Relic","Relic","Relic"],"build_version":"2020-12-22","purchased_purges":6,"victory":true,"max_hp_per_floor":[94,99,99,99,101,103,103,105,112,112,114,116,126,128,128,130,130,132,132,132,134,136,136,138,138,138,140,140,142,144,146,146,146,146,146,146,146,153,153,153,153,153,153,153,153,153,153,153,153,153,153,153,153,153,153],"card_choices":[{"not_picked":["Crippling Poison","Noxious Fumes","Quick Slash"],"picked":"SKIP","floor":1.0},{"not_picked":["Crippling Poison","Noxious Fumes","Quick Slash+1"],"picked":"SKIP","floor":1.0},{"not_picked":["Crippling Poison","Noxious Fumes","Quick Slash+1"],"picked":"SKIP","floor":1.0},{"not_picked":["Blade Dance"],"picked":"Singing Bowl","floor":1.0},{"not_picked":["Backflip"],"picked":"Singing Bowl","floor":1.0},{"not_picked":["Dagger Throw+1"],"picked":"Singing Bowl","floor":1.0},{"not_picked":["Deflect"],"picked":"Singing Bowl","floor":1.0},{"not_picked":["Quick Slash+1"],"picked":"Singing Bowl","floor":1.0},{"not_picked":["Acrobatics"],"picked":"Singing Bowl","floor":5.0},{"not_picked":["Dodge and Roll"],"picked":"Singing Bowl","floor":6.0},{"not_picked":["Skewer+1"],"picked":"Singing Bowl","floor":8.0},{"not_picked":[],"picked":"Envenom+1","floor":10.0},{"not_picked":["Cloak And Dagger"],"picked":"Singing Bowl","floor":11.0},{"not_picked":["Flying Knee+1"],"picked":"Singing Bowl","floor":12.0},{"not_picked":["Tactician"],"picked":"Singing Bowl","floor":13.0},{"not_picked":["Dagger Spray+1"],"picked":"Singing Bowl","floor":13.0},{"not_picked":["Concentrate"],"picked":"Singing Bowl","floor":13.0},{"not_picked":["Predator+1"],"picked":"Singing Bowl","floor":13.0},{"not_picked":["Calculated Gamble"],"picked":"Singing Bowl","floor":13.0},{"not_picked":["Blur"],"picked":"Singing Bowl","floor":14.0},{"not_picked":["Malaise"],"picked":"Singing Bowl","floor":16.0},{"not_picked":["Slice+1"],"picked":"Singing Bowl","floor":18.0},{"not_picked":["Terror"],"picked":"Singing Bowl","floor":21.0},{"not_picked":["Outmaneuver+1"],"picked":"Singing Bowl","floor":22.0},{"not_picked":["Caltrops+1"],"picked":"Singing Bowl","floor":24.0},{"not_picked":["Slice+1","All Out Attack+1"],"picked":"Singing Bowl","floor":27.0},{"not_picked":["Skewer+1","Backflip"],"picked":"Singing Bowl","floor":29.0},{"not_picked":["Dodge and Roll","Dagger Spray+1"],"picked":"Singing Bowl","floor":30.0},{"not_picked":["Catalyst","Acrobatics"],"picked":"Singing Bowl","floor":31.0},{"not_picked":["Malaise"],"picked":"Adrenaline","floor":33.0}],"player_experience":325221,"relics_obtained":[{"floor":6.0,"key":"Toy Ornithopter"},{"floor":8.0,"key":"Lantern"},{"floor":9.0,"key":"Strawberry"},{"floor":10.0,"key":"Torii"},{"floor":14.0,"key":"Pen Nib"},{"floor":24.0,"key":"The Courier"},{"floor":26.0,"key":"Question Card"},{"floor":27.0,"key":"Old Coin"},{"floor":30.0,"key":"InkBottle"},{"floor":37.0,"key":"Shovel"},{"floor":40.0,"key":"Omamori"},{"floor":41.0,"key":"Ancient Tea Set"},{"floor":42.0,"key":"Toxic Egg 2"},{"floor":43,"key":"Sundial"},{"floor":44,"key":"StrikeDummy"},{"floor":45,"key":"Calipers"},{"floor":49,"key":"Ornamental Fan"},{"floor":52,"key":"Shuriken"},{"floor":54,"key":"Pantograph"}],"event_choices":[{"damage_healed":0.0,"max_hp_gain":5.0,"max_hp_loss":0.0,"gold_gain":0.0,"event_name":"Big Fish","player_choice":"Donut","floor":2.0,"gold_loss":0.0,"damage_taken":0.0},{"damage_healed":0.0,"max_hp_gain":0.0,"max_hp_loss":0.0,"gold_gain":0.0,"event_name":"Lab","player_choice":"Got Potions","floor":3.0,"gold_loss":0.0,"damage_taken":0.0},{"damage_healed":0.0,"max_hp_gain":0.0,"max_hp_loss":0.0,"gold_gain":0.0,"event_name":"MindBloom","player_choice":"Fight","floor":37.0,"gold_loss":0.0,"damage_taken":0.0},{"damage_healed":0.0,"max_hp_gain":0.0,"max_hp_loss":0.0,"gold_gain":0.0,"event_name":"WeMeetAgain","player_choice":"Paid Gold","floor":39.0,"gold_loss":72.0,"damage_taken":0.0,"relics_obtained":["Darkstone Periapt"]},{"damage_healed":0,"gold_gain":0,"player_choice":"Memory 3","damage_taken":10,"max_hp_gain":0,"max_hp_loss":0,"event_name":"SensoryStone","floor":48,"gold_loss":0}],"is_beta":false,"boss_relics":[{"not_picked":["Ectoplasm","Cursed Key"],"picked":"Coffee Dripper"},{"not_picked":["Tiny House","Astrolabe"],"picked":"Busted Crown"}],"items_purged_floors":[4,13,20,28,38,47],"is_endless":false,"potions_floor_spawned":[1,12,14,16,18,21,22,27,35,36,54],"ascension_level":18}}