{"host":"ek3xvuouaw6vk9if","time":1609631105,"event":{"mods":["BaseMod","BetterRewards","Minty Spire (QoL Compilation)","Permanent Neow","Quick Restart","Relic Stats","Replay The Spire","StSLib","The Disciple"],"gold_per_floor":[110,126,51,51,66,66,66,66],"floor_reached":7,"playtime":370,"items_purged":["Strike_Br"],"score":41,"play_id":"69263cfe-c60a-4ee7-bb26-7b1c853dc045","local_time":"20210102184505","is_ascension_mode":false,"campfire_choices":[{"data":"CrunchTime","floor":6,"key":"SMITH"}],"circlet_count":0,"master_deck":["Strike_Br","Strike_Br","Strike_Br","Defend_Br","Defend_Br","Defend_Br","Defend_Br","SecondHand","PatternShift","CrunchTime","Echoward","LockedTurtyl+1","CrunchTime+1"],"relics":["Chronometer","Cryopreserver"],"acts_visited":["Exordium"],"potions_floor_usage":[2],"damage_taken":[{"damage":0,"enemies":"Small Slimes","floor":1,"turns":5},{"damage":0,"enemies":"Cultist","floor":2,"turns":4},{"damage":6,"enemies":"Jaw Worm","floor":5,"turns":3},{"damage":52,"enemies":"Gremlin Nob","floor":7,"turns":5}],"seed_played":"9208289154483087253","potions_obtained":[{"floor":1,"key":"SteroidPotion"},{"floor":2,"key":"CultistPotion"}],"is_trial":false,"path_per_floor":["M","M","$","?","M","R","E"],"character_chosen":"CHRONO_CLASS","items_purchased":["CrunchTime","Echoward"],"campfire_rested":0,"item_purchase_floors":[0,0],"current_hp_per_floor":[58,58,58,58,52,52,0,0],"gold":66,"neow_bonus":"","is_daily":false,"chose_seed":false,"campfire_upgraded":1,"win_rate":0.0,"timestamp":1609631105,"path_taken":["M","M","$","?","?","R","E"],"items_purchased_type":["Card","Card"],"build_version":"2020-12-22","purchased_purges":1,"victory":false,"max_hp_per_floor":[65,65,65,65,65,65,65,65],"relic_stats":{"counters":[22,112],"obtain_stats":[{"Lantern":29,"Lightning?":4,"Gremlin Horn":37,"Cryopreserver":0,"Ring of Chaos":17,"Cursed Key":34,"Calling Bell":37,"Blood Vial":37,"Chronometer":0,"Shuriken":26,"Bird Faced Urn":9,"MysticCrockPot":13,"Prayer Wheel":36,"WingedGreaves":37,"Art of War":28,"Garlic":32,"FossilizedHelix":12,"Meat on the Bone":10},{"Lantern":13,"Lightning?":2,"Gremlin Horn":17,"Cryopreserver":18,"Ring of Chaos":9,"Cursed Key":15,"Calling Bell":17,"Blood Vial":17,"Chronometer":0,"Shuriken":12,"Bird Faced Urn":5,"MysticCrockPot":7,"Prayer Wheel":17,"WingedGreaves":17,"Art of War":12,"Garlic":14,"FossilizedHelix":7,"Meat on the Bone":6},{"Lantern":61,"Lightning?":6,"Gremlin Horn":86,"Cryopreserver":95,"Ring of Chaos":40,"Cursed Key":75,"Calling Bell":86,"Blood Vial":86,"Chronometer":0,"Shuriken":54,"Bird Faced Urn":16,"MysticCrockPot":28,"Prayer Wheel":86,"WingedGreaves":86,"Art of War":54,"Garlic":65,"FossilizedHelix":28,"Meat on the Bone":21}]},"card_choices":[{"not_picked":["LockedBlood","LockedPlans","PrimeTime"],"picked":"SKIP","floor":1},{"not_picked":["Engulf","BlueShift"],"picked":"LockedTurtyl","floor":2},{"not_picked":["LockedAstrolabe","WindUp"],"picked":"CrunchTime","floor":5}],"player_experience":513558,"relics_obtained":[],"event_choices":[{"damage_healed":0,"gold_gain":0,"player_choice":"Upgraded","damage_taken":0,"max_hp_gain":0,"max_hp_loss":0,"event_name":"Upgrade Shrine","floor":4,"gold_loss":0,"cards_upgraded":["LockedTurtyl"]}],"is_beta":false,"boss_relics":[],"items_purged_floors":[3],"is_endless":false,"potions_floor_spawned":[1,2],"killed_by":"Gremlin Nob","ascension_level":0}}