{"host":"t75twhtg6c476ygg","time":1609603364,"event":{"mods":["AchievementEnabler","BaseMod","Colored Powertips","Minty Spire (QoL Compilation)","Quick Restart","Relic Stats","StSLib","SuperFastMode"],"gold_per_floor":[114,129,144,144,219,249,174,204,204,234,249,264,294,149,149,249,249,264,264,139,154,169,199,199,199,199,229,244,274,274,289,289,389,389,404,404,404,419,269,269,299,299,299,329,29,59,74,89,89,89],"floor_reached":51,"playtime":2556,"items_purged":["Doppelganger","Grand Finale","Malaise","Storm of Steel"],"score":1223,"play_id":"28a92de0-84c1-4c1d-834b-b17b08562d48","local_time":"20210102160244","daily_mods":["Shiny","ControlledChaos","Elite Swarm"],"is_ascension_mode":false,"campfire_choices":[{"data":"Accuracy","floor":15.0,"key":"SMITH"},{"data":"Blade Dance","floor":24.0,"key":"SMITH"},{"data":"Adrenaline","floor":32.0,"key":"SMITH"},{"data":"Blade Dance","floor":40,"key":"SMITH"},{"data":"Wraith Form v2","floor":42,"key":"SMITH"},{"data":"Venomology","floor":49,"key":"SMITH"}],"circlet_count":0,"master_deck":["Venomology+1","Corpse Explosion","Phantasmal Killer","Die Die Die","Adrenaline+1","Envenom","Burst","Wraith Form v2+1","Tools of the Trade","Night Terror","Unload","After Image","Bullet Time","A Thousand Cuts","Accuracy+1","Footwork","Envenom","After Image","Blade Dance+1","Blade Dance+1","Adrenaline+1","Accuracy+1"],"relics":["Ring of the Snake","Frozen Eye","Mummified Hand","Prayer Wheel","PreservedInsect","Orichalcum","Snake Skull","Strawberry","Coffee Dripper","Pen Nib","Singing Bowl","White Beast Statue","Happy Flower","SacredBark","Oddly Smooth Stone","Question Card","Lizard Tail","Shuriken","Lee\u0027s Waffle","Potion Belt"],"acts_visited":["Exordium","TheCity","TheBeyond"],"potions_floor_usage":[41,44,46,50,50,50],"damage_taken":[{"damage":0.0,"enemies":"Cultist","floor":1.0,"turns":3.0},{"damage":0.0,"enemies":"Small Slimes","floor":2.0,"turns":3.0},{"damage":0.0,"enemies":"2 Louse","floor":3.0,"turns":1.0},{"damage":2.0,"enemies":"3 Sentries","floor":6.0,"turns":5.0},{"damage":0.0,"enemies":"Lagavulin","floor":8.0,"turns":5.0},{"damage":4.0,"enemies":"Gremlin Nob","floor":10.0,"turns":3.0},{"damage":1.0,"enemies":"Blue Slaver","floor":11.0,"turns":3.0},{"damage":0.0,"enemies":"Exordium Wildlife","floor":12.0,"turns":2.0},{"damage":4.0,"enemies":"3 Sentries","floor":13.0,"turns":2.0},{"damage":0.0,"enemies":"Hexaghost","floor":16.0,"turns":5.0},{"damage":0.0,"enemies":"Chosen","floor":18.0,"turns":3.0},{"damage":0.0,"enemies":"3 Byrds","floor":21.0,"turns":3.0},{"damage":2.0,"enemies":"Centurion and Healer","floor":22.0,"turns":2.0},{"damage":0.0,"enemies":"Gremlin Leader","floor":23.0,"turns":2.0},{"damage":6.0,"enemies":"Book of Stabbing","floor":27.0,"turns":3.0},{"damage":0.0,"enemies":"3 Cultists","floor":28.0,"turns":2.0},{"damage":7.0,"enemies":"Gremlin Leader","floor":29.0,"turns":4.0},{"damage":14.0,"enemies":"Snake Plant","floor":31.0,"turns":2.0},{"damage":0.0,"enemies":"Automaton","floor":33.0,"turns":6.0},{"damage":0.0,"enemies":"3 Darklings","floor":35.0,"turns":2.0},{"damage":1,"enemies":"3 Shapes","floor":38,"turns":2},{"damage":0,"enemies":"Nemesis","floor":41,"turns":3},{"damage":0,"enemies":"Reptomancer","floor":44,"turns":2},{"damage":11,"enemies":"Giant Head","floor":46,"turns":3},{"damage":0,"enemies":"Spire Growth","floor":47,"turns":3},{"damage":0,"enemies":"Maw","floor":48,"turns":4},{"damage":0,"enemies":"Awakened One","floor":50,"turns":6}],"seed_played":"-2495295926900846280","potions_obtained":[{"floor":1.0,"key":"GamblersBrew"},{"floor":2.0,"key":"Explosive Potion"},{"floor":6.0,"key":"DuplicationPotion"},{"floor":29.0,"key":"GamblersBrew"},{"floor":35.0,"key":"SmokeBomb"},{"floor":46,"key":"ColorlessPotion"},{"floor":47,"key":"PowerPotion"},{"floor":48,"key":"DistilledChaos"}],"is_trial":false,"path_per_floor":["M","M","M","?","?","E","$","E","T","E","M","M","E","$","R","B",null,"M","?","$","M","M","E","R","?","T","E","M","E","?","M","R","B",null,"M","?","?","M","$","R","E","R","T","E","$","E","M","M","R","B",null],"character_chosen":"THE_SILENT","items_purchased":["Blade Dance","Oddly Smooth Stone","Lee\u0027s Waffle"],"campfire_rested":0,"item_purchase_floors":[14,39,45],"current_hp_per_floor":[70,70,70,75,64,62,62,62,62,58,57,57,60,60,60,60,82,82,82,82,82,80,80,80,80,80,76,80,75,90,80,80,80,94,96,96,96,99,99,99,101,101,101,103,111,102,106,110,110,110],"gold":89,"neow_bonus":"","is_daily":true,"chose_seed":false,"campfire_upgraded":6,"win_rate":0.0,"timestamp":1609603364,"path_taken":["M","M","?","?","?","E","?","E","T","E","?","M","E","$","R","BOSS","M","?","$","?","M","E","R","?","T","E","M","E","?","M","R","BOSS","M","?","?","M","$","R","E","R","T","E","$","E","M","?","R","BOSS"],"items_purchased_type":["Card","Relic","Relic"],"build_version":"2020-12-22","purchased_purges":4,"victory":true,"max_hp_per_floor":[70,70,70,75,75,75,75,75,75,75,75,75,82,82,82,82,82,82,82,82,82,82,82,82,82,82,84,88,90,90,94,94,94,94,96,96,96,100,100,100,102,102,102,104,111,113,117,121,121,121],"relic_stats":{"Lee\u0027s Waffle":8,"Singing Bowl":32,"Happy Flower":[11],"counters":[27,84],"PreservedInsect":411,"Snake Skull":[192],"Pen Nib":[14],"Orichalcum":[48],"Question Card":6,"Lizard Tail":0,"Mummified Hand":[225],"Shuriken":[12],"Prayer Wheel":11,"obtain_stats":[{"Potion Belt":46,"Lee\u0027s Waffle":45,"Singing Bowl":26,"Happy Flower":29,"SacredBark":34,"Oddly Smooth Stone":39,"PreservedInsect":8,"Snake Skull":10,"Pen Nib":23,"Orichalcum":9,"Question Card":41,"White Beast Statue":27,"Frozen Eye":0,"Lizard Tail":43,"Mummified Hand":3,"Shuriken":44,"Strawberry":13,"Prayer Wheel":6,"Coffee Dripper":17,"Ring of the Snake":0},{"Potion Belt":24,"Lee\u0027s Waffle":23,"Singing Bowl":14,"Happy Flower":17,"SacredBark":19,"Oddly Smooth Stone":21,"PreservedInsect":5,"Snake Skull":6,"Pen Nib":14,"Orichalcum":5,"Question Card":22,"White Beast Statue":15,"Frozen Eye":0,"Lizard Tail":22,"Mummified Hand":3,"Shuriken":23,"Strawberry":9,"Prayer Wheel":4,"Coffee Dripper":10,"Ring of the Snake":0},{"Potion Belt":71,"Lee\u0027s Waffle":68,"Singing Bowl":42,"Happy Flower":51,"SacredBark":59,"Oddly Smooth Stone":63,"PreservedInsect":17,"Snake Skull":20,"Pen Nib":42,"Orichalcum":17,"Question Card":66,"White Beast Statue":45,"Frozen Eye":0,"Lizard Tail":66,"Mummified Hand":7,"Shuriken":68,"Strawberry":27,"Prayer Wheel":12,"Coffee Dripper":32,"Ring of the Snake":0}],"Ring of the Snake":[54]},"card_choices":[{"not_picked":["Setup","Dagger Spray","Underhanded Strike"],"picked":"SKIP","floor":1.0},{"not_picked":["Bouncing Flask","Dodge and Roll"],"picked":"Accuracy","floor":2.0},{"not_picked":["Flechettes","Bane"],"picked":"Footwork","floor":3.0},{"not_picked":["Die Die Die","After Image"],"picked":"Envenom","floor":6.0},{"not_picked":["Venomology","Burst","Unload"],"picked":"SKIP","floor":8.0},{"not_picked":["Grand Finale","Storm of Steel","Burst"],"picked":"SKIP","floor":10.0},{"not_picked":["Tactician","Skewer","Poisoned Stab"],"picked":"SKIP","floor":11.0},{"not_picked":["Blur","Calculated Gamble","PiercingWail"],"picked":"SKIP","floor":11.0},{"not_picked":["Flying Knee","Choke","Deflect"],"picked":"SKIP","floor":12.0},{"not_picked":["Predator","Night Terror","Flying Knee"],"picked":"SKIP","floor":12.0},{"not_picked":["Night Terror","Unload"],"picked":"After Image","floor":13.0},{"not_picked":["Expertise","Reflex"],"picked":"Blade Dance","floor":18.0},{"not_picked":["Crippling Poison","Slice","Bane"],"picked":"SKIP","floor":18.0},{"not_picked":["Deflect","Leg Sweep","Quick Slash"],"picked":"SKIP","floor":21.0},{"not_picked":["Deflect+1","Backflip","Prepared"],"picked":"SKIP","floor":21.0},{"not_picked":["Dash","Caltrops","Backflip"],"picked":"SKIP","floor":22.0},{"not_picked":["Finisher+1","Grand Finale","Masterful Stab"],"picked":"SKIP","floor":22.0},{"not_picked":["After Image","Glass Knife","Unload"],"picked":"SKIP","floor":23.0},{"not_picked":["Envenom","Tools of the Trade","Phantasmal Killer"],"picked":"Singing Bowl","floor":27.0},{"not_picked":["Poisoned Stab","Prepared","Leg Sweep"],"picked":"Singing Bowl","floor":28.0},{"not_picked":["Underhanded Strike+1","Dagger Spray","Bane"],"picked":"Singing Bowl","floor":28.0},{"not_picked":["Unload","Tools of the Trade","Corpse Explosion"],"picked":"Singing Bowl","floor":29.0},{"not_picked":["Dagger Spray","All Out Attack+1","Flying Knee"],"picked":"Singing Bowl","floor":31.0},{"not_picked":["Dash","Deadly Poison","Prepared+1"],"picked":"Singing Bowl","floor":31.0},{"not_picked":["Storm of Steel","Night Terror"],"picked":"Adrenaline","floor":33.0},{"not_picked":["Dodge and Roll+1","Slice"],"picked":"Accuracy+1","floor":35.0},{"not_picked":["Sucker Punch+1","Underhanded Strike+1","Quick Slash"],"picked":"Singing Bowl","floor":35.0},{"not_picked":["Prepared+1","Sucker Punch","Underhanded Strike"],"picked":"Singing Bowl","floor":38},{"not_picked":["Dagger Spray","Poisoned Stab","Well Laid Plans+1"],"picked":"Singing Bowl","floor":38},{"not_picked":["Malaise","Doppelganger","Grand Finale"],"picked":"Singing Bowl","floor":41},{"not_picked":["Malaise","Storm of Steel","Adrenaline","Grand Finale"],"picked":"Singing Bowl","floor":44},{"not_picked":["Bullet Time","Venomology","Unload","Tools of the Trade"],"picked":"Singing Bowl","floor":46},{"not_picked":["Footwork+1","Underhanded Strike","Outmaneuver+1","Dagger Spray+1"],"picked":"Singing Bowl","floor":47},{"not_picked":["Bane+1","Acrobatics","Calculated Gamble","Backflip+1"],"picked":"Singing Bowl","floor":47},{"not_picked":["Quick Slash","Crippling Poison+1","Acrobatics","Deflect"],"picked":"Singing Bowl","floor":48},{"not_picked":["Reflex","Backflip+1","Sucker Punch+1","Acrobatics+1"],"picked":"SKIP","floor":48},{"not_picked":["Reflex","Backflip+1","Sucker Punch+1","Acrobatics+1"],"picked":"Singing Bowl","floor":48}],"player_experience":207657,"relics_obtained":[{"floor":6.0,"key":"Prayer Wheel"},{"floor":8.0,"key":"PreservedInsect"},{"floor":9.0,"key":"Orichalcum"},{"floor":10.0,"key":"Snake Skull"},{"floor":13.0,"key":"Strawberry"},{"floor":23.0,"key":"Pen Nib"},{"floor":26.0,"key":"Singing Bowl"},{"floor":27.0,"key":"White Beast Statue"},{"floor":29.0,"key":"Happy Flower"},{"floor":41,"key":"Question Card"},{"floor":43,"key":"Lizard Tail"},{"floor":44,"key":"Shuriken"},{"floor":46,"key":"Potion Belt"}],"event_choices":[{"damage_healed":0.0,"max_hp_gain":5.0,"max_hp_loss":0.0,"gold_gain":0.0,"event_name":"Big Fish","player_choice":"Donut","floor":4.0,"gold_loss":0.0,"damage_taken":0.0},{"damage_healed":0.0,"max_hp_gain":0.0,"max_hp_loss":0.0,"gold_gain":75.0,"event_name":"World of Goop","player_choice":"Gather Gold","floor":5.0,"gold_loss":0.0,"damage_taken":11.0},{"damage_healed":0.0,"max_hp_gain":0.0,"max_hp_loss":0.0,"gold_gain":0.0,"event_name":"The Woman in Blue","player_choice":"Bought 0 Potions","floor":19.0,"gold_loss":0.0,"damage_taken":0.0},{"damage_healed":0.0,"max_hp_gain":0.0,"max_hp_loss":0.0,"gold_gain":0.0,"event_name":"Ghosts","player_choice":"Ignored","floor":25.0,"gold_loss":0.0,"damage_taken":0.0},{"damage_healed":30.0,"max_hp_gain":0.0,"max_hp_loss":0.0,"gold_gain":0.0,"event_name":"The Library","player_choice":"Heal","floor":30.0,"gold_loss":0.0,"damage_taken":0.0},{"cards_removed":["Glass Knife"],"damage_healed":0.0,"max_hp_gain":0.0,"max_hp_loss":0.0,"gold_gain":0.0,"event_name":"Falling","player_choice":"Removed Attack","floor":36.0,"gold_loss":0.0,"damage_taken":0.0},{"damage_healed":0.0,"max_hp_gain":0.0,"max_hp_loss":0.0,"gold_gain":0.0,"event_name":"Upgrade Shrine","player_choice":"Upgraded","floor":37.0,"gold_loss":0.0,"damage_taken":0.0,"cards_upgraded":["Adrenaline"]}],"is_beta":false,"boss_relics":[{"not_picked":["Snecko Eye","Velvet Choker"],"picked":"Coffee Dripper"},{"not_picked":["Sozu","Empty Cage"],"picked":"SacredBark"}],"items_purged_floors":[7,14,20,45],"is_endless":false,"potions_floor_spawned":[1,2,6,18,21,28,29,31,33,35,38,41,44,46,47,48],"ascension_level":0}}