{"host":"p7j7o00jacnw7qzt","time":1609625040,"event":{"mods":["BaseMod","Colored Map","Colored Powertips","DeckTracker","Highlight Path","Minty Spire (QoL Compilation)","Relic Stats"],"gold_per_floor":[110,129,139,139,154,154,187,187,261,261,295,314,347,367,367,446,446,478,328,328,341,358,358,358,373,373,407,41,41,52,65,65,143,143,154,29,54,0,19,48,48,80,80,106,123,143,143,157,157,157,157,157,157,73,100,100],"floor_reached":57,"playtime":4024,"items_purged":["Strike_R","Strike_R","Bash"],"score":3193,"play_id":"328cec7a-8e12-435b-92a3-3571c70b524b","local_time":"20210102170400","is_ascension_mode":true,"campfire_choices":[{"data":"Carnage","floor":6.0,"key":"SMITH"},{"data":"Feed","floor":8.0,"key":"SMITH"},{"data":"Second Wind","floor":10.0,"key":"SMITH"},{"data":"Pommel Strike","floor":15.0,"key":"SMITH"},{"data":"Armaments","floor":23.0,"key":"SMITH"},{"data":"Dark Embrace","floor":29.0,"key":"SMITH"},{"data":"Feel No Pain","floor":32.0,"key":"SMITH"},{"floor":41.0,"key":"RECALL"},{"data":"Shockwave","floor":47.0,"key":"SMITH"},{"data":"Bloodletting","floor":49.0,"key":"SMITH"},{"data":"Entrench","floor":53.0,"key":"SMITH"}],"circlet_count":0,"master_deck":["AscendersBane","Defend_R","Defend_R","Defend_R","Carnage+1","Disarm","Second Wind+1","Feed+1","Disarm","Pommel Strike+1","Power Through","Offering","CurseOfTheBell","Battle Trance","Dark Embrace+1","Body Slam+1","Armaments+1","Warcry","Evolve","Reaper","Shrug It Off","Entrench+1","Feel No Pain+1","Impervious","Fiend Fire+1","Battle Trance+1","Corruption+1","Seeing Red","Dark Embrace","Warcry","Offering","Shockwave+1","Feel No Pain+1","Power Through","Bloodletting+1","Warcry"],"relics":["Burning Blood","NeowsBlessing","Thread and Needle","Mummified Hand","Bronze Scales","PreservedInsect","Calling Bell","MawBank","InkBottle","Prayer Wheel","Happy Flower","HornCleat","Astrolabe","Du-Vu Doll","Red Mask","Ancient Tea Set","Ice Cream","Ornamental Fan","Magic Flower","Self Forming Clay"],"acts_visited":["Exordium","TheCity","TheBeyond","TheEnding"],"potions_floor_usage":[56,56],"damage_taken":[{"damage":0.0,"enemies":"Small Slimes","floor":1.0,"turns":1.0},{"damage":0.0,"enemies":"Jaw Worm","floor":2.0,"turns":1.0},{"damage":0.0,"enemies":"2 Louse","floor":3.0,"turns":1.0},{"damage":1.0,"enemies":"2 Fungi Beasts","floor":5.0,"turns":3.0},{"damage":39.0,"enemies":"Lagavulin","floor":7.0,"turns":6.0},{"damage":2.0,"enemies":"Gremlin Nob","floor":11.0,"turns":3.0},{"damage":11.0,"enemies":"Blue Slaver","floor":12.0,"turns":5.0},{"damage":11.0,"enemies":"3 Sentries","floor":13.0,"turns":5.0},{"damage":0.0,"enemies":"Red Slaver","floor":14.0,"turns":2.0},{"damage":30.0,"enemies":"Hexaghost","floor":16.0,"turns":8.0},{"damage":22.0,"enemies":"Spheric Guardian","floor":18.0,"turns":4.0},{"damage":15.0,"enemies":"Shell Parasite","floor":21.0,"turns":5.0},{"damage":13.0,"enemies":"Shelled Parasite and Fungi","floor":22.0,"turns":6.0},{"damage":17.0,"enemies":"Centurion and Healer","floor":25.0,"turns":6.0},{"damage":34.0,"enemies":"Slavers","floor":27.0,"turns":7.0},{"damage":8.0,"enemies":"Snecko","floor":30.0,"turns":6.0},{"damage":6.0,"enemies":"Sentry and Sphere","floor":31.0,"turns":7.0},{"damage":46.0,"enemies":"Automaton","floor":33.0,"turns":12.0},{"damage":6.0,"enemies":"3 Darklings","floor":35.0,"turns":4.0},{"damage":6.0,"enemies":"Mind Bloom Boss Battle","floor":37.0,"turns":4.0},{"damage":6.0,"enemies":"Orb Walker","floor":39.0,"turns":3.0},{"damage":6.0,"enemies":"Giant Head","floor":40.0,"turns":3.0},{"damage":12.0,"enemies":"Nemesis","floor":42.0,"turns":3.0},{"damage":12.0,"enemies":"Reptomancer","floor":44.0,"turns":4.0},{"damage":12.0,"enemies":"Jaw Worm Horde","floor":45.0,"turns":3.0},{"damage":12.0,"enemies":"Transient","floor":46.0,"turns":4.0},{"damage":12.0,"enemies":"3 Darklings","floor":48.0,"turns":3.0},{"damage":24.0,"enemies":"Donu and Deca","floor":50.0,"turns":3.0},{"damage":41.0,"enemies":"Awakened One","floor":51.0,"turns":6.0},{"damage":26.0,"enemies":"Shield and Spear","floor":55.0,"turns":4.0},{"damage":42,"enemies":"The Heart","floor":56,"turns":5}],"seed_played":"-7733892951263705013","potions_obtained":[{"floor":1.0,"key":"BloodPotion"},{"floor":3.0,"key":"LiquidBronze"},{"floor":7.0,"key":"GamblersBrew"},{"floor":11.0,"key":"DistilledChaos"},{"floor":16.0,"key":"LiquidBronze"},{"floor":18.0,"key":"SpeedPotion"},{"floor":21.0,"key":"DuplicationPotion"},{"floor":31.0,"key":"SpeedPotion"},{"floor":33.0,"key":"Weak Potion"},{"floor":39.0,"key":"PowerPotion"}],"is_trial":false,"path_per_floor":["M","M","M","?","M","R","E","R","T","R","E","M","E","M","R","B",null,"M","$","?","M","M","R","?","M","T","E","$","R","M","M","R","B",null,"M","$","?","?","M","E","R","E","T","E","M","M","R","M","R","B","B",null,"R","$","E","B",null],"character_chosen":"IRONCLAD","items_purchased":["Dark Embrace","HornCleat","PowerPotion","Warcry"],"campfire_rested":0,"item_purchase_floors":[19,28,54,54],"current_hp_per_floor":[74,75,75,80,80,80,63,63,63,63,71,70,69,79,79,59,90,74,74,74,65,62,62,62,55,55,36,36,36,41,49,49,25,99,118,118,126,126,136,140,140,144,144,148,151,156,156,160,160,157,144,162,162,162,168,141],"gold":100,"neow_bonus":"THREE_ENEMY_KILL","is_daily":false,"chose_seed":false,"campfire_upgraded":10,"win_rate":0.0,"timestamp":1609625040,"path_taken":["M","M","M","?","M","R","E","R","T","R","E","M","E","M","R","BOSS","M","$","?","M","M","R","?","M","T","E","?","R","M","M","R","BOSS","M","$","?","?","M","E","R","E","T","E","M","M","R","M","R","BOSS","BOSS","R","$","E","BOSS"],"items_purchased_type":["Card","Relic","Potion","Card"],"build_version":"2020-12-22","purchased_purges":3,"victory":true,"max_hp_per_floor":[75,75,75,80,80,80,80,80,80,80,84,88,92,96,96,100,100,100,100,100,100,104,104,104,108,108,112,112,112,116,120,120,124,124,128,128,132,132,136,140,140,144,144,148,152,156,156,160,160,164,168,168,168,168,168,168],"relic_stats":{"Happy Flower":[24],"counters":[31,137],"Self Forming Clay":[27],"Astrolabe":["Fiend Fire","Battle Trance","Corruption"],"Magic Flower":[32],"PreservedInsect":357,"MawBank":24,"Burning Blood":175,"Mummified Hand":[94],"Ornamental Fan":[64],"Bronze Scales":[408],"Prayer Wheel":11,"obtain_stats":[{"Ice Cream":42,"NeowsBlessing":0,"Happy Flower":27,"Self Forming Clay":55,"Astrolabe":34,"Magic Flower":44,"Thread and Needle":7,"PreservedInsect":13,"MawBank":17,"Ancient Tea Set":40,"Burning Blood":0,"Calling Bell":17,"Du-Vu Doll":37,"HornCleat":28,"Mummified Hand":9,"Ornamental Fan":43,"Bronze Scales":11,"Prayer Wheel":17,"Red Mask":38,"InkBottle":17},{"Ice Cream":23,"NeowsBlessing":0,"Happy Flower":15,"Self Forming Clay":30,"Astrolabe":18,"Magic Flower":24,"Thread and Needle":5,"PreservedInsect":8,"MawBank":10,"Ancient Tea Set":22,"Burning Blood":0,"Calling Bell":10,"Du-Vu Doll":20,"HornCleat":15,"Mummified Hand":5,"Ornamental Fan":23,"Bronze Scales":6,"Prayer Wheel":10,"Red Mask":20,"InkBottle":10},{"Ice Cream":105,"NeowsBlessing":0,"Happy Flower":63,"Self Forming Clay":132,"Astrolabe":88,"Magic Flower":109,"Thread and Needle":12,"PreservedInsect":25,"MawBank":35,"Ancient Tea Set":102,"Burning Blood":0,"Calling Bell":35,"Du-Vu Doll":96,"HornCleat":63,"Mummified Hand":12,"Ornamental Fan":105,"Bronze Scales":15,"Prayer Wheel":35,"Red Mask":96,"InkBottle":35}],"InkBottle":[47]},"card_choices":[{"not_picked":["Body Slam","Heavy Blade"],"picked":"Carnage","floor":1.0},{"not_picked":["Iron Wave","Twin Strike","Reckless Charge"],"picked":"SKIP","floor":2.0},{"not_picked":["Thunderclap","Infernal Blade"],"picked":"Disarm","floor":3.0},{"not_picked":["Pummel","Bloodletting"],"picked":"Second Wind","floor":5.0},{"not_picked":["Hemokinesis","Havoc"],"picked":"Feed","floor":7.0},{"not_picked":["Searing Blow","Rage"],"picked":"Disarm","floor":11.0},{"not_picked":["Heavy Blade","Twin Strike"],"picked":"Pommel Strike","floor":12.0},{"not_picked":["Wild Strike","Bludgeon","Uppercut"],"picked":"SKIP","floor":13.0},{"not_picked":["Headbutt","Dropkick"],"picked":"Power Through","floor":14.0},{"not_picked":["Corruption","Feed"],"picked":"Offering","floor":16.0},{"not_picked":["Twin Strike","Second Wind"],"picked":"Battle Trance","floor":18.0},{"not_picked":["Sword Boomerang+1","Dropkick+1","Clothesline+1"],"picked":"SKIP","floor":18.0},{"not_picked":["Anger","Reckless Charge"],"picked":"Body Slam+1","floor":21.0},{"not_picked":["Dark Embrace","Pommel Strike"],"picked":"Armaments","floor":21.0},{"not_picked":["Twin Strike+1","Pommel Strike","Juggernaut"],"picked":"SKIP","floor":22.0},{"not_picked":["Pommel Strike","Body Slam","Warcry"],"picked":"SKIP","floor":22.0},{"not_picked":["Pommel Strike","Body Slam"],"picked":"Warcry","floor":22.0},{"not_picked":["Twin Strike+1","Pommel Strike","Juggernaut"],"picked":"SKIP","floor":22.0},{"not_picked":["Anger","Flame Barrier+1"],"picked":"Reaper","floor":25.0},{"not_picked":["Sword Boomerang+1","Armaments"],"picked":"Shrug It Off","floor":25.0},{"not_picked":["Headbutt+1","Clash"],"picked":"Entrench","floor":27.0},{"not_picked":["Clothesline","Flex"],"picked":"Feel No Pain","floor":30.0},{"not_picked":["Dark Embrace","Iron Wave","Armaments"],"picked":"SKIP","floor":30.0},{"not_picked":["Blood for Blood","Uppercut","Rage"],"picked":"SKIP","floor":31.0},{"not_picked":["Anger","Flex","Thunderclap"],"picked":"SKIP","floor":31.0},{"not_picked":["Demon Form","Exhume"],"picked":"Impervious","floor":33.0},{"not_picked":["Clothesline","Clash"],"picked":"Seeing Red","floor":35.0},{"not_picked":["Twin Strike+1","Perfected Strike","Headbutt"],"picked":"SKIP","floor":35.0},{"not_picked":["Second Wind","Pommel Strike+1"],"picked":"Dark Embrace","floor":39.0},{"not_picked":["Perfected Strike+1","Ghostly Armor"],"picked":"Warcry","floor":39.0},{"not_picked":["Wild Strike","Perfected Strike+1"],"picked":"Offering","floor":40.0},{"not_picked":["Shrug It Off","Seeing Red+1"],"picked":"Shockwave","floor":42.0},{"not_picked":["Iron Wave","Feed","Searing Blow"],"picked":"SKIP","floor":44.0},{"not_picked":["Iron Wave","Feed","Searing Blow"],"picked":"SKIP","floor":44.0},{"not_picked":["Iron Wave","Feed","Searing Blow"],"picked":"SKIP","floor":44.0},{"not_picked":["Uppercut+1","Pummel"],"picked":"Feel No Pain+1","floor":45.0},{"not_picked":["Pommel Strike+1","Seeing Red+1","True Grit"],"picked":"SKIP","floor":45.0},{"not_picked":["Berserk","Sword Boomerang"],"picked":"Power Through","floor":46.0},{"not_picked":["Heavy Blade","Headbutt","Flex"],"picked":"SKIP","floor":46.0},{"not_picked":["Wild Strike+1","Headbutt"],"picked":"Bloodletting","floor":48.0},{"not_picked":["Heavy Blade+1","Entrench","Clothesline+1"],"picked":"SKIP","floor":48.0},{"not_picked":["Body Slam","Flex+1","Clothesline"],"picked":"SKIP","floor":55.0}],"player_experience":927882,"relics_obtained":[{"floor":7.0,"key":"Thread and Needle"},{"floor":9.0,"key":"Mummified Hand"},{"floor":11.0,"key":"Bronze Scales"},{"floor":13.0,"key":"PreservedInsect"},{"floor":17.0,"key":"MawBank"},{"floor":17.0,"key":"InkBottle"},{"floor":17.0,"key":"Prayer Wheel"},{"floor":27.0,"key":"Happy Flower"},{"floor":37.0,"key":"Du-Vu Doll"},{"floor":40.0,"key":"Ancient Tea Set"},{"floor":42.0,"key":"Ice Cream"},{"floor":43.0,"key":"Ornamental Fan"},{"floor":44.0,"key":"Magic Flower"},{"floor":55.0,"key":"Self Forming Clay"}],"event_choices":[{"damage_healed":0.0,"max_hp_gain":5.0,"max_hp_loss":0.0,"gold_gain":0.0,"event_name":"Big Fish","player_choice":"Donut","floor":4.0,"gold_loss":0.0,"damage_taken":0.0},{"cards_removed":["Strike_R"],"damage_healed":0.0,"max_hp_gain":0.0,"max_hp_loss":0.0,"gold_gain":0.0,"event_name":"Back to Basics","player_choice":"Elegance","floor":20.0,"gold_loss":0.0,"damage_taken":0.0},{"damage_healed":0.0,"max_hp_gain":0.0,"max_hp_loss":0.0,"gold_gain":0.0,"event_name":"The Library","player_choice":"Read","floor":24.0,"gold_loss":0.0,"damage_taken":0.0,"cards_obtained":["Evolve"]},{"damage_healed":0.0,"max_hp_gain":0.0,"max_hp_loss":0.0,"gold_gain":0.0,"event_name":"MindBloom","player_choice":"Fight","floor":37.0,"gold_loss":0.0,"damage_taken":0.0},{"damage_healed":0.0,"max_hp_gain":0.0,"max_hp_loss":0.0,"gold_gain":0.0,"event_name":"Tomb of Lord Red Mask","player_choice":"Paid","floor":38.0,"gold_loss":54.0,"damage_taken":0.0,"relics_obtained":["Red Mask"]}],"is_beta":false,"boss_relics":[{"not_picked":["Mark of Pain","SacredBark"],"picked":"Calling Bell"},{"not_picked":["Coffee Dripper","Tiny House"],"picked":"Astrolabe"}],"items_purged_floors":[19,28,36],"is_endless":false,"potions_floor_spawned":[1,3,7,11,16,18,21,31,33,39,42,48],"ascension_level":20}}