{"host":"4vq2xwkpdrxril92","time":1609592461,"event":{"mods":["BaseMod","Card Forge","Energized Spire","Hubris","Infinite Spire","Minty Spire (QoL Compilation)","Quick Restart","Shop Mod","StSLib","The Cursed"],"gold_per_floor":[138,192,228,285,35,140,140,215,215,311,392,485,174,276,276,585,585,633,633,633,633,663,762,418,496,496],"floor_reached":25,"playtime":1035,"items_purged":[],"score":635,"play_id":"e282a0e1-588e-49e9-8682-fe4ac108bca6","local_time":"20210102220101","daily_mods":["SealedDeck","Vintage","Heirloom","Time Dilation","Flight","Cursed Run","Elite Swarm","Lethality","Midas"],"is_ascension_mode":false,"campfire_choices":[{"floor":15,"key":"REST"}],"circlet_count":0,"master_deck":["Reprogram+1","Gash+1","Gash+1","Gash+1","infinitespire:Gouge+1","Gash+1","infinitespire:Gouge+1","Genetic Algorithm+1","hubris:SpecializedCircuitry+1","infinitespire:Oblivion+1","Seek+1"],"relics":["Cursed Key","Darkstone Periapt","Du-Vu Doll","Hammer of Thor","Seething Fire","Anvil of the Gods","Unceasing Top","hubris:SlimyHat","infinitespire:Lucky Rock","Shuriken","hubris:SoftwareUpdate","Blood Vial","hubris:GlazedTorus","Vajra","Art of War","Turnip","MerchantsRug","FossilizedHelix","Ornamental Fan","hubris:ScarierMask","Happy Flower","MutagenicStrength","PreservedInsect","Singing Bowl","hubris:BundleOfHerbs","Matryoshka","ClockworkSouvenir","infinitespire:BottledMercury"],"acts_visited":["Exordium","TheCity"],"potions_floor_usage":[],"damage_taken":[{"damage":0,"enemies":"Cultist","floor":1,"turns":1},{"damage":0,"enemies":"Jaw Worm","floor":3,"turns":1},{"damage":0,"enemies":"Small Slimes","floor":4,"turns":1},{"damage":0,"enemies":"Gremlin Nob","floor":6,"turns":1},{"damage":0,"enemies":"3 Sentries","floor":8,"turns":1},{"damage":0,"enemies":"Gremlin Nob","floor":10,"turns":1},{"damage":0,"enemies":"Lagavulin","floor":11,"turns":1},{"damage":0,"enemies":"Gremlin Nob","floor":12,"turns":1},{"damage":0,"enemies":"Lagavulin","floor":14,"turns":1},{"damage":0,"enemies":"Slime Boss","floor":16,"turns":1},{"damage":0,"enemies":"Spheric Guardian","floor":18,"turns":2},{"damage":0,"enemies":"2 Thieves","floor":22,"turns":2},{"damage":0,"enemies":"Book of Stabbing","floor":23,"turns":1},{"damage":12,"enemies":"Gremlin Leader","floor":25,"turns":2}],"seed_played":"-6330521688014061091","potions_obtained":[{"floor":4,"key":"Energy Potion"},{"floor":6,"key":"PotionOfCapacity"},{"floor":12,"key":"DistilledChaos"},{"floor":16,"key":"SkillPotion"},{"floor":18,"key":"BlessingOfTheForge"},{"floor":22,"key":"SteroidPotion"},{"floor":25,"key":"SmokeBomb"}],"is_trial":true,"path_per_floor":["M","T","M","M","$","E","?","E","T","E","E","E","$","E","R","B",null,"M","?","?","AVR","M","E","$","E"],"character_chosen":"DEFECT","items_purchased":["hubris:SoftwareUpdate","MerchantsRug","FossilizedHelix","Matryoshka","ClockworkSouvenir"],"campfire_rested":1,"item_purchase_floors":[5,13,13,24,24],"current_hp_per_floor":[75,81,81,81,81,81,86,86,92,92,92,92,92,92,92,98,98,98,98,98,98,98,98,98,88,88],"gold":496,"neow_bonus":"","is_daily":false,"chose_seed":false,"campfire_upgraded":0,"win_rate":0.0,"timestamp":1609592461,"path_taken":["M","?","M","M","$","E","?","E","T","E","E","E","$","E","R","BOSS","M","?","?","AVR","?","E","$","E"],"items_purchased_type":["Relic","Relic","Relic","Relic","Relic"],"build_version":"2020-12-22","purchased_purges":0,"victory":false,"max_hp_per_floor":[75,81,81,81,81,81,86,86,92,92,92,92,92,92,92,98,98,98,98,98,98,98,98,98,100,100],"card_choices":[{"not_picked":["Buffer","All For One","Core Surge"],"picked":"SKIP","floor":6},{"not_picked":["hubris:SpecializedCircuitry","Meteor Strike","Machine Learning"],"picked":"SKIP","floor":8},{"not_picked":["Fission","Amplify","hubris:Prefetch"],"picked":"SKIP","floor":10},{"not_picked":["Machine Learning","Multi-Cast","Rainbow"],"picked":"SKIP","floor":11},{"not_picked":["Thunder Strike","Reboot","hubris:Prefetch"],"picked":"SKIP","floor":12},{"not_picked":["Creative AI","Machine Learning","hubris:Prefetch"],"picked":"SKIP","floor":14},{"not_picked":["hubris:DoWhile","Buffer"],"picked":"hubris:SpecializedCircuitry","floor":16},{"not_picked":["Amplify","Thunder Strike"],"picked":"Seek","floor":23},{"not_picked":["Core Surge","Fission","hubris:Prefetch"],"picked":"Singing Bowl","floor":25}],"player_experience":1161331,"relics_obtained":[{"floor":1,"key":"hubris:SlimyHat"},{"floor":2,"key":"infinitespire:Lucky Rock"},{"floor":3,"key":"hubris:CrystalStatue"},{"floor":4,"key":"Shuriken"},{"floor":6,"key":"Blood Vial"},{"floor":8,"key":"hubris:GlazedTorus"},{"floor":9,"key":"Vajra"},{"floor":10,"key":"Art of War"},{"floor":11,"key":"Turnip"},{"floor":12,"key":"Whetstone"},{"floor":14,"key":"Ornamental Fan"},{"floor":18,"key":"Happy Flower"},{"floor":22,"key":"Singing Bowl"},{"floor":23,"key":"hubris:BundleOfHerbs"},{"floor":25,"key":"infinitespire:BottledMercury"}],"event_choices":[{"damage_healed":0,"gold_gain":0,"player_choice":"Donut","damage_taken":0,"max_hp_gain":5,"max_hp_loss":0,"event_name":"Big Fish","floor":7,"gold_loss":0},{"damage_healed":0,"gold_gain":0,"player_choice":"Inject Mutagens","damage_taken":0,"relics_obtained":["MutagenicStrength"],"max_hp_gain":0,"max_hp_loss":0,"event_name":"Drug Dealer","floor":19,"gold_loss":0},{"damage_healed":0,"gold_gain":0,"player_choice":"Ignored","damage_taken":0,"max_hp_gain":0,"max_hp_loss":0,"event_name":"NoteForYourself","floor":20,"gold_loss":0}],"is_beta":false,"boss_relics":[{"not_picked":["hubris:CrackedHourglass","energizedSpire:DeadBattery"],"picked":"hubris:ScarierMask"}],"items_purged_floors":[],"is_endless":false,"potions_floor_spawned":[4,6,12,16,18,22,25],"killed_by":"Gremlin Leader","ascension_level":0}}