{"host":"vl29iwkwnyytuw8q","time":1609602773,"event":{"mods":["BaseMod","Minty Spire (QoL Compilation)","Permanent Neow","Relic Stats","StSLib"],"gold_per_floor":[119,134,146,157,157,157,157,157],"floor_reached":7,"playtime":213,"items_purged":[],"score":86,"play_id":"7b18aa2a-7e42-4857-80d4-afa27ef84e45","local_time":"20210102165253","is_ascension_mode":true,"campfire_choices":[{"data":"Neutralize","floor":6.0,"key":"SMITH"}],"circlet_count":0,"master_deck":["AscendersBane","Strike_G","Strike_G","Strike_G","Strike_G","Defend_G","Defend_G","Defend_G","Defend_G","Defend_G","Survivor","Neutralize+1","CurseOfTheBell","Deflect","Skewer","Footwork"],"relics":["Calling Bell","Oddly Smooth Stone","Matryoshka","Turnip"],"acts_visited":["Exordium"],"potions_floor_usage":[7],"damage_taken":[{"damage":0.0,"enemies":"2 Louse","floor":1.0,"turns":3.0},{"damage":4.0,"enemies":"Cultist","floor":2.0,"turns":6.0},{"damage":11.0,"enemies":"Jaw Worm","floor":3.0,"turns":5.0},{"damage":9.0,"enemies":"3 Louse","floor":4.0,"turns":4.0},{"damage":48,"enemies":"Lagavulin","floor":7,"turns":10}],"seed_played":"-3615002698405244581","potions_obtained":[{"floor":2.0,"key":"DistilledChaos"}],"is_trial":false,"path_per_floor":["M","M","M","M","?","R","E"],"character_chosen":"THE_SILENT","items_purchased":[],"campfire_rested":0,"item_purchase_floors":[],"current_hp_per_floor":[59,55,44,35,35,35,0,0],"gold":157,"neow_bonus":"BOSS_RELIC","is_daily":false,"chose_seed":false,"campfire_upgraded":1,"win_rate":0.0,"timestamp":1609602773,"path_taken":["M","M","M","M","?","R","E"],"items_purchased_type":[],"build_version":"2020-12-22","purchased_purges":0,"victory":false,"max_hp_per_floor":[66,66,66,66,66,66,66,66],"relic_stats":{"counters":[5,28],"Turnip":[0],"obtain_stats":[{"Calling Bell":0,"Matryoshka":0,"Oddly Smooth Stone":0,"Turnip":0,"Ring of the Snake":0},{"Calling Bell":0,"Matryoshka":0,"Oddly Smooth Stone":0,"Turnip":0,"Ring of the Snake":0},{"Calling Bell":0,"Matryoshka":0,"Oddly Smooth Stone":0,"Turnip":0,"Ring of the Snake":0}]},"card_choices":[{"not_picked":["Sucker Punch","Tactician"],"picked":"Deflect","floor":1.0},{"not_picked":["Doppelganger","Dagger Throw"],"picked":"Skewer","floor":2.0},{"not_picked":["Prepared","Choke","Reflex"],"picked":"SKIP","floor":3.0},{"not_picked":["Eviscerate","Escape Plan"],"picked":"Footwork","floor":4.0}],"player_experience":617370,"relics_obtained":[{"floor":0.0,"key":"Oddly Smooth Stone"},{"floor":0.0,"key":"Matryoshka"},{"floor":0.0,"key":"Turnip"}],"event_choices":[{"cards_removed":["Strike_G"],"damage_healed":0.0,"max_hp_gain":0.0,"max_hp_loss":0.0,"gold_gain":0.0,"event_name":"Bonfire Elementals","player_choice":"Offered Basic","floor":5.0,"gold_loss":0.0,"damage_taken":0.0}],"is_beta":false,"boss_relics":[],"items_purged_floors":[],"is_endless":false,"potions_floor_spawned":[2],"killed_by":"Lagavulin","ascension_level":20}}