{"host":"ujyomg7d1f18u2we","time":1609620669,"event":{"mods":["AchievementEnabler","AlwaysNeverKeys","Aspiration","BaseMod","Colored Map","DeckTracker","Gremlin Skip","Highlight Path","Hubris","Minty Spire (QoL Compilation)","Quick Restart","Random Character Button","StSLib"],"gold_per_floor":[118,136,136,136,136,169,179,179,228,256,256,286,305,323,323,422,422,433,343,268,268,112,112,125,125,125,169,169,194,223,254,266,278,278],"floor_reached":33,"playtime":607,"items_purged":["Grand Finale"],"score":353,"play_id":"562bc11a-7342-492f-80e5-82bbd13fa12b","local_time":"20210102175109","is_ascension_mode":false,"campfire_choices":[{"data":"Perfected Strike","floor":8,"key":"SMITH"},{"data":"Bash","floor":11,"key":"SMITH"},{"data":"Cleave","floor":15,"key":"SMITH"},{"data":"Cold Snap","floor":23,"key":"SMITH"},{"data":"Spot Weakness","floor":25,"key":"SMITH"},{"data":"Strike_R","floor":32,"key":"SMITH"}],"circlet_count":0,"master_deck":["Strike_R+1","Strike_R","Strike_R","Strike_R+1","Defend_R","Defend_R","Bash+1","Perfected Strike+1","Twin Strike+1","Cold Snap+1","Cleave+1","Ghostly Armor+1","Spot Weakness+1","Shrug It Off+1"],"relics":["Burning Blood","NeowsBlessing","Happy Flower","Art of War","Eternal Feather","Red Skull","hubris:RunicObelisk","Lee\u0027s Waffle","Omamori","CeramicFish","hubris:BottledHeart","MawBank"],"acts_visited":["Exordium","TheCity"],"potions_floor_usage":[10,12,18,24,27,27,33],"damage_taken":[{"damage":0,"enemies":"Small Slimes","floor":1,"turns":1},{"damage":0,"enemies":"2 Louse","floor":2,"turns":1},{"damage":0,"enemies":"Lagavulin","floor":6,"turns":1},{"damage":4,"enemies":"Cultist","floor":7,"turns":3},{"damage":18,"enemies":"Gremlin Nob","floor":10,"turns":4},{"damage":2,"enemies":"3 Sentries","floor":12,"turns":2},{"damage":5,"enemies":"2 Fungi Beasts","floor":13,"turns":3},{"damage":16,"enemies":"Exordium Thugs","floor":14,"turns":3},{"damage":28,"enemies":"Slime Boss","floor":16,"turns":8},{"damage":15,"enemies":"2 Thieves","floor":18,"turns":3},{"damage":3,"enemies":"3 Byrds","floor":24,"turns":4},{"damage":1,"enemies":"Book of Stabbing","floor":27,"turns":4},{"damage":0,"enemies":"Slavers","floor":29,"turns":4},{"damage":0,"enemies":"Centurion and Healer","floor":30,"turns":4},{"damage":0,"enemies":"Snecko","floor":31,"turns":5},{"damage":4,"enemies":"Champ","floor":33,"turns":8}],"seed_played":"7530067395279706157","potions_obtained":[{"floor":2,"key":"GamblersBrew"},{"floor":6,"key":"Ancient Potion"},{"floor":7,"key":"DistilledChaos"},{"floor":10,"key":"EssenceOfSteel"},{"floor":14,"key":"Weak Potion"},{"floor":16,"key":"DuplicationPotion"},{"floor":18,"key":"Fire Potion"},{"floor":30,"key":"Strength Potion"}],"is_trial":false,"path_per_floor":["M","M","$","?","?","E","M","R","T","E","R","E","M","M","R","B",null,"M","?","$","?","$","R","M","R","T","E","?","E","M","M","R","B"],"character_chosen":"IRONCLAD","items_purchased":["Lee\u0027s Waffle"],"campfire_rested":0,"item_purchase_floors":[22],"current_hp_per_floor":[80,80,80,80,80,80,80,80,80,68,74,78,79,69,75,53,80,71,71,71,71,87,87,87,87,87,87,1,1,1,1,1,0,0],"gold":278,"neow_bonus":"THREE_ENEMY_KILL","is_daily":false,"chose_seed":false,"campfire_upgraded":6,"win_rate":0.0,"timestamp":1609620669,"path_taken":["M","M","$","?","?","E","M","R","T","E","R","E","?","M","R","BOSS","M","?","?","?","$","R","M","R","T","E","?","E","M","?","R","BOSS"],"items_purchased_type":["Relic"],"build_version":"2020-12-22","purchased_purges":1,"victory":false,"max_hp_per_floor":[80,80,80,80,80,80,80,80,80,80,80,80,80,80,80,80,80,80,80,80,80,87,87,87,87,87,87,1,1,1,1,1,1,1],"card_choices":[{"not_picked":["Cleave","True Grit"],"picked":"Perfected Strike","floor":1},{"not_picked":["Flame Barrier","Infernal Blade"],"picked":"Twin Strike","floor":2},{"not_picked":["Havoc","Iron Wave","Headbutt"],"picked":"SKIP","floor":6},{"not_picked":["Heavy Blade","Flex"],"picked":"Cleave","floor":7},{"not_picked":["Entrench","Sword Boomerang","Iron Wave"],"picked":"SKIP","floor":10},{"not_picked":["Sever Soul","Sentinel","Anger"],"picked":"SKIP","floor":12},{"not_picked":["Headbutt","Body Slam","True Grit"],"picked":"SKIP","floor":13},{"not_picked":["Pommel Strike","Headbutt","True Grit"],"picked":"SKIP","floor":14},{"not_picked":["Heavy Blade","Body Slam"],"picked":"Ghostly Armor+1","floor":18},{"not_picked":["Armaments+1","Iron Wave"],"picked":"Spot Weakness","floor":24},{"not_picked":["Corruption","Inflame"],"picked":"Shrug It Off+1","floor":27},{"not_picked":["Iron Wave","Body Slam","Combust+1"],"picked":"SKIP","floor":29},{"not_picked":["Thunderclap","Headbutt","Dropkick"],"picked":"SKIP","floor":30},{"not_picked":["Pommel Strike","Dark Embrace+1","Intimidate"],"picked":"SKIP","floor":31}],"player_experience":1570821,"relics_obtained":[{"floor":6,"key":"Happy Flower"},{"floor":9,"key":"Art of War"},{"floor":10,"key":"Eternal Feather"},{"floor":12,"key":"Red Skull"},{"floor":26,"key":"Omamori"},{"floor":27,"key":"CeramicFish"},{"floor":29,"key":"MawBank"}],"event_choices":[{"cards_removed":["Malaise"],"damage_healed":0,"gold_gain":0,"player_choice":"Took Card","damage_taken":0,"max_hp_gain":0,"max_hp_loss":0,"event_name":"NoteForYourself","floor":5,"gold_loss":0,"cards_obtained":["Cold Snap"]},{"cards_removed":["Reflex"],"damage_healed":0,"gold_gain":0,"player_choice":"Upgrade and Remove","damage_taken":0,"max_hp_gain":0,"max_hp_loss":0,"event_name":"Designer","floor":19,"gold_loss":90,"cards_upgraded":["Strike_R"]}],"is_beta":false,"boss_relics":[{"not_picked":["aspiration:WatcherSkillbook","Calling Bell"],"picked":"hubris:RunicObelisk"}],"items_purged_floors":[20],"is_endless":false,"potions_floor_spawned":[2,6,7,10,14,16,18,30],"killed_by":"Champ","ascension_level":0}}