{"host":"xcuflocadasoaqda","time":1609569329,"event":{"mods":["BaseMod","Bestiary","Filter the Spire","Minty Spire (QoL Compilation)","Relic Stats"],"gold_per_floor":[118,83,98,98,112,112,141,31,31,31,31,31,51,64,64,159,159,178,178,178,189,33,33,83,117,143,143,155,169,169,196,196,269,269,287,287,298,298,314,340,354,382,382,393,411,411,48,61,61,61,61,61,61,61,61,61],"floor_reached":55,"playtime":3297,"items_purged":["Stack","Steam"],"score":1984,"play_id":"baeb8ca5-80fb-4c60-96c4-cb318eec7fec","local_time":"20210102003529","is_ascension_mode":true,"campfire_choices":[{"data":"Defragment","floor":6.0,"key":"SMITH"},{"floor":11.0,"key":"REST"},{"data":"Loop","floor":15.0,"key":"SMITH"},{"floor":23,"key":"REST"},{"data":"Hologram","floor":27,"key":"SMITH"},{"data":"Capacitor","floor":32,"key":"SMITH"},{"floor":46,"key":"RECALL"},{"floor":49,"key":"REST"},{"data":"Biased Cognition","floor":53,"key":"SMITH"}],"circlet_count":0,"master_deck":["AscendersBane","Zap","Dualcast","Conserve Battery","Compile Driver","Amplify","Loop+1","Barrage","Echo Form","Defragment+1","FTL+1","Core Surge+1","Undo","Coolheaded","Hologram+1","Glacier","BootSequence","Capacitor+1","Biased Cognition+1","Go for the Eyes+1","Meteor Strike","Consume+1","Capacitor","Dark Shackles"],"relics":["Pandora\u0027s Box","HornCleat","Bottled Tornado","Unceasing Top","Bloody Idol","Runic Dome","Centennial Puzzle","Whetstone","Mummified Hand","Runic Pyramid","Sundial","Anchor","DataDisk"],"acts_visited":["Exordium","TheCity","TheBeyond","TheEnding"],"potions_floor_usage":[],"damage_taken":[{"damage":23.0,"enemies":"Jaw Worm","floor":1.0,"turns":4.0},{"damage":13.0,"enemies":"2 Louse","floor":3.0,"turns":4.0},{"damage":7.0,"enemies":"Small Slimes","floor":5.0,"turns":3.0},{"damage":46.0,"enemies":"Gremlin Nob","floor":7.0,"turns":5.0},{"damage":4.0,"enemies":"3 Louse","floor":13.0,"turns":4.0},{"damage":0.0,"enemies":"2 Fungi Beasts","floor":14.0,"turns":4.0},{"damage":26.0,"enemies":"The Guardian","floor":16.0,"turns":8.0},{"damage":9.0,"enemies":"Chosen","floor":18.0,"turns":4.0},{"damage":16,"enemies":"3 Byrds","floor":21,"turns":8},{"damage":6,"enemies":"Book of Stabbing","floor":25,"turns":7},{"damage":0,"enemies":"Snecko","floor":28,"turns":5},{"damage":6,"enemies":"Centurion and Healer","floor":29,"turns":6},{"damage":13,"enemies":"Gremlin Leader","floor":31,"turns":11},{"damage":0,"enemies":"Automaton","floor":33,"turns":13},{"damage":0,"enemies":"3 Darklings","floor":35,"turns":6},{"damage":0,"enemies":"Orb Walker","floor":37,"turns":6},{"damage":17,"enemies":"Transient","floor":39,"turns":6},{"damage":0,"enemies":"Giant Head","floor":40,"turns":11},{"damage":6,"enemies":"Writhing Mass","floor":41,"turns":6},{"damage":32,"enemies":"Reptomancer","floor":42,"turns":9},{"damage":3,"enemies":"4 Shapes","floor":44,"turns":9},{"damage":7,"enemies":"Spire Growth","floor":45,"turns":5},{"damage":19,"enemies":"Transient","floor":48,"turns":6},{"damage":12,"enemies":"Awakened One","floor":50,"turns":22},{"damage":4,"enemies":"Donu and Deca","floor":51,"turns":9},{"damage":51,"enemies":"Shield and Spear","floor":55,"turns":2}],"seed_played":"-3648995485939677760","potions_obtained":[{"floor":5.0,"key":"SpeedPotion"},{"floor":7.0,"key":"Ancient Potion"},{"floor":21,"key":"FocusPotion"},{"floor":28,"key":"LiquidMemories"}],"is_trial":false,"path_per_floor":["M","?","M","?","M","R","E","$","T","?","R","?","M","M","R","B",null,"M","?","?","M","$","R","?","E","T","R","M","M","$","E","R","B",null,"M","?","M","?","M","E","M","E","T","M","M","R","$","M","R","B","B",null,"R","$","E"],"character_chosen":"DEFECT","items_purchased":["Coolheaded","Steam","BootSequence","DataDisk","Dark Shackles"],"campfire_rested":3,"item_purchase_floors":[8,8,22,47,47],"current_hp_per_floor":[41,58,45,68,61,61,15,15,15,10,31,31,27,27,27,1,48,39,39,39,28,28,47,52,51,56,56,61,60,60,52,52,57,62,64,61,61,61,49,54,53,26,26,28,26,26,26,12,30,18,14,49,49,49,0,0],"gold":61,"neow_bonus":"BOSS_RELIC","is_daily":false,"chose_seed":false,"campfire_upgraded":5,"win_rate":0.0,"timestamp":1609569329,"path_taken":["M","?","M","?","M","R","E","?","T","?","R","?","M","M","R","BOSS","M","?","?","M","$","R","?","E","T","R","M","?","$","E","R","BOSS","M","?","M","?","M","E","M","E","T","M","M","R","$","?","R","BOSS","BOSS","R","$","E"],"items_purchased_type":["Card","Card","Card","Relic","Card"],"build_version":"2020-12-22","purchased_purges":2,"victory":false,"max_hp_per_floor":[71,71,71,71,71,71,71,71,71,71,71,64,64,64,64,64,64,64,64,64,64,64,64,64,64,64,64,64,64,64,64,64,64,64,64,61,61,61,61,61,61,61,61,61,61,61,61,61,61,61,61,61,61,61,61,61],"relic_stats":{"Centennial Puzzle":[33],"counters":[26,181],"Mummified Hand":[156],"Sundial":[8],"Bloody Idol":77,"Pandora\u0027s Box":["Conserve Battery","Compile Driver","Static Discharge","Amplify","Stack","Loop","Barrage","Echo Form"],"Whetstone":["FTL","Core Surge"],"obtain_stats":[{"Golden Idol":12,"Whetstone":26,"Bottled Tornado":9,"Runic Dome":17,"Centennial Puzzle":25,"Anchor":42,"DataDisk":47,"HornCleat":7,"Mummified Hand":31,"Sundial":40,"Bloody Idol":20,"Pandora\u0027s Box":0,"Cracked Core":0,"Unceasing Top":10,"Runic Pyramid":34},{"Golden Idol":4,"Whetstone":10,"Bottled Tornado":4,"Runic Dome":7,"Centennial Puzzle":10,"Anchor":20,"DataDisk":22,"HornCleat":4,"Mummified Hand":13,"Sundial":18,"Bloody Idol":8,"Pandora\u0027s Box":0,"Cracked Core":0,"Unceasing Top":4,"Runic Pyramid":14},{"Golden Idol":16,"Whetstone":50,"Bottled Tornado":16,"Runic Dome":32,"Centennial Puzzle":50,"Anchor":129,"DataDisk":143,"HornCleat":16,"Mummified Hand":72,"Sundial":114,"Bloody Idol":36,"Pandora\u0027s Box":0,"Cracked Core":0,"Unceasing Top":16,"Runic Pyramid":85}],"Unceasing Top":[0]},"card_choices":[{"not_picked":["Steam","Storm"],"picked":"Defragment","floor":1.0},{"not_picked":["Sweeping Beam","Tempest"],"picked":"FTL","floor":3.0},{"not_picked":["Gash","Redo"],"picked":"Core Surge","floor":5.0},{"not_picked":["Turbo","Steam"],"picked":"Undo","floor":7.0},{"not_picked":["Conserve Battery","Storm","Skim"],"picked":"SKIP","floor":13.0},{"not_picked":["Go for the Eyes","Stack"],"picked":"Hologram","floor":14.0},{"not_picked":["Cold Snap","Loop+1"],"picked":"Glacier","floor":18.0},{"not_picked":["Stack","Steam","Rebound"],"picked":"SKIP","floor":21},{"not_picked":["Tempest+1","White Noise","Compile Driver"],"picked":"SKIP","floor":25},{"not_picked":["Fusion","Compile Driver+1","Tempest+1"],"picked":"SKIP","floor":28},{"not_picked":["Beam Cell","Barrage+1","Steam Power"],"picked":"SKIP","floor":29},{"not_picked":["Echo Form","Sunder+1"],"picked":"Capacitor","floor":31},{"not_picked":["Hyperbeam","Machine Learning"],"picked":"Biased Cognition","floor":33},{"not_picked":["Cold Snap+1","Melter"],"picked":"Go for the Eyes+1","floor":35},{"not_picked":["Hologram","Chaos","Beam Cell+1"],"picked":"SKIP","floor":37},{"not_picked":["Stack","Gash"],"picked":"Consume+1","floor":39},{"not_picked":["All For One","Compile Driver","Chaos"],"picked":"SKIP","floor":40},{"not_picked":["Blizzard","Barrage+1"],"picked":"Capacitor","floor":41},{"not_picked":["Go for the Eyes","Leap","Conserve Battery"],"picked":"SKIP","floor":42},{"not_picked":["Steam+1","Tempest","Ball Lightning"],"picked":"SKIP","floor":44},{"not_picked":["Skim","Loop","Chill"],"picked":"SKIP","floor":45},{"not_picked":["Cold Snap","Gash","Aggregate"],"picked":"SKIP","floor":48}],"player_experience":1853788,"relics_obtained":[{"floor":7.0,"key":"HornCleat"},{"floor":9.0,"key":"Bottled Tornado"},{"floor":25,"key":"Centennial Puzzle"},{"floor":26,"key":"Whetstone"},{"floor":31,"key":"Mummified Hand"},{"floor":40,"key":"Sundial"},{"floor":42,"key":"Anchor"}],"event_choices":[{"damage_healed":17.0,"max_hp_gain":0.0,"max_hp_loss":0.0,"gold_gain":0.0,"event_name":"The Cleric","player_choice":"Healed","floor":2.0,"gold_loss":35.0,"damage_taken":0.0},{"damage_healed":23.0,"max_hp_gain":0.0,"max_hp_loss":0.0,"gold_gain":0.0,"event_name":"Big Fish","player_choice":"Banana","floor":4.0,"gold_loss":0.0,"damage_taken":0.0},{"damage_healed":0.0,"max_hp_gain":0.0,"max_hp_loss":0.0,"gold_gain":0.0,"event_name":"Scrap Ooze","player_choice":"Success","floor":10.0,"gold_loss":0.0,"damage_taken":5.0,"relics_obtained":["Unceasing Top"]},{"damage_healed":0.0,"max_hp_gain":0.0,"max_hp_loss":7.0,"gold_gain":0.0,"event_name":"Golden Idol","player_choice":"Lose Max HP","floor":12.0,"gold_loss":0.0,"damage_taken":0.0,"relics_obtained":["Golden Idol"]},{"damage_healed":0.0,"max_hp_gain":0.0,"max_hp_loss":0.0,"gold_gain":0.0,"event_name":"The Mausoleum","player_choice":"Ignored","floor":19.0,"gold_loss":0.0,"damage_taken":0.0},{"damage_healed":0.0,"max_hp_gain":0.0,"max_hp_loss":0.0,"gold_gain":0.0,"event_name":"Forgotten Altar","player_choice":"Gave Idol","floor":20.0,"relics_lost":["Golden Idol"],"gold_loss":0.0,"damage_taken":0.0,"relics_obtained":["Bloody Idol"]},{"damage_healed":0,"gold_gain":50,"player_choice":"Pray","damage_taken":0,"max_hp_gain":0,"max_hp_loss":0,"event_name":"Golden Shrine","floor":24,"gold_loss":0},{"damage_healed":0,"gold_gain":0,"player_choice":"Max HP","damage_taken":0,"max_hp_gain":0,"max_hp_loss":3,"event_name":"Winding Halls","floor":36,"gold_loss":0},{"damage_healed":0,"gold_gain":0,"cards_transformed":["Static Discharge"],"player_choice":"Transformed","damage_taken":0,"max_hp_gain":0,"max_hp_loss":0,"event_name":"Transmorgrifier","floor":38,"gold_loss":0,"cards_obtained":["Meteor Strike"]}],"is_beta":false,"boss_relics":[{"not_picked":["Empty Cage","Fusion Hammer"],"picked":"Runic Dome"},{"not_picked":["Astrolabe","Philosopher\u0027s Stone"],"picked":"Runic Pyramid"}],"items_purged_floors":[22,47],"is_endless":false,"potions_floor_spawned":[5,7,14,21,28,37,40,42],"killed_by":"Shield and Spear","ascension_level":20}}