{"host":"lki8juf1kofnt8am","time":1609563310,"event":{"mods":["Ascension Reborn","BaseMod","BetterRewards","Conspire","Downfall","Friendly Minions","Hermit","Hubris","Minty Spire (QoL Compilation)","Shade Mod","StSLib","The Mystic","The Necromancer"],"gold_per_floor":[99,122,136,152,170,132,157,171,13,33,33,33,33,33,50,50,50,50],"floor_reached":16,"playtime":1740,"items_purged":[],"score":117,"play_id":"6f32cfac-2329-4e04-8ae2-71373fdf50de","local_time":"20210101235510","is_ascension_mode":true,"campfire_choices":[{"floor":1,"key":"RECALL"},{"data":"Slimebound:MassFeed","floor":11,"key":"SMITH"},{"data":"Slimebound:Split","floor":13,"key":"SMITH"}],"circlet_count":0,"master_deck":["Slimebound:Strike_Slimebound","Slimebound:Strike_Slimebound","Slimebound:Strike_Slimebound","Slimebound:Tackle","Slimebound:Defend_Slimebound","Slimebound:Defend_Slimebound","Slimebound:Defend_Slimebound","Slimebound:Defend_Slimebound","Slimebound:Split+1","Slimebound:CorrosiveSpit","Slimebound:SlimeSpikes","Slimebound:GoopSpray","Slimebound:RejuvenatingLick","Slimebound:MassFeed+1","Slimebound:RollThrough","Slimebound:SplitBruiser","Slimebound:SlimeTap","Slimebound:FormOfPuddle","Slimebound:ViciousTackle"],"relics":["Slimebound:AbsorbEndCombat","Smiling Mask","Lantern","downfall:BrokenWingStatue"],"acts_visited":["Exordium"],"potions_floor_usage":[9,16],"damage_taken":[{"damage":4,"enemies":"Cultist","floor":3,"turns":3},{"damage":9,"enemies":"conspire:RoseBush","floor":4,"turns":3},{"damage":11,"enemies":"2 Louse","floor":5,"turns":3},{"damage":10,"enemies":"downfall:FleeingMerchant","floor":6,"turns":4},{"damage":20,"enemies":"conspire:2 RoseBushes","floor":8,"turns":5},{"damage":16,"enemies":"downfall:FleeingMerchant","floor":9,"turns":4},{"damage":13,"enemies":"2 Fungi Beasts","floor":10,"turns":3},{"damage":16,"enemies":"Large Slime","floor":15,"turns":4},{"damage":69,"enemies":"downfall:Silent","floor":16,"turns":8}],"seed_played":"-872957617761880050","potions_obtained":[{"floor":4,"key":"SpeedPotion"},{"floor":8,"key":"Weak Potion"},{"floor":15,"key":"champ:CounterPotion"}],"is_trial":false,"path_per_floor":["R","T","M","M","M","$","T","M","$","M","R","?","R","?","M","B"],"character_chosen":"SLIMEBOUND","items_purchased":["Slimebound:RollThrough","Lantern"],"campfire_rested":0,"item_purchase_floors":[6,9],"current_hp_per_floor":[66,66,64,57,52,52,52,48,48,50,50,50,50,50,50,0,0,0],"gold":50,"neow_bonus":"TEN_PERCENT_HP_BONUS","is_daily":false,"chose_seed":false,"campfire_upgraded":2,"win_rate":0.0,"timestamp":1609563310,"path_taken":["R","?","M","?","M","$","T","?","$","M","R","?","R","?","M","BOSS"],"items_purchased_type":["Card","Relic"],"build_version":"2020-12-22","purchased_purges":0,"victory":false,"max_hp_per_floor":[66,66,66,66,66,66,66,72,72,75,75,75,75,75,75,75,75,75],"card_choices":[{"not_picked":["Slimebound:FinishingTackle","Slimebound:RainOfGoop"],"picked":"Slimebound:SlimeSpikes","floor":3},{"not_picked":["Slimebound:ViciousTackle","Slimebound:ComboTackle"],"picked":"Slimebound:GoopSpray","floor":4},{"not_picked":["Slimebound:FinishingTackle","Slimebound:SplitAcid"],"picked":"Slimebound:RejuvenatingLick","floor":5},{"not_picked":["Slimebound:SamplingLick","Slimebound:RollThrough"],"picked":"Slimebound:MassFeed","floor":6},{"not_picked":["Slimebound:SplitLeeching","Slimebound:ForwardTackle"],"picked":"Slimebound:SplitBruiser","floor":8},{"not_picked":["Slimebound:SplitAcid","Slimebound:FinishingTackle"],"picked":"Slimebound:SlimeTap","floor":9},{"not_picked":["Slimebound:LivingWall","Slimebound:DisruptingSlam"],"picked":"Slimebound:FormOfPuddle","floor":10},{"not_picked":["Slimebound:ComboTackle","Slimebound:SlimeBrawl"],"picked":"Slimebound:ViciousTackle","floor":15}],"player_experience":67075,"relics_obtained":[{"floor":7,"key":"Smiling Mask"}],"event_choices":[{"damage_healed":0,"gold_gain":0,"player_choice":"Leave","damage_taken":0,"max_hp_gain":0,"max_hp_loss":0,"event_name":"conspire:Investor","floor":12,"gold_loss":0}],"is_beta":false,"boss_relics":[],"items_purged_floors":[],"is_endless":false,"potions_floor_spawned":[4,8,15],"killed_by":"downfall:Silent","ascension_level":0}}