{"host":"k85tjwrh7mjrrc9a","time":1609554335,"event":{"mods":["AchievementEnabler","BaseMod","Colored Powertips","Highlight Path","Minty Spire (QoL Compilation)","Rare Cards Sparkle","StSLib"],"gold_per_floor":[209,209,222,497,134,160,180,191,191,204,204,276,286,296,296,394,394,404,404,91,104,114,114,126,126,152,152,152],"floor_reached":27,"playtime":1398,"items_purged":["Regret"],"score":260,"play_id":"0fdcf1c7-9652-4bb6-8feb-8c187bc1df20","local_time":"20210101212535","is_ascension_mode":true,"campfire_choices":[{"floor":15,"key":"REST"},{"floor":23,"key":"REST"}],"circlet_count":0,"master_deck":["Strike_R","Strike_R","Strike_R","Strike_R","Strike_R","Defend_R","Defend_R","Defend_R","Defend_R","Bash+1","Iron Wave","Demon Form","Pommel Strike","Thunderclap","Headbutt","CurseOfTheBell","Whirlwind+1","Decay"],"relics":["Burning Blood","Incense Burner","Oddly Smooth Stone","Gremlin Horn","Shuriken","Calling Bell","PreservedInsect","Eternal Feather","Gambling Chip","Molten Egg 2","Blood Vial"],"acts_visited":["Exordium","TheCity"],"potions_floor_usage":[13,16,16,21,27,27],"damage_taken":[{"damage":5,"enemies":"2 Louse","floor":1,"turns":4},{"damage":6,"enemies":"Cultist","floor":3,"turns":3},{"damage":47,"enemies":"Gremlin Nob","floor":6,"turns":5},{"damage":1,"enemies":"Jaw Worm","floor":7,"turns":3},{"damage":16,"enemies":"Gremlin Gang","floor":8,"turns":7},{"damage":12,"enemies":"Red Slaver","floor":10,"turns":4},{"damage":12,"enemies":"Exordium Thugs","floor":13,"turns":5},{"damage":10,"enemies":"Exordium Wildlife","floor":14,"turns":5},{"damage":31,"enemies":"Hexaghost","floor":16,"turns":9},{"damage":0,"enemies":"Chosen","floor":18,"turns":6},{"damage":37,"enemies":"Spheric Guardian","floor":21,"turns":7},{"damage":24,"enemies":"Cultist and Chosen","floor":22,"turns":5},{"damage":39,"enemies":"Snake Plant","floor":24,"turns":6},{"damage":34,"enemies":"Centurion and Healer","floor":27,"turns":5}],"seed_played":"-7883580468019801744","potions_obtained":[{"floor":7,"key":"FearPotion"},{"floor":8,"key":"SkillPotion"},{"floor":10,"key":"Explosive Potion"},{"floor":14,"key":"SkillPotion"},{"floor":16,"key":"SpeedPotion"},{"floor":21,"key":"AttackPotion"},{"floor":22,"key":"Strength Potion"},{"floor":24,"key":"Weak Potion"}],"is_trial":false,"path_per_floor":["M","?","M","?","$","E","M","M","T","M","$","T","M","M","R","B",null,"M","?","$","M","M","R","M","?","T","M"],"character_chosen":"IRONCLAD","items_purchased":["Incense Burner","Molten Egg 2","Whirlwind+1"],"campfire_rested":2,"item_purchase_floors":[5,20,20],"current_hp_per_floor":[80,80,80,80,80,39,44,34,34,28,28,28,22,18,42,17,80,80,80,80,49,31,64,31,31,31,0,0],"gold":152,"neow_bonus":"HUNDRED_GOLD","is_daily":false,"chose_seed":false,"campfire_upgraded":0,"win_rate":0.0,"timestamp":1609554335,"path_taken":["M","?","?","?","$","E","M","?","T","M","?","?","M","?","R","BOSS","M","?","$","?","?","R","M","?","T","M"],"items_purchased_type":["Relic","Relic","Card"],"build_version":"2020-12-22","purchased_purges":1,"victory":false,"max_hp_per_floor":[80,80,80,80,80,80,80,80,80,80,80,80,80,80,80,80,80,80,80,80,80,80,80,80,80,80,80,80],"card_choices":[{"not_picked":["Clothesline","Twin Strike"],"picked":"Iron Wave","floor":1},{"not_picked":["Pummel","Combust","Rage"],"picked":"SKIP","floor":3},{"not_picked":["Warcry","Sever Soul","Havoc"],"picked":"SKIP","floor":6},{"not_picked":["Dark Embrace","True Grit"],"picked":"Demon Form","floor":7},{"not_picked":["Pummel","Clash"],"picked":"Pommel Strike","floor":8},{"not_picked":["Sentinel","Combust","Sword Boomerang"],"picked":"SKIP","floor":10},{"not_picked":["Reckless Charge","Disarm"],"picked":"Thunderclap","floor":13},{"not_picked":["Body Slam","Rupture"],"picked":"Headbutt","floor":14},{"not_picked":["Dual Wield","Armaments","Anger"],"picked":"SKIP","floor":18},{"not_picked":["Havoc+1","Sword Boomerang+1","Flex"],"picked":"SKIP","floor":21},{"not_picked":["Spot Weakness","Sword Boomerang+1","Wild Strike+1"],"picked":"SKIP","floor":22},{"not_picked":["Rampage+1","Disarm","Fiend Fire+1"],"picked":"SKIP","floor":24}],"player_experience":120675,"relics_obtained":[{"floor":6,"key":"Oddly Smooth Stone"},{"floor":9,"key":"Gremlin Horn"},{"floor":12,"key":"Shuriken"},{"floor":17,"key":"PreservedInsect"},{"floor":17,"key":"Eternal Feather"},{"floor":17,"key":"Gambling Chip"},{"floor":26,"key":"Blood Vial"}],"event_choices":[{"damage_healed":0,"gold_gain":0,"player_choice":"Upgraded","damage_taken":0,"max_hp_gain":0,"max_hp_loss":0,"event_name":"Upgrade Shrine","floor":2,"gold_loss":0,"cards_upgraded":["Bash"]},{"damage_healed":0,"gold_gain":275,"player_choice":"Desecrate","damage_taken":0,"max_hp_gain":0,"max_hp_loss":0,"event_name":"Golden Shrine","floor":4,"gold_loss":0,"cards_obtained":["Regret"]},{"damage_healed":0,"gold_gain":0,"player_choice":"Ignored","damage_taken":0,"max_hp_gain":0,"max_hp_loss":0,"event_name":"Transmorgrifier","floor":19,"gold_loss":0},{"damage_healed":0,"gold_gain":0,"player_choice":"Smashed Altar","damage_taken":0,"max_hp_gain":0,"max_hp_loss":0,"event_name":"Forgotten Altar","floor":25,"gold_loss":0,"cards_obtained":["Decay"]}],"is_beta":false,"boss_relics":[{"not_picked":["Black Star","Astrolabe"],"picked":"Calling Bell"}],"items_purged_floors":[5],"is_endless":false,"potions_floor_spawned":[7,8,10,14,16,21,22,24],"killed_by":"Centurion and Healer","ascension_level":4}}