{"host":"qfskrnw3pl1q86j0","time":1609609112,"event":{"mods":["BaseMod","Block Reminder","Hermit","Marisa????????","Minty Spire (QoL Compilation)","Quick Restart","Random Character Button","Relic Stats","StSLib","The Poker Player","slay the spire mod where everything is the same but ironclad has a cowboy hat"],"gold_per_floor":[111,129,139,154,168,168,202,202,228,254,275,275,302,258,258,258,258],"floor_reached":16,"playtime":369,"items_purged":[],"score":106,"play_id":"5246e1f2-f1be-404a-8a0f-f68e2eb8c8d4","local_time":"20210102183832","is_ascension_mode":false,"campfire_choices":[{"data":"Zap","floor":6,"key":"SMITH"},{"data":"Dualcast","floor":8,"key":"SMITH"},{"data":"Ball Lightning","floor":12,"key":"SMITH"},{"data":"Streamline","floor":15,"key":"SMITH"}],"circlet_count":0,"master_deck":["Strike_B","Strike_B","Strike_B","Strike_B","Defend_B","Defend_B","Defend_B","Defend_B","Zap+1","Dualcast+1","Multi-Cast","Streamline+1","Cold Snap","Gash","Capacitor","Leap","Ball Lightning","Ball Lightning+1","Conserve Battery"],"relics":["Cracked Core","Girya","CeramicFish"],"acts_visited":["Exordium"],"potions_floor_usage":[16],"damage_taken":[{"damage":0,"enemies":"Cultist","floor":1,"turns":3},{"damage":6,"enemies":"Jaw Worm","floor":2,"turns":2},{"damage":2,"enemies":"Small Slimes","floor":3,"turns":3},{"damage":5,"enemies":"Looter","floor":4,"turns":4},{"damage":1,"enemies":"2 Fungi Beasts","floor":5,"turns":3},{"damage":24,"enemies":"Gremlin Nob","floor":7,"turns":4},{"damage":10,"enemies":"Blue Slaver","floor":10,"turns":3},{"damage":5,"enemies":"3 Louse","floor":11,"turns":2},{"damage":3,"enemies":"Red Slaver","floor":13,"turns":3},{"damage":20,"enemies":"Slime Boss","floor":16,"turns":6}],"seed_played":"-793941739199921252","potions_obtained":[{"floor":2,"key":"SteroidPotion"},{"floor":3,"key":"EssenceOfDarkness"},{"floor":11,"key":"Dexterity Potion"}],"is_trial":false,"path_per_floor":["M","M","M","M","M","R","E","R","T","M","M","R","M","?","R","B"],"character_chosen":"DEFECT","items_purchased":[],"campfire_rested":0,"item_purchase_floors":[],"current_hp_per_floor":[75,69,67,62,61,61,37,37,37,27,22,22,19,19,19,0,0],"gold":258,"neow_bonus":"ONE_RANDOM_RARE_CARD","is_daily":false,"chose_seed":false,"campfire_upgraded":4,"win_rate":0.0,"timestamp":1609609112,"path_taken":["M","M","M","?","M","R","E","R","T","M","M","R","M","?","R","BOSS"],"items_purchased_type":[],"build_version":"2020-12-22","purchased_purges":0,"victory":false,"max_hp_per_floor":[75,75,75,75,75,75,75,75,75,75,75,75,75,75,75,75,75],"relic_stats":{"counters":[10,33],"CeramicFish":27,"obtain_stats":[{"Girya":7,"CeramicFish":9,"Cracked Core":0},{"Girya":6,"CeramicFish":6,"Cracked Core":0},{"Girya":19,"CeramicFish":19,"Cracked Core":0}]},"card_choices":[{"not_picked":["Static Discharge","Loop"],"picked":"Streamline","floor":1},{"not_picked":["Leap","Storm"],"picked":"Cold Snap","floor":2},{"not_picked":["Compile Driver","Hologram"],"picked":"Gash","floor":3},{"not_picked":["Conserve Battery","Melter"],"picked":"Capacitor","floor":4},{"not_picked":["Melter","Compile Driver","Double Energy"],"picked":"SKIP","floor":5},{"not_picked":["Recycle","Reprogram"],"picked":"Leap","floor":7},{"not_picked":["Rebound","Reinforced Body"],"picked":"Ball Lightning","floor":10},{"not_picked":["BootSequence","Leap"],"picked":"Ball Lightning","floor":11},{"not_picked":["Streamline","Turbo"],"picked":"Conserve Battery","floor":13}],"player_experience":904490,"relics_obtained":[{"floor":7,"key":"Girya"},{"floor":9,"key":"CeramicFish"}],"event_choices":[{"damage_healed":0,"gold_gain":0,"player_choice":"Left Gold","damage_taken":0,"max_hp_gain":0,"max_hp_loss":0,"event_name":"World of Goop","floor":14,"gold_loss":44}],"is_beta":false,"boss_relics":[],"items_purged_floors":[],"is_endless":false,"potions_floor_spawned":[2,3,11],"killed_by":"Slime Boss","ascension_level":0}}