{"host":"xwqwvmlzre68xjvm","time":1609566246,"event":{"mods":["BaseMod","Colored Map","Colored Powertips","Hermit","Minty Spire (QoL Compilation)","Replay The Spire","StSLib","SuperFastMode","Td1madao Mod","The Bug Knight","The Cursed","The Hierophant","The Runesmith"],"gold_per_floor":[118,118,43,43,62,62,95,109,136,155,184,184,210,236,236,350,350,385,424,424,424,424,484,484,155,203,235,282,325,351,301,301,442,442,483,18,60,60,60,119,119,167,167,234,234,265,265,303,303,349],"floor_reached":51,"playtime":2265,"items_purged":["Strike_B","Strike_B","Defend_B"],"score":920,"play_id":"d39fb0cf-898f-40ff-9697-efc2ece1924b","local_time":"20210102144406","is_ascension_mode":false,"campfire_choices":[{"data":"Hologram","floor":6,"key":"SMITH"},{"floor":12,"key":"REST"},{"floor":15,"key":"REST"},{"data":"Zap","floor":24,"key":"SMITH"},{"data":"FTL","floor":32,"key":"SMITH"},{"data":"Bandage Up","floor":41,"key":"SMITH"},{"floor":45,"key":"REST"},{"data":"Beam Cell","floor":47,"key":"SMITH"},{"floor":49,"key":"REST"}],"circlet_count":0,"master_deck":["Strike_B","Strike_B","Defend_B","Defend_B","Zap+1","Dualcast","Gash+1","Hologram+1","Go for the Eyes","Sunder","Hologram","Auto Shields","Go for the Eyes","All For One","Gash","Gash","Turbo","Gash+1","Bandage Up+1","Pot Of Greed","Pot Of Greed","FTL+1","Gash+1","Gash+1","Hologram+1","Pot Of Greed+1","Forethought+1","Panache","Madness+1","Madness+1","Go for the Eyes+1","Steam+1","Beam Cell+1","Reprogram+1","Double Energy+1"],"relics":["Cracked Core","Vajra","Omamori","ReplayTheSpireMod:Lightbulb","Letter Opener","Replay:Bandana","Nuclear Battery","MutagenicStrength","Strawberry","DollysMirror","Grinning Jar","Calling Bell","HollowMod:PaleOreRelic","Toxic Egg 2","Lizard Tail","Replay:Bottled Steam","FossilizedHelix","Oddly Smooth Stone","Bird Faced Urn","StoneCalendar"],"acts_visited":["Exordium","TheCity","TheBeyond"],"potions_floor_usage":[7,10,16,33,33,33,40,40,50,50],"damage_taken":[{"damage":1,"enemies":"Jaw Worm","floor":1,"turns":2},{"damage":5,"enemies":"Small Slimes","floor":5,"turns":3},{"damage":34,"enemies":"Gremlin Nob","floor":7,"turns":4},{"damage":0,"enemies":"Cultist","floor":8,"turns":3},{"damage":6,"enemies":"Exordium Wildlife","floor":10,"turns":3},{"damage":18,"enemies":"Lagavulin","floor":11,"turns":6},{"damage":23,"enemies":"Gremlin Nob","floor":13,"turns":4},{"damage":0,"enemies":"2 Fungi Beasts","floor":14,"turns":2},{"damage":21,"enemies":"Hexaghost","floor":16,"turns":10},{"damage":5,"enemies":"Shell Parasite","floor":18,"turns":5},{"damage":0,"enemies":"Chosen","floor":19,"turns":3},{"damage":18,"enemies":"Book of Stabbing","floor":23,"turns":3},{"damage":16,"enemies":"Snake Plant","floor":27,"turns":3},{"damage":3,"enemies":"Chosen and Byrds","floor":28,"turns":2},{"damage":0,"enemies":"3 Cultists","floor":29,"turns":2},{"damage":0,"enemies":"Snake Plant","floor":30,"turns":2},{"damage":3,"enemies":"Automaton","floor":33,"turns":4},{"damage":28,"enemies":"3 Darklings","floor":35,"turns":3},{"damage":32,"enemies":"3 Shapes","floor":37,"turns":3},{"damage":0,"enemies":"HollowMod:StalkingDevout","floor":40,"turns":2},{"damage":13,"enemies":"Nemesis","floor":42,"turns":5},{"damage":11,"enemies":"Transient","floor":44,"turns":5},{"damage":8,"enemies":"3 Darklings","floor":48,"turns":3},{"damage":0,"enemies":"Awakened One","floor":50,"turns":4}],"seed_played":"5672081874202375178","potions_obtained":[{"floor":1,"key":"Venom Potion"},{"floor":8,"key":"PowerPotion"},{"floor":13,"key":"GamblersBrew"},{"floor":16,"key":"Swift Potion"},{"floor":18,"key":"Explosive Potion"},{"floor":27,"key":"BlessingOfTheForge"},{"floor":29,"key":"SkillPotion"},{"floor":35,"key":"Swift Potion"},{"floor":37,"key":"EssenceOfDarkness"},{"floor":42,"key":"SteroidPotion"},{"floor":44,"key":"LiquidBronze"}],"is_trial":false,"path_per_floor":["M","?","$","?","M","R","E","M","T","M","E","R","E","M","R","B",null,"M","M","?","?","?","E","R","$","T","M","M","M","M","?","R","B",null,"M","$","M","?","?","E","R","E","T","M","R","?","R","M","R","B",null],"character_chosen":"DEFECT","items_purchased":["DollysMirror","Bandage Up","Replay:Bottled Steam","Forethought+1"],"campfire_rested":4,"item_purchase_floors":[25,25,36,36],"current_hp_per_floor":[74,74,74,74,69,69,35,35,35,29,11,33,10,10,32,11,75,70,70,70,70,70,59,59,59,59,43,44,44,48,48,48,49,82,58,58,30,30,20,20,20,13,13,10,34,34,34,26,50,58],"gold":349,"neow_bonus":"RANDOM_COMMON_RELIC","is_daily":false,"chose_seed":false,"campfire_upgraded":5,"win_rate":0.0,"timestamp":1609566246,"path_taken":["M","?","?","?","?","R","E","M","T","M","E","R","E","M","R","BOSS","M","M","?","?","?","E","R","?","T","M","M","M","M","?","R","BOSS","M","?","M","?","?","E","R","E","T","M","R","?","R","M","R","BOSS"],"items_purchased_type":["Relic","Card","Relic","Card"],"build_version":"2020-12-22","purchased_purges":3,"victory":true,"max_hp_per_floor":[75,75,75,75,75,75,75,75,75,75,75,75,75,75,75,75,75,75,75,75,75,75,82,82,82,82,82,82,82,82,82,82,82,82,82,82,82,82,82,82,82,82,82,82,82,82,82,82,82,82],"card_choices":[{"not_picked":["Static Discharge","Loop"],"picked":"Gash","floor":1},{"not_picked":["Rebound","Sweeping Beam"],"picked":"Hologram","floor":5},{"not_picked":["Defragment","Turbo"],"picked":"Go for the Eyes","floor":7},{"not_picked":["BasicCrystalCard","Compile Driver"],"picked":"Sunder","floor":8},{"not_picked":["Chaos","Leap"],"picked":"Hologram","floor":10},{"not_picked":["BasicCrystalCard","Aggregate"],"picked":"Auto Shields","floor":11},{"not_picked":["Rip and Tear","ReplaySort","Stack"],"picked":"SKIP","floor":13},{"not_picked":["Conserve Battery","BasicCrystalCard"],"picked":"Go for the Eyes","floor":14},{"not_picked":["Mirror Shield","ReplayRNGCard"],"picked":"All For One","floor":16},{"not_picked":["BasicCrystalCard","Barrage"],"picked":"Gash","floor":18},{"not_picked":["Barrage","Lockon"],"picked":"Gash","floor":19},{"not_picked":["Undo","Glacier"],"picked":"Turbo","floor":23},{"not_picked":["Rebound","Gash"],"picked":"FTL","floor":27},{"not_picked":["Coolheaded","Hello World"],"picked":"Gash+1","floor":28},{"not_picked":["Rebound","Sweeping Beam"],"picked":"Gash+1","floor":29},{"not_picked":["Coolheaded","ReplayTheSpireMod:System Scan+1","Static Discharge+1"],"picked":"SKIP","floor":30},{"not_picked":["Stack+1","Sweeping Beam+1"],"picked":"Hologram+1","floor":35},{"not_picked":["Stack+1","Storm+1","Leap+1"],"picked":"SKIP","floor":37},{"not_picked":["Forethought+1","ReplayUltimateDefense"],"picked":"Panache","floor":38},{"not_picked":["Turbo+1","Compile Driver"],"picked":"Go for the Eyes+1","floor":40},{"not_picked":["FTL","Tempest+1"],"picked":"Steam+1","floor":42},{"not_picked":["Panic Button+1","Turbo+1"],"picked":"Beam Cell","floor":44},{"not_picked":["Streamline+1","ReplayTheSpireMod:Repulse+1"],"picked":"Reprogram+1","floor":46},{"not_picked":["Turbo+1","Biased Cognition"],"picked":"Double Energy+1","floor":48}],"player_experience":24232,"relics_obtained":[{"floor":7,"key":"Omamori"},{"floor":9,"key":"ReplayTheSpireMod:Lightbulb"},{"floor":11,"key":"Letter Opener"},{"floor":13,"key":"Replay:Bandana"},{"floor":23,"key":"Strawberry"},{"floor":26,"key":"Grinning Jar"},{"floor":34,"key":"HollowMod:PaleOreRelic"},{"floor":34,"key":"Toxic Egg 2"},{"floor":34,"key":"Lizard Tail"},{"floor":40,"key":"FossilizedHelix"},{"floor":42,"key":"Oddly Smooth Stone"},{"floor":43,"key":"Bird Faced Urn"},{"floor":46,"key":"StoneCalendar"}],"event_choices":[{"damage_healed":0,"gold_gain":0,"player_choice":"Grow","damage_taken":0,"max_hp_gain":0,"max_hp_loss":0,"event_name":"Living Wall","floor":2,"gold_loss":0,"cards_upgraded":["Gash"]},{"cards_removed":["Defend_B"],"damage_healed":0,"gold_gain":0,"player_choice":"Purged","damage_taken":0,"max_hp_gain":0,"max_hp_loss":0,"event_name":"Purifier","floor":4,"gold_loss":0},{"damage_healed":0,"gold_gain":0,"player_choice":"Ignored","damage_taken":0,"max_hp_gain":0,"max_hp_loss":0,"event_name":"Ghosts","floor":20,"gold_loss":0},{"damage_healed":0,"gold_gain":0,"player_choice":"Inject Mutagens","damage_taken":0,"relics_obtained":["MutagenicStrength"],"max_hp_gain":0,"max_hp_loss":0,"event_name":"Drug Dealer","floor":21,"gold_loss":0},{"damage_healed":0,"gold_gain":0,"player_choice":"Ignored","damage_taken":0,"max_hp_gain":0,"max_hp_loss":0,"event_name":"Vampires","floor":22,"gold_loss":0},{"damage_healed":0,"gold_gain":0,"player_choice":"Bet on Owner","damage_taken":0,"max_hp_gain":0,"max_hp_loss":0,"event_name":"The Joust","floor":31,"gold_loss":50},{"damage_healed":0,"gold_gain":0,"player_choice":"Memory 1","damage_taken":0,"max_hp_gain":0,"max_hp_loss":0,"event_name":"SensoryStone","floor":38,"gold_loss":0},{"damage_healed":0,"gold_gain":0,"player_choice":"Embrace Madness","damage_taken":10,"max_hp_gain":0,"max_hp_loss":0,"event_name":"Winding Halls","floor":39,"gold_loss":0,"cards_obtained":["Madness","Madness"]}],"is_beta":false,"boss_relics":[{"not_picked":["Tiny House","Snecko Eye"],"picked":"Nuclear Battery"},{"not_picked":["Busted Crown","Philosopher\u0027s Stone"],"picked":"Calling Bell"}],"items_purged_floors":[3,25,36],"is_endless":false,"potions_floor_spawned":[1,8,13,16,18,27,29,30,35,37,42,44],"ascension_level":0}}