{"host":"dl7h25vjpuplx29g","time":1609563631,"event":{"mods":["BaseMod","Colored Map","Minty Spire (QoL Compilation)"],"gold_per_floor":[166,180,192,192,210,210,236,236,236,236,236,254,28,28,28,107,107,127,144,144,44,61,87,87,104,104,121,121,28,47,47,47,47,47],"floor_reached":33,"playtime":2516,"items_purged":["Strike_B","Strike_B"],"score":539,"play_id":"fd97f5aa-fdb1-42c0-9c4a-3053ac9018e4","local_time":"20210102140031","is_ascension_mode":true,"campfire_choices":[{"data":"Rip and Tear","floor":6.0,"key":"SMITH"},{"data":"Dualcast","floor":8.0,"key":"SMITH"},{"data":"Zap","floor":11.0,"key":"SMITH"},{"floor":15.0,"key":"REST"},{"floor":24,"key":"REST"},{"floor":28,"key":"REST"},{"data":"Hyperbeam","floor":32,"key":"SMITH"}],"circlet_count":0,"master_deck":["AscendersBane","Strike_B+1","Strike_B","Defend_B","Defend_B","Defend_B","Zap+1","Dualcast+1","Cold Snap","Go for the Eyes","Rip and Tear+1","Skim","Glacier","Gash","Gash","Hyperbeam+1","Aggregate","Conserve Battery","Streamline","Hologram","Fusion+1","Stack+1","FTL","Hologram+1"],"relics":["Tiny House","Bottled Flame","Mercury Hourglass","DataDisk","Nuclear Battery","StrikeDummy","Toxic Egg 2"],"acts_visited":["Exordium","TheCity"],"potions_floor_usage":[23,23,33],"damage_taken":[{"damage":0.0,"enemies":"Cultist","floor":1.0,"turns":3.0},{"damage":0.0,"enemies":"2 Louse","floor":2.0,"turns":3.0},{"damage":5.0,"enemies":"Jaw Worm","floor":3.0,"turns":3.0},{"damage":29.0,"enemies":"Lots of Slimes","floor":5.0,"turns":4.0},{"damage":5.0,"enemies":"3 Sentries","floor":7.0,"turns":12.0},{"damage":13.0,"enemies":"Large Slime","floor":12.0,"turns":4.0},{"damage":0.0,"enemies":"Slime Boss","floor":16.0,"turns":6.0},{"damage":2.0,"enemies":"Chosen","floor":18.0,"turns":3.0},{"damage":17.0,"enemies":"2 Thieves","floor":19.0,"turns":2.0},{"damage":38.0,"enemies":"Snecko","floor":22.0,"turns":6.0},{"damage":5,"enemies":"Slavers","floor":23,"turns":3},{"damage":13,"enemies":"Shelled Parasite and Fungi","floor":25,"turns":6},{"damage":0,"enemies":"3 Cultists","floor":27,"turns":2},{"damage":12,"enemies":"Chosen and Byrds","floor":30,"turns":4},{"damage":32,"enemies":"Automaton","floor":33,"turns":2}],"seed_played":"6112628889910325788","potions_obtained":[{"floor":0.0,"key":"EssenceOfDarkness"},{"floor":2.0,"key":"FearPotion"},{"floor":7.0,"key":"Fire Potion"},{"floor":16.0,"key":"Weak Potion"},{"floor":22.0,"key":"SteroidPotion"},{"floor":25,"key":"LiquidBronze"}],"is_trial":false,"path_per_floor":["M","M","M","?","M","R","E","R","T","?","R","M","$","$","R","B",null,"M","M","?","$","M","E","R","M","T","M","R","$","M","?","R","B"],"character_chosen":"DEFECT","items_purchased":["DataDisk","Stack+1","FTL"],"campfire_rested":3,"item_purchase_floors":[13,29,29],"current_hp_per_floor":[69,69,64,69,40,40,35,35,35,35,35,22,22,22,46,46,72,70,53,45,45,7,2,26,13,13,13,37,37,25,25,25,0,0],"gold":47,"neow_bonus":"BOSS_RELIC","is_daily":false,"chose_seed":false,"campfire_upgraded":4,"win_rate":0.0,"timestamp":1609563631,"path_taken":["M","?","M","?","M","R","E","R","T","?","R","?","?","$","R","BOSS","M","M","?","$","M","E","R","M","T","?","R","$","M","?","R","BOSS"],"items_purchased_type":["Relic","Card","Card"],"build_version":"2020-12-22","purchased_purges":2,"victory":false,"max_hp_per_floor":[76,76,76,81,81,81,81,81,81,81,81,81,81,81,81,81,81,81,81,81,81,81,81,81,81,81,81,81,81,81,81,81,81,81],"card_choices":[{"not_picked":["Go for the Eyes","Beam Cell"],"picked":"Cold Snap","floor":0.0},{"not_picked":["Compile Driver","Beam Cell"],"picked":"Go for the Eyes","floor":1.0},{"not_picked":["Sweeping Beam","Chaos"],"picked":"Rip and Tear","floor":2.0},{"not_picked":["Amplify","Rebound"],"picked":"Skim","floor":3.0},{"not_picked":["Stack","Blizzard"],"picked":"Glacier","floor":5.0},{"not_picked":["Compile Driver","Double Energy"],"picked":"Gash","floor":7.0},{"not_picked":["Chill","Ball Lightning"],"picked":"Gash","floor":12.0},{"not_picked":["Multi-Cast","Machine Learning"],"picked":"Hyperbeam","floor":16.0},{"not_picked":["Steam","Redo"],"picked":"Aggregate","floor":18.0},{"not_picked":["Ball Lightning","Beam Cell"],"picked":"Conserve Battery","floor":19.0},{"not_picked":["Rip and Tear","Go for the Eyes","Chaos"],"picked":"SKIP","floor":22.0},{"not_picked":["Rainbow","Barrage"],"picked":"Streamline","floor":23},{"not_picked":["Scrape","Sweeping Beam"],"picked":"Hologram","floor":25},{"not_picked":["Go for the Eyes+1","Blizzard"],"picked":"Fusion+1","floor":27},{"not_picked":["Skim+1","Streamline"],"picked":"Hologram+1","floor":30}],"player_experience":1449187,"relics_obtained":[{"floor":7.0,"key":"Bottled Flame"},{"floor":9.0,"key":"Mercury Hourglass"},{"floor":23,"key":"StrikeDummy"},{"floor":26,"key":"Toxic Egg 2"}],"event_choices":[{"damage_healed":0.0,"max_hp_gain":5.0,"max_hp_loss":0.0,"gold_gain":0.0,"event_name":"Big Fish","player_choice":"Donut","floor":4.0,"gold_loss":0.0,"damage_taken":0.0},{"damage_healed":0.0,"max_hp_gain":0.0,"max_hp_loss":0.0,"gold_gain":0.0,"event_name":"The Woman in Blue","player_choice":"Bought 0 Potions","floor":10.0,"gold_loss":0.0,"damage_taken":0.0},{"damage_healed":0.0,"max_hp_gain":0.0,"max_hp_loss":0.0,"gold_gain":0.0,"event_name":"Wheel of Change","player_choice":"Damaged","floor":20.0,"gold_loss":0.0,"damage_taken":8.0},{"cards_removed":["Defend_B"],"damage_healed":0,"gold_gain":0,"player_choice":"Elegance","damage_taken":0,"max_hp_gain":0,"max_hp_loss":0,"event_name":"Back to Basics","floor":31,"gold_loss":0}],"is_beta":false,"boss_relics":[{"not_picked":["Ectoplasm","Inserter"],"picked":"Nuclear Battery"}],"items_purged_floors":[13,21],"is_endless":false,"potions_floor_spawned":[2,7,16,22,25],"killed_by":"Automaton","ascension_level":14}}