{"host":"wha9hktbkslqvblg","time":1609551163,"event":{"mods":["BaseMod","Colored Map","Minty Spire (QoL Compilation)","Relic Stats","SuperFastMode","everything is the same but u backflip on backflip"],"gold_per_floor":[119,119,135,60,60,87,87,87,87,106,106,106,125,151,151,228,228,242,242,242,253,253,253,86,114,165,165,184,184,218,218,218,296,296,308,11,56,56,0,32,32,32,32,32,51,65,98,117,117,117,117,117,117,27,54,54,54],"floor_reached":56,"playtime":1191,"items_purged":["Defend_R","Strike_R+1"],"score":2119,"play_id":"381edcd3-f1cd-4203-9b5b-f45b13f334fa","local_time":"20210102103243","is_ascension_mode":true,"campfire_choices":[{"data":"Pommel Strike","floor":8.0,"key":"SMITH"},{"data":"Bash","floor":11.0,"key":"SMITH"},{"data":"Flame Barrier","floor":15.0,"key":"SMITH"},{"data":"Bludgeon","floor":23.0,"key":"SMITH"},{"floor":27.0,"key":"RECALL"},{"data":"Bloodletting","floor":29.0,"key":"SMITH"},{"floor":32.0,"key":"REST"},{"data":"Dark Embrace","floor":41.0,"key":"SMITH"},{"data":"Evolve","floor":44.0,"key":"SMITH"},{"floor":49.0,"key":"REST"},{"data":"Second Wind","floor":53.0,"key":"SMITH"}],"circlet_count":0,"master_deck":["AscendersBane","Defend_R+1","Defend_R+1","Defend_R+1","Bash+1","Flame Barrier+1","Bludgeon+1","Bludgeon+1","Bloodletting+1","Offering","Battle Trance","Evolve+1","Second Wind+1","Dark Embrace+1","Offering","Feel No Pain+1"],"relics":["Burning Blood","NeowsBlessing","Singing Bowl","Kunai","FossilizedHelix","Pen Nib","Self Forming Clay","Philosopher\u0027s Stone","Meat on the Bone","DollysMirror","Strawberry","Matryoshka","Empty Cage","Pocketwatch","Red Mask","Orichalcum","Art of War","Frozen Egg 2","Shuriken","Boot"],"acts_visited":["Exordium","TheCity","TheBeyond","TheEnding"],"potions_floor_usage":[56,56],"damage_taken":[{"damage":0.0,"enemies":"2 Louse","floor":1.0,"turns":1.0},{"damage":0.0,"enemies":"Jaw Worm","floor":3.0,"turns":1.0},{"damage":0.0,"enemies":"3 Sentries","floor":6.0,"turns":2.0},{"damage":0.0,"enemies":"Small Slimes","floor":10.0,"turns":3.0},{"damage":0.0,"enemies":"2 Fungi Beasts","floor":13.0,"turns":3.0},{"damage":0.0,"enemies":"Gremlin Nob","floor":14.0,"turns":3.0},{"damage":12.0,"enemies":"The Guardian","floor":16.0,"turns":14.0},{"damage":0.0,"enemies":"Chosen","floor":18.0,"turns":3.0},{"damage":9.0,"enemies":"3 Byrds","floor":21.0,"turns":3.0},{"damage":42.0,"enemies":"Slavers","floor":25.0,"turns":6.0},{"damage":12.0,"enemies":"Shelled Parasite and Fungi","floor":28.0,"turns":3.0},{"damage":27.0,"enemies":"Gremlin Leader","floor":30.0,"turns":4.0},{"damage":38.0,"enemies":"Collector","floor":33.0,"turns":3.0},{"damage":0.0,"enemies":"Orb Walker","floor":35.0,"turns":3.0},{"damage":41.0,"enemies":"2 Orb Walkers","floor":37.0,"turns":4.0},{"damage":6.0,"enemies":"Nemesis","floor":40.0,"turns":3.0},{"damage":6.0,"enemies":"3 Shapes","floor":45.0,"turns":3.0},{"damage":9.0,"enemies":"Spire Growth","floor":46.0,"turns":2.0},{"damage":18.0,"enemies":"Reptomancer","floor":47.0,"turns":2.0},{"damage":15.0,"enemies":"Jaw Worm Horde","floor":48.0,"turns":4.0},{"damage":62.0,"enemies":"Time Eater","floor":50.0,"turns":7.0},{"damage":43.0,"enemies":"Donu and Deca","floor":51.0,"turns":8.0},{"damage":59.0,"enemies":"Shield and Spear","floor":55.0,"turns":5.0},{"damage":67,"enemies":"The Heart","floor":56,"turns":5}],"seed_played":"-5538075236353550793","potions_obtained":[{"floor":3.0,"key":"Dexterity Potion"},{"floor":10.0,"key":"Explosive Potion"},{"floor":16.0,"key":"Ancient Potion"},{"floor":45.0,"key":"BloodPotion"}],"is_trial":false,"path_per_floor":["M","?","M","$","?","E","?","R","T","M","R","?","M","E","R","B",null,"M","?","?","M","T","R","$","E","T","R","M","R","E","?","R","B",null,"M","$","?","?","?","E","R","?","T","R","M","M","E","M","R","B","B",null,"R","$","E","B"],"character_chosen":"IRONCLAD","items_purchased":["DollysMirror","Battle Trance","Evolve","Second Wind","Feel No Pain+1"],"campfire_rested":2,"item_purchase_floors":[24,36,36,36,54],"current_hp_per_floor":[74,67,73,73,78,80,80,80,80,82,82,64,72,78,78,72,81,86,86,86,85,85,85,85,70,70,70,64,64,57,57,86,66,91,99,99,64,64,64,64,64,64,64,64,66,65,67,60,91,47,22,84,84,84,45,0,0],"gold":54,"neow_bonus":"THREE_ENEMY_KILL","is_daily":false,"chose_seed":false,"campfire_upgraded":8,"win_rate":0.0,"timestamp":1609551163,"path_taken":["M","?","M","$","?","E","?","R","T","M","R","?","M","E","R","BOSS","M","?","?","?","?","R","$","E","T","R","M","R","E","?","R","BOSS","M","$","?","?","?","E","R","?","T","R","M","M","E","M","R","BOSS","BOSS","R","$","E","BOSS"],"items_purchased_type":["Relic","Card","Card","Card","Card"],"build_version":"2020-12-22","purchased_purges":2,"victory":false,"max_hp_per_floor":[75,75,75,75,80,80,80,80,80,82,82,82,84,84,84,84,84,86,86,86,88,88,88,88,97,97,97,97,97,99,99,99,99,99,101,101,101,101,101,101,101,96,96,96,98,100,102,104,104,104,104,104,104,104,106,106,106],"relic_stats":{"Singing Bowl":24,"counters":[24,95],"Self Forming Clay":[192],"Pen Nib":[14],"Orichalcum":[30],"Boot":[0],"Burning Blood":125,"Shuriken":[4],"Art of War":[2],"Kunai":[16],"obtain_stats":[{"NeowsBlessing":0,"Singing Bowl":6,"Self Forming Clay":14,"Pen Nib":12,"Orichalcum":40,"Frozen Egg 2":43,"Empty Cage":34,"Boot":55,"Burning Blood":0,"Matryoshka":30,"DollysMirror":24,"Shuriken":47,"Strawberry":25,"Philosopher\u0027s Stone":17,"Red Mask":39,"Art of War":43,"Kunai":7,"FossilizedHelix":9,"Meat on the Bone":22,"Pocketwatch":37},{"NeowsBlessing":0,"Singing Bowl":3,"Self Forming Clay":6,"Pen Nib":4,"Orichalcum":16,"Frozen Egg 2":16,"Empty Cage":13,"Boot":23,"Burning Blood":0,"Matryoshka":12,"DollysMirror":9,"Shuriken":19,"Strawberry":10,"Philosopher\u0027s Stone":7,"Red Mask":15,"Art of War":16,"Kunai":3,"FossilizedHelix":3,"Meat on the Bone":9,"Pocketwatch":15},{"NeowsBlessing":0,"Singing Bowl":4,"Self Forming Clay":13,"Pen Nib":7,"Orichalcum":59,"Frozen Egg 2":59,"Empty Cage":49,"Boot":90,"Burning Blood":0,"Matryoshka":46,"DollysMirror":33,"Shuriken":66,"Strawberry":39,"Philosopher\u0027s Stone":27,"Red Mask":56,"Art of War":59,"Kunai":4,"FossilizedHelix":4,"Meat on the Bone":33,"Pocketwatch":56}],"Meat on the Bone":84,"Pocketwatch":[36]},"card_choices":[{"not_picked":["Clash","Infernal Blade","Warcry"],"picked":"SKIP","floor":1.0},{"not_picked":["Inflame","Infernal Blade","Clothesline"],"picked":"SKIP","floor":3.0},{"not_picked":["Armaments","Shockwave"],"picked":"Pommel Strike","floor":6.0},{"not_picked":["Twin Strike","Feel No Pain","Dual Wield"],"picked":"Singing Bowl","floor":10.0},{"not_picked":["Flex","Clothesline","True Grit"],"picked":"Singing Bowl","floor":13.0},{"not_picked":["Thunderclap","Armaments"],"picked":"Flame Barrier","floor":14.0},{"not_picked":["Exhume","Reaper"],"picked":"Bludgeon","floor":16.0},{"not_picked":["Intimidate","Warcry","Anger"],"picked":"Singing Bowl","floor":18.0},{"not_picked":["Clash","Burning Pact","Flex"],"picked":"Singing Bowl","floor":21.0},{"not_picked":["Havoc","Anger","Clash+1"],"picked":"Singing Bowl","floor":25.0},{"not_picked":["True Grit","Hemokinesis"],"picked":"Bloodletting","floor":28.0},{"not_picked":["Sentinel","Flex","Iron Wave"],"picked":"Singing Bowl","floor":30.0},{"not_picked":["Demon Form","Fiend Fire"],"picked":"Offering","floor":33.0},{"not_picked":["Clash","Intimidate","Combust"],"picked":"Singing Bowl","floor":35.0},{"not_picked":["Perfected Strike+1","Ghostly Armor"],"picked":"Dark Embrace","floor":37.0},{"not_picked":["Cleave","Evolve+1"],"picked":"Offering","floor":40.0},{"not_picked":["Clash+1","Iron Wave","Armaments"],"picked":"Singing Bowl","floor":45.0},{"not_picked":["Body Slam","Anger+1","Twin Strike"],"picked":"Singing Bowl","floor":46.0},{"not_picked":["Headbutt","Sever Soul","Rampage"],"picked":"Singing Bowl","floor":47.0},{"not_picked":["Uppercut","Shrug It Off","Headbutt"],"picked":"Singing Bowl","floor":48.0},{"not_picked":["Thunderclap","Second Wind","Berserk+1"],"picked":"Singing Bowl","floor":55.0}],"player_experience":923902,"relics_obtained":[{"floor":6.0,"key":"Singing Bowl"},{"floor":9.0,"key":"FossilizedHelix"},{"floor":14.0,"key":"Self Forming Clay"},{"floor":22.0,"key":"Meat on the Bone"},{"floor":25.0,"key":"Strawberry"},{"floor":30.0,"key":"Matryoshka"},{"floor":37.0,"key":"Pocketwatch"},{"floor":40.0,"key":"Orichalcum"},{"floor":43.0,"key":"Art of War"},{"floor":43.0,"key":"Frozen Egg 2"},{"floor":47.0,"key":"Shuriken"},{"floor":55.0,"key":"Boot"}],"event_choices":[{"cards_removed":["Strike_R"],"damage_healed":0.0,"max_hp_gain":0.0,"max_hp_loss":0.0,"gold_gain":0.0,"event_name":"Golden Wing","player_choice":"Card Removal","floor":2.0,"gold_loss":0.0,"damage_taken":7.0},{"damage_healed":0.0,"max_hp_gain":5.0,"max_hp_loss":0.0,"gold_gain":0.0,"event_name":"Big Fish","player_choice":"Donut","floor":5.0,"gold_loss":0.0,"damage_taken":0.0},{"damage_healed":0.0,"max_hp_gain":0.0,"max_hp_loss":0.0,"gold_gain":0.0,"event_name":"Dead Adventurer","player_choice":"Searched \u00272\u0027 times","floor":7.0,"gold_loss":0.0,"damage_taken":0.0,"relics_obtained":["Kunai"]},{"damage_healed":0.0,"max_hp_gain":0.0,"max_hp_loss":0.0,"gold_gain":0.0,"event_name":"Dead Adventurer","player_choice":"Searched \u00272\u0027 times","floor":7.0,"gold_loss":0.0,"damage_taken":0.0,"relics_obtained":["Kunai"]},{"damage_healed":0.0,"max_hp_gain":0.0,"max_hp_loss":0.0,"gold_gain":0.0,"event_name":"Scrap Ooze","player_choice":"Success","floor":12.0,"gold_loss":0.0,"damage_taken":18.0,"relics_obtained":["Pen Nib"]},{"damage_healed":0.0,"max_hp_gain":0.0,"max_hp_loss":0.0,"gold_gain":0.0,"event_name":"Vampires","player_choice":"Ignored","floor":19.0,"gold_loss":0.0,"damage_taken":0.0},{"cards_removed":["Strike_R"],"damage_healed":0.0,"max_hp_gain":0.0,"max_hp_loss":0.0,"gold_gain":0.0,"event_name":"Wheel of Change","player_choice":"Card Removal","floor":20.0,"gold_loss":0.0,"damage_taken":0.0},{"damage_healed":0.0,"max_hp_gain":0.0,"max_hp_loss":0.0,"gold_gain":0.0,"event_name":"Back to Basics","player_choice":"Simplicity","floor":31.0,"gold_loss":0.0,"damage_taken":0.0,"cards_upgraded":["Strike_R","Strike_R","Strike_R","Defend_R","Defend_R","Defend_R"]},{"damage_healed":0.0,"max_hp_gain":0.0,"max_hp_loss":0.0,"gold_gain":0.0,"event_name":"Mysterious Sphere","player_choice":"Fight","floor":37.0,"gold_loss":0.0,"damage_taken":0.0},{"cards_removed":["Pommel Strike"],"damage_healed":0.0,"max_hp_gain":0.0,"max_hp_loss":0.0,"gold_gain":0.0,"event_name":"Falling","player_choice":"Removed Attack","floor":38.0,"gold_loss":0.0,"damage_taken":0.0},{"damage_healed":0.0,"max_hp_gain":0.0,"max_hp_loss":0.0,"gold_gain":0.0,"event_name":"Tomb of Lord Red Mask","player_choice":"Paid","floor":39.0,"gold_loss":56.0,"damage_taken":0.0,"relics_obtained":["Red Mask"]},{"damage_healed":0.0,"max_hp_gain":0.0,"max_hp_loss":5.0,"gold_gain":0.0,"event_name":"Winding Halls","player_choice":"Max HP","floor":42.0,"gold_loss":0.0,"damage_taken":0.0}],"is_beta":false,"boss_relics":[{"not_picked":["SlaversCollar","Tiny House"],"picked":"Philosopher\u0027s Stone"},{"not_picked":["Velvet Choker","Runic Cube"],"picked":"Empty Cage"}],"items_purged_floors":[4,36],"is_endless":false,"potions_floor_spawned":[3,10,16,28,30,33,40,45,46],"killed_by":"The Heart","ascension_level":20}}