{"host":"792mtbovsoa03nb3","time":1609553902,"event":{"mods":["BaseMod","Colored Map","Curses Come First","Dota2Spire","Downfall","Ekko","Evolution","Hubris","Infinite Spire","Minty Spire (QoL Compilation)","Replay The Spire","Spicy Shops","StSLib","The Blue Laboratory","The Jungle","??????REMEMod"],"gold_per_floor":[114,25,25,44,62,90,90,90,90],"floor_reached":8,"playtime":1712,"items_purged":[],"score":78,"play_id":"89b18858-7900-4fb4-8c43-35fbeefc2d74","local_time":"20210101181822","is_ascension_mode":true,"campfire_choices":[{"data":"Armaments","floor":7,"key":"SMITH"}],"circlet_count":0,"master_deck":["Pommel Strike","Pommel Strike","Strike_R","Strike_R","Strike_R","Defend_R","Defend_R","Defend_R","Defend_R","Bash","ReplayTheSpireMod:Private Reserves","Magnetism","Clash","Bandage Up+1","Armaments+1","Carnage"],"relics":["Burning Blood","EVO:Axolotl","REME_ComplimentaryCards","infinitespire:Satchel"],"acts_visited":["Exordium"],"potions_floor_usage":[],"damage_taken":[{"damage":4,"enemies":"2 Louse","floor":1,"turns":3},{"damage":6,"enemies":"Small Slimes","floor":4,"turns":3},{"damage":2,"enemies":"Jaw Worm","floor":5,"turns":3},{"damage":60,"enemies":"Lagavulin","floor":6,"turns":7},{"damage":41,"enemies":"3 Sentries","floor":8,"turns":10}],"seed_played":"6699972630869287727","potions_obtained":[],"is_trial":false,"path_per_floor":["M","$","?","M","M","E","R","E"],"character_chosen":"IRONCLAD","items_purchased":["Bandage Up"],"campfire_rested":0,"item_purchase_floors":[2],"current_hp_per_floor":[74,74,74,80,80,26,26,0,0],"gold":90,"neow_bonus":"RANDOM_COLORLESS","is_daily":false,"chose_seed":false,"campfire_upgraded":1,"win_rate":0.0,"timestamp":1609553902,"path_taken":["M","$","?","M","M","E","R","E"],"items_purchased_type":["Card"],"build_version":"2020-12-22","purchased_purges":0,"victory":false,"max_hp_per_floor":[80,80,80,80,80,80,80,80,80],"card_choices":[{"not_picked":["Discovery","expansioncontent:SlimeTackle"],"picked":"ReplayTheSpireMod:Private Reserves","floor":0},{"not_picked":["True Grit","ReplayTheSpireMod:Strike From Hell"],"picked":"Clash","floor":1},{"not_picked":["Evolve","Reckless Charge"],"picked":"Armaments","floor":4},{"not_picked":["Sword Boomerang","Replay:Undeath\u0027s Touch","Uppercut"],"picked":"SKIP","floor":5},{"not_picked":["Impervious","REME_Scribble"],"picked":"Carnage","floor":6}],"player_experience":828286,"relics_obtained":[{"floor":6,"key":"infinitespire:Satchel"}],"event_choices":[{"damage_healed":0,"gold_gain":0,"player_choice":"Grow","damage_taken":0,"max_hp_gain":0,"max_hp_loss":0,"event_name":"Living Wall","floor":3,"gold_loss":0,"cards_upgraded":["Bandage Up"]}],"is_beta":false,"boss_relics":[],"items_purged_floors":[],"is_endless":false,"potions_floor_spawned":[],"killed_by":"3 Sentries","ascension_level":8}}