{"host":"w9yruvs4bqht6bhw","time":1609630170,"event":{"mods":["BaseMod","Colored Powertips","Minty Spire (QoL Compilation)"],"gold_per_floor":[119,136,150,150,26,70,83,34,84,84,108,108,108,108,108,237,237,260,260,260,200,200],"floor_reached":21,"playtime":517,"items_purged":["Defend_R"],"score":239,"play_id":"f6e9a160-4cb5-4e41-8583-408cb688ce2e","local_time":"20210102182930","is_ascension_mode":true,"campfire_choices":[{"data":"Perfected Strike","floor":10,"key":"SMITH"},{"data":"Pommel Strike","floor":12,"key":"SMITH"},{"floor":15,"key":"REST"}],"circlet_count":0,"master_deck":["Strike_R","Strike_R","Strike_R","Strike_R","Strike_R","Defend_R","Defend_R","Defend_R","Bash","Rage","Armaments+1","Perfected Strike+1","Shrug It Off","Flex","Pommel Strike+1","Exhume"],"relics":["Burning Blood","NeowsBlessing","Darkstone Periapt","Anchor","Nloth\u0027s Gift"],"acts_visited":["Exordium","TheCity"],"potions_floor_usage":[6,6,16,16],"damage_taken":[{"damage":0,"enemies":"Small Slimes","floor":1,"turns":1},{"damage":0,"enemies":"2 Louse","floor":2,"turns":1},{"damage":0,"enemies":"Jaw Worm","floor":3,"turns":1},{"damage":22,"enemies":"Gremlin Nob","floor":6,"turns":4},{"damage":30,"enemies":"Large Slime","floor":7,"turns":7},{"damage":5,"enemies":"Looter","floor":11,"turns":3},{"damage":38,"enemies":"The Guardian","floor":16,"turns":7},{"damage":44,"enemies":"3 Byrds","floor":18,"turns":9},{"damage":21,"enemies":"2 Thieves","floor":21,"turns":3}],"seed_played":"-8674946132955092286","potions_obtained":[{"floor":1,"key":"Weak Potion"},{"floor":6,"key":"LiquidBronze"}],"is_trial":false,"path_per_floor":["M","M","M","?","$","E","M","$","T","R","M","R","?","?","R","B",null,"M","?","?","M"],"character_chosen":"IRONCLAD","items_purchased":["PowerPotion","AttackPotion"],"campfire_rested":1,"item_purchase_floors":[5,8],"current_hp_per_floor":[78,80,80,74,74,58,34,34,34,34,35,35,35,59,74,42,66,28,28,28,7,7],"gold":200,"neow_bonus":"THREE_ENEMY_KILL","is_daily":false,"chose_seed":false,"campfire_upgraded":2,"win_rate":0.0,"timestamp":1609630170,"path_taken":["M","M","M","?","$","E","M","$","T","R","M","R","?","?","R","BOSS","M","?","?","M"],"items_purchased_type":["Potion","Potion"],"build_version":"2020-12-22","purchased_purges":1,"victory":false,"max_hp_per_floor":[80,80,80,74,74,74,74,74,74,74,74,74,74,74,74,74,74,74,74,74,74,74],"card_choices":[{"not_picked":["Combust","Headbutt"],"picked":"Rage","floor":1},{"not_picked":["Power Through","Twin Strike"],"picked":"Armaments","floor":2},{"not_picked":["Twin Strike","Wild Strike"],"picked":"Perfected Strike","floor":3},{"not_picked":["Perfected Strike","Iron Wave"],"picked":"Shrug It Off","floor":6},{"not_picked":["Juggernaut","Perfected Strike"],"picked":"Flex","floor":7},{"not_picked":["Anger","Thunderclap"],"picked":"Pommel Strike","floor":11},{"not_picked":["Offering","Brutality"],"picked":"Exhume","floor":16},{"not_picked":["Iron Wave","Body Slam","Anger"],"picked":"SKIP","floor":18}],"player_experience":275566,"relics_obtained":[{"floor":6,"key":"Darkstone Periapt"},{"floor":9,"key":"Anchor"}],"event_choices":[{"damage_healed":0,"gold_gain":0,"player_choice":"Lose Max HP","damage_taken":0,"relics_obtained":["Golden Idol"],"max_hp_gain":0,"max_hp_loss":6,"event_name":"Golden Idol","floor":4,"gold_loss":0},{"damage_healed":0,"gold_gain":0,"player_choice":"Grow","damage_taken":0,"max_hp_gain":0,"max_hp_loss":0,"event_name":"Living Wall","floor":13,"gold_loss":0,"cards_upgraded":["Armaments"]},{"damage_healed":24,"gold_gain":0,"player_choice":"Banana","damage_taken":0,"max_hp_gain":0,"max_hp_loss":0,"event_name":"Big Fish","floor":14,"gold_loss":0},{"damage_healed":0,"gold_gain":0,"player_choice":"Ignored","damage_taken":0,"max_hp_gain":0,"max_hp_loss":0,"event_name":"Vampires","floor":19,"gold_loss":0},{"damage_healed":0,"gold_gain":0,"player_choice":"Traded Relic","damage_taken":0,"relics_obtained":["Nloth\u0027s Gift"],"max_hp_gain":0,"max_hp_loss":0,"event_name":"N\u0027loth","floor":20,"relics_lost":["Golden Idol"],"gold_loss":0}],"is_beta":false,"boss_relics":[{"not_picked":["Coffee Dripper","Fusion Hammer","Astrolabe"]}],"items_purged_floors":[5],"is_endless":false,"potions_floor_spawned":[1,6],"killed_by":"2 Thieves","ascension_level":7}}