{"host":"9d9dhukr2jywmy0f","time":1609603578,"event":{"mods":["2.2 Compatiblity","Alarm Clock","BaseMod","Bestiary","Block Reminder","Colored Map","Colored Powertips","Curses Come First","DeckTracker","Highlight Path","Key Reminder","Keyboard Shortcuts","Koishi","Minty Spire (QoL Compilation)","MonsterHotkey","Quick Restart","Rare Cards Sparkle","Relic Sorter","Relic Stats","Spire Birthday Party","StSLib","SuperFastMode","Synergy Search","Unceasing Turn Reminder","Unknown Chances"],"gold_per_floor":[219,269,289,303,65,65,100,110,156,167,89,105,105,134,134,213,213,232,122,172,172,197,222,232,259,259,275,305,319,329,342,342,415,415,431,431,443,443,458,486,486,519,519,531,235,284,317,328,328,328,328,328,328,54,84,84],"floor_reached":57,"playtime":1748,"items_purged":["Koishi:BasicStrike","Koishi:BasicStrike","Koishi:BasicDefend","Koishi:BasicDefend"],"score":3678,"play_id":"7aa31711-8477-4f37-92f4-e7e83b828374","local_time":"20210103000618","is_ascension_mode":true,"campfire_choices":[{"data":"Koishi:HeartAttack","floor":6.0,"key":"SMITH"},{"data":"Koishi:ReleaseOfTheId","floor":15.0,"key":"SMITH"},{"data":"Koishi:HeartAttack","floor":32.0,"key":"SMITH"},{"floor":41,"key":"RECALL"},{"data":"Koishi:RorschachInDanmaku","floor":49,"key":"SMITH"},{"data":"Koishi:UnconsciousUprising","floor":53,"key":"SMITH"}],"circlet_count":0,"master_deck":["AscendersBane","Koishi:BasicDefend","Koishi:Provoke","Koishi:UnconsciousUprising+1","Koishi:HeartAttack+1","Koishi:HeartAttack+1","Koishi:SubterraneanRose","Koishi:ReflexRadar","Koishi:ReleaseOfTheId+1","Koishi:PhilosophyOfTheDespised+1","Koishi:GeneticsOfTheUnconscious+1","Koishi:MassHysteria+1","Koishi:UnconsciousUprising+1","Necronomicurse","Koishi:GeneticsOfTheUnconscious","Koishi:PhilosophyOfTheDespised","Koishi:RorschachInDanmaku+1","Koishi:FreudianInstinct","Koishi:PhilosophyOfTheDespised"],"relics":["Koishi:ImaginaryFriend","Membership Card","Gremlin Horn","Strawberry","Juzu Bracelet","Astrolabe","Necronomicon","Koishi:AHoleWhereASisterShouldBe","Lizard Tail","StrikeDummy","Bird Faced Urn","Black Star","TungstenRod","Toy Ornithopter","Ice Cream","Smiling Mask","Bronze Scales","InkBottle","Centennial Puzzle","Lee\u0027s Waffle","Ginger","Ornamental Fan","Meat on the Bone","Cauldron","Koishi:LettersToReimu","Calipers","Happy Flower"],"acts_visited":["Exordium","TheCity","TheBeyond","TheEnding"],"potions_floor_usage":[42,54,55,56],"damage_taken":[{"damage":0.0,"enemies":"Jaw Worm","floor":1.0,"turns":7.0},{"damage":1.0,"enemies":"Cultist","floor":3.0,"turns":5.0},{"damage":2.0,"enemies":"2 Louse","floor":4.0,"turns":6.0},{"damage":47.0,"enemies":"Gremlin Nob","floor":7.0,"turns":5.0},{"damage":0.0,"enemies":"Blue Slaver","floor":8.0,"turns":2.0},{"damage":0.0,"enemies":"Red Slaver","floor":10.0,"turns":2.0},{"damage":0.0,"enemies":"Looter","floor":12.0,"turns":2.0},{"damage":0.0,"enemies":"Lagavulin","floor":14.0,"turns":3.0},{"damage":7.0,"enemies":"Slime Boss","floor":16.0,"turns":4.0},{"damage":0.0,"enemies":"3 Byrds","floor":18.0,"turns":1.0},{"damage":0.0,"enemies":"Slavers","floor":23.0,"turns":2.0},{"damage":0.0,"enemies":"Shell Parasite","floor":24.0,"turns":1.0},{"damage":0.0,"enemies":"Gremlin Leader","floor":25.0,"turns":3.0},{"damage":0.0,"enemies":"Shelled Parasite and Fungi","floor":27.0,"turns":1.0},{"damage":0.0,"enemies":"Slavers","floor":28.0,"turns":1.0},{"damage":0.0,"enemies":"Snake Plant","floor":29.0,"turns":1.0},{"damage":0.0,"enemies":"Centurion and Healer","floor":30.0,"turns":1.0},{"damage":1.0,"enemies":"Snecko","floor":31.0,"turns":3.0},{"damage":0.0,"enemies":"Automaton","floor":33.0,"turns":5.0},{"damage":14,"enemies":"3 Shapes","floor":35,"turns":1},{"damage":0,"enemies":"3 Darklings","floor":37,"turns":6},{"damage":0,"enemies":"Spire Growth","floor":39,"turns":2},{"damage":5,"enemies":"Giant Head","floor":40,"turns":4},{"damage":0,"enemies":"Nemesis","floor":42,"turns":3},{"damage":0,"enemies":"Writhing Mass","floor":44,"turns":2},{"damage":0,"enemies":"2 Orb Walkers","floor":46,"turns":2},{"damage":0,"enemies":"Giant Head","floor":47,"turns":3},{"damage":0,"enemies":"Sphere and 2 Shapes","floor":48,"turns":1},{"damage":0,"enemies":"Awakened One","floor":50,"turns":5},{"damage":0,"enemies":"Donu and Deca","floor":51,"turns":4},{"damage":0,"enemies":"Shield and Spear","floor":55,"turns":3},{"damage":2,"enemies":"The Heart","floor":56,"turns":5}],"seed_played":"7014015540004099455","potions_obtained":[{"floor":1.0,"key":"SteroidPotion"},{"floor":3.0,"key":"BlessingOfTheForge"},{"floor":4.0,"key":"DuplicationPotion"},{"floor":8.0,"key":"DistilledChaos"},{"floor":18.0,"key":"Regen Potion"},{"floor":23.0,"key":"DistilledChaos"},{"floor":27.0,"key":"SneckoOil"},{"floor":29.0,"key":"Strength Potion"},{"floor":31.0,"key":"FearPotion"},{"floor":46,"key":"Block Potion"},{"floor":54,"key":"Fruit Juice"},{"floor":54,"key":"DuplicationPotion"}],"is_trial":false,"path_per_floor":["M","?","M","M","$","R","E","M","T","M","$","M","?","E","R","B",null,"M","?","?","?","T","E","M","E","T","M","E","M","M","M","R","B",null,"M","T","M","?","M","E","R","E","T","M","$","?","E","M","R","B","B",null,"R","$","E","B",null],"character_chosen":"KOISHI","items_purchased":["Membership Card","Koishi:HeartAttack","Koishi:ReflexRadar","Koishi:RorschachInDanmaku","Koishi:FreudianInstinct","Centennial Puzzle","Lee\u0027s Waffle","Cauldron","Koishi:LettersToReimu"],"campfire_rested":0,"item_purchase_floors":[5,5,11,45,45,45,45,54,54],"current_hp_per_floor":[55,55,57,56,56,56,10,11,18,18,18,19,24,24,24,17,56,57,57,57,36,36,36,36,46,46,46,46,46,46,45,45,46,63,49,49,50,50,50,45,45,50,50,50,76,76,76,76,76,76,76,76,76,81,81,81],"gold":84,"neow_bonus":"HUNDRED_GOLD","is_daily":false,"chose_seed":false,"campfire_upgraded":5,"win_rate":0.0,"timestamp":1609603578,"path_taken":["M","?","M","M","$","R","E","M","T","M","?","M","?","E","R","BOSS","M","?","?","?","?","E","M","E","T","M","E","M","M","M","R","BOSS","M","?","M","?","M","E","R","E","T","M","$","?","E","M","R","BOSS","BOSS","R","$","E","BOSS"],"items_purchased_type":["Relic","Card","Card","Card","Card","Relic","Relic","Relic","Relic"],"build_version":"2020-11-30","purchased_purges":4,"victory":true,"max_hp_per_floor":[57,57,57,57,57,57,57,57,64,64,64,64,69,69,69,69,69,69,69,69,69,69,69,69,69,69,69,69,69,69,69,69,69,69,69,69,69,69,69,69,69,69,69,69,76,76,76,76,76,76,76,76,76,81,81,81],"relic_stats":{"Lee\u0027s Waffle":26,"Gremlin Horn":[16,27],"Happy Flower":[1],"counters":[32,96],"Astrolabe":["Koishi:GeneticsOfTheUnconscious","Koishi:MassHysteria","Koishi:RollingInRichesHeart"],"Juzu Bracelet":1,"Ginger":[3],"Smiling Mask":38,"Lizard Tail":0,"Centennial Puzzle":[0],"Ornamental Fan":[48],"Bird Faced Urn":[0],"Bronze Scales":[102],"Necronomicon":[51],"Black Star":4,"obtain_stats":[{"Ice Cream":40,"Calipers":55,"Gremlin Horn":7,"Juzu Bracelet":14,"Ginger":46,"Smiling Mask":42,"Lizard Tail":23,"Centennial Puzzle":45,"Strawberry":9,"Koishi:AHoleWhereASisterShouldBe":22,"Necronomicon":21,"InkBottle":43,"Koishi:LettersToReimu":54,"Lee\u0027s Waffle":45,"Happy Flower":55,"Astrolabe":17,"keyreminder:keyreminder":26,"Cauldron":54,"Ornamental Fan":47,"Bird Faced Urn":28,"Bronze Scales":42,"Black Star":34,"Membership Card":5,"StrikeDummy":25,"TungstenRod":36,"Toy Ornithopter":40,"Koishi:ImaginaryFriend":0,"Meat on the Bone":47},{"Ice Cream":23,"Calipers":31,"Gremlin Horn":4,"Juzu Bracelet":8,"Ginger":26,"Smiling Mask":24,"Lizard Tail":11,"Centennial Puzzle":25,"Strawberry":5,"Koishi:AHoleWhereASisterShouldBe":10,"Necronomicon":10,"InkBottle":24,"Koishi:LettersToReimu":30,"Lee\u0027s Waffle":25,"Happy Flower":31,"Astrolabe":9,"keyreminder:keyreminder":13,"Cauldron":30,"Ornamental Fan":27,"Bird Faced Urn":15,"Bronze Scales":24,"Black Star":19,"Membership Card":3,"StrikeDummy":13,"TungstenRod":20,"Toy Ornithopter":23,"Koishi:ImaginaryFriend":0,"Meat on the Bone":27},{"Ice Cream":68,"Calipers":91,"Gremlin Horn":23,"Juzu Bracelet":32,"Ginger":75,"Smiling Mask":71,"Lizard Tail":39,"Centennial Puzzle":73,"Strawberry":25,"Koishi:AHoleWhereASisterShouldBe":37,"Necronomicon":37,"InkBottle":71,"Koishi:LettersToReimu":88,"Lee\u0027s Waffle":73,"Happy Flower":91,"Astrolabe":36,"keyreminder:keyreminder":43,"Cauldron":88,"Ornamental Fan":78,"Bird Faced Urn":45,"Bronze Scales":71,"Black Star":55,"Membership Card":18,"StrikeDummy":43,"TungstenRod":56,"Toy Ornithopter":68,"Koishi:ImaginaryFriend":0,"Meat on the Bone":78}],"TungstenRod":3,"Toy Ornithopter":7,"InkBottle":[11],"Meat on the Bone":0},"card_choices":[{"not_picked":["Koishi:SpiritedAway","Koishi:BloodcurdlingScream","Koishi:DreadfulBlow"],"picked":"SKIP","floor":1.0},{"not_picked":["Koishi:JumpScare","Koishi:SprinkleStarAndHeart"],"picked":"Koishi:UnconsciousUprising","floor":3.0},{"not_picked":["Koishi:CatchAndRose","Koishi:PhantomStrike","Koishi:SpiritedAway"],"picked":"SKIP","floor":4.0},{"not_picked":["Koishi:SuperEgo","Koishi:SilentAndRestless","Koishi:StingingMind"],"picked":"SKIP","floor":7.0},{"not_picked":["Koishi:CatchAndRose","Koishi:SubconsciousSweep"],"picked":"Koishi:HeartAttack","floor":8.0},{"not_picked":["Koishi:RacingHeart","Koishi:TerrifyingSpectre"],"picked":"Koishi:SubterraneanRose","floor":10.0},{"not_picked":["Koishi:Bloodlust","Koishi:StrangeCloudFist"],"picked":"Koishi:ReleaseOfTheId","floor":12.0},{"not_picked":["Koishi:FourthEye","Koishi:ParalyzingFear"],"picked":"Koishi:PhilosophyOfTheDespised","floor":14.0},{"not_picked":["Koishi:RacingHeart","Koishi:DreadfulBlow"],"picked":"Koishi:UnconsciousUprising+1","floor":18.0},{"not_picked":["Koishi:Untouchable","Koishi:BramblyRoseGarden","Koishi:MassHysteria"],"picked":"SKIP","floor":23.0},{"not_picked":["Koishi:Untouchable","Koishi:BramblyRoseGarden","Koishi:MassHysteria"],"picked":"SKIP","floor":23.0},{"not_picked":["Koishi:CatchAndRose","Koishi:Vanish","Koishi:PhantomStrike+1"],"picked":"SKIP","floor":24.0},{"not_picked":["Koishi:UnconsciousUrges+1","Koishi:Jaunt","Koishi:UnansweredLove"],"picked":"SKIP","floor":25.0},{"not_picked":["Koishi:FleetingPhantom","Koishi:EmbryosDream+1","Koishi:UnansweredLove"],"picked":"SKIP","floor":27.0},{"not_picked":["Koishi:JumpScare","Koishi:GhostParty","Koishi:PhantomStrike"],"picked":"SKIP","floor":28.0},{"not_picked":["Koishi:Prune","Koishi:ParalyzingFear","Koishi:HeartAttack"],"picked":"SKIP","floor":29.0},{"not_picked":["Koishi:PhantomStrike","Koishi:Catatonia","Koishi:EmbryosDream"],"picked":"SKIP","floor":30.0},{"not_picked":["Koishi:ImGoingToCallYouNow","Koishi:EmbryosDream","Koishi:PhantomBarrier+1"],"picked":"SKIP","floor":31.0},{"not_picked":["Koishi:SubterraneanRose","Koishi:StingingMind","Koishi:YoukaiPolygraph"],"picked":"SKIP","floor":35},{"not_picked":["Koishi:Prune","Koishi:CatchAndRose+1"],"picked":"Koishi:GeneticsOfTheUnconscious","floor":37},{"not_picked":["Koishi:HeartfeltFancy","Koishi:SubconsciousSweep"],"picked":"Koishi:PhilosophyOfTheDespised","floor":39},{"not_picked":["Koishi:UnconsciousUprising","Koishi:RacingHeart","Koishi:LastRemote+1"],"picked":"SKIP","floor":40},{"not_picked":["Koishi:Jaunt","Koishi:UnansweredLove","Koishi:DreadfulBlow"],"picked":"SKIP","floor":42},{"not_picked":["Koishi:Ego","Koishi:MassHysteria","Koishi:EmbryosDream"],"picked":"SKIP","floor":44},{"not_picked":["Koishi:SprinkleStarAndHeart","Koishi:YoukaiPolygraph+1","Koishi:CatchAndRose"],"picked":"SKIP","floor":47},{"not_picked":["Koishi:SubconsciousSweep","Koishi:Possession"],"picked":"Koishi:PhilosophyOfTheDespised","floor":48},{"not_picked":["Koishi:YoukaiPolygraph","Koishi:Catatonia","Koishi:RoseHell"],"picked":"SKIP","floor":55}],"player_experience":882679,"relics_obtained":[{"floor":7.0,"key":"Gremlin Horn"},{"floor":9.0,"key":"Strawberry"},{"floor":14.0,"key":"Juzu Bracelet"},{"floor":21.0,"key":"Necronomicon"},{"floor":22.0,"key":"Koishi:AHoleWhereASisterShouldBe"},{"floor":23.0,"key":"Lizard Tail"},{"floor":25.0,"key":"StrikeDummy"},{"floor":28.0,"key":"Bird Faced Urn"},{"floor":36,"key":"TungstenRod"},{"floor":40,"key":"Toy Ornithopter"},{"floor":40,"key":"Ice Cream"},{"floor":42,"key":"Smiling Mask"},{"floor":42,"key":"Bronze Scales"},{"floor":43,"key":"InkBottle"},{"floor":46,"key":"Ginger"},{"floor":47,"key":"Ornamental Fan"},{"floor":47,"key":"Meat on the Bone"},{"floor":55,"key":"Calipers"},{"floor":55,"key":"Happy Flower"}],"event_choices":[{"damage_healed":0.0,"max_hp_gain":0.0,"max_hp_loss":0.0,"gold_gain":50.0,"event_name":"Golden Shrine","player_choice":"Pray","floor":2.0,"gold_loss":0.0,"damage_taken":0.0},{"damage_healed":0.0,"max_hp_gain":5.0,"max_hp_loss":0.0,"gold_gain":0.0,"event_name":"Big Fish","player_choice":"Donut","floor":13.0,"gold_loss":0.0,"damage_taken":0.0},{"cards_removed":["Koishi:RollingInRichesHeart"],"damage_healed":0.0,"max_hp_gain":0.0,"max_hp_loss":0.0,"gold_gain":0.0,"event_name":"Designer","player_choice":"Upgrade and Remove","floor":19.0,"gold_loss":110.0,"damage_taken":0.0,"cards_upgraded":["Koishi:PhilosophyOfTheDespised"]},{"damage_healed":0.0,"max_hp_gain":0.0,"max_hp_loss":0.0,"gold_gain":50.0,"event_name":"Nest","player_choice":"Stole From Cult","floor":20.0,"gold_loss":0.0,"damage_taken":0.0},{"damage_healed":0.0,"max_hp_gain":0.0,"max_hp_loss":0.0,"gold_gain":0.0,"event_name":"Cursed Tome","player_choice":"Obtained Book","floor":21.0,"gold_loss":0.0,"damage_taken":21.0},{"cards_removed":["Koishi:HauntingSlash"],"damage_healed":0,"gold_gain":0,"player_choice":"Removed Attack","damage_taken":0,"max_hp_gain":0,"max_hp_loss":0,"event_name":"Falling","floor":38,"gold_loss":0},{"damage_healed":0,"gold_gain":0,"player_choice":"Fight","damage_taken":0,"max_hp_gain":0,"max_hp_loss":0,"event_name":"Mysterious Sphere","floor":46,"gold_loss":0}],"is_beta":false,"boss_relics":[{"not_picked":["Coffee Dripper","SacredBark"],"picked":"Astrolabe"},{"not_picked":["Pandora\u0027s Box","Cursed Key"],"picked":"Black Star"}],"items_purged_floors":[5,11,45,54],"is_endless":false,"potions_floor_spawned":[1,3,4,8,18,23,27,29,31,39,40,46],"ascension_level":20}}