{"host":"h4lp0eeso8a0ssq0","time":1609557907,"event":{"mods":["2.2 Compatiblity","AchievementEnabler","BaseMod","CapriCore","Colored Map","Lobotomy","Minty Spire (QoL Compilation)","StSLib","SuperFastMode"],"gold_per_floor":[109,109,126,146,161,161,86,86,86,161,172,185,17,30,30,30,30],"floor_reached":16,"playtime":297,"items_purged":["Defend_P","Strike_P"],"score":94,"play_id":"620bc228-ea7d-4408-9cd1-5d67d9c4bb9a","local_time":"20210102122507","is_ascension_mode":false,"campfire_choices":[{"data":"Eruption","floor":6,"key":"SMITH"},{"floor":15,"key":"REST"}],"circlet_count":0,"master_deck":["Strike_P","Strike_P","Defend_P","Defend_P","Defend_P","Eruption+1","Vigilance","MentalFortress"],"relics":["Sozu"],"acts_visited":["Exordium"],"potions_floor_usage":[],"damage_taken":[{"damage":1,"enemies":"Jaw Worm","floor":1,"turns":3},{"damage":0,"enemies":"Cultist","floor":3,"turns":2},{"damage":2,"enemies":"Small Slimes","floor":4,"turns":3},{"damage":0,"enemies":"Blue Slaver","floor":5,"turns":3},{"damage":5,"enemies":"Gremlin Gang","floor":11,"turns":6},{"damage":17,"enemies":"2 Fungi Beasts","floor":12,"turns":3},{"damage":2,"enemies":"Blue Slaver","floor":14,"turns":5},{"damage":62,"enemies":"Hexaghost","floor":16,"turns":9}],"seed_played":"-7081831134982168388","potions_obtained":[],"is_trial":false,"path_per_floor":["M","?","M","M","M","R","$","$","T","?","M","M","$","M","R","B"],"character_chosen":"WATCHER","items_purchased":["MentalFortress"],"campfire_rested":1,"item_purchase_floors":[13],"current_hp_per_floor":[71,71,71,69,69,69,69,69,69,58,53,36,36,34,55,0,0],"gold":30,"neow_bonus":"BOSS_RELIC","is_daily":false,"chose_seed":false,"campfire_upgraded":1,"win_rate":0.0,"timestamp":1609557907,"path_taken":["M","?","M","?","M","R","?","$","T","?","M","M","$","M","R","BOSS"],"items_purchased_type":["Card"],"build_version":"2020-12-22","purchased_purges":2,"victory":false,"max_hp_per_floor":[72,72,72,72,72,72,72,72,72,72,72,72,72,72,72,72,72],"card_choices":[{"not_picked":["Consecrate","Vengeance","EmptyFist"],"picked":"SKIP","floor":1},{"not_picked":["JustLucky","Wireheading","Indignation"],"picked":"SKIP","floor":3},{"not_picked":["ClearTheMind","Sanctity","JustLucky"],"picked":"SKIP","floor":4},{"not_picked":["PathToVictory","FlyingSleeves","Crescendo"],"picked":"SKIP","floor":5},{"not_picked":["Tantrum","SignatureMove","Conclude"],"picked":"SKIP","floor":11},{"not_picked":["ThirdEye","LikeWater","Consecrate"],"picked":"SKIP","floor":12},{"not_picked":["Evaluate","FollowUp","ClearTheMind"],"picked":"SKIP","floor":14}],"player_experience":26316,"relics_obtained":[],"event_choices":[{"cards_removed":["Strike_P"],"damage_healed":0,"gold_gain":0,"player_choice":"Offered Basic","damage_taken":0,"max_hp_gain":0,"max_hp_loss":0,"event_name":"Bonfire Elementals","floor":2,"gold_loss":0},{"damage_healed":0,"gold_gain":75,"player_choice":"Gather Gold","damage_taken":11,"max_hp_gain":0,"max_hp_loss":0,"event_name":"World of Goop","floor":10,"gold_loss":0}],"is_beta":false,"boss_relics":[],"items_purged_floors":[7,13],"is_endless":false,"potions_floor_spawned":[3,5],"killed_by":"Hexaghost","ascension_level":0}}