{"host":"minbhrtlkaoly5f0","time":1609588279,"event":{"mods":["Act Like it!","BaseMod","Colored Map","Colored Powertips","Lobotomy","LobotomyExtend","Luminous","Minty Spire (QoL Compilation)","Quick Restart","StSLib"],"gold_per_floor":[111,61,61,81,99,99,428,428,428,444,444,468,486,499,499,625,625,625,639,639,639,664,664,664],"floor_reached":23,"playtime":1358,"items_purged":[],"score":193,"play_id":"59fdf129-8c06-492c-8007-63373bab1e97","local_time":"20210102195119","is_ascension_mode":false,"campfire_choices":[{"floor":6,"key":"REST"},{"floor":15,"key":"REST"}],"circlet_count":0,"master_deck":["Strike_B","Strike_B+1","Strike_B","Strike_B","Defend_B","Defend_B","Defend_B","Defend_B","Zap","Dualcast","CherryBlossoms","Doom and Gloom+1","Ball Lightning","MeatLantern","Compile Driver","NakedNest","Creative AI","GalaxyChild","Cold Snap","Scarecrow","ShyLook","WhitesApple","Capacitor","SingingMachine","Multi-Cast+1","Parasite","Scorched","Buffer","Mercenary","Writhe","CrumblingArmor","Redo"],"relics":["Cracked Core","CogitoBucket","LetterFromLob","Old Coin","Golden Idol","Mercury Hourglass","Orichalcum","AspirationHeart","Fusion Hammer","Moonlight_r","Potion Belt","HellTrain"],"acts_visited":["Exordium","TheCity"],"potions_floor_usage":[12,16,16,22],"damage_taken":[{"damage":0.0,"enemies":"2 Louse","floor":1.0,"turns":2.0},{"damage":1.0,"enemies":"Jaw Worm","floor":4.0,"turns":2.0},{"damage":0,"enemies":"Small Slimes","floor":5,"turns":3},{"damage":47,"enemies":"Gremlin Nob","floor":7,"turns":7},{"damage":7,"enemies":"2 Fungi Beasts","floor":10,"turns":3},{"damage":10,"enemies":"Looter","floor":12,"turns":2},{"damage":4,"enemies":"3 Louse","floor":13,"turns":2},{"damage":0,"enemies":"Red Slaver","floor":14,"turns":2},{"damage":24,"enemies":"Hexaghost","floor":16,"turns":5},{"damage":4,"enemies":"Chosen","floor":19,"turns":3},{"damage":34,"enemies":"3 Byrds","floor":22,"turns":4},{"damage":44,"enemies":"Slavers","floor":23,"turns":1}],"seed_played":"-968122362648563421","potions_obtained":[{"floor":4.0,"key":"SteroidPotion"},{"floor":10,"key":"GamblersBrew"},{"floor":13,"key":"LiquidMemories"},{"floor":14,"key":"LiquidBronze"}],"is_trial":false,"path_per_floor":["M","$","?","M","M","R","E","?","T","M","T","M","M","M","R","B",null,"M","M","?","?","M","E"],"character_chosen":"DEFECT","items_purchased":["Ball Lightning"],"campfire_rested":2,"item_purchase_floors":[2],"current_hp_per_floor":[75,75,60,59,59,75,28,28,28,21,21,21,17,21,44,20,79,34,34,60,60,30,0,0],"gold":664,"neow_bonus":"","is_daily":false,"chose_seed":false,"campfire_upgraded":0,"win_rate":0.0,"timestamp":1609588279,"path_taken":["M","$","?","M","M","R","E","?","T","M","?","M","M","M","R","BOSS","M","M","?","?","M","E"],"items_purchased_type":["Card"],"build_version":"2020-12-22","purchased_purges":0,"victory":false,"max_hp_per_floor":[75,75,75,75,75,75,75,69,69,69,69,79,79,79,79,79,79,79,79,79,79,79,79,79],"card_choices":[{"not_picked":["OSAHOGD","Bloodbath","ShyLook"],"picked":"Singing Bowl","floor":1.0},{"not_picked":["Rudolta","Murderer"],"picked":"CherryBlossoms","floor":1.0},{"not_picked":["Steam","Auto Shields"],"picked":"Doom and Gloom","floor":1.0},{"not_picked":["PunishingBird","Murderer","CrumblingArmor"],"picked":"Singing Bowl","floor":4.0},{"not_picked":["HeroicMonk","ShyLook"],"picked":"MeatLantern","floor":4.0},{"not_picked":["Hologram","Undo"],"picked":"Compile Driver","floor":4.0},{"not_picked":["UniverseFragment","Bloodbath"],"picked":"NakedNest","floor":5},{"not_picked":["Compile Driver","Beam Cell"],"picked":"Creative AI","floor":5},{"not_picked":["LittleHelper","OldLady"],"picked":"GalaxyChild","floor":7},{"not_picked":["Barrage","Rebound","Recycle"],"picked":"SKIP","floor":7},{"not_picked":["Barrage","FTL"],"picked":"Cold Snap","floor":10},{"not_picked":["Murderer","WallGazer","FieryBird"],"picked":"Singing Bowl","floor":10},{"not_picked":["Laetitia","Scorched"],"picked":"Scarecrow","floor":10},{"not_picked":["LaLuna","LongBird","DespairKnight"],"picked":"Singing Bowl","floor":12},{"not_picked":["Murderer","SpiderBud"],"picked":"ShyLook","floor":12},{"not_picked":["Gash","Consume","Rebound"],"picked":"SKIP","floor":12},{"not_picked":["MHz","Scorched"],"picked":"WhitesApple","floor":13},{"not_picked":["Hello World","Go for the Eyes"],"picked":"Capacitor","floor":13},{"not_picked":["Laetitia","FairyFestival"],"picked":"SingingMachine","floor":14},{"not_picked":["Steam","Leap"],"picked":"Multi-Cast","floor":14},{"not_picked":["Laetitia","Variant"],"picked":"Scorched","floor":16},{"not_picked":["Thunder Strike","Seek"],"picked":"Buffer","floor":16},{"not_picked":["Bloodbath","FairyFestival"],"picked":"Mercenary","floor":19},{"not_picked":["Lockon","Streamline+1","Reprogram"],"picked":"SKIP","floor":19},{"not_picked":["WallGazer","PunishingBird"],"picked":"CrumblingArmor","floor":22},{"not_picked":["Rebound+1","Turbo"],"picked":"Redo","floor":22}],"player_experience":18068,"relics_obtained":[{"floor":1.0,"key":"LetterFromLob"},{"floor":7,"key":"Old Coin"},{"floor":9,"key":"Mercury Hourglass"},{"floor":11,"key":"Orichalcum"}],"event_choices":[{"damage_healed":0.0,"max_hp_gain":0.0,"max_hp_loss":0.0,"gold_gain":0.0,"event_name":"Shining Light","player_choice":"Entered Light","floor":3.0,"gold_loss":0.0,"damage_taken":15.0,"cards_upgraded":["Strike_B","Doom and Gloom"]},{"damage_healed":0,"gold_gain":0,"player_choice":"Lose Max HP","damage_taken":0,"relics_obtained":["Golden Idol"],"max_hp_gain":0,"max_hp_loss":6,"event_name":"Golden Idol","floor":8,"gold_loss":0},{"damage_healed":26,"gold_gain":0,"player_choice":"Heal","damage_taken":0,"max_hp_gain":0,"max_hp_loss":0,"event_name":"The Library","floor":20,"gold_loss":0},{"damage_healed":0,"gold_gain":0,"player_choice":"Opened","damage_taken":0,"relics_obtained":["Potion Belt"],"max_hp_gain":0,"max_hp_loss":0,"event_name":"The Mausoleum","floor":21,"gold_loss":0,"cards_obtained":["Writhe"]}],"is_beta":false,"boss_relics":[{"not_picked":["Cursed Key","Tiny House"],"picked":"Fusion Hammer"}],"items_purged_floors":[],"is_endless":false,"potions_floor_spawned":[4,10,13,14],"killed_by":"Slavers","ascension_level":0}}