{"host":"vsdszi3rnxsdp24p","time":1609613026,"event":{"mods":["AchievementEnabler","BaseMod","Colored Map","Colored Powertips","Hermit","Highlight Path","Minty Spire (QoL Compilation)","Quick Restart","Relic Sorter","Relic Stats","StSLib","SuperFastMode","Synergy Search","The Cursed","The Mystic"],"gold_per_floor":[118,118,132,145,161,161,161,121,167,187,187,206,230,245,245,368,368,387,387,387],"floor_reached":19,"playtime":556,"items_purged":[],"score":163,"play_id":"9f8b6723-4d54-4b0b-9579-f9090c7c483d","local_time":"20210102194346","is_ascension_mode":false,"campfire_choices":[{"floor":6,"key":"REST"},{"floor":15,"key":"REST"}],"circlet_count":0,"master_deck":["Strike_B","Strike_B","Strike_B","Defend_B","Defend_B","Defend_B","Zap","Dualcast","Steam Power","Barrage","Doom and Gloom","Aggregate","Defragment","Beam Cell","Tempest","Creative AI","Electrodynamics","Compile Driver+1"],"relics":["Cracked Core","Golden Idol","Regal Pillow","SlaversCollar"],"acts_visited":["Exordium","TheCity"],"potions_floor_usage":[4,10,14,16,16,16],"damage_taken":[{"damage":0,"enemies":"2 Louse","floor":1,"turns":2},{"damage":12,"enemies":"Small Slimes","floor":3,"turns":3},{"damage":0,"enemies":"Cultist","floor":4,"turns":2},{"damage":10,"enemies":"Looter","floor":5,"turns":2},{"damage":0,"enemies":"Lots of Slimes","floor":10,"turns":2},{"damage":0,"enemies":"Large Slime","floor":12,"turns":4},{"damage":19,"enemies":"3 Louse","floor":13,"turns":3},{"damage":0,"enemies":"Gremlin Gang","floor":14,"turns":2},{"damage":51,"enemies":"Slime Boss","floor":16,"turns":10},{"damage":47,"enemies":"3 Byrds","floor":18,"turns":4},{"damage":30,"enemies":"Spheric Guardian","floor":19,"turns":3}],"seed_played":"-5722340041802619129","potions_obtained":[{"floor":3,"key":"DistilledChaos"},{"floor":5,"key":"Explosive Potion"},{"floor":8,"key":"Energy Potion"},{"floor":8,"key":"SkillPotion"},{"floor":10,"key":"LiquidMemories"},{"floor":13,"key":"AttackPotion"},{"floor":14,"key":"DuplicationPotion"}],"is_trial":false,"path_per_floor":["M","?","M","M","M","R","?","?","T","M","?","M","M","M","R","B",null,"M","M"],"character_chosen":"DEFECT","items_purchased":[],"campfire_rested":2,"item_purchase_floors":[],"current_hp_per_floor":[75,57,45,45,35,57,57,57,57,57,57,57,38,38,75,24,75,28,0,0],"gold":387,"neow_bonus":"TRANSFORM_CARD","is_daily":false,"chose_seed":false,"campfire_upgraded":0,"win_rate":0.0,"timestamp":1609613026,"path_taken":["M","?","M","M","M","R","?","?","T","?","?","M","M","M","R","BOSS","M","M"],"items_purchased_type":[],"build_version":"2020-12-22","purchased_purges":0,"victory":false,"max_hp_per_floor":[75,75,75,75,75,75,75,75,75,75,75,75,75,75,75,75,75,75,75,75],"relic_stats":{"Regal Pillow":15,"counters":[11,37],"Golden Idol":54,"obtain_stats":[{"SlaversCollar":17,"Regal Pillow":9,"Golden Idol":2,"Cracked Core":0},{"SlaversCollar":9,"Regal Pillow":4,"Golden Idol":1,"Cracked Core":0},{"SlaversCollar":30,"Regal Pillow":9,"Golden Idol":2,"Cracked Core":0}]},"card_choices":[{"not_picked":["Hologram","Rebound"],"picked":"Barrage","floor":1},{"not_picked":["Chaos","Undo"],"picked":"Doom and Gloom","floor":3},{"not_picked":["Rip and Tear","Cold Snap"],"picked":"Aggregate","floor":4},{"not_picked":["Conserve Battery","Leap","Sweeping Beam"],"picked":"SKIP","floor":5},{"not_picked":["Scrape","Ball Lightning"],"picked":"Defragment","floor":10},{"not_picked":["Hologram","Sweeping Beam"],"picked":"Beam Cell","floor":12},{"not_picked":["Stack","Steam"],"picked":"Tempest","floor":13},{"not_picked":["Coolheaded","Streamline"],"picked":"Creative AI","floor":14},{"not_picked":["Meteor Strike","Thunder Strike"],"picked":"Electrodynamics","floor":16},{"not_picked":["Sweeping Beam","Steam"],"picked":"Compile Driver+1","floor":18}],"player_experience":121961,"relics_obtained":[{"floor":9,"key":"Regal Pillow"}],"event_choices":[{"damage_healed":0,"gold_gain":0,"player_choice":"Take Damage","damage_taken":18,"relics_obtained":["Golden Idol"],"max_hp_gain":0,"max_hp_loss":0,"event_name":"Golden Idol","floor":2,"gold_loss":0},{"damage_healed":0,"gold_gain":0,"player_choice":"Leave","damage_taken":0,"max_hp_gain":0,"max_hp_loss":0,"event_name":"The Cleric","floor":7,"gold_loss":0},{"damage_healed":0,"gold_gain":0,"player_choice":"Bought 3 Potions","damage_taken":0,"max_hp_gain":0,"max_hp_loss":0,"event_name":"The Woman in Blue","floor":8,"gold_loss":0},{"cards_removed":["Defend_B"],"damage_healed":0,"gold_gain":0,"player_choice":"Card Removal","damage_taken":0,"max_hp_gain":0,"max_hp_loss":0,"event_name":"Wheel of Change","floor":11,"gold_loss":0}],"is_beta":false,"boss_relics":[{"not_picked":["Sozu","Runic Pyramid"],"picked":"SlaversCollar"}],"items_purged_floors":[],"is_endless":false,"potions_floor_spawned":[3,5,10,13,14],"killed_by":"Spheric Guardian","ascension_level":0}}