{"host":"64h6jdpsiwrne03s","time":1609589843,"event":{"mods":["Act Like it!","BaseMod","Bestiary","Colored Powertips","Gensokyo","Marisa£®ÏF”Í°°ƒß¿Ì…≥£©","Minty Spire (QoL Compilation)","Reimu£®≤©¿ˆ¡È√Œ£©","Remilia£®¿Ÿ√◊¿Ú—«£©","RumiaBox-¬∂√◊Ê´µƒ…Ò√ÿ∫–◊”","StSLib","The Servant 0.9.4","Youmu£®ªÍ∆«—˝√Œ£©"],"gold_per_floor":[117,117,42,42,62,93,93,120,166,179,24,24,37,68,68,317,317,337,21,346,226,126,151,151,184,210,374,403,415,427,460,460,563,563,575,575,575,321,321,356,356,390,440,465,496,383,223,234,234,234,234,234,12,44,44],"floor_reached":56,"playtime":5058,"items_purged":["Strike_Lin:ReiMu","Strike_Lin:ReiMu","Strike_Lin:ReiMu","Defend_Lin:ReiMu","Strike_Lin:ReiMu+1"],"score":2243,"play_id":"6d07eafb-b91a-4087-b491-8715fd33f066","local_time":"20210102201723","is_ascension_mode":true,"campfire_choices":[{"floor":7.0,"key":"RECALL"},{"data":"Free:ReiMu","floor":15.0,"key":"SMITH"},{"data":"CardOfSanctity:ReiMu","floor":24.0,"key":"SMITH"},{"data":"OctopathBindingBorder2:ReiMu","floor":32.0,"key":"SMITH"},{"data":"BlastKick2:ReiMu","floor":41.0,"key":"SMITH"},{"data":"FantasyMoon:ReiMu","floor":49,"key":"SMITH"},{"data":"HakureiPhantom:ReiMu","floor":52,"key":"SMITH"}],"circlet_count":0,"master_deck":["AscendersBane","Defend_Lin:ReiMu","Defend_Lin:ReiMu","Defend_Lin:ReiMu","NB:ReiMu","Stagnation:ReiMu","OctopathBindingBorder2:ReiMu+1","Revelation:ReiMu","SubAcupoint:ReiMu+1","RainPray2:ReiMu","Free:ReiMu+1","CardOfSanctity:ReiMu+1","YinYang:ReiMu+1","OctopathBindingBorder2:ReiMu+1","Gensokyo:ReactiveArmor","PrayRite:ReiMu","BlastKick2:ReiMu+1","FantasyMoon:ReiMu+1","FoulBorder2:ReiMu+1","HakureiPhantom:ReiMu+1"],"relics":["FlyPower:ReiMu","NeowsBlessing","Gensokyo:PortableGap","Art of War","Incense Burner","Oddly Smooth Stone","Potion Belt","Black Star","Gensokyo:LionMask","Pear","Unceasing Top","Turnip","Eternal Feather","Bronze Scales","SkyOrb:ReiMu","Whetstone","TungstenRod","Pantograph","Torii","TurtleShell:ReiMu","DonationBox:ReiMu","Membership Card","WingedGreaves","MagicDraw4","Anchor","GodSword4","Shuriken","MealTicket","StoneCalendar","Prayer Wheel","Question Card","ScarletDevilRocket","Happy Flower","TentaclePot:ReiMu","FossilizedHelix","Bow_fan:ReiMu","LastBattle"],"acts_visited":["Gensokyo:Gensokyo","Gensokyo:Gensokyoer","Gensokyo:Gensokyoest","TheEnding"],"potions_floor_usage":[55,55,55,55,55],"damage_taken":[{"damage":0.0,"enemies":"Gensokyo:3_Fairies","floor":1.0,"turns":2.0},{"damage":0.0,"enemies":"Gensokyo:Python","floor":5.0,"turns":1.0},{"damage":0.0,"enemies":"Gensokyo:Cirno","floor":6.0,"turns":2.0},{"damage":0.0,"enemies":"Gensokyo:Mamizou","floor":8.0,"turns":10.0},{"damage":2.0,"enemies":"Gensokyo:Gryphon","floor":10.0,"turns":4.0},{"damage":11.0,"enemies":"Gensokyo:2_Rabbits","floor":13.0,"turns":6.0},{"damage":7.0,"enemies":"Gensokyo:Cirno","floor":14.0,"turns":7.0},{"damage":15.0,"enemies":"Gensokyo:Reimu","floor":16.0,"turns":9.0},{"damage":15.0,"enemies":"Gensokyo:3_Dogs","floor":18.0,"turns":7.0},{"damage":2.0,"enemies":"Gensokyo:Tenshi","floor":23.0,"turns":5.0},{"damage":8.0,"enemies":"Gensokyo:Reisen","floor":25.0,"turns":7.0},{"damage":5.0,"enemies":"Gensokyo:CosmicMonolith","floor":27.0,"turns":7.0},{"damage":4.0,"enemies":"Gensokyo:Tenshi","floor":28.0,"turns":6.0},{"damage":0.0,"enemies":"Gensokyo:Wraith","floor":29.0,"turns":4.0},{"damage":0.0,"enemies":"Gensokyo:Chomper_and_Gloop","floor":30.0,"turns":6.0},{"damage":0.0,"enemies":"Gensokyo:Reisen","floor":31.0,"turns":5.0},{"damage":25.0,"enemies":"Gensokyo:Kaguya","floor":33.0,"turns":11.0},{"damage":0.0,"enemies":"Gensokyo:3_Bats","floor":35.0,"turns":3.0},{"damage":0.0,"enemies":"Gensokyo:Doremy","floor":40.0,"turns":6.0},{"damage":0.0,"enemies":"Gensokyo:Kasen","floor":42.0,"turns":7.0},{"damage":0,"enemies":"Gensokyo:Marisa","floor":44,"turns":4},{"damage":0,"enemies":"Gensokyo:Kasen","floor":45,"turns":6},{"damage":0,"enemies":"Gensokyo:3_Boulders","floor":48,"turns":4},{"damage":0,"enemies":"Gensokyo:Yuyuko","floor":50,"turns":6},{"damage":0,"enemies":"Shield and Spear","floor":54,"turns":6},{"damage":0,"enemies":"The Heart","floor":55,"turns":6}],"seed_played":"3321644410349361935","potions_obtained":[{"floor":6.0,"key":"Energy Potion"},{"floor":8.0,"key":"PinkPotion:ReiMu"},{"floor":13.0,"key":"GamblersBrew"},{"floor":14.0,"key":"LiquidMemories"},{"floor":18.0,"key":"EssenceOfSteel"},{"floor":27.0,"key":"ZuzhouPotion:ReiMu"},{"floor":30.0,"key":"ColorlessPotion"},{"floor":44,"key":"Swift Potion"},{"floor":45,"key":"Strength Potion"},{"floor":48,"key":"PowerPotion"}],"is_trial":false,"path_per_floor":["M","?","$","?","M","E","R","E","T","M","COS","?","M","E","R","B",null,"M","COS","?","?","$","E","R","E","T","M","E","M","M","E","R","B",null,"M","?","?","$","T","E","R","E","T","E","E","$","$","M","R","B",null,"R","$","E","B",null],"character_chosen":"REIMU","items_purchased":["Membership Card","FantasyMoon:ReiMu","BottledKami:ReiMu","Happy Flower","TentaclePot:ReiMu","FossilizedHelix"],"campfire_rested":0,"item_purchase_floors":[38,38,46,47,53,53],"current_hp_per_floor":[59,59,59,59,59,59,59,59,59,57,57,52,41,34,34,19,57,42,42,42,42,42,50,50,44,44,39,35,35,39,39,48,48,71,71,71,71,71,71,71,79,79,79,79,79,79,79,79,79,79,79,79,79,79,79],"gold":44,"neow_bonus":"THREE_ENEMY_KILL","is_daily":false,"chose_seed":false,"campfire_upgraded":6,"win_rate":0.0,"timestamp":1609589843,"path_taken":["M","?","$","?","M","E","R","E","T","?","COS","?","M","E","R","BOSS","M","COS","?","?","$","E","R","E","T","M","E","?","M","E","R","BOSS","M","?","?","?","?","E","R","E","T","E","E","?","$","M","R","BOSS","R","$","E","BOSS"],"items_purchased_type":["Relic","Card","Potion","Relic","Relic","Relic"],"build_version":"2020-12-22","purchased_purges":5,"victory":true,"max_hp_per_floor":[65,65,65,59,59,59,59,59,59,59,59,69,69,69,69,69,69,69,69,69,69,69,79,79,79,79,79,79,79,79,79,79,79,79,79,79,79,79,79,79,79,79,79,79,79,79,79,79,79,79,79,79,79,79,79],"card_choices":[{"not_picked":["AirStrike:ReiMu","SpringWay:ReiMu","OrbThrow:ReiMu"],"picked":"SKIP","floor":1.0},{"not_picked":["SafetyPray:ReiMu","AirStrike:ReiMu"],"picked":"Revelation:ReiMu","floor":5.0},{"not_picked":["Meditation:ReiMu","Crusade:ReiMu","SpreadBorder2:ReiMu"],"picked":"SKIP","floor":6.0},{"not_picked":["CareerPray:ReiMu","SubcavityInstant:ReiMu","Enchanting:ReiMu"],"picked":"SKIP","floor":8.0},{"not_picked":["CareerPray:ReiMu","SpringWay:ReiMu","UniversalSpiritual:ReiMu"],"picked":"SKIP","floor":10.0},{"not_picked":["Revelation:ReiMu+1","LearningPray:ReiMu+1"],"picked":"SubAcupoint:ReiMu+1","floor":13.0},{"not_picked":["AirStrike:ReiMu","Amulet:ReiMu"],"picked":"RainPray2:ReiMu","floor":13.0},{"not_picked":["PrayRite:ReiMu","YinYang:ReiMu"],"picked":"Free:ReiMu","floor":14.0},{"not_picked":["Enchanting:ReiMu","WonderfulDomain:ReiMu"],"picked":"CardOfSanctity:ReiMu","floor":14.0},{"not_picked":["PrayRite:ReiMu","CeremonyResonance:ReiMu"],"picked":"YinYang:ReiMu","floor":16.0},{"not_picked":["Meditation:ReiMu+1","UniversalSpiritual:ReiMu"],"picked":"OctopathBindingBorder2:ReiMu","floor":18.0},{"not_picked":["SpiritualOutbreak2:ReiMu+1","LovePray:ReiMu+1","ManaGlint:ReiMu+1"],"picked":"SKIP","floor":23.0},{"not_picked":["AlertArray:ReiMu+1","SubcavityInstant:ReiMu+1","KyokaiOfKami:ReiMu"],"picked":"SKIP","floor":23.0},{"not_picked":["OrbThrow:ReiMu","SpringWay:ReiMu","CareerPray:ReiMu"],"picked":"SKIP","floor":25.0},{"not_picked":["Enchanting:ReiMu","AirStrike:ReiMu"],"picked":"PrayRite:ReiMu","floor":27.0},{"not_picked":["SubcavityInstant:ReiMu","SpringWay:ReiMu","WonderfulDomain:ReiMu"],"picked":"SKIP","floor":28.0},{"not_picked":["Intuition:ReiMu","LearningPray:ReiMu","AlertArray:ReiMu"],"picked":"SKIP","floor":29.0},{"not_picked":["LovePray:ReiMu","Gathering:ReiMu","Crusade:ReiMu"],"picked":"SKIP","floor":30.0},{"not_picked":["NineCharacters:ReiMu+1","Meditation:ReiMu+1","Enchanting:ReiMu"],"picked":"SKIP","floor":31.0},{"not_picked":["CeremonyResonance:ReiMu","OctopathSalyBorderN:ReiMu"],"picked":"BlastKick2:ReiMu","floor":33.0},{"not_picked":["Meditation:ReiMu+1","Amulet:ReiMu","OrbThrow:ReiMu"],"picked":"SKIP","floor":35.0},{"not_picked":["Mountainwind:ReiMu","YinYang:ReiMu"],"picked":"FoulBorder2:ReiMu+1","floor":40.0},{"not_picked":["SafetyPray:ReiMu+1","SpringWay:ReiMu","AirManeuver:ReiMu"],"picked":"SKIP","floor":42.0},{"not_picked":["Gathering:ReiMu+1","WonderfulDomain:ReiMu+1","CareerPray:ReiMu+1"],"picked":"SKIP","floor":44},{"not_picked":["BarrageOfMoneybags:ReiMu+1","Enchanting:ReiMu+1"],"picked":"HakureiPhantom:ReiMu","floor":45},{"not_picked":["Gathering:ReiMu+1","KamiSacrifice:ReiMu+1","WonderfulDomain:ReiMu+1","Conquer:ReiMu+1"],"picked":"SKIP","floor":48},{"not_picked":["Meditation:ReiMu+1","PassingAway:ReiMu","Amulet:ReiMu+1","Intuition:ReiMu"],"picked":"SKIP","floor":48},{"not_picked":["FineLineFantasy:ReiMu","TightArray:ReiMu","OrbThrow:ReiMu","SpreadBorder2:ReiMu"],"picked":"SKIP","floor":54}],"player_experience":353547,"relics_obtained":[{"floor":6.0,"key":"Art of War"},{"floor":8.0,"key":"Incense Burner"},{"floor":9.0,"key":"Oddly Smooth Stone"},{"floor":23.0,"key":"Pear"},{"floor":23.0,"key":"Unceasing Top"},{"floor":25.0,"key":"Turnip"},{"floor":25.0,"key":"Eternal Feather"},{"floor":28.0,"key":"SkyOrb:ReiMu"},{"floor":28.0,"key":"Whetstone"},{"floor":31.0,"key":"Torii"},{"floor":31.0,"key":"TurtleShell:ReiMu"},{"floor":39.0,"key":"WingedGreaves"},{"floor":40.0,"key":"MagicDraw4"},{"floor":40.0,"key":"Anchor"},{"floor":42.0,"key":"GodSword4"},{"floor":42.0,"key":"Shuriken"},{"floor":43.0,"key":"MealTicket"},{"floor":44,"key":"StoneCalendar"},{"floor":44,"key":"Prayer Wheel"},{"floor":45,"key":"Question Card"},{"floor":45,"key":"ScarletDevilRocket"},{"floor":54,"key":"Bow_fan:ReiMu"},{"floor":54,"key":"LastBattle"}],"event_choices":[],"is_beta":false,"boss_relics":[{"not_picked":["Sozu","RedLine:ReiMu"],"picked":"Black Star"},{"not_picked":["Coffee Dripper","Empty Cage"],"picked":"DonationBox:ReiMu"}],"items_purged_floors":[3,22,38,46,47],"is_endless":false,"potions_floor_spawned":[6,8,13,14,18,27,30,44,45,48],"ascension_level":10}}