{"host":"y3h3n3f7seyagppx","time":1609627370,"event":{"mods":["BaseMod","Colored Map","Colored Powertips","DeckTracker","Minty Spire (QoL Compilation)","Random Character Button","Rare Cards Sparkle","Relic Sorter","Relic Stats","StSLib"],"gold_per_floor":[114,128,152,170,180,180,209,224,224,1,34,84,84,97,97,97,97],"floor_reached":16,"playtime":1484,"items_purged":["Strike_R"],"score":224,"play_id":"d86137a4-16e3-4bcf-aca4-a3eb675a8c90","local_time":"20210102174250","is_ascension_mode":true,"campfire_choices":[{"data":"Carnage","floor":6,"key":"SMITH"},{"data":"Armaments","floor":13,"key":"SMITH"},{"data":"Uppercut","floor":15,"key":"SMITH"}],"circlet_count":0,"master_deck":["AscendersBane","Strike_R","Strike_R","Strike_R","Strike_R","Defend_R","Defend_R","Defend_R","Defend_R","Bash","Carnage+1","Shrug It Off","Uppercut+1","Armaments+1","Feed"],"relics":["Burning Blood","Bag of Preparation","Strawberry","Smiling Mask","Frozen Eye","PreservedInsect"],"acts_visited":["Exordium"],"potions_floor_usage":[7,11,16,16,16,16],"damage_taken":[{"damage":2,"enemies":"Cultist","floor":1,"turns":4},{"damage":2,"enemies":"2 Louse","floor":2,"turns":3},{"damage":4,"enemies":"Jaw Worm","floor":4,"turns":4},{"damage":11,"enemies":"3 Louse","floor":5,"turns":3},{"damage":29,"enemies":"Lagavulin","floor":7,"turns":7},{"damage":21,"enemies":"Exordium Wildlife","floor":8,"turns":6},{"damage":25,"enemies":"Gremlin Nob","floor":11,"turns":5},{"damage":0,"enemies":"Large Slime","floor":14,"turns":4},{"damage":33,"enemies":"Hexaghost","floor":16,"turns":9}],"seed_played":"2430997665007661540","potions_obtained":[{"floor":1,"key":"Ancient Potion"},{"floor":5,"key":"ColorlessPotion"},{"floor":8,"key":"EntropicBrew"},{"floor":14,"key":"BlessingOfTheForge"}],"is_trial":false,"path_per_floor":["M","M","T","M","M","R","E","M","T","$","E","?","R","M","R","B"],"character_chosen":"IRONCLAD","items_purchased":["Frozen Eye"],"campfire_rested":0,"item_purchase_floors":[10],"current_hp_per_floor":[72,75,82,82,77,77,54,39,39,39,20,20,20,29,29,0,0],"gold":97,"neow_bonus":"RANDOM_COMMON_RELIC","is_daily":false,"chose_seed":false,"campfire_upgraded":3,"win_rate":0.0,"timestamp":1609627370,"path_taken":["M","M","?","M","M","R","E","M","T","$","E","?","R","M","R","BOSS"],"items_purchased_type":["Relic"],"build_version":"2020-12-22","purchased_purges":1,"victory":false,"max_hp_per_floor":[75,75,82,82,82,82,82,82,82,82,82,82,82,85,85,85,85],"relic_stats":{"counters":[9,45],"PreservedInsect":0,"Bag of Preparation":[18],"Smiling Mask":25,"obtain_stats":[{"Frozen Eye":10,"Strawberry":3,"PreservedInsect":11,"Bag of Preparation":0,"Smiling Mask":7,"Burning Blood":0},{"Frozen Eye":6,"Strawberry":2,"PreservedInsect":7,"Bag of Preparation":0,"Smiling Mask":5,"Burning Blood":0},{"Frozen Eye":27,"Strawberry":7,"PreservedInsect":32,"Bag of Preparation":0,"Smiling Mask":21,"Burning Blood":0}],"Burning Blood":45},"card_choices":[{"not_picked":["Ghostly Armor","True Grit"],"picked":"Carnage","floor":1},{"not_picked":["Rupture","Perfected Strike"],"picked":"Shrug It Off","floor":2},{"not_picked":["Sever Soul","Evolve"],"picked":"Uppercut","floor":4},{"not_picked":["Seeing Red","Cleave"],"picked":"Armaments","floor":5},{"not_picked":["Anger","Searing Blow","Havoc"],"picked":"SKIP","floor":7},{"not_picked":["Armaments","Warcry","Anger"],"picked":"SKIP","floor":8},{"not_picked":["Uppercut","Hemokinesis"],"picked":"Feed","floor":11},{"not_picked":["Heavy Blade","Iron Wave","Burning Pact"],"picked":"SKIP","floor":14},{"not_picked":["Heavy Blade","Iron Wave","Burning Pact"],"picked":"SKIP","floor":14}],"player_experience":20321373,"relics_obtained":[{"floor":3,"key":"Strawberry"},{"floor":7,"key":"Smiling Mask"},{"floor":11,"key":"PreservedInsect"}],"event_choices":[{"damage_healed":0,"gold_gain":50,"player_choice":"Pray","damage_taken":0,"max_hp_gain":0,"max_hp_loss":0,"event_name":"Golden Shrine","floor":12,"gold_loss":0}],"is_beta":false,"boss_relics":[],"items_purged_floors":[10],"is_endless":false,"potions_floor_spawned":[1,5,8,14],"killed_by":"Hexaghost","ascension_level":20}}