{"host":"u499vgr0907g2fby","time":1609603901,"event":{"mods":["BaseMod","Downfall","Googly Eyes","Minty Spire (QoL Compilation)","StSLib"],"gold_per_floor":[99,99,99,249,269,294,294,37,37,57,57,89,14,33,50,50,50],"floor_reached":16,"playtime":1332,"items_purged":[],"score":133,"play_id":"576d25b3-6e93-46d1-8df6-1a46d493c208","local_time":"20210102121141","is_ascension_mode":false,"campfire_choices":[{"data":"sneckomod:Unknown","floor":1,"key":"SMITH"},{"data":"sneckomod:UnknownUncommonPower","floor":11,"key":"SMITH"},{"data":"sneckomod:MasterEye","floor":13,"key":"SMITH"}],"circlet_count":0,"master_deck":["sneckomod:Strike+1","sneckomod:Strike","sneckomod:Strike","sneckomod:Defend","sneckomod:Defend","sneckomod:Defend+1","sneckomod:TailWhip","sneckomod:SnekBite+1","sneckomod:Unknown+1","sneckomod:Unknown","Slimebound:Icky","sneckomod:QuickBite","sneckomod:MasterEye+1","sneckomod:DefensiveFlair","sneckomod:UnknownUncommonPower+1","sneckomod:UnknownX","sneckomod:SnekBeam","sneckomod:UnknownClassSLIMEBOUND"],"relics":["sneckomod:SneckoSoul","sneckomod:LoadedDie","Meat on the Bone","sneckomod:ConfusingCodex","Mango","downfall:HeartBlessingGreen"],"acts_visited":["Exordium"],"potions_floor_usage":[16,16],"damage_taken":[{"damage":9,"enemies":"Small Slimes","floor":5,"turns":5},{"damage":13,"enemies":"3 Sentries","floor":6,"turns":6},{"damage":5,"enemies":"downfall:FleeingMerchant","floor":8,"turns":4},{"damage":0,"enemies":"2 Louse","floor":10,"turns":2},{"damage":14,"enemies":"Gremlin Nob","floor":12,"turns":3},{"damage":0,"enemies":"Cultist","floor":14,"turns":4},{"damage":0,"enemies":"Red Slaver","floor":15,"turns":2},{"damage":75,"enemies":"downfall:Defect","floor":16,"turns":8}],"seed_played":"953046996359990951","potions_obtained":[{"floor":10,"key":"BlessingOfTheForge"},{"floor":12,"key":"DistilledChaos"}],"is_trial":false,"path_per_floor":["R","?","?","?","M","E","T","$","?","M","R","E","R","M","M","B"],"character_chosen":"THE_SNECKO","items_purchased":["sneckomod:ConfusingCodex"],"campfire_rested":0,"item_purchase_floors":[8],"current_hp_per_floor":[99,99,99,99,90,77,77,72,72,73,73,74,74,74,75,0,0],"gold":50,"neow_bonus":"TEN_PERCENT_HP_BONUS","is_daily":false,"chose_seed":false,"campfire_upgraded":3,"win_rate":0.0,"timestamp":1609603901,"path_taken":["R","?","?","?","M","E","T","?","?","M","R","E","R","?","M","BOSS"],"items_purchased_type":["Relic"],"build_version":"2020-12-22","purchased_purges":0,"victory":false,"max_hp_per_floor":[99,99,99,99,99,99,99,99,99,100,100,115,115,115,116,116,116],"card_choices":[{"not_picked":["sneckomod:UnknownStrike","sneckomod:WideSting"],"picked":"sneckomod:QuickBite","floor":5},{"not_picked":["sneckomod:RainOfDice","sneckomod:UnknownVulnerable","sneckomod:SoulRoll"],"picked":"SKIP","floor":6},{"not_picked":["sneckomod:UnknownStrike","sneckomod:UnknownBlock"],"picked":"sneckomod:MasterEye","floor":8},{"not_picked":["sneckomod:DiceCrush","sneckomod:MasterEye"],"picked":"sneckomod:UnknownUncommonPower","floor":10},{"not_picked":["sneckomod:UnknownCommonSkill","sneckomod:IronFang"],"picked":"sneckomod:UnknownX","floor":12},{"not_picked":["sneckomod:UnknownWeak","sneckomod:SlitherStrike"],"picked":"sneckomod:SnekBeam","floor":14},{"not_picked":["sneckomod:Nope","sneckomod:SoulDraw"],"picked":"sneckomod:UnknownClassSLIMEBOUND","floor":15}],"player_experience":1909697,"relics_obtained":[{"floor":6,"key":"sneckomod:LoadedDie"},{"floor":7,"key":"Meat on the Bone"},{"floor":12,"key":"Mango"}],"event_choices":[{"cards_removed":["Regret"],"damage_healed":0,"gold_gain":0,"player_choice":"Card Removal","damage_taken":0,"max_hp_gain":0,"max_hp_loss":0,"event_name":"The Cleric","floor":3,"gold_loss":0}],"is_beta":false,"boss_relics":[],"items_purged_floors":[],"is_endless":false,"potions_floor_spawned":[10,12],"killed_by":"downfall:Defect","ascension_level":0}}