{"host":"xcuflocadasoaqda","time":1609562772,"event":{"mods":["BaseMod","Bestiary","Filter the Spire","Minty Spire (QoL Compilation)","Relic Stats"],"gold_per_floor":[114,129,129,29,79,79,92,125,125,140,140,160,172,185,185,257,257,267,294,310,310,329,329,329,354,354,354,384,384,384,134,134,210,210,225,250,96,110,332,332,332,332,332,357,374,374,385,404,404,404,404,404,404,21,51,51],"floor_reached":57,"playtime":11902,"items_purged":["Infernal Blade","Cleave","Sword Boomerang+1","Warcry"],"score":2940,"play_id":"54c2cc01-3026-4c85-894e-e8cf6265667b","local_time":"20210101224612","is_ascension_mode":true,"campfire_choices":[{"data":"Searing Blow","floor":6.0,"key":"SMITH"},{"data":"Searing Blow+1","floor":11.0,"key":"SMITH"},{"data":"Searing Blow+2","floor":15.0,"key":"SMITH"},{"data":"Searing Blow+3","floor":23.0,"key":"SMITH"},{"data":"Searing Blow+4","floor":27.0,"key":"SMITH"},{"data":"Searing Blow+5","floor":30.0,"key":"SMITH"},{"data":"Searing Blow+6","floor":32.0,"key":"SMITH"},{"data":"Searing Blow+7","floor":40.0,"key":"SMITH"},{"data":"Searing Blow+8","floor":42.0,"key":"SMITH"},{"floor":49.0,"key":"RECALL"},{"data":"Searing Blow+9","floor":53.0,"key":"SMITH"}],"circlet_count":0,"master_deck":["AscendersBane","Bash","Clothesline","Searing Blow+10","True Grit","Immolate+1","Entrench","Armaments","Barricade","Exhume","Disarm","Shrug It Off","Feel No Pain","Power Through","Shrug It Off","PanicButton","Fiend Fire","Shrug It Off","Dark Embrace","Entrench","Dark Embrace","Evolve"],"relics":["Pandora\u0027s Box","Pear","Bottled Flame","Coffee Dripper","Red Mask","Nunchaku","Ginger","Gremlin Horn","Snecko Eye","Lizard Tail","Shuriken","DollysMirror","Sundial"],"acts_visited":["Exordium","TheCity","TheBeyond","TheEnding"],"potions_floor_usage":[56],"damage_taken":[{"damage":0.0,"enemies":"Small Slimes","floor":1.0,"turns":2.0},{"damage":0.0,"enemies":"2 Louse","floor":2.0,"turns":2.0},{"damage":0.0,"enemies":"Cultist","floor":7.0,"turns":2.0},{"damage":15.0,"enemies":"3 Sentries","floor":8.0,"turns":4.0},{"damage":0.0,"enemies":"Gremlin Gang","floor":10.0,"turns":1.0},{"damage":0.0,"enemies":"Exordium Thugs","floor":12.0,"turns":3.0},{"damage":0.0,"enemies":"Large Slime","floor":13.0,"turns":3.0},{"damage":0.0,"enemies":"2 Fungi Beasts","floor":14.0,"turns":1.0},{"damage":22.0,"enemies":"Slime Boss","floor":16.0,"turns":7.0},{"damage":10.0,"enemies":"3 Byrds","floor":18.0,"turns":3.0},{"damage":0.0,"enemies":"Masked Bandits","floor":19.0,"turns":2.0},{"damage":13.0,"enemies":"2 Thieves","floor":20.0,"turns":3.0},{"damage":17.0,"enemies":"Snake Plant","floor":22.0,"turns":4.0},{"damage":22.0,"enemies":"Slavers","floor":25.0,"turns":4.0},{"damage":0.0,"enemies":"Gremlin Leader","floor":28.0,"turns":4.0},{"damage":0.0,"enemies":"Collector","floor":33.0,"turns":16.0},{"damage":0.0,"enemies":"3 Shapes","floor":35.0,"turns":4.0},{"damage":0.0,"enemies":"Mind Bloom Boss Battle","floor":36.0,"turns":5.0},{"damage":0.0,"enemies":"Orb Walker","floor":38.0,"turns":2.0},{"damage":0.0,"enemies":"Reptomancer","floor":44.0,"turns":5.0},{"damage":0.0,"enemies":"Sphere and 2 Shapes","floor":45.0,"turns":2.0},{"damage":0.0,"enemies":"Jaw Worm Horde","floor":47.0,"turns":3.0},{"damage":0.0,"enemies":"Writhing Mass","floor":48.0,"turns":4.0},{"damage":0.0,"enemies":"Awakened One","floor":50.0,"turns":12.0},{"damage":16.0,"enemies":"Time Eater","floor":51.0,"turns":7.0},{"damage":0.0,"enemies":"Shield and Spear","floor":55.0,"turns":4.0},{"damage":93,"enemies":"The Heart","floor":56,"turns":15}],"seed_played":"8118263067301805817","potions_obtained":[{"floor":2.0,"key":"FairyPotion"},{"floor":13.0,"key":"LiquidMemories"},{"floor":18.0,"key":"Regen Potion"},{"floor":28.0,"key":"SkillPotion"},{"floor":33.0,"key":"Ancient Potion"}],"is_trial":false,"path_per_floor":["M","M","?","$","?","R","M","E","T","M","R","M","M","M","R","B",null,"M","?","M","?","M","R","?","E","T","R","E","?","R","$","R","B",null,"M","?","$","M","?","R","?","R","T","E","M","?","M","M","R","B","B",null,"R","$","E","B",null],"character_chosen":"IRONCLAD","items_purchased":["Armaments","Shrug It Off","PanicButton","Shrug It Off","DollysMirror","Dark Embrace"],"campfire_rested":0,"item_purchase_floors":[4,31,31,37,54,54],"current_hp_per_floor":[68,68,45,45,38,38,38,33,33,33,33,33,33,33,33,11,67,57,57,44,44,27,27,27,17,17,17,17,17,17,17,17,17,68,68,68,68,68,68,68,68,68,68,68,68,68,68,68,68,68,52,77,77,77,77,25],"gold":51,"neow_bonus":"BOSS_RELIC","is_daily":false,"chose_seed":false,"campfire_upgraded":10,"win_rate":0.0,"timestamp":1609562772,"path_taken":["M","M","?","$","?","R","?","E","T","M","R","?","M","M","R","BOSS","M","?","M","?","M","R","?","E","T","R","E","?","R","$","R","BOSS","M","?","$","M","?","R","?","R","T","E","?","?","M","M","R","BOSS","BOSS","R","$","E","BOSS"],"items_purchased_type":["Card","Card","Card","Card","Relic","Card"],"build_version":"2020-12-22","purchased_purges":4,"victory":true,"max_hp_per_floor":[75,75,75,75,75,75,75,85,85,85,85,85,85,85,85,85,85,85,85,85,85,85,85,85,85,85,85,85,85,85,85,85,85,85,85,85,85,85,85,85,85,85,85,85,85,85,85,85,85,85,85,85,85,85,85,85],"relic_stats":{"Nunchaku":[9],"Lizard Tail":0,"Gremlin Horn":[23,23],"counters":[27,124],"Shuriken":[4],"Sundial":[10],"Snecko Eye":[133,111,115,119],"Pandora\u0027s Box":["Infernal Blade","Sword Boomerang","Clothesline","Searing Blow","True Grit","Cleave","Warcry","Immolate","Entrench"],"Ginger":[9],"obtain_stats":[{"Pear":8,"Gremlin Horn":28,"Ginger":26,"Burning Blood":0,"Bottled Flame":9,"Nunchaku":25,"Lizard Tail":36,"Shuriken":44,"DollysMirror":54,"Sundial":55,"Snecko Eye":34,"Pandora\u0027s Box":0,"Coffee Dripper":17,"Red Mask":19},{"Pear":4,"Gremlin Horn":15,"Ginger":14,"Burning Blood":0,"Bottled Flame":4,"Nunchaku":14,"Lizard Tail":18,"Shuriken":20,"DollysMirror":25,"Sundial":26,"Snecko Eye":16,"Pandora\u0027s Box":0,"Coffee Dripper":9,"Red Mask":11},{"Pear":10,"Gremlin Horn":45,"Ginger":41,"Burning Blood":0,"Bottled Flame":10,"Nunchaku":41,"Lizard Tail":70,"Shuriken":77,"DollysMirror":105,"Sundial":109,"Snecko Eye":61,"Pandora\u0027s Box":0,"Coffee Dripper":25,"Red Mask":30}]},"card_choices":[{"not_picked":["Flex","Warcry","Bloodletting"],"picked":"SKIP","floor":1.0},{"not_picked":["Heavy Blade","Dual Wield","Headbutt"],"picked":"SKIP","floor":2.0},{"not_picked":["Heavy Blade","Dual Wield","Headbutt"],"picked":"SKIP","floor":2.0},{"not_picked":["Cleave","Havoc","Spot Weakness"],"picked":"SKIP","floor":7.0},{"not_picked":["Perfected Strike","Cleave","Heavy Blade"],"picked":"SKIP","floor":8.0},{"not_picked":["Infernal Blade","Dark Embrace","Burning Pact"],"picked":"SKIP","floor":10.0},{"not_picked":["Thunderclap","Second Wind","Flex"],"picked":"SKIP","floor":12.0},{"not_picked":["Thunderclap","Second Wind","Flex"],"picked":"SKIP","floor":12.0},{"not_picked":["Fire Breathing","Clash","Inflame"],"picked":"SKIP","floor":13.0},{"not_picked":["Clash","Perfected Strike"],"picked":"Barricade","floor":14.0},{"not_picked":["Limit Break","Corruption"],"picked":"Exhume","floor":16.0},{"not_picked":["Evolve","Twin Strike","Sword Boomerang"],"picked":"SKIP","floor":18.0},{"not_picked":["Clothesline","Seeing Red+1","Bloodletting"],"picked":"SKIP","floor":20.0},{"not_picked":["Iron Wave","Wild Strike"],"picked":"Disarm","floor":22.0},{"not_picked":["Ghostly Armor","Thunderclap"],"picked":"Shrug It Off","floor":25.0},{"not_picked":["Exhume","Seeing Red"],"picked":"Feel No Pain","floor":28.0},{"not_picked":["Immolate","Reaper"],"picked":"Fiend Fire","floor":33.0},{"not_picked":["Pommel Strike","Anger+1","Iron Wave"],"picked":"SKIP","floor":35.0},{"not_picked":["Inflame","Rage+1"],"picked":"Dark Embrace","floor":38.0},{"not_picked":["Bludgeon","Dark Embrace","Bloodletting"],"picked":"SKIP","floor":44.0},{"not_picked":["Fire Breathing","Flex+1","Intimidate"],"picked":"SKIP","floor":45.0},{"not_picked":["Thunderclap","Cleave","Warcry"],"picked":"SKIP","floor":47.0},{"not_picked":["Sever Soul","Metallicize+1","Ghostly Armor"],"picked":"SKIP","floor":48.0},{"not_picked":["Pommel Strike","Hemokinesis"],"picked":"Evolve","floor":55.0}],"player_experience":1839366,"relics_obtained":[{"floor":8.0,"key":"Pear"},{"floor":9.0,"key":"Bottled Flame"},{"floor":19.0,"key":"Red Mask"},{"floor":25.0,"key":"Nunchaku"},{"floor":26.0,"key":"Ginger"},{"floor":28.0,"key":"Gremlin Horn"},{"floor":36.0,"key":"Lizard Tail"},{"floor":44.0,"key":"Shuriken"},{"floor":55.0,"key":"Sundial"}],"event_choices":[{"damage_healed":0.0,"max_hp_gain":0.0,"max_hp_loss":0.0,"gold_gain":0.0,"event_name":"Shining Light","player_choice":"Entered Light","floor":3.0,"gold_loss":0.0,"damage_taken":23.0,"cards_upgraded":["Immolate","Sword Boomerang"]},{"damage_healed":0.0,"max_hp_gain":0.0,"max_hp_loss":0.0,"gold_gain":50.0,"event_name":"FaceTrader","player_choice":"Touch","floor":5.0,"gold_loss":0.0,"damage_taken":7.0},{"damage_healed":0.0,"max_hp_gain":0.0,"max_hp_loss":0.0,"gold_gain":0.0,"event_name":"Masked Bandits","player_choice":"Fought Bandits","floor":19.0,"gold_loss":0.0,"damage_taken":0.0},{"damage_healed":0.0,"max_hp_gain":0.0,"max_hp_loss":0.0,"gold_gain":0.0,"event_name":"Vampires","player_choice":"Ignored","floor":21.0,"gold_loss":0.0,"damage_taken":0.0},{"damage_healed":0.0,"max_hp_gain":0.0,"max_hp_loss":0.0,"gold_gain":0.0,"event_name":"The Mausoleum","player_choice":"Ignored","floor":24.0,"gold_loss":0.0,"damage_taken":0.0},{"damage_healed":0.0,"max_hp_gain":0.0,"max_hp_loss":0.0,"gold_gain":0.0,"event_name":"The Library","player_choice":"Read","floor":29.0,"gold_loss":0.0,"damage_taken":0.0,"cards_obtained":["Power Through"]},{"damage_healed":0.0,"max_hp_gain":0.0,"max_hp_loss":0.0,"gold_gain":0.0,"event_name":"MindBloom","player_choice":"Fight","floor":36.0,"gold_loss":0.0,"damage_taken":0.0},{"damage_healed":0.0,"max_hp_gain":0.0,"max_hp_loss":0.0,"gold_gain":222.0,"event_name":"Tomb of Lord Red Mask","player_choice":"Wore Mask","floor":39.0,"gold_loss":0.0,"damage_taken":0.0},{"damage_healed":0.0,"max_hp_gain":0.0,"max_hp_loss":0.0,"gold_gain":0.0,"event_name":"SecretPortal","player_choice":"Ignored","floor":41.0,"gold_loss":0.0,"damage_taken":0.0},{"damage_healed":0.0,"max_hp_gain":0.0,"max_hp_loss":0.0,"gold_gain":0.0,"event_name":"Transmorgrifier","player_choice":"Ignored","floor":46.0,"gold_loss":0.0,"damage_taken":0.0}],"is_beta":false,"boss_relics":[{"not_picked":["SacredBark","Fusion Hammer"],"picked":"Coffee Dripper"},{"not_picked":["Tiny House","Sozu"],"picked":"Snecko Eye"}],"items_purged_floors":[4,31,37,54],"is_endless":false,"potions_floor_spawned":[2,13,14,16,18,19,28,33,36,45,48],"ascension_level":20}}