{"host":"jtlvi4oh1uvp31nc","time":1609609615,"event":{"mods":["Abigail Mod","BaseMod","CapriCore","Marisa£¨Ùöéë¡¡Øª×âÞÞ£©","Minty Spire (QoL Compilation)","Prisma Mod","StSLib","The Immortal","WarShipGirlsR/??á´Ò³R mod"],"gold_per_floor":[429,429,96,46,101,199,313,424,424,509,558,656,763,1038,1038,1379,1379,1425,877,916,433,456,572,572,679,679,679,679],"floor_reached":26,"playtime":2465,"items_purged":["Injury","MokouMod:Singe","MokouMod:BurningDraft"],"score":432,"play_id":"1349413f-f7be-4c55-91c6-edb7eafe8aa3","local_time":"20210103024655","daily_mods":["Draft","Heirloom","Time Dilation","Flight","DeadlyEvents","Elite Swarm","Lethality","Midas"],"is_ascension_mode":true,"campfire_choices":[{"data":"Regret","floor":15,"key":"PURGE"},{"data":"1","floor":24,"key":"LIFT"}],"circlet_count":0,"master_deck":["MokouMod:Afterburner","MokouMod:Overheat","MokouMod:Trailblazer","MokouMod:IgnitionBlast","MokouMod:ScorchedEarth","MokouMod:CrimsonArmoury","MokouMod:Burn","MokouMod:ResonanceReactor","MokouMod:ShiftIgnition","MokouMod:ScorchedEarth","MokouMod:ImperishableFlame","MokouMod:ScorchingColumn","MokouMod:BurningDraft+1","MokouMod:Ventilation+1","MokouMod:RadiantBlade","MokouMod:ResonatingAura","MokouMod:Geothermal","MokouMod:Sear+1","MokouMod:ShiftIgnition+1","MokouMod:Extinguish+1","MokouMod:PhoenixForm","CurseOfTheBell","MokouMod:FlareStarter+1","MokouMod:CrimsonArmoury+1","MokouMod:HeatTransfer+1","MokouMod:ProfanedFlare+1","MokouMod:Rebirth"],"relics":["MokouMod:PhoenixFeather","Old Coin","Golden Idol","Toxic Egg 2","Peace Pipe","Prayer Wheel","Darkstone Periapt","Du-Vu Doll","PreservedInsect","Strawberry","Girya","Calling Bell","Anchor","Pantograph","Unceasing Top","Chemical X","Orichalcum","CeramicFish","ClockworkSouvenir","Happy Flower","Akabeko","Art of War","Potion Belt"],"acts_visited":["Exordium","TheCity"],"potions_floor_usage":[7,7,10,16,23],"damage_taken":[{"damage":22,"enemies":"2 Louse","floor":1,"turns":5},{"damage":14,"enemies":"Jaw Worm","floor":5,"turns":5},{"damage":3,"enemies":"Lagavulin","floor":6,"turns":6},{"damage":3,"enemies":"Gremlin Nob","floor":7,"turns":4},{"damage":16,"enemies":"Lagavulin","floor":8,"turns":8},{"damage":11,"enemies":"Gremlin Nob","floor":10,"turns":4},{"damage":0,"enemies":"Small Slimes","floor":11,"turns":4},{"damage":0,"enemies":"Lagavulin","floor":12,"turns":4},{"damage":8152030,"enemies":"3 Sentries","floor":13,"turns":6},{"damage":63,"enemies":"The Guardian","floor":16,"turns":7},{"damage":0,"enemies":"Spheric Guardian","floor":18,"turns":1},{"damage":7,"enemies":"Shell Parasite","floor":20,"turns":4},{"damage":37,"enemies":"Book of Stabbing","floor":23,"turns":5},{"damage":15,"enemies":"Slavers","floor":25,"turns":6}],"seed_played":"-5610723061302776532","potions_obtained":[{"floor":1,"key":"DistilledChaos"},{"floor":6,"key":"Fire Potion"},{"floor":7,"key":"SpeedPotion"},{"floor":8,"key":"DistilledChaos"},{"floor":16,"key":"Swift Potion"},{"floor":18,"key":"ColorlessPotion"},{"floor":20,"key":"Weak Potion"},{"floor":23,"key":"Block Potion"}],"is_trial":true,"path_per_floor":["M","?","$","?","M","E","E","E","T","E","M","E","E","?","R","B",null,"M","$","M","$","T","E","R","E","T"],"character_chosen":"MKU","items_purchased":["Toxic Egg 2","Chemical X","Orichalcum","CeramicFish","MokouMod:HeatTransfer+1","ClockworkSouvenir","Happy Flower"],"campfire_rested":0,"item_purchase_floors":[3,19,19,19,21,21,21],"current_hp_per_floor":[53,53,53,53,39,36,33,17,17,6,6,13,6,12,12,22,94,94,94,87,87,87,50,50,35,35,35,35],"gold":679,"neow_bonus":"","is_daily":false,"chose_seed":false,"campfire_upgraded":0,"win_rate":0.0,"timestamp":1609609615,"path_taken":["M","?","$","?","M","E","E","E","T","E","?","?","E","?","R","BOSS","M","$","?","$","?","E","R","E","T"],"items_purchased_type":["Relic","Relic","Relic","Relic","Card","Relic","Relic"],"build_version":"2020-12-22","purchased_purges":3,"victory":false,"max_hp_per_floor":[75,75,75,75,75,75,75,75,75,75,75,82,82,88,88,88,94,94,94,94,94,94,94,94,94,94,94,94],"card_choices":[{"not_picked":["MokouMod:Firecracker","MokouMod:ResoluteFlare"],"picked":"MokouMod:Afterburner","floor":0},{"not_picked":["MokouMod:Afterburner","MokouMod:Stoke"],"picked":"MokouMod:Overheat","floor":0},{"not_picked":["MokouMod:BlazingComet","MokouMod:ScorchingColumn"],"picked":"MokouMod:Trailblazer","floor":0},{"not_picked":["MokouMod:BlazingComet","MokouMod:IcarusDive"],"picked":"MokouMod:Singe","floor":0},{"not_picked":["MokouMod:ShiftIgnition","MokouMod:FusionFlare"],"picked":"MokouMod:IgnitionBlast","floor":0},{"not_picked":["MokouMod:BurningDraft","MokouMod:TemporalFireSeal"],"picked":"MokouMod:ScorchedEarth","floor":0},{"not_picked":["MokouMod:PhoenixFeathers","MokouMod:EternalBurstReactor"],"picked":"MokouMod:CrimsonArmoury","floor":0},{"not_picked":["MokouMod:Stoke","MokouMod:RetainTemperature"],"picked":"MokouMod:Burn","floor":0},{"not_picked":["MokouMod:RetainTemperature","MokouMod:Overheat"],"picked":"MokouMod:ResonanceReactor","floor":0},{"not_picked":["MokouMod:ResoluteFlare","MokouMod:Cataclysm"],"picked":"MokouMod:Singe","floor":0},{"not_picked":["MokouMod:IcarusDive","MokouMod:ResoluteFlare"],"picked":"MokouMod:BurningDraft","floor":0},{"not_picked":["MokouMod:PhoenixFeathers","MokouMod:SearingShot"],"picked":"MokouMod:ShiftIgnition","floor":0},{"not_picked":["MokouMod:BlazingComet","MokouMod:IgnitionBlast"],"picked":"MokouMod:ScorchedEarth","floor":0},{"not_picked":["MokouMod:SubterraneanCore","MokouMod:Sear"],"picked":"MokouMod:ImperishableFlame","floor":0},{"not_picked":["MokouMod:Combust","MokouMod:InfernalWave"],"picked":"MokouMod:ScorchingColumn","floor":0},{"not_picked":["MokouMod:FujiyamaVolcano","MokouMod:FlickeringFlame","MokouMod:BlazingComet"],"picked":"SKIP","floor":1},{"not_picked":["MokouMod:Overheat+1","MokouMod:IgneousBlow"],"picked":"MokouMod:BurningDraft+1","floor":5},{"not_picked":["MokouMod:Geothermal","MokouMod:ExplosiveFlame"],"picked":"MokouMod:Ventilation+1","floor":6},{"not_picked":["MokouMod:EnchantingBambooForest","MokouMod:SpontaneousHumanCombustion+1"],"picked":"MokouMod:RadiantBlade","floor":7},{"not_picked":["MokouMod:Geothermal","MokouMod:BurningHiddenBullet"],"picked":"MokouMod:ResonatingAura","floor":8},{"not_picked":["MokouMod:BurningHiddenBullet","MokouMod:EnchantingBambooForest"],"picked":"MokouMod:Geothermal","floor":10},{"not_picked":["MokouMod:Firecracker+1","MokouMod:Stoke+1"],"picked":"MokouMod:Sear+1","floor":11},{"not_picked":["MokouMod:Fireball","MokouMod:ResoluteFlare"],"picked":"MokouMod:ShiftIgnition+1","floor":11},{"not_picked":["MokouMod:EnchantingBambooForest","MokouMod:SpontaneousHumanCombustion+1"],"picked":"MokouMod:Extinguish+1","floor":12},{"not_picked":["MokouMod:Rekindle+1","MokouMod:SacredFire","MokouMod:Ventilation+1"],"picked":"SKIP","floor":13},{"not_picked":["MokouMod:SearingBlow","MokouMod:Extinguish+1"],"picked":"MokouMod:PhoenixForm","floor":16},{"not_picked":["MokouMod:RetainTemperature+1","MokouMod:Firecracker+1"],"picked":"MokouMod:FlareStarter+1","floor":18},{"not_picked":["MokouMod:Singe","MokouMod:ControlledCombustion+1"],"picked":"MokouMod:CrimsonArmoury+1","floor":18},{"not_picked":["MokouMod:Overheat+1","MokouMod:RetainTemperature+1","MokouMod:Stoke+1"],"picked":"SKIP","floor":20},{"not_picked":["MokouMod:Singe+1","MokouMod:FujiyamaVolcano","MokouMod:EternalBurstReactor"],"picked":"SKIP","floor":20},{"not_picked":["MokouMod:ResonatingAura","MokouMod:RadiantBlade"],"picked":"MokouMod:ProfanedFlare+1","floor":23},{"not_picked":["MokouMod:BurningHiddenBullet","MokouMod:Ventilation+1"],"picked":"MokouMod:Rebirth","floor":25}],"player_experience":597607,"relics_obtained":[{"floor":6,"key":"Peace Pipe"},{"floor":7,"key":"Prayer Wheel"},{"floor":8,"key":"Darkstone Periapt"},{"floor":9,"key":"Du-Vu Doll"},{"floor":10,"key":"PreservedInsect"},{"floor":12,"key":"Strawberry"},{"floor":13,"key":"Girya"},{"floor":17,"key":"Anchor"},{"floor":17,"key":"Pantograph"},{"floor":17,"key":"Unceasing Top"},{"floor":22,"key":"Akabeko"},{"floor":23,"key":"Art of War"},{"floor":25,"key":"Potion Belt"}],"event_choices":[{"damage_healed":0,"gold_gain":0,"player_choice":"Take Wound","damage_taken":0,"relics_obtained":["Golden Idol"],"max_hp_gain":0,"max_hp_loss":0,"event_name":"Golden Idol","floor":2,"gold_loss":0,"cards_obtained":["Injury"]},{"cards_removed":["MokouMod:Singe"],"damage_healed":0,"gold_gain":0,"player_choice":"Card Removal","damage_taken":0,"max_hp_gain":0,"max_hp_loss":0,"event_name":"The Cleric","floor":4,"gold_loss":50},{"damage_healed":0,"gold_gain":275,"player_choice":"Desecrate","damage_taken":0,"max_hp_gain":0,"max_hp_loss":0,"event_name":"Golden Shrine","floor":14,"gold_loss":0,"cards_obtained":["Regret"]}],"is_beta":false,"boss_relics":[{"not_picked":["Sozu","Snecko Eye"],"picked":"Calling Bell"}],"items_purged_floors":[3,19,21],"is_endless":true,"potions_floor_spawned":[1,6,7,8,16,18,20,23],"ascension_level":1}}