{"host":"n23juj4d9qam5hh1","time":1609560199,"event":{"mods":["BaseMod","Better Note","BetterRewards","Infinite Spire","Minty Spire (QoL Compilation)","Relic Stats","StSLib"],"gold_per_floor":[117,130,130,130,130,130,130,143,443,361,378,378,394,425,425,523,523,541,552,552,571,584,584,584,584,665,665,683,694,694,694,694,798,798,809,502,502,514,514,514,514,514,566,598,610,326,326,76,76,76],"floor_reached":51,"playtime":2061,"items_purged":["Parasite","Cold Snap"],"score":673,"play_id":"d40a6ad9-a10f-42c4-aa94-00778f503e31","local_time":"20210101230319","daily_mods":["Draft","Heirloom","Flight"],"is_ascension_mode":true,"campfire_choices":[{"data":"Defragment","floor":6,"key":"SMITH"},{"data":"Genetic Algorithm","floor":7,"key":"SMITH"},{"data":"Streamline","floor":15,"key":"SMITH"},{"data":"Creative AI","floor":23,"key":"SMITH"},{"data":"Sunder","floor":25,"key":"SMITH"},{"data":"Coolheaded","floor":27,"key":"SMITH"},{"data":"Capacitor","floor":30,"key":"SMITH"},{"data":"Capacitor","floor":32,"key":"SMITH"},{"data":"Madness","floor":40,"key":"SMITH"},{"data":"Madness","floor":41,"key":"SMITH"},{"data":"Buffer","floor":42,"key":"SMITH"},{"data":"Defragment","floor":49,"key":"SMITH"}],"circlet_count":0,"master_deck":["Capacitor","BootSequence","Ball Lightning+1","Streamline+1","Capacitor+1","White Noise+1","Auto Shields","Capacitor+1","Sunder+1","Sweeping Beam","Coolheaded+1","Genetic Algorithm+1","Undo","Defragment+1","Self Repair","Creative AI+1","Fusion+1","Consume+1","Doom and Gloom","Buffer+1","Leap+1","Madness+1","Madness+1","Defragment+1","Biased Cognition"],"relics":["Cracked Core","TungstenRod","Old Coin","infinitespire:ShieldingShard","SlaversCollar","Bottled Tornado","Black Star","infinitespire:Freezer","MawBank","DataDisk"],"acts_visited":["Exordium","TheCity","TheBeyond"],"potions_floor_usage":[14,28,33,35,44],"damage_taken":[{"damage":3,"enemies":"Cultist","floor":1,"turns":3},{"damage":0,"enemies":"Small Slimes","floor":2,"turns":3},{"damage":0,"enemies":"Jaw Worm","floor":8,"turns":3},{"damage":0,"enemies":"3 Louse","floor":11,"turns":2},{"damage":0,"enemies":"Lots of Slimes","floor":13,"turns":3},{"damage":12,"enemies":"Gremlin Nob","floor":14,"turns":4},{"damage":15,"enemies":"The Guardian","floor":16,"turns":10},{"damage":0,"enemies":"Spheric Guardian","floor":18,"turns":5},{"damage":0,"enemies":"Shell Parasite","floor":19,"turns":7},{"damage":0,"enemies":"Centurion and Healer","floor":21,"turns":7},{"damage":13,"enemies":"Snake Plant","floor":22,"turns":5},{"damage":0,"enemies":"Chosen and Byrds","floor":28,"turns":6},{"damage":0,"enemies":"Centurion and Healer","floor":29,"turns":6},{"damage":13,"enemies":"Automaton","floor":33,"turns":8},{"damage":11,"enemies":"3 Darklings","floor":35,"turns":6},{"damage":0,"enemies":"Orb Walker","floor":38,"turns":5},{"damage":0,"enemies":"Writhing Mass","floor":44,"turns":8},{"damage":15,"enemies":"Donu and Deca","floor":50,"turns":7}],"seed_played":"1253058284736923990","potions_obtained":[{"floor":13,"key":"Block Potion"},{"floor":14,"key":"SneckoOil"},{"floor":16,"key":"DuplicationPotion"},{"floor":19,"key":"GamblersBrew"},{"floor":28,"key":"Dexterity Potion"},{"floor":29,"key":"PowerPotion"},{"floor":38,"key":"PowerPotion"}],"is_trial":true,"path_per_floor":["M","M","$","?","?","R","R","M","T","$","M","?","M","E","R","B",null,"M","M","?","M","M","R","$","R","T","R","M","M","R","?","R","B",null,"M","$","?","M","?","R","R","R","T","M","?","$","?","$","R","B",null],"character_chosen":"DEFECT","items_purchased":["Self Repair","Buffer","infinitespire:Freezer","Defragment","DataDisk","Biased Cognition"],"campfire_rested":0,"item_purchase_floors":[10,36,36,46,46,48],"current_hp_per_floor":[72,72,72,58,75,75,75,75,75,75,75,75,75,63,63,55,75,75,75,75,75,69,69,69,69,69,69,75,75,75,75,75,69,75,71,71,71,71,63,63,63,63,63,70,70,70,70,70,70,55],"gold":76,"neow_bonus":"","is_daily":false,"chose_seed":false,"campfire_upgraded":12,"win_rate":0.0,"timestamp":1609560199,"path_taken":["M","M","$","?","?","R","R","M","T","$","M","?","M","E","R","BOSS","M","M","?","?","M","R","$","R","T","R","M","M","R","?","R","BOSS","M","$","?","M","?","R","R","R","T","M","?","$","?","?","R","BOSS"],"items_purchased_type":["Card","Card","Relic","Card","Relic","Card"],"build_version":"2020-12-22","purchased_purges":2,"victory":true,"max_hp_per_floor":[75,75,75,75,75,75,75,75,75,75,75,75,75,75,75,75,75,75,75,75,75,75,75,75,75,75,75,75,75,75,75,75,75,75,75,75,75,75,75,75,75,75,75,75,75,72,72,72,72,72],"relic_stats":{"counters":[18,98],"Black Star":0,"MawBank":36,"obtain_stats":[{"SlaversCollar":17,"DataDisk":46,"infinitespire:ShieldingShard":14,"Black Star":34,"Bottled Tornado":26,"Cracked Core":0,"MawBank":43,"TungstenRod":0,"Old Coin":9,"infinitespire:Freezer":36},{"SlaversCollar":7,"DataDisk":17,"infinitespire:ShieldingShard":6,"Black Star":14,"Bottled Tornado":11,"Cracked Core":0,"MawBank":16,"TungstenRod":0,"Old Coin":3,"infinitespire:Freezer":15},{"SlaversCollar":28,"DataDisk":91,"infinitespire:ShieldingShard":18,"Black Star":72,"Bottled Tornado":52,"Cracked Core":0,"MawBank":83,"TungstenRod":0,"Old Coin":9,"infinitespire:Freezer":78}],"TungstenRod":19},"card_choices":[{"not_picked":["Cold Snap","Stack"],"picked":"Ball Lightning","floor":0},{"not_picked":["Barrage","Sunder"],"picked":"BootSequence","floor":0},{"not_picked":["BootSequence","Leap"],"picked":"Capacitor","floor":0},{"not_picked":["Rebound","Beam Cell"],"picked":"BootSequence","floor":0},{"not_picked":["Barrage","Skim"],"picked":"Ball Lightning","floor":0},{"not_picked":["Recycle","Redo"],"picked":"Streamline","floor":0},{"not_picked":["Ball Lightning","Turbo"],"picked":"Capacitor","floor":0},{"not_picked":["Steam","Aggregate"],"picked":"Cold Snap","floor":0},{"not_picked":["Rebound","Barrage"],"picked":"White Noise","floor":0},{"not_picked":["Gash","Conserve Battery"],"picked":"Auto Shields","floor":0},{"not_picked":["Stack","Steam Power"],"picked":"Capacitor","floor":0},{"not_picked":["Hologram","Stack"],"picked":"Sunder","floor":0},{"not_picked":["Barrage","Sunder"],"picked":"Sweeping Beam","floor":0},{"not_picked":["Stack","Streamline"],"picked":"Coolheaded","floor":0},{"not_picked":["Coolheaded","Loop"],"picked":"Genetic Algorithm","floor":0},{"not_picked":["Stack","Tempest"],"picked":"Undo","floor":1},{"not_picked":["Rebound","Force Field"],"picked":"Defragment","floor":2},{"not_picked":["Blizzard","Beam Cell","Recycle"],"picked":"SKIP","floor":8},{"not_picked":["Chill","Hologram","Go for the Eyes"],"picked":"SKIP","floor":11},{"not_picked":["Beam Cell","Rebound","Conserve Battery"],"picked":"SKIP","floor":13},{"not_picked":["Lockon","Rebound","Amplify"],"picked":"SKIP","floor":14},{"not_picked":["Thunder Strike","All For One"],"picked":"Creative AI","floor":16},{"not_picked":["Redo","Compile Driver","Turbo"],"picked":"SKIP","floor":18},{"not_picked":["Stack","Cold Snap"],"picked":"Fusion","floor":19},{"not_picked":["Gash","Redo","Beam Cell+1"],"picked":"SKIP","floor":21},{"not_picked":["Barrage","Ball Lightning+1","Steam Power"],"picked":"SKIP","floor":22},{"not_picked":["Skim","Turbo","Cold Snap"],"picked":"SKIP","floor":28},{"not_picked":["Turbo","White Noise"],"picked":"Consume+1","floor":29},{"not_picked":["Sunder+1","Hologram+1"],"picked":"Doom and Gloom","floor":35},{"not_picked":["Go for the Eyes+1","Hologram+1"],"picked":"Leap+1","floor":38},{"not_picked":["Stack+1","Conserve Battery+1","Leap+1"],"picked":"SKIP","floor":44}],"player_experience":231365,"relics_obtained":[{"floor":9,"key":"Old Coin"},{"floor":14,"key":"infinitespire:ShieldingShard"},{"floor":26,"key":"Bottled Tornado"},{"floor":43,"key":"MawBank"}],"event_choices":[{"damage_healed":0,"gold_gain":0,"player_choice":"Entered Light","damage_taken":15,"max_hp_gain":0,"max_hp_loss":0,"event_name":"Shining Light","floor":4,"gold_loss":0,"cards_upgraded":["Ball Lightning","White Noise"]},{"damage_healed":25,"gold_gain":0,"player_choice":"Banana","damage_taken":0,"max_hp_gain":0,"max_hp_loss":0,"event_name":"Big Fish","floor":5,"gold_loss":0},{"damage_healed":0,"gold_gain":0,"player_choice":"Ignored","damage_taken":0,"max_hp_gain":0,"max_hp_loss":0,"event_name":"Liars Game","floor":12,"gold_loss":0},{"damage_healed":0,"gold_gain":0,"player_choice":"Upgraded","damage_taken":0,"max_hp_gain":0,"max_hp_loss":0,"event_name":"Upgrade Shrine","floor":20,"gold_loss":0,"cards_upgraded":["Fusion"]},{"cards_removed":["Ball Lightning"],"damage_healed":0,"gold_gain":0,"player_choice":"Purged","damage_taken":0,"max_hp_gain":0,"max_hp_loss":0,"event_name":"Purifier","floor":31,"gold_loss":0},{"cards_removed":["BootSequence"],"damage_healed":0,"gold_gain":0,"player_choice":"Removed Skill","damage_taken":0,"max_hp_gain":0,"max_hp_loss":0,"event_name":"Falling","floor":37,"gold_loss":0},{"damage_healed":0,"gold_gain":0,"player_choice":"Embrace Madness","damage_taken":9,"max_hp_gain":0,"max_hp_loss":0,"event_name":"Winding Halls","floor":39,"gold_loss":0,"cards_obtained":["Madness","Madness"]},{"damage_healed":0,"gold_gain":0,"player_choice":"Ignored","damage_taken":0,"max_hp_gain":0,"max_hp_loss":0,"event_name":"Mysterious Sphere","floor":47,"gold_loss":0}],"is_beta":false,"boss_relics":[{"not_picked":["Ectoplasm","Runic Pyramid"],"picked":"SlaversCollar"},{"not_picked":["Snecko Eye","Cursed Key"],"picked":"Black Star"}],"items_purged_floors":[46,48],"is_endless":false,"potions_floor_spawned":[13,14,16,19,21,28,29,38],"ascension_level":1}}