{"host":"f6tqpspb2ou2a4h5","time":1609555423,"event":{"mods":["2.2 Compatiblity","Ascension Unlocker","BaseMod","Colored Map","DeckTracker","Highlight Path","KOR Keyword Fix","Keyboard Shortcuts","Minty Spire (QoL Compilation)","Permanent Neow","Quick Restart","Random Character Button","StSLib","SuperFastMode","everything is the same but u backflip on backflip"],"gold_per_floor":[368,443,35,210,210,210,244,244,244,258,278,278,292,310,310,435,435,451,49,63,81,102,102,102],"floor_reached":23,"playtime":1001,"items_purged":["Strike_B","Defend_B"],"score":309,"play_id":"19c0909b-cf36-4ccd-84fb-8b3d30a4d696","local_time":"20210102114343","is_ascension_mode":true,"campfire_choices":[{"data":"Dualcast","floor":6.0,"key":"SMITH"},{"floor":8.0,"key":"REST"},{"floor":15.0,"key":"REST"}],"circlet_count":0,"master_deck":["AscendersBane","Strike_B","Strike_B","Defend_B","Defend_B","Zap","Dualcast+1","Genetic Algorithm","Ball Lightning","Master of Strategy","Steam","Gash","Doom and Gloom","Redo","Buffer","Coolheaded","Dramatic Entrance+1","Leap+1","Rip and Tear+1","Steam+1","Conserve Battery+1","Aggregate+1"],"relics":["Cracked Core","Membership Card","Pantograph","Golden Idol","Mango","Lantern","Empty Cage","Molten Egg 2","Toxic Egg 2"],"acts_visited":["Exordium","TheCity"],"potions_floor_usage":[21],"damage_taken":[{"damage":4.0,"enemies":"Small Slimes","floor":1.0,"turns":4.0},{"damage":35.0,"enemies":"Gremlin Nob","floor":7.0,"turns":4.0},{"damage":6.0,"enemies":"2 Louse","floor":10.0,"turns":2.0},{"damage":2.0,"enemies":"Jaw Worm","floor":11.0,"turns":3.0},{"damage":4.0,"enemies":"Large Slime","floor":13.0,"turns":4.0},{"damage":2.0,"enemies":"Lots of Slimes","floor":14.0,"turns":3.0},{"damage":37.0,"enemies":"The Guardian","floor":16.0,"turns":12.0},{"damage":22.0,"enemies":"2 Thieves","floor":18.0,"turns":4.0},{"damage":6.0,"enemies":"Shell Parasite","floor":20.0,"turns":3.0},{"damage":11,"enemies":"Snake Plant","floor":21,"turns":5},{"damage":23,"enemies":"Cultist and Chosen","floor":22,"turns":7},{"damage":15,"enemies":"Book of Stabbing","floor":23,"turns":4}],"seed_played":"-3682294858991028009","potions_obtained":[{"floor":1.0,"key":"Fruit Juice"},{"floor":16.0,"key":"DuplicationPotion"},{"floor":20.0,"key":"Ancient Potion"},{"floor":22,"key":"Strength Potion"}],"is_trial":false,"path_per_floor":["M","?","$","?","?","R","E","R","T","M","M","?","M","M","R","B",null,"M","$","M","M","M","E"],"character_chosen":"DEFECT","items_purchased":["Membership Card","Ball Lightning","Master of Strategy","Pantograph","Molten Egg 2","Toxic Egg 2","Dramatic Entrance+1","Leap+1","Rip and Tear+1"],"campfire_rested":2,"item_purchase_floors":[3,3,3,3,19,19,19,19,19],"current_hp_per_floor":[51,40,40,40,40,40,19,45,45,39,37,37,33,31,57,45,77,55,55,49,38,15,0,0],"gold":102,"neow_bonus":"TWO_FIFTY_GOLD","is_daily":false,"chose_seed":false,"campfire_upgraded":1,"win_rate":0.0,"timestamp":1609555423,"path_taken":["M","?","$","?","?","R","E","R","T","M","M","?","M","?","R","BOSS","M","$","M","M","M","E"],"items_purchased_type":["Relic","Card","Card","Relic","Relic","Relic","Card","Card","Card"],"build_version":"2020-12-22","purchased_purges":2,"victory":false,"max_hp_per_floor":[80,80,80,80,74,74,88,88,88,88,88,88,88,88,88,88,88,88,88,88,88,88,88,88],"card_choices":[{"not_picked":["Skim","Double Energy"],"picked":"Genetic Algorithm","floor":1.0},{"not_picked":["Conserve Battery","Leap"],"picked":"Steam","floor":7.0},{"not_picked":["Leap","Barrage"],"picked":"Gash","floor":10.0},{"not_picked":["Hologram","Hello World"],"picked":"Doom and Gloom","floor":11.0},{"not_picked":["Heatsinks","Beam Cell","Static Discharge"],"picked":"SKIP","floor":13.0},{"not_picked":["Beam Cell","Turbo"],"picked":"Redo","floor":14.0},{"not_picked":["Machine Learning","Core Surge"],"picked":"Buffer","floor":16.0},{"not_picked":["Streamline","Turbo"],"picked":"Coolheaded","floor":18.0},{"not_picked":["Stack+1","Streamline+1"],"picked":"Steam+1","floor":20.0},{"not_picked":["Reprogram+1","Lockon+1"],"picked":"Conserve Battery+1","floor":21},{"not_picked":["Conserve Battery+1","Stack+1"],"picked":"Aggregate+1","floor":22}],"player_experience":62397,"relics_obtained":[{"floor":7.0,"key":"Mango"},{"floor":9.0,"key":"Lantern"}],"event_choices":[{"damage_healed":0.0,"max_hp_gain":0.0,"max_hp_loss":0.0,"gold_gain":75.0,"event_name":"World of Goop","player_choice":"Gather Gold","floor":2.0,"gold_loss":0.0,"damage_taken":11.0},{"damage_healed":0.0,"max_hp_gain":0.0,"max_hp_loss":0.0,"gold_gain":175.0,"event_name":"Liars Game","player_choice":"AGREE","floor":4.0,"gold_loss":0.0,"damage_taken":0.0,"cards_obtained":["Doubt"]},{"damage_healed":0.0,"max_hp_gain":0.0,"max_hp_loss":6.0,"gold_gain":0.0,"event_name":"Golden Idol","player_choice":"Lose Max HP","floor":5.0,"gold_loss":0.0,"damage_taken":0.0,"relics_obtained":["Golden Idol"]},{"cards_removed":["Doubt"],"damage_healed":0.0,"max_hp_gain":0.0,"max_hp_loss":0.0,"gold_gain":0.0,"event_name":"Fountain of Cleansing","player_choice":"Removed Curses","floor":12.0,"gold_loss":0.0,"damage_taken":0.0}],"is_beta":false,"boss_relics":[{"not_picked":["Busted Crown","Black Star"],"picked":"Empty Cage"}],"items_purged_floors":[3,19],"is_endless":false,"potions_floor_spawned":[1,16,20,22],"killed_by":"Book of Stabbing","ascension_level":12}}