{"host":"dcj2yvrgcvh5dl2s","time":1609573905,"event":{"mods":["BaseMod","Better Note","Block Reminder","Colored Powertips","DeckTracker","Minty Spire (QoL Compilation)","Quick Restart","Rare Cards Sparkle","Relic Stats","StSLib"],"gold_per_floor":[113,113,113,189,207,207,233,233,257,286,304,304,304,10,10,10,10],"floor_reached":16,"playtime":7092,"items_purged":["Strike_R"],"score":249,"play_id":"24a4f436-227f-452b-8b48-ae4c218b037e","local_time":"20210102175145","is_ascension_mode":true,"campfire_choices":[{"data":"Bash","floor":6,"key":"SMITH"},{"floor":8,"key":"REST"},{"floor":12,"key":"REST"},{"floor":15,"key":"REST"}],"circlet_count":0,"master_deck":["AscendersBane","Strike_R","Strike_R","Strike_R","Defend_R","Defend_R","Defend_R","Bash+1","Shrug It Off+1","Sword Boomerang","Metallicize","Disarm","Shockwave+1"],"relics":["Burning Blood","NeowsBlessing","Pear","Mummified Hand","Tiny Chest","Dream Catcher","Bag of Marbles","Membership Card","War Paint"],"acts_visited":["Exordium"],"potions_floor_usage":[10,16],"damage_taken":[{"damage":0,"enemies":"Jaw Worm","floor":1,"turns":1},{"damage":0,"enemies":"Small Slimes","floor":5,"turns":1},{"damage":0,"enemies":"Gremlin Nob","floor":7,"turns":1},{"damage":34,"enemies":"3 Sentries","floor":10,"turns":10},{"damage":6,"enemies":"2 Louse","floor":11,"turns":3},{"damage":92,"enemies":"Slime Boss","floor":16,"turns":12}],"seed_played":"768670172160836921","potions_obtained":[{"floor":7,"key":"AttackPotion"},{"floor":10,"key":"Weak Potion"},{"floor":11,"key":"Block Potion"}],"is_trial":false,"path_per_floor":["M","?","?","T","M","R","E","R","T","E","M","R","?","$","R","B"],"character_chosen":"IRONCLAD","items_purchased":["Membership Card","War Paint"],"campfire_rested":3,"item_purchase_floors":[14,14],"current_hp_per_floor":[74,39,32,32,38,38,44,69,69,41,41,66,66,66,85,0,0],"gold":10,"neow_bonus":"THREE_ENEMY_KILL","is_daily":false,"chose_seed":false,"campfire_upgraded":1,"win_rate":0.0,"timestamp":1609573905,"path_taken":["M","?","?","?","M","R","E","R","T","E","M","R","?","$","R","BOSS"],"items_purchased_type":["Relic","Relic"],"build_version":"2020-12-22","purchased_purges":1,"victory":false,"max_hp_per_floor":[75,85,85,85,85,85,85,85,85,85,85,85,85,85,85,85,85],"relic_stats":{"Dream Catcher":2,"counters":[6,28],"Mummified Hand":[3],"Tiny Chest":0,"War Paint":["Shrug It Off","Shockwave"],"obtain_stats":[{"Dream Catcher":9,"Pear":2,"NeowsBlessing":0,"Mummified Hand":4,"Tiny Chest":7,"Bag of Marbles":10,"Membership Card":14,"War Paint":14,"Burning Blood":0},{"Dream Catcher":3,"Pear":1,"NeowsBlessing":0,"Mummified Hand":1,"Tiny Chest":3,"Bag of Marbles":4,"Membership Card":5,"War Paint":5,"Burning Blood":0},{"Dream Catcher":3,"Pear":1,"NeowsBlessing":0,"Mummified Hand":1,"Tiny Chest":3,"Bag of Marbles":13,"Membership Card":16,"War Paint":16,"Burning Blood":0}],"Burning Blood":30},"card_choices":[{"not_picked":["Seeing Red","Headbutt"],"picked":"Shrug It Off","floor":1},{"not_picked":["Flex","Sever Soul"],"picked":"Sword Boomerang","floor":5},{"not_picked":["Impervious","Anger"],"picked":"Metallicize","floor":7},{"not_picked":["Heavy Blade","Sword Boomerang"],"picked":"Disarm","floor":10},{"not_picked":["Armaments","Clothesline","Ghostly Armor"],"picked":"SKIP","floor":11},{"not_picked":["Pommel Strike","Clash"],"picked":"Shockwave","floor":12}],"player_experience":2145642,"relics_obtained":[{"floor":4,"key":"Mummified Hand"},{"floor":7,"key":"Tiny Chest"},{"floor":9,"key":"Dream Catcher"},{"floor":10,"key":"Bag of Marbles"}],"event_choices":[{"damage_healed":0,"gold_gain":0,"player_choice":"Success","damage_taken":45,"relics_obtained":["Pear"],"max_hp_gain":0,"max_hp_loss":0,"event_name":"Scrap Ooze","floor":2,"gold_loss":0},{"cards_removed":["Defend_R"],"damage_healed":0,"gold_gain":0,"player_choice":"Card Removal","damage_taken":7,"max_hp_gain":0,"max_hp_loss":0,"event_name":"Golden Wing","floor":3,"gold_loss":0},{"cards_removed":["Strike_R"],"damage_healed":0,"gold_gain":0,"player_choice":"Purged","damage_taken":0,"max_hp_gain":0,"max_hp_loss":0,"event_name":"Purifier","floor":13,"gold_loss":0}],"is_beta":false,"boss_relics":[],"items_purged_floors":[14],"is_endless":false,"potions_floor_spawned":[7,10,11],"killed_by":"Slime Boss","ascension_level":18}}