{"host":"waq1ashgqt0tulkv","time":1609583324,"event":{"mods":["BaseMod","Downfall","Duelist Mod","Hermit","Infinite Spire","Minty Spire (QoL Compilation)","Replay The Spire","StSLib","SuperFastMode","The Animator","The Bug Knight","The Hierophant","The Servant 0.9.4"],"gold_per_floor":[114,131,131,143,13,0,0],"floor_reached":6,"playtime":322,"items_purged":["Replay:Hysterical Blindness"],"score":36,"play_id":"1d2b0070-0267-4110-9055-3968557a2542","local_time":"20210102032844","is_ascension_mode":false,"campfire_choices":[],"circlet_count":0,"master_deck":["hierophant:Strike_Hierophant","hierophant:Strike_Hierophant","hierophant:Strike_Hierophant","hierophant:Strike_Hierophant","hierophant:Punish","hierophant:Defend_Hierophant","hierophant:Defend_Hierophant","hierophant:Defend_Hierophant","hierophant:Defend_Hierophant","hierophant:ChurchCoffers","hierophant:Encroach","hierophant:FieryStrike","hierophant:MirrorShield","hierophant:Prophecy","hierophant:Prophecy"],"relics":["hierophant:PropheticMaskRelic","NeowsBlessing"],"acts_visited":["Exordium"],"potions_floor_usage":[],"damage_taken":[{"damage":0,"enemies":"Cultist","floor":1,"turns":1},{"damage":0,"enemies":"2 Louse","floor":2,"turns":1},{"damage":0,"enemies":"Small Slimes","floor":4,"turns":1},{"damage":50,"enemies":"HollowMod:MossKnight","floor":6,"turns":16}],"seed_played":"3678207846064242021","potions_obtained":[{"floor":1,"key":"Block Potion"},{"floor":2,"key":"Explosive Potion"}],"is_trial":false,"path_per_floor":["M","M","?","M","$","E"],"character_chosen":"HIEROPHANT","items_purchased":["hierophant:Prophecy"],"campfire_rested":0,"item_purchase_floors":[5],"current_hp_per_floor":[75,75,75,75,75,25,25],"gold":0,"neow_bonus":"THREE_ENEMY_KILL","is_daily":false,"chose_seed":false,"campfire_upgraded":0,"win_rate":0.0,"timestamp":1609583324,"path_taken":["M","M","?","M","$","E"],"items_purchased_type":["Card"],"build_version":"2020-12-13","purchased_purges":1,"victory":false,"max_hp_per_floor":[75,75,75,75,75,75,75],"card_choices":[{"not_picked":["hierophant:Charity","hierophant:CoinFling"],"picked":"hierophant:Encroach","floor":1},{"not_picked":["hierophant:Doubloon","hierophant:Refuge"],"picked":"hierophant:FieryStrike","floor":2},{"not_picked":["hierophant:SealAway","hierophant:TollTheBells"],"picked":"hierophant:MirrorShield","floor":4}],"player_experience":18125,"relics_obtained":[],"event_choices":[],"is_beta":false,"boss_relics":[],"items_purged_floors":[5],"is_endless":false,"potions_floor_spawned":[1,2],"killed_by":"HollowMod:MossKnight","ascension_level":0}}