{"host":"0nfdmr2b19ur4mbc","time":1609614305,"event":{"mods":["2.2 Compatiblity","AchievementEnabler","BaseMod","Better Match","Better Note","Better Third Choice","Better Vampires","Disable Question Mark Monsters","Hubris","Infinite Spire","Minty Spire (QoL Compilation)","Quick Restart","Rare Cards Sparkle","Replay The Spire","StSLib"],"gold_per_floor":[118,118,134,134,134,164,180,208,208,226,253,253,267,123,123,218,218,231,242,259,259,180,213,240,256,256,256,286,303,303,313,313,415,415,426,436,436,436,436,436,446,473,473,170,204,204,214,228,228,228],"floor_reached":51,"playtime":2700,"items_purged":["hubris:Lust"],"score":1080,"play_id":"c5e98fb8-45a4-4f51-ac08-5b3c3f94d7ba","local_time":"20210102200505","is_ascension_mode":true,"campfire_choices":[{"data":"Intimidate","floor":12.0,"key":"SMITH"},{"data":"ReplayTheSpireMod:Limb From Limb","floor":15.0,"key":"SMITH"},{"floor":27.0,"key":"REST"},{"floor":32.0,"key":"REST"},{"data":"hubris:InfiniteBlow+1","floor":40.0,"key":"SMITH"},{"data":"hubris:InfiniteBlow+2","floor":40.0,"key":"SMITH"},{"data":"hubris:InfiniteBlow+3","floor":49.0,"key":"SMITH"},{"data":"hubris:InfiniteBlow+4","floor":49.0,"key":"SMITH"}],"circlet_count":0,"master_deck":["Strike_R","Strike_R","Strike_R","Strike_R","Strike_R","Defend_R","Defend_R","Defend_R","Bash+1","Anger","Reaper","Run Through","Impervious","ReplayTheSpireMod:Limb From Limb+1","Intimidate+1","Cleave","Eclipse","Spot Weakness+1","Limit Break","Offering","Flex","Burning Pact+1","ReplayTheSpireMod:Stacked+1","Body Slam+1","Anger","Berserk","Clothesline+1","hubris:InfiniteBlow+5","Seeing Red+1","Feel No Pain+1","Flex+1"],"relics":["Burning Blood","NeowsBlessing","ReplayTheSpireMod:Ring of Collecting","Meat on the Bone","infinitespire:Bottled Soul","ReplayTheSpireMod:Ring of Exchange","Tiny Chest","Question Card","HandDrill","hubris:Backtick","infinitespire:DarkRift","hubris:Towel","ReplayTheSpireMod:CursedCoin","infinitespire:Satchel","Snack Pack","Ring of Fury","Dream Catcher","ReplayTheSpireMod:Ring of Addiction","SacredBark","Chameleon Ring","Pen Nib","Lantern","Busted Crown","Gremlin Food","Brimstone","Replay:Arrowhead","hubris:Icosahedron","Oddly Smooth Stone","Ring of Hypnosis","Torii","PreservedInsect","Bag of Preparation","White Beast Statue","Ring of Peace","Bottled Flame"],"acts_visited":["Exordium","TheCity","TheBeyond"],"potions_floor_usage":[50,50],"damage_taken":[{"damage":0.0,"enemies":"Cultist","floor":1.0,"turns":1.0},{"damage":0.0,"enemies":"Small Slimes","floor":3.0,"turns":1.0},{"damage":0.0,"enemies":"Gremlin Nob","floor":6.0,"turns":1.0},{"damage":12.0,"enemies":"Jaw Worm","floor":7.0,"turns":3.0},{"damage":50.0,"enemies":"3 Sentries","floor":8.0,"turns":9.0},{"damage":9.0,"enemies":"2 Fungi Beasts","floor":10.0,"turns":4.0},{"damage":0.0,"enemies":"Gremlin Nob","floor":11.0,"turns":2.0},{"damage":19.0,"enemies":"Gremlin Gang","floor":13.0,"turns":5.0},{"damage":59.0,"enemies":"Fading Forest","floor":16.0,"turns":11.0},{"damage":19.0,"enemies":"2 Thieves","floor":18.0,"turns":4.0},{"damage":11.0,"enemies":"Spheric Guardian","floor":19.0,"turns":3.0},{"damage":24.0,"enemies":"Snake Plant","floor":20.0,"turns":3.0},{"damage":39.0,"enemies":"Book of Stabbing","floor":23.0,"turns":5.0},{"damage":10.0,"enemies":"Snecko","floor":25.0,"turns":3.0},{"damage":6.0,"enemies":"Replay:Snechameleon","floor":28.0,"turns":1.0},{"damage":0.0,"enemies":"3 Cultists","floor":29.0,"turns":2.0},{"damage":28.0,"enemies":"Shelled Parasite and Fungi","floor":31.0,"turns":3.0},{"damage":26.0,"enemies":"Champ","floor":33.0,"turns":6.0},{"damage":10.0,"enemies":"3 Darklings","floor":35.0,"turns":2.0},{"damage":11.0,"enemies":"Orb Walker","floor":36.0,"turns":2.0},{"damage":6.0,"enemies":"Spire Growth","floor":41.0,"turns":2.0},{"damage":71.0,"enemies":"Nightmare","floor":42.0,"turns":5.0},{"damage":19.0,"enemies":"Giant Head","floor":45.0,"turns":4.0},{"damage":6.0,"enemies":"Jaw Worm Horde","floor":47.0,"turns":3.0},{"damage":24.0,"enemies":"Sphere and 2 Shapes","floor":48.0,"turns":4.0},{"damage":63,"enemies":"Donu and Deca","floor":50,"turns":5}],"seed_played":"-4223829520724364110","potions_obtained":[{"floor":6.0,"key":"Elixir"},{"floor":8.0,"key":"Block Potion"},{"floor":10.0,"key":"GamblersBrew"},{"floor":16.0,"key":"Venom Potion"},{"floor":18.0,"key":"Fire Potion"},{"floor":26.0,"key":"Reflective Coating"},{"floor":26.0,"key":"LiquidMemories"},{"floor":26.0,"key":"Toxic Potion"},{"floor":28.0,"key":"AttackPotion"},{"floor":29.0,"key":"BloodPotion"},{"floor":33.0,"key":"Adrenaline Potion"},{"floor":35.0,"key":"Fire Potion"},{"floor":42.0,"key":"Strength Potion"},{"floor":45.0,"key":"EssenceOfSteel"},{"floor":47.0,"key":"BlessingOfTheForge"},{"floor":48.0,"key":"SpeedPotion"}],"is_trial":false,"path_per_floor":["M","?","M","?","$","E","M","E","T","M","E","R","M","$","R","B",null,"M","M","M","?","$","E","T","M","T","R","E","M","AVR","M","R","B",null,"M","M","AVR","?","?","R","M","NM","T","$","E","T","M","M","R","B",null],"character_chosen":"IRONCLAD","items_purchased":["HandDrill","ReplayTheSpireMod:CursedCoin","infinitespire:Satchel","PreservedInsect","Bag of Preparation"],"campfire_rested":2,"item_purchase_floors":[14,22,22,44,44],"current_hp_per_floor":[80,80,80,73,73,80,74,54,54,59,65,65,67,67,67,44,80,67,62,56,56,56,35,35,43,43,67,71,80,80,58,80,66,78,76,78,78,78,76,76,76,56,56,56,62,62,72,58,58,33],"gold":228,"neow_bonus":"THREE_ENEMY_KILL","is_daily":false,"chose_seed":false,"campfire_upgraded":6,"win_rate":0.0,"timestamp":1609614305,"path_taken":["M","?","M","?","?","E","M","E","T","?","E","R","M","$","R","BOSS","M","M","?","?","$","E","?","M","T","R","E","M","AVR","M","R","BOSS","M","?","AVR","?","?","R","M","NM","T","$","E","?","M","M","R","BOSS"],"items_purchased_type":["Relic","Relic","Relic","Relic","Relic"],"build_version":"2020-12-22","purchased_purges":1,"victory":true,"max_hp_per_floor":[80,80,80,80,80,80,80,80,80,80,80,80,80,80,80,80,80,80,80,80,80,80,80,80,80,80,80,80,80,80,80,80,78,78,78,78,78,78,76,76,76,76,76,76,76,76,76,76,74,74],"card_choices":[{"not_picked":["Dark Embrace","Thunderclap"],"picked":"Anger","floor":1.0},{"not_picked":["Sword Boomerang","Clothesline"],"picked":"Reaper","floor":3.0},{"not_picked":["Rupture","Warcry"],"picked":"Run Through","floor":6.0},{"not_picked":["Feel No Pain","ReplayTheSpireMod:Strike From Hell","Havoc"],"picked":"SKIP","floor":7.0},{"not_picked":["Searing Blow","Flex"],"picked":"Impervious","floor":8.0},{"not_picked":["Reckless Charge","Heavy Blade"],"picked":"ReplayTheSpireMod:Limb From Limb","floor":10.0},{"not_picked":["Pommel Strike","Headbutt"],"picked":"Intimidate","floor":11.0},{"not_picked":["Ghostly Armor","Perfected Strike","Twin Strike"],"picked":"Cleave","floor":13.0},{"not_picked":["Barricade","Corruption","Reaper"],"picked":"Eclipse","floor":16.0},{"not_picked":["Clothesline","Armaments","Headbutt"],"picked":"Spot Weakness+1","floor":18.0},{"not_picked":["ReplayTheSpireMod:LeadingStrike+1","Replay:Undeath\u0027s Touch+1","Flex+1"],"picked":"Limit Break","floor":19.0},{"not_picked":["Combust+1","Bloodletting","Second Wind+1","Armaments+1"],"picked":"SKIP","floor":20.0},{"not_picked":["hubris:ReadiedAction+1","Armaments+1","Sentinel"],"picked":"Offering","floor":23.0},{"not_picked":["True Grit","Cleave","Shrug It Off","Evolve"],"picked":"SKIP","floor":25.0},{"not_picked":["Replay:Undeath\u0027s Touch","Clash","Power Through+1"],"picked":"Flex","floor":27.0},{"not_picked":["Clash","Flex","Replay:Undeath\u0027s Touch"],"picked":"Burning Pact+1","floor":28.0},{"not_picked":["Eclipse","Heavy Blade","hubris:ReadiedAction+1"],"picked":"ReplayTheSpireMod:Stacked+1","floor":29.0},{"not_picked":["Rupture"],"picked":"Body Slam+1","floor":31.0},{"not_picked":["hubris:ReadiedAction"],"picked":"Anger","floor":32.0},{"not_picked":["Demonic Infusion"],"picked":"Berserk","floor":33.0},{"not_picked":["Sword Boomerang"],"picked":"Clothesline+1","floor":35.0},{"not_picked":["ReplayTheSpireMod:Strike From Hell+1","Warcry+1"],"picked":"SKIP","floor":36.0},{"not_picked":["Burning Pact","Twin Strike+1"],"picked":"SKIP","floor":41.0},{"not_picked":["hubris:ReadiedAction"],"picked":"Seeing Red+1","floor":42.0},{"not_picked":["Warcry","Bloodletting"],"picked":"SKIP","floor":45.0},{"not_picked":["Life Link"],"picked":"Feel No Pain+1","floor":47.0},{"not_picked":["Headbutt+1"],"picked":"Flex+1","floor":48.0}],"player_experience":128364,"relics_obtained":[{"floor":2.0,"key":"ReplayTheSpireMod:Ring of Collecting"},{"floor":6.0,"key":"Meat on the Bone"},{"floor":8.0,"key":"infinitespire:Bottled Soul"},{"floor":9.0,"key":"ReplayTheSpireMod:Ring of Exchange"},{"floor":9.0,"key":"Tiny Chest"},{"floor":11.0,"key":"Question Card"},{"floor":23.0,"key":"Snack Pack"},{"floor":24.0,"key":"Ring of Fury"},{"floor":24.0,"key":"Dream Catcher"},{"floor":26.0,"key":"ReplayTheSpireMod:Ring of Addiction"},{"floor":26.0,"key":"SacredBark"},{"floor":26.0,"key":"Chameleon Ring"},{"floor":26.0,"key":"Pen Nib"},{"floor":28.0,"key":"Lantern"},{"floor":42.0,"key":"Oddly Smooth Stone"},{"floor":43.0,"key":"Ring of Hypnosis"},{"floor":43.0,"key":"Torii"},{"floor":45.0,"key":"White Beast Statue"},{"floor":46.0,"key":"Ring of Peace"},{"floor":46.0,"key":"Bottled Flame"}],"event_choices":[{"cards_removed":["Defend_R"],"damage_healed":0.0,"max_hp_gain":0.0,"max_hp_loss":0.0,"gold_gain":0.0,"event_name":"Golden Wing","player_choice":"Card Removal","floor":4.0,"gold_loss":0.0,"damage_taken":7.0}],"is_beta":false,"boss_relics":[{"not_picked":["hubris:GrandSneckoEye","Honey Jar"],"picked":"hubris:Backtick"},{"not_picked":["Painkiller Herb","TheAbacus"],"picked":"Brimstone"}],"items_purged_floors":[22],"is_endless":false,"potions_floor_spawned":[6,8,10,16,18,28,29,33,35,36,42,45,47,48],"ascension_level":4}}