{"host":"qj91dvco5uhu9oti","time":1609597333,"event":{"mods":["BaseMod","Colored Map","Hermit","Keyboard Shortcuts","Minty Spire (QoL Compilation)","Permanent Neow","Relic Stats","StSLib","SuperFastMode","everything is the same but u backflip on backflip"],"gold_per_floor":[118,133,145,160,160,160,172,172,225,241,63,83,133,149,149,226,226,240,11,11,11,11,11,42,42,92,124,124,135,36,53,53,53,53],"floor_reached":33,"playtime":939,"items_purged":["Strike_G","Strike_G"],"score":526,"play_id":"d0343b63-3720-484d-b5dd-bbe5b46883c0","local_time":"20210102232213","is_ascension_mode":true,"campfire_choices":[{"data":"Deadly Poison","floor":6.0,"key":"SMITH"},{"data":"Survivor","floor":8.0,"key":"SMITH"},{"data":"Catalyst","floor":15.0,"key":"SMITH"},{"floor":23,"key":"REST"},{"data":"Outmaneuver","floor":28,"key":"SMITH"},{"floor":32,"key":"REST"}],"circlet_count":0,"master_deck":["AscendersBane","Strike_G+1","Strike_G+1","Defend_G+1","Defend_G+1","Defend_G+1","Defend_G+1","Survivor+1","Neutralize","Dagger Throw","Deadly Poison+1","Calculated Gamble","Backstab","Catalyst+1","Dark Shackles","Crippling Poison","Outmaneuver+1","PiercingWail","Footwork","Backflip","Tactician","Tactician","Deflect"],"relics":["Ring of the Serpent","Sundial","Pen Nib","Enchiridion","Dream Catcher","Nunchaku","InkBottle"],"acts_visited":["Exordium","TheCity"],"potions_floor_usage":[24,27,29],"damage_taken":[{"damage":1.0,"enemies":"Jaw Worm","floor":1.0,"turns":6.0},{"damage":1.0,"enemies":"Small Slimes","floor":2.0,"turns":5.0},{"damage":0.0,"enemies":"Cultist","floor":3.0,"turns":3.0},{"damage":8.0,"enemies":"3 Louse","floor":4.0,"turns":4.0},{"damage":0.0,"enemies":"Large Slime","floor":7.0,"turns":5.0},{"damage":0.0,"enemies":"Looter","floor":10.0,"turns":2.0},{"damage":0.0,"enemies":"3 Louse","floor":12.0,"turns":3.0},{"damage":8.0,"enemies":"Blue Slaver","floor":14.0,"turns":3.0},{"damage":10.0,"enemies":"The Guardian","floor":16.0,"turns":8.0},{"damage":4.0,"enemies":"3 Byrds","floor":18.0,"turns":5.0},{"damage":3,"enemies":"Gremlin Leader","floor":24,"turns":7},{"damage":1,"enemies":"Book of Stabbing","floor":27,"turns":5},{"damage":1,"enemies":"Shell Parasite","floor":29,"turns":5},{"damage":17,"enemies":"Shelled Parasite and Fungi","floor":31,"turns":5},{"damage":52,"enemies":"Automaton","floor":33,"turns":6}],"seed_played":"-236841905335465609","potions_obtained":[{"floor":1.0,"key":"SkillPotion"},{"floor":7.0,"key":"Weak Potion"},{"floor":16.0,"key":"Poison Potion"},{"floor":27,"key":"Swift Potion"}],"is_trial":false,"path_per_floor":["M","M","M","M","?","R","M","R","T","M","$","M","?","M","R","B",null,"M","$","?","?","?","R","E","$","T","E","R","M","$","M","R","B"],"character_chosen":"THE_SILENT","items_purchased":["Dark Shackles","Footwork","Backflip","Tactician","Deflect"],"campfire_rested":2,"item_purchase_floors":[11,19,19,30,30],"current_hp_per_floor":[58,57,57,49,38,38,38,38,38,38,38,38,38,30,30,20,50,46,46,46,25,25,43,40,40,40,39,39,38,38,21,39,0,0],"gold":53,"neow_bonus":"REMOVE_TWO","is_daily":false,"chose_seed":false,"campfire_upgraded":4,"win_rate":0.0,"timestamp":1609597333,"path_taken":["M","M","M","M","?","R","M","R","T","M","$","M","?","?","R","BOSS","M","$","?","?","?","R","E","?","T","E","R","M","$","M","R","BOSS"],"items_purchased_type":["Card","Card","Card","Card","Card"],"build_version":"2020-12-22","purchased_purges":2,"victory":false,"max_hp_per_floor":[60,60,60,60,60,60,60,60,60,60,60,60,60,60,60,60,60,60,60,60,60,60,60,60,60,60,60,60,60,60,60,60,60,60],"relic_stats":{"Dream Catcher":1,"Nunchaku":[3],"counters":[15,72],"Sundial":[14],"Pen Nib":[7],"obtain_stats":[{"Dream Catcher":24,"Nunchaku":26,"Sundial":5,"Enchiridion":21,"Pen Nib":9,"Ring of the Serpent":17,"InkBottle":27,"Ring of the Snake":0},{"Dream Catcher":11,"Nunchaku":11,"Sundial":4,"Enchiridion":10,"Pen Nib":5,"Ring of the Serpent":9,"InkBottle":12,"Ring of the Snake":0},{"Dream Catcher":51,"Nunchaku":51,"Sundial":18,"Enchiridion":44,"Pen Nib":23,"Ring of the Serpent":39,"InkBottle":56,"Ring of the Snake":0}],"InkBottle":[8]},"card_choices":[{"not_picked":["Heel Hook","Dodge and Roll","Bane"],"picked":"SKIP","floor":1.0},{"not_picked":["Quick Slash","Outmaneuver"],"picked":"Dagger Throw","floor":2.0},{"not_picked":["Deflect","Dagger Throw"],"picked":"Deadly Poison","floor":3.0},{"not_picked":["Masterful Stab","Deflect"],"picked":"Calculated Gamble","floor":4.0},{"not_picked":["Dodge and Roll","Deadly Poison"],"picked":"Backstab","floor":7.0},{"not_picked":["Well Laid Plans","Doppelganger"],"picked":"Catalyst","floor":10.0},{"not_picked":["Leg Sweep","Deflect"],"picked":"Crippling Poison","floor":12.0},{"not_picked":["Crippling Poison","Prepared"],"picked":"Outmaneuver","floor":14.0},{"not_picked":["Endless Agony","Setup"],"picked":"PiercingWail","floor":18.0},{"not_picked":["Flying Knee","Masterful Stab+1"],"picked":"Tactician","floor":24},{"not_picked":["Finisher","Sucker Punch","Distraction"],"picked":"SKIP","floor":27},{"not_picked":["Sucker Punch","All Out Attack+1","Setup"],"picked":"SKIP","floor":29},{"not_picked":["Dagger Spray","Heel Hook","Caltrops"],"picked":"SKIP","floor":31}],"player_experience":332477,"relics_obtained":[{"floor":9.0,"key":"Pen Nib"},{"floor":21.0,"key":"Enchiridion"},{"floor":24,"key":"Dream Catcher"},{"floor":26,"key":"Nunchaku"},{"floor":27,"key":"InkBottle"}],"event_choices":[{"damage_healed":0.0,"max_hp_gain":0.0,"max_hp_loss":0.0,"gold_gain":0.0,"event_name":"Scrap Ooze","player_choice":"Success","floor":5.0,"gold_loss":0.0,"damage_taken":11.0,"relics_obtained":["Sundial"]},{"damage_healed":0.0,"max_hp_gain":0.0,"max_hp_loss":0.0,"gold_gain":50.0,"event_name":"Golden Shrine","player_choice":"Pray","floor":13.0,"gold_loss":0.0,"damage_taken":0.0},{"damage_healed":0.0,"max_hp_gain":0.0,"max_hp_loss":0.0,"gold_gain":0.0,"event_name":"Back to Basics","player_choice":"Simplicity","floor":20.0,"gold_loss":0.0,"damage_taken":0.0,"cards_upgraded":["Strike_G","Strike_G","Defend_G","Defend_G","Defend_G","Defend_G"]},{"damage_healed":0.0,"max_hp_gain":0.0,"max_hp_loss":0.0,"gold_gain":0.0,"event_name":"Cursed Tome","player_choice":"Obtained Book","floor":21.0,"gold_loss":0.0,"damage_taken":21.0},{"damage_healed":0,"gold_gain":0,"player_choice":"Ignored","damage_taken":0,"max_hp_gain":0,"max_hp_loss":0,"event_name":"Vampires","floor":22,"gold_loss":0}],"is_beta":false,"boss_relics":[{"not_picked":["WristBlade","Coffee Dripper"],"picked":"Ring of the Serpent"}],"items_purged_floors":[11,19],"is_endless":false,"potions_floor_spawned":[1,7,10,16,18,27],"killed_by":"Automaton","ascension_level":18}}