{"host":"lxgv1wbl12oya7hr","time":1609565101,"event":{"mods":["BaseMod","Minty Spire (QoL Compilation)","Permanent Neow","StSLib"],"gold_per_floor":[115,18,29,48,68,96,96,24,72,72,112,62,95,95,95,95,95],"floor_reached":16,"playtime":580,"items_purged":[],"score":113,"play_id":"461ae864-42c6-4f2b-88da-1b0fe9f5f207","local_time":"20210101212501","is_ascension_mode":true,"campfire_choices":[{"data":"Panacea","floor":7,"key":"SMITH"},{"data":"Metamorphosis","floor":15,"key":"SMITH"}],"circlet_count":0,"master_deck":["Strike_R","Strike_R","Strike_R","Strike_R","Strike_R","Defend_R+1","Defend_R+1","Defend_R","Bash","Metamorphosis+1","Cleave","Panacea+1","Flex","Immolate","Metallicize","Shrug It Off"],"relics":["Burning Blood","Paper Frog","War Paint","Golden Idol","Art of War","Odd Mushroom","Shuriken"],"acts_visited":["Exordium"],"potions_floor_usage":[6,11],"damage_taken":[{"damage":1,"enemies":"Cultist","floor":1,"turns":3},{"damage":1,"enemies":"2 Louse","floor":3,"turns":4},{"damage":0,"enemies":"Small Slimes","floor":4,"turns":2},{"damage":10,"enemies":"3 Louse","floor":5,"turns":3},{"damage":17,"enemies":"3 Sentries","floor":6,"turns":4},{"damage":30,"enemies":"Lagavulin","floor":11,"turns":6},{"damage":0,"enemies":"The Mushroom Lair","floor":13,"turns":1},{"damage":32,"enemies":"Slime Boss","floor":16,"turns":3}],"seed_played":"-8927582311683323679","potions_obtained":[{"floor":5,"key":"DuplicationPotion"},{"floor":6,"key":"AttackPotion"}],"is_trial":false,"path_per_floor":["M","$","M","M","M","E","R","$","T","?","E","?","?","?","R","B"],"character_chosen":"IRONCLAD","items_purchased":["Panacea","Metallicize"],"campfire_rested":0,"item_purchase_floors":[2,8],"current_hp_per_floor":[61,61,66,72,68,57,57,57,57,57,33,33,39,21,21,0,0],"gold":95,"neow_bonus":"RANDOM_COLORLESS_2","is_daily":false,"chose_seed":false,"campfire_upgraded":2,"win_rate":0.0,"timestamp":1609565101,"path_taken":["M","?","?","M","M","E","R","$","T","?","E","?","?","?","R","BOSS"],"items_purchased_type":["Card","Card"],"build_version":"2020-12-22","purchased_purges":0,"victory":false,"max_hp_per_floor":[80,80,80,80,80,80,80,80,80,74,74,74,74,74,74,74,74],"card_choices":[{"not_picked":["Sadistic Nature","Thinking Ahead"],"picked":"Metamorphosis","floor":0},{"not_picked":["Dark Embrace","Dropkick"],"picked":"Cleave","floor":1},{"not_picked":["Body Slam","Headbutt"],"picked":"Flex","floor":3},{"not_picked":["Flame Barrier","Power Through","Dual Wield"],"picked":"SKIP","floor":4},{"not_picked":["Heavy Blade","Warcry","Fire Breathing"],"picked":"SKIP","floor":5},{"not_picked":["Battle Trance","Flex"],"picked":"Immolate","floor":6},{"not_picked":["Power Through","Sever Soul","Body Slam"],"picked":"SKIP","floor":11},{"not_picked":["Whirlwind","Evolve"],"picked":"Shrug It Off","floor":13}],"player_experience":2227643,"relics_obtained":[{"floor":6,"key":"Paper Frog"},{"floor":9,"key":"War Paint"},{"floor":11,"key":"Art of War"},{"floor":13,"key":"Odd Mushroom"}],"event_choices":[{"damage_healed":0,"gold_gain":0,"player_choice":"Lose Max HP","damage_taken":0,"relics_obtained":["Golden Idol"],"max_hp_gain":0,"max_hp_loss":6,"event_name":"Golden Idol","floor":10,"gold_loss":0},{"cards_removed":["Defend_R"],"damage_healed":0,"gold_gain":0,"player_choice":"Card Removal","damage_taken":0,"max_hp_gain":0,"max_hp_loss":0,"event_name":"The Cleric","floor":12,"gold_loss":50},{"damage_healed":0,"gold_gain":0,"player_choice":"Fought Mushrooms","damage_taken":0,"max_hp_gain":0,"max_hp_loss":0,"event_name":"Mushrooms","floor":13,"gold_loss":0},{"damage_healed":0,"gold_gain":0,"player_choice":"Success","damage_taken":18,"relics_obtained":["Shuriken"],"max_hp_gain":0,"max_hp_loss":0,"event_name":"Scrap Ooze","floor":14,"gold_loss":0}],"is_beta":false,"boss_relics":[],"items_purged_floors":[],"is_endless":false,"potions_floor_spawned":[5,6],"killed_by":"Slime Boss","ascension_level":1}}