{"host":"mytek2nu1hrzdnew","time":1609624073,"event":{"mods":["Aspiration","BaseMod","Conspire","Evolution","GifTheSpireLib","Gold Saver","Hubris","Minty Spire (QoL Compilation)","Replay The Spire","StSLib","Stuff the Spire","Uncapped"],"gold_per_floor":[279,291,302,45,62,93,93,113,113,113,132,167,167,42,42,147,147,157,167,184,184,184,184,184,184],"floor_reached":24,"playtime":767,"items_purged":["Strike_B"],"score":239,"play_id":"ab5e45cd-db97-49e5-b880-1b7ccff4d2f9","local_time":"20210102164753","is_ascension_mode":true,"campfire_choices":[{"floor":7,"key":"REST"},{"floor":10,"key":"REST"},{"floor":13,"key":"REST"},{"floor":15,"key":"REST"},{"floor":23,"key":"REST"}],"circlet_count":0,"master_deck":["Sweeping Beam","Sweeping Beam","Sweeping Beam","Defend_B","Defend_B","Defend_B","Defend_B","Zap","Dualcast","Go for the Eyes","Gash","Storm","FTL","StuffTheSpire:Synthwave","StuffTheSpire:Snapshot","FIFO Queue","Defragment","Echo Form","StuffTheSpire:Plugnplay","Storm","hubris:NaturalOne"],"relics":["Cracked Core","EVO:Axolotl","Membership Card","conspire:BottledYoYo","StuffTheSpire:ColdMirror","Pondfish Scales","Runic Capacitor","conspire:RunicOctahedron","hubris:Icosahedron"],"acts_visited":["Exordium","TheCity"],"potions_floor_usage":[6,8,12,14,16],"damage_taken":[{"damage":8,"enemies":"2 Louse","floor":1,"turns":2},{"damage":13,"enemies":"Small Slimes","floor":2,"turns":2},{"damage":0,"enemies":"Cultist","floor":3,"turns":3},{"damage":13,"enemies":"Blue Slaver","floor":5,"turns":3},{"damage":23,"enemies":"Lagavulin","floor":6,"turns":5},{"damage":29,"enemies":"Exordium Thugs","floor":8,"turns":4},{"damage":12,"enemies":"3 Louse","floor":11,"turns":2},{"damage":29,"enemies":"Gremlin Nob","floor":12,"turns":4},{"damage":6,"enemies":"The Guardian","floor":16,"turns":7},{"damage":39,"enemies":"2 Thieves","floor":18,"turns":4},{"damage":11,"enemies":"Spheric Guardian","floor":19,"turns":3},{"damage":21,"enemies":"Cultist and Chosen","floor":20,"turns":5},{"damage":45,"enemies":"Gremlin Leader","floor":24,"turns":2}],"seed_played":"-4564409260828612133","potions_obtained":[{"floor":1,"key":"LifebloodPotion"},{"floor":2,"key":"Adrenaline Potion"},{"floor":8,"key":"PotionOfCapacity"},{"floor":12,"key":"AttackPotion"},{"floor":18,"key":"Strength Potion"}],"is_trial":false,"path_per_floor":["M","M","M","$","M","E","R","M","T","R","M","E","R","$","R","B",null,"M","M","M","?","?","R","E"],"character_chosen":"DEFECT","items_purchased":["Membership Card","Storm","FTL","Runic Capacitor","Fruit Juice"],"campfire_rested":5,"item_purchase_floors":[4,4,4,14,14],"current_hp_per_floor":[74,61,61,61,48,25,49,20,20,44,32,3,27,32,58,52,87,48,37,16,16,16,42,0,0],"gold":184,"neow_bonus":"TEN_PERCENT_HP_BONUS","is_daily":false,"chose_seed":false,"campfire_upgraded":0,"win_rate":0.0,"timestamp":1609624073,"path_taken":["M","M","M","$","M","E","R","M","T","R","M","E","R","$","R","BOSS","M","M","M","?","?","R","E"],"items_purchased_type":["Relic","Card","Card","Relic","Potion"],"build_version":"2020-12-22","purchased_purges":1,"victory":false,"max_hp_per_floor":[82,82,82,82,82,82,82,82,82,82,82,82,82,87,87,87,87,87,87,87,87,87,87,87,87],"card_choices":[{"not_picked":["Hologram","Rebound"],"picked":"StuffTheSpire:SnapShoot","floor":1},{"not_picked":["Hologram","Barrage"],"picked":"Go for the Eyes","floor":2},{"not_picked":["Steam","Cold Snap"],"picked":"Gash","floor":3},{"not_picked":["Defragment","Conserve Battery"],"picked":"StuffTheSpire:Synthwave","floor":5},{"not_picked":["Panic Button","Recycle","Heatsinks"],"picked":"SKIP","floor":6},{"not_picked":["ReplayRNGCard","Conserve Battery","conspire:SharedLibrary"],"picked":"SKIP","floor":8},{"not_picked":["ReplayTheSpireMod:System Scan","Streamline"],"picked":"FIFO Queue","floor":11},{"not_picked":["ReplayTheSpireMod:Omega Cannon","Redo"],"picked":"Defragment","floor":12},{"not_picked":["All For One","Core Surge"],"picked":"Echo Form","floor":16},{"not_picked":["Doom and Gloom+1","Steam","Auto Shields"],"picked":"SKIP","floor":18},{"not_picked":["Rebound","Panic Button"],"picked":"StuffTheSpire:Plugnplay","floor":19},{"not_picked":["Turbo","Scrape"],"picked":"Storm","floor":20}],"player_experience":1002686,"relics_obtained":[{"floor":6,"key":"conspire:BottledYoYo"},{"floor":9,"key":"StuffTheSpire:ColdMirror"},{"floor":12,"key":"Pondfish Scales"}],"event_choices":[],"is_beta":false,"boss_relics":[{"not_picked":["Painkiller Herb","Cursed Key"],"picked":"conspire:RunicOctahedron"}],"items_purged_floors":[4],"is_endless":false,"potions_floor_spawned":[1,2,8,12,18,19],"killed_by":"Gremlin Leader","ascension_level":3}}