{"host":"waq1ashgqt0tulkv","time":1609587509,"event":{"mods":["BaseMod","Downfall","Duelist Mod","Hermit","Infinite Spire","Minty Spire (QoL Compilation)","Replay The Spire","StSLib","SuperFastMode","The Animator","The Bug Knight","The Hierophant","The Servant 0.9.4"],"gold_per_floor":[99,99,99,99,99,99,99,196,196,228,228,247,267,297,335,440,440,440,457,470,470,33,33,33,65,65,90,90,90,90,118,131,131,131,131],"floor_reached":33,"playtime":1362,"items_purged":[],"score":307,"play_id":"2b23ee6f-c5e4-436b-b84c-bccff20acfa9","local_time":"20210102043829","is_ascension_mode":false,"campfire_choices":[{"data":"Slimebound:CorrosiveSpit","floor":1,"key":"SMITH"},{"data":"Slimebound:LeechEnergy","floor":6,"key":"SMITH"},{"floor":11,"key":"REST"},{"floor":18,"key":"DIG"},{"data":"Slimebound:OneTwoCombo","floor":23,"key":"SMITH"},{"data":"Slimebound:LivingWall","floor":26,"key":"SMITH"},{"floor":28,"key":"REST"}],"circlet_count":0,"master_deck":["Slimebound:Strike_Slimebound","Slimebound:Strike_Slimebound","Slimebound:Strike_Slimebound","Slimebound:Tackle","Slimebound:Defend_Slimebound","Slimebound:Defend_Slimebound","Slimebound:Defend_Slimebound","Slimebound:Defend_Slimebound","Slimebound:Split","Slimebound:CorrosiveSpit+1","Slimebound:LeechEnergy+1","Slimebound:DisruptingSlam","Slimebound:SplitMire","Slimebound:LivingWall+1","Slimebound:SplitAcid","Slimebound:GoopSpray","Slimebound:LeechingTouch","Slimebound:SlimeBarrage","Slimebound:PressTheAttack","Slimebound:OneTwoCombo+1","Slimebound:GrowthPunch+1","Slimebound:LevelUp","Slimebound:SamplingLick","Slimebound:LeadByExample","Pot Of Greed","Pot Of Greed","Pot Of Greed","Slimebound:LeechEnergy","Slimebound:FinishingTackle","Slimebound:SplitMire+1"],"relics":["Slimebound:AbsorbEndCombat","downfall:HeartsMalice","ReplayTheSpireMod:Ring of Exchange","Ring of Hypnosis","Chameleon Ring","Blue Doll","Sling","ReplayFunnel","Enchiridion","Grinning Jar","Bag of Marbles","Replay:Multitool","infinitespire:Beetle Shell","FossilizedHelix","WingedGreaves"],"acts_visited":["Exordium","TheCity"],"potions_floor_usage":[14,15,16,16,22,25,27,33,33],"damage_taken":[{"damage":0,"enemies":"2 Louse","floor":2,"turns":1},{"damage":0,"enemies":"Small Slimes","floor":4,"turns":1},{"damage":0,"enemies":"Jaw Worm","floor":5,"turns":1},{"damage":45,"enemies":"Gremlin Nob","floor":10,"turns":4},{"damage":22,"enemies":"Gremlin Gang","floor":12,"turns":3},{"damage":22,"enemies":"3 Louse","floor":13,"turns":3},{"damage":34,"enemies":"3 Sentries","floor":14,"turns":4},{"damage":4,"enemies":"Red Slaver","floor":15,"turns":1},{"damage":47,"enemies":"downfall:Ironclad","floor":16,"turns":8},{"damage":17,"enemies":"Chosen","floor":19,"turns":3},{"damage":20,"enemies":"3 Byrds","floor":20,"turns":5},{"damage":15,"enemies":"downfall:FleeingMerchant","floor":22,"turns":4},{"damage":36,"enemies":"Book of Stabbing","floor":25,"turns":5},{"damage":54,"enemies":"Nightmare","floor":27,"turns":6},{"damage":42,"enemies":"Slavers","floor":31,"turns":4},{"damage":17,"enemies":"Cultist and Chosen","floor":32,"turns":5},{"damage":96,"enemies":"downfall:Silent","floor":33,"turns":8}],"seed_played":"1167630411110489684","potions_obtained":[{"floor":9,"key":"ColorlessPotion"},{"floor":9,"key":"Reflective Coating"},{"floor":10,"key":"Strength Potion"},{"floor":13,"key":"infinitespire:BlackPotion"},{"floor":15,"key":"Block Potion"},{"floor":19,"key":"ColorlessPotion"},{"floor":20,"key":"Fire Potion"},{"floor":32,"key":"SpeedPotion"}],"is_trial":false,"path_per_floor":["R","M","?","M","M","R","T","?","R","E","R","M","M","E","M","B",null,"R","M","M","?","$","R","T","E","R","NM","R","?","AVR","E","M","B"],"character_chosen":"SLIMEBOUND","items_purchased":["Slimebound:LeadByExample","Grinning Jar","Bag of Marbles","SpeedPotion"],"campfire_rested":2,"item_purchase_floors":[22,22,22,22],"current_hp_per_floor":[60,60,60,60,60,60,60,45,45,24,42,40,42,32,32,33,60,60,60,60,44,60,60,60,48,48,30,48,48,48,30,49,0,0,0],"gold":131,"neow_bonus":"THREE_ENEMY_KILL","is_daily":false,"chose_seed":false,"campfire_upgraded":4,"win_rate":0.0,"timestamp":1609587509,"path_taken":["R","M","?","M","M","R","T","?","R","E","R","?","M","E","M","BOSS","R","M","M","?","$","R","T","E","R","NM","R","?","AVR","E","M","BOSS"],"items_purchased_type":["Card","Relic","Relic","Potion"],"build_version":"2020-12-13","purchased_purges":0,"victory":false,"max_hp_per_floor":[60,60,60,60,60,60,60,60,60,60,60,60,60,60,60,60,60,60,60,60,60,60,60,60,60,60,60,60,60,60,60,60,60,60,60],"card_choices":[{"not_picked":["Slimebound:TongueLash","Slimebound:LeechingTouch"],"picked":"Slimebound:LeechEnergy","floor":2},{"not_picked":["Slimebound:PressTheAttack","Slimebound:SplitMire"],"picked":"Slimebound:DisruptingSlam","floor":4},{"not_picked":["Slimebound:SamplingLick","Slimebound:Equalize"],"picked":"Slimebound:SplitMire","floor":5},{"not_picked":["Slimebound:Chomp","Slimebound:FlameTackle"],"picked":"Slimebound:LivingWall","floor":8},{"not_picked":["Slimebound:ViciousTackle","Slimebound:Chomp"],"picked":"Slimebound:SplitAcid","floor":8},{"not_picked":["Slimebound:ItLooksTasty","Slimebound:SplitAcid"],"picked":"Slimebound:GoopSpray","floor":8},{"not_picked":["Slimebound:SlimeBarrage","Slimebound:SplitAcid"],"picked":"Slimebound:LeechingTouch","floor":10},{"not_picked":["Slimebound:Schlurp","Slimebound:SlimeTap"],"picked":"Slimebound:SlimeBarrage","floor":12},{"not_picked":["Slimebound:GoopSpray","Slimebound:LeechLife"],"picked":"Slimebound:PressTheAttack","floor":13},{"not_picked":["Slimebound:GoopSpray","Slimebound:ItLooksTasty","Slimebound:ViciousTackle"],"picked":"SKIP","floor":14},{"not_picked":["Slimebound:GoopSpray","Slimebound:ItLooksTasty","Slimebound:ViciousTackle"],"picked":"SKIP","floor":14},{"not_picked":["Slimebound:SplitMire","Slimebound:MegaLick","Slimebound:ViciousTackle"],"picked":"SKIP","floor":15},{"not_picked":["Slimebound:Teamwork","Slimebound:PrepareCrush"],"picked":"Slimebound:OneTwoCombo","floor":16},{"not_picked":["Slimebound:SplitLeeching","Slimebound:GoopSpray"],"picked":"Slimebound:GrowthPunch+1","floor":19},{"not_picked":["Slimebound:Prepare","Slimebound:SplitMire+1"],"picked":"Slimebound:LevelUp","floor":20},{"not_picked":["Slimebound:ComboTackle","Slimebound:Chomp+1"],"picked":"Slimebound:SamplingLick","floor":22},{"not_picked":["Slimebound:PressTheAttack","Slimebound:SamplingLick"],"picked":"Slimebound:LeechEnergy","floor":25},{"not_picked":["Slimebound:SamplingLick","Slimebound:GoopSpray"],"picked":"Slimebound:FinishingTackle","floor":27},{"not_picked":["Slimebound:HauntingLick","Slimebound:SlimeBrawl"],"picked":"Slimebound:SplitMire+1","floor":31},{"not_picked":["Slimebound:GoopTackle+1","Slimebound:RollThrough","Slimebound:Dissolve"],"picked":"SKIP","floor":32}],"player_experience":20476,"relics_obtained":[{"floor":3,"key":"ReplayTheSpireMod:Ring of Exchange"},{"floor":3,"key":"Ring of Hypnosis"},{"floor":7,"key":"Chameleon Ring"},{"floor":10,"key":"Blue Doll"},{"floor":18,"key":"ReplayFunnel"},{"floor":21,"key":"Enchiridion"},{"floor":24,"key":"Replay:Multitool"},{"floor":25,"key":"infinitespire:Beetle Shell"},{"floor":27,"key":"FossilizedHelix"},{"floor":31,"key":"WingedGreaves"}],"event_choices":[{"damage_healed":0,"gold_gain":0,"player_choice":"Ignored","damage_taken":0,"max_hp_gain":0,"max_hp_loss":0,"event_name":"NoteForYourself","floor":29,"gold_loss":0}],"is_beta":false,"boss_relics":[{"not_picked":["Velvet Choker","ReplayTheSpireMod:SealedPack"],"picked":"Sling"}],"items_purged_floors":[],"is_endless":false,"potions_floor_spawned":[10,13,15,19,20,32],"killed_by":"downfall:Silent","ascension_level":0}}