{"host":"fhwr1fuluf6086fh","time":1609616195,"event":{"mods":["2.2 Compatiblity","Act Like it!","BaseMod","Elementarium","Hermit","Minty Spire (QoL Compilation)","Robot Space Explorer","StSLib","The Blue Laboratory","The Caster","The Dragon Tamer","The Factory","The Hierophant","TheLocksmith"],"gold_per_floor":[218,52,52,72,22,54,54,54,354,372,372,406,423,456,456,557,557,570,44,58,58,58,84,84,112,112,142,157,157,176,276,276,375,375,391,391,402,402,452,478,478,512,512,169,196,3,3,38,38,38],"floor_reached":51,"playtime":6065,"items_purged":["Strike_R","Strike_R+1"],"score":1859,"play_id":"53d899d0-ee7b-4c71-b5c1-0e63db8eb725","local_time":"20210102143635","is_ascension_mode":true,"campfire_choices":[{"floor":11,"key":"REST"},{"data":"Corruption","floor":15,"key":"SMITH"},{"floor":24,"key":"REST"},{"data":"RitualDagger","floor":29,"key":"SMITH"},{"data":"Inflame","floor":32,"key":"SMITH"},{"data":"Anger","floor":41,"key":"SMITH"},{"data":"Corruption","floor":47,"key":"SMITH"},{"data":"Feel No Pain","floor":49,"key":"SMITH"}],"circlet_count":0,"master_deck":["AscendersBane","Defend_R+1","Defend_R+1","Bash","Sever Soul+1","Inflame+1","Sword Boomerang","Cleave","Armaments","Feel No Pain+1","Corruption+1","Inflame","Sword Boomerang","Impervious","Armaments+1","Evolve","Seeing Red","Anger+1","Shrug It Off","Shrug It Off+1","RitualDagger+1","Battle Trance","Inflame+1","Havoc+1","Sword Boomerang+1","Shrug It Off","Shrug It Off+1","Impervious","Havoc","Sentinel","Bandage Up","Thinking Ahead","Iron Wave+1","Sword Boomerang+1","Spot Weakness+1","Finesse","Corruption+1","Secret Technique","Shrug It Off"],"relics":["Burning Blood","Dead Branch","War Paint","Old Coin","StoneCalendar","Nunchaku","Philosopher\u0027s Stone","Whetstone","Regal Pillow","WingedGreaves","Red Skull","Boot","Blue Candle","Charon\u0027s Ashes","Bottled Lightning","Empty Cage","Gambling Chip","Juzu Bracelet","Centennial Puzzle","Sundial","Medical Kit","Mummified Hand","Vajra"],"acts_visited":["Exordium","TheCity","TheBeyond"],"potions_floor_usage":[12,16,23,25,31],"damage_taken":[{"damage":8,"enemies":"Jaw Worm","floor":1,"turns":5},{"damage":7,"enemies":"Small Slimes","floor":4,"turns":4},{"damage":30,"enemies":"3 Sentries","floor":6,"turns":5},{"damage":0,"enemies":"2 Louse","floor":10,"turns":2},{"damage":12,"enemies":"Gremlin Nob","floor":12,"turns":3},{"damage":5,"enemies":"Lots of Slimes","floor":13,"turns":4},{"damage":12,"enemies":"Lagavulin","floor":14,"turns":5},{"damage":4,"enemies":"Slime Boss","floor":16,"turns":4},{"damage":0,"enemies":"Spheric Guardian","floor":18,"turns":3},{"damage":1,"enemies":"2 Thieves","floor":20,"turns":2},{"damage":22,"enemies":"Slavers","floor":23,"turns":2},{"damage":16,"enemies":"Gremlin Leader","floor":25,"turns":7},{"damage":5,"enemies":"Book of Stabbing","floor":27,"turns":3},{"damage":0,"enemies":"Centurion and Healer","floor":28,"turns":4},{"damage":5,"enemies":"3 Cultists","floor":30,"turns":4},{"damage":16,"enemies":"Colosseum Slavers","floor":31,"turns":4},{"damage":0,"enemies":"Colosseum Nobs","floor":31,"turns":4},{"damage":7,"enemies":"Champ","floor":33,"turns":5},{"damage":1,"enemies":"3 Darklings","floor":35,"turns":1},{"damage":6,"enemies":"3 Shapes","floor":37,"turns":2},{"damage":1,"enemies":"Mind Bloom Boss Battle","floor":39,"turns":4},{"damage":0,"enemies":"Nemesis","floor":40,"turns":3},{"damage":1,"enemies":"Giant Head","floor":42,"turns":6},{"damage":4,"enemies":"Reptomancer","floor":45,"turns":3},{"damage":0,"enemies":"Nemesis","floor":48,"turns":3},{"damage":9,"enemies":"Awakened One","floor":50,"turns":4}],"seed_played":"-2076928887191278002","potions_obtained":[{"floor":6,"key":"Fire Potion"},{"floor":10,"key":"CultistPotion"},{"floor":12,"key":"blueLaboratory:IronCompound"},{"floor":13,"key":"blueLaboratory:StoneskinPotion"},{"floor":18,"key":"blueLaboratory:RecallPotion"},{"floor":28,"key":"HeartOfIron"},{"floor":30,"key":"blueLaboratory:AbyssPotion"},{"floor":31,"key":"LiquidMemories"},{"floor":35,"key":"SteroidPotion"},{"floor":36,"key":"blueLaboratory:TrueEctoplasm"}],"is_trial":false,"path_per_floor":["M","$","?","M","?","E","?","?","T","M","R","E","M","E","R","B",null,"M","$","M","?","?","E","R","E","T","E","M","R","M","?","R","B",null,"M","?","M","?","?","E","R","E","T","$","E","$","R","E","R","B",null],"character_chosen":"IRONCLAD","items_purchased":["Inflame","Sword Boomerang","Whetstone","Regal Pillow","Evolve","Seeing Red","Anger","Shrug It Off","Finesse","Medical Kit","Secret Technique","Shrug It Off"],"campfire_rested":2,"item_purchase_floors":[2,2,19,19,19,19,19,19,44,44,46,46],"current_hp_per_floor":[70,70,63,62,62,38,31,31,31,37,61,55,56,50,50,52,73,79,79,80,74,59,43,83,73,73,74,80,80,81,77,77,76,83,85,85,85,80,85,85,85,85,85,85,85,85,85,85,85,83],"gold":38,"neow_bonus":"HUNDRED_GOLD","is_daily":false,"chose_seed":false,"campfire_upgraded":6,"win_rate":0.0,"timestamp":1609616195,"path_taken":["M","$","?","M","?","E","?","?","T","M","R","E","M","E","R","BOSS","M","$","?","?","?","E","R","E","T","E","M","R","M","?","R","BOSS","M","?","?","?","?","E","R","E","T","$","E","$","R","E","R","BOSS"],"items_purchased_type":["Card","Card","Relic","Relic","Card","Card","Card","Card","Card","Relic","Card","Card"],"build_version":"2020-12-22","purchased_purges":2,"victory":true,"max_hp_per_floor":[80,80,80,80,80,80,80,80,80,80,80,80,80,80,80,80,80,80,80,80,80,85,85,85,85,85,85,85,85,85,85,85,85,85,85,85,85,85,85,85,85,85,85,85,85,85,85,85,85,85],"card_choices":[{"not_picked":["Headbutt","Heavy Blade"],"picked":"Sever Soul","floor":1},{"not_picked":["Pommel Strike","Iron Wave"],"picked":"Cleave","floor":4},{"not_picked":["Sword Boomerang","Burning Pact"],"picked":"Armaments","floor":6},{"not_picked":["Pummel","Inflame"],"picked":"Feel No Pain","floor":10},{"not_picked":["Rupture","Rampage"],"picked":"Corruption","floor":12},{"not_picked":["Perfected Strike","Armaments"],"picked":"Inflame","floor":13},{"not_picked":["Warcry","Second Wind"],"picked":"Sword Boomerang","floor":14},{"not_picked":["Brutality","Bludgeon"],"picked":"Impervious","floor":16},{"not_picked":["Clash","Thunderclap"],"picked":"Armaments+1","floor":18},{"not_picked":["Clash+1","Burning Pact"],"picked":"Shrug It Off+1","floor":20},{"not_picked":["Perfected Strike+1","Combust"],"picked":"Battle Trance","floor":23},{"not_picked":["Clash","Anger"],"picked":"Inflame+1","floor":25},{"not_picked":["Shockwave","Thunderclap"],"picked":"Havoc+1","floor":27},{"not_picked":["Combust","Uppercut"],"picked":"Sword Boomerang+1","floor":28},{"not_picked":["Cleave","Barricade"],"picked":"Shrug It Off","floor":30},{"not_picked":["Anger","Thunderclap"],"picked":"Shrug It Off+1","floor":31},{"not_picked":["Double Tap","Offering"],"picked":"Impervious","floor":33},{"not_picked":["Flex","Heavy Blade"],"picked":"Havoc","floor":35},{"not_picked":["Heavy Blade+1","Shrug It Off+1"],"picked":"Sentinel","floor":37},{"not_picked":["Jack Of All Trades","The Bomb"],"picked":"Bandage Up","floor":38},{"not_picked":["Impatience","PanicButton"],"picked":"Thinking Ahead","floor":38},{"not_picked":["Searing Blow","Bloodletting"],"picked":"Iron Wave+1","floor":39},{"not_picked":["Flex","Bludgeon"],"picked":"Sword Boomerang+1","floor":40},{"not_picked":["Flex+1","Thunderclap"],"picked":"Spot Weakness+1","floor":42},{"not_picked":["Headbutt+1","Fiend Fire"],"picked":"Corruption","floor":45},{"not_picked":["Metallicize","Iron Wave","Dropkick"],"picked":"SKIP","floor":48}],"player_experience":1018821,"relics_obtained":[{"floor":6,"key":"War Paint"},{"floor":9,"key":"Old Coin"},{"floor":12,"key":"StoneCalendar"},{"floor":14,"key":"Nunchaku"},{"floor":23,"key":"WingedGreaves"},{"floor":25,"key":"Red Skull"},{"floor":26,"key":"Boot"},{"floor":27,"key":"Blue Candle"},{"floor":31,"key":"Charon\u0027s Ashes"},{"floor":31,"key":"Bottled Lightning"},{"floor":39,"key":"Gambling Chip"},{"floor":40,"key":"Juzu Bracelet"},{"floor":42,"key":"Centennial Puzzle"},{"floor":43,"key":"Sundial"},{"floor":45,"key":"Mummified Hand"},{"floor":48,"key":"Vajra"}],"event_choices":[{"damage_healed":0,"gold_gain":0,"player_choice":"Success","damage_taken":7,"relics_obtained":["Dead Branch"],"max_hp_gain":0,"max_hp_loss":0,"event_name":"Scrap Ooze","floor":3,"gold_loss":0},{"cards_removed":["Strike_R"],"damage_healed":0,"gold_gain":0,"player_choice":"Card Removal","damage_taken":0,"max_hp_gain":0,"max_hp_loss":0,"event_name":"The Cleric","floor":5,"gold_loss":50},{"cards_removed":["Strike_R"],"damage_healed":0,"gold_gain":0,"player_choice":"Card Removal","damage_taken":7,"max_hp_gain":0,"max_hp_loss":0,"event_name":"Golden Wing","floor":7,"gold_loss":0},{"cards_removed":["Strike_R"],"damage_healed":0,"gold_gain":0,"player_choice":"Offered Basic","damage_taken":0,"max_hp_gain":0,"max_hp_loss":0,"event_name":"Bonfire Elementals","floor":8,"gold_loss":0},{"damage_healed":0,"gold_gain":0,"player_choice":"Joined the Cult","damage_taken":6,"max_hp_gain":0,"max_hp_loss":0,"event_name":"Nest","floor":21,"gold_loss":0,"cards_obtained":["RitualDagger"]},{"damage_healed":0,"gold_gain":0,"player_choice":"Shed Blood","damage_taken":20,"max_hp_gain":5,"max_hp_loss":0,"event_name":"Forgotten Altar","floor":22,"gold_loss":0},{"damage_healed":0,"gold_gain":0,"player_choice":"Fight","damage_taken":0,"max_hp_gain":0,"max_hp_loss":0,"event_name":"Colosseum","floor":31,"gold_loss":0},{"damage_healed":0,"gold_gain":0,"player_choice":"Fought Nobs","damage_taken":0,"max_hp_gain":0,"max_hp_loss":0,"event_name":"Colosseum","floor":31,"gold_loss":0},{"damage_healed":0,"gold_gain":0,"player_choice":"Got Potions","damage_taken":0,"max_hp_gain":0,"max_hp_loss":0,"event_name":"Lab","floor":36,"gold_loss":0},{"damage_healed":0,"gold_gain":0,"player_choice":"Memory 2","damage_taken":5,"max_hp_gain":0,"max_hp_loss":0,"event_name":"SensoryStone","floor":38,"gold_loss":0},{"damage_healed":0,"gold_gain":0,"player_choice":"Fight","damage_taken":0,"max_hp_gain":0,"max_hp_loss":0,"event_name":"MindBloom","floor":39,"gold_loss":0}],"is_beta":false,"boss_relics":[{"not_picked":["Runic Cube","Runic Dome"],"picked":"Philosopher\u0027s Stone"},{"not_picked":["Pandora\u0027s Box","Velvet Choker"],"picked":"Empty Cage"}],"items_purged_floors":[2,44],"is_endless":false,"potions_floor_spawned":[6,10,12,13,18,28,30,31,35,40],"ascension_level":11}}