{"host":"81zggd5c6pw0j8tg","time":1609567120,"event":{"mods":["Aspiration","BaseMod","Better Altar","Better Match","Better Note","Better Sensory Stone","Better Skull","Better Third Choice","Colored Map","Conspire","Curses Come First","Downfall","Hubris","Minty Spire (QoL Compilation)","Replay The Spire","Retaliation","Robot Space Explorer","Spicy Shops","StSLib"],"gold_per_floor":[109,155,155,155,80,80,110,110,136,155,165,182,213,213,213,314,364,304,315,315,333,350,378,395,395,421,40,51,78,89,108,108,208,208,225,244,294,345,18,18,18,45,70,100,113,113,0,10,10,10,10,10,10,43,43,43],"floor_reached":55,"playtime":3385,"items_purged":["RobotSpaceExplorer:DualCore"],"score":900,"play_id":"29908cd9-71c9-4415-8af8-411bb854e087","local_time":"20210101235840","is_ascension_mode":false,"campfire_choices":[{"data":"RobotSpaceExplorer:GlueShot","floor":6,"key":"SMITH"},{"data":"RobotSpaceExplorer:MiniLasers","floor":8,"key":"SMITH"},{"data":"RobotSpaceExplorer:ShockMissile","floor":15,"key":"SMITH"},{"floor":32,"key":"RECALL"},{"floor":40,"key":"REST"},{"floor":52,"key":"REST"}],"circlet_count":0,"master_deck":["Demon Form+1","RobotSpaceExplorer:Strike","RobotSpaceExplorer:Strike","RobotSpaceExplorer:Strike","RobotSpaceExplorer:Strike+1","RobotSpaceExplorer:Defend","RobotSpaceExplorer:Defend","RobotSpaceExplorer:Defend","RobotSpaceExplorer:Defend","RobotSpaceExplorer:Scan","RobotSpaceExplorer:MiniLasers+1","RobotSpaceExplorer:Electropulse+1","RobotSpaceExplorer:GlueShot+1","expansioncontent:SuperHexaguard+1","RobotSpaceExplorer:MiniBoosters+1","RobotSpaceExplorer:StarLightning+1","RobotSpaceExplorer:ScrapToss","RobotSpaceExplorer:GlueShot+1","RobotSpaceExplorer:ShockMissile+1","RobotSpaceExplorer:Scanner+1","RobotSpaceExplorer:StunGrenade","RobotSpaceExplorer:MiniDrones+1","RobotSpaceExplorer:ScrapMissile","RobotSpaceExplorer:ScrapMissile","RobotSpaceExplorer:DoubleFind+1","RobotSpaceExplorer:TrailblazerForm+1","RobotSpaceExplorer:ImprovisedAttack+1","RobotSpaceExplorer:Blaster","RobotSpaceExplorer:GlueShot","RobotSpaceExplorer:ScrapShield+1","RobotSpaceExplorer:Discharger+1","RobotSpaceExplorer:StarDust+1","RobotSpaceExplorer:StarDust+1","RobotSpaceExplorer:ScrapMissile+2","RobotSpaceExplorer:Electropulse+1"],"relics":["RobotSpaceExplorer:RoboCore","NeowsBlessing","Omamori","Frozen Egg 2","PreservedInsect","Potion Belt","aspiration:HummingbirdHeart","Tiny House","Pantograph","Ancient Tea Set","Guide Book","Turnip","Fusion Hammer","conspire:InfiniteJournal","Incense Burner","aspiration:FrozenJewel","Meat on the Bone","aspiration:ArtOfWarUpgrade","Anchor","Red Mask","Whetstone"],"acts_visited":["Exordium","TheCity","TheBeyond","TheEnding"],"potions_floor_usage":[13,19,19,28,30,31,37,38,38,50,55,55,55,55,55],"damage_taken":[{"damage":0,"enemies":"Jaw Worm","floor":1,"turns":1},{"damage":0,"enemies":"3 Sentries","floor":7,"turns":2},{"damage":0,"enemies":"conspire:RoseBush","floor":10,"turns":2},{"damage":1,"enemies":"Small Slimes","floor":11,"turns":4},{"damage":3,"enemies":"Looter","floor":12,"turns":4},{"damage":7,"enemies":"Gremlin Nob","floor":13,"turns":4},{"damage":1,"enemies":"Fading Forest","floor":16,"turns":11},{"damage":6,"enemies":"2 Thieves","floor":18,"turns":4},{"damage":22,"enemies":"conspire:FuzzyDice","floor":19,"turns":5},{"damage":8,"enemies":"Chosen and Byrds","floor":21,"turns":8},{"damage":0,"enemies":"Snake Plant","floor":22,"turns":5},{"damage":0,"enemies":"conspire:SneckoGhost","floor":23,"turns":4},{"damage":11,"enemies":"Snecko","floor":24,"turns":5},{"damage":1,"enemies":"Sentry and Sphere","floor":28,"turns":3},{"damage":0,"enemies":"Slavers","floor":29,"turns":3},{"damage":0,"enemies":"Cultist and Chosen","floor":30,"turns":5},{"damage":0,"enemies":"Snake Plant","floor":31,"turns":4},{"damage":12,"enemies":"hubris:MusketHawk","floor":33,"turns":9},{"damage":0,"enemies":"Orb Walker","floor":35,"turns":4},{"damage":5,"enemies":"3 Darklings","floor":36,"turns":4},{"damage":0,"enemies":"Mind Bloom Boss Battle","floor":37,"turns":4},{"damage":16,"enemies":"2 Orb Walkers","floor":38,"turns":5},{"damage":0,"enemies":"Reptomancer","floor":42,"turns":5},{"damage":12,"enemies":"Giant Head","floor":44,"turns":7},{"damage":0,"enemies":"4 Shapes","floor":45,"turns":4},{"damage":2,"enemies":"Writhing Mass","floor":48,"turns":6},{"damage":13,"enemies":"Time Eater","floor":50,"turns":8},{"damage":15,"enemies":"Shield and Spear","floor":54,"turns":6},{"damage":82,"enemies":"The Heart","floor":55,"turns":9}],"seed_played":"8480843687376284627","potions_obtained":[{"floor":1,"key":"Weak Potion"},{"floor":2,"key":"Elixir"},{"floor":7,"key":"AttackPotion"},{"floor":11,"key":"Elixir"},{"floor":12,"key":"EssenceOfSteel"},{"floor":17,"key":"DistilledChaos"},{"floor":19,"key":"DistilledChaos"},{"floor":21,"key":"Dexterity Potion"},{"floor":22,"key":"SkillPotion"},{"floor":28,"key":"GamblersBrew"},{"floor":30,"key":"EssenceOfSteel"},{"floor":33,"key":"AttackPotion"},{"floor":35,"key":"sneckomod:MuddlingPotion"},{"floor":42,"key":"Swift Potion"},{"floor":44,"key":"Elixir"},{"floor":48,"key":"PowerPotion"},{"floor":54,"key":"LifebloodPotion"}],"is_trial":false,"path_per_floor":["M","?","?","?","?","R","E","R","T","M","M","M","E","?","R","B",null,"M","M","?","M","M","E","M","?","T","$","M","E","M","M","R","B",null,"M","M","?","?","$","R","?","E","T","E","M","R","?","M","R","B",null,"R","$","E","B"],"character_chosen":"RobotSpaceExplorer","items_purchased":["Ancient Tea Set","Guide Book","RobotSpaceExplorer:Discharger+1","aspiration:FrozenJewel"],"campfire_rested":2,"item_purchase_floors":[27,27,39,39],"current_hp_per_floor":[75,57,57,57,57,57,57,57,57,57,56,53,46,54,54,73,80,74,52,52,44,44,44,33,33,33,33,32,32,32,32,32,45,80,80,75,80,64,64,80,80,80,80,68,68,68,68,66,66,67,80,80,80,65,0,0],"gold":43,"neow_bonus":"THREE_ENEMY_KILL","is_daily":false,"chose_seed":false,"campfire_upgraded":3,"win_rate":0.0,"timestamp":1609567120,"path_taken":["M","?","?","?","?","R","E","R","T","?","M","M","E","?","R","BOSS","M","M","?","M","M","E","M","?","T","$","M","E","M","M","R","BOSS","M","?","?","?","$","R","?","E","T","E","M","R","?","?","R","BOSS","R","$","E","BOSS"],"items_purchased_type":["Relic","Relic","Card","Relic"],"build_version":"2020-12-22","purchased_purges":1,"victory":false,"max_hp_per_floor":[75,75,75,75,75,75,75,75,75,75,75,75,75,75,75,75,80,80,80,80,80,80,80,80,80,80,80,80,80,80,80,80,80,80,80,80,80,80,80,80,80,80,80,80,80,80,80,80,80,80,80,80,80,80,80,80],"card_choices":[{"not_picked":["RobotSpaceExplorer:Counterblock","RobotSpaceExplorer:ShovelStrike"],"picked":"RobotSpaceExplorer:Electropulse","floor":1},{"not_picked":["RobotSpaceExplorer:Calculate","RobotSpaceExplorer:Electroshield"],"picked":"RobotSpaceExplorer:DualCore","floor":2},{"not_picked":["RobotSpaceExplorer:SurgingShield","RobotSpaceExplorer:Pulsar"],"picked":"RobotSpaceExplorer:GlueShot","floor":2},{"not_picked":["ReplayUltimateDefense+1","DDmod:PotionAddictCard+1"],"picked":"expansioncontent:SuperHexaguard","floor":4},{"not_picked":["RobotSpaceExplorer:ShockKick","RobotSpaceExplorer:SlimeMissile"],"picked":"RobotSpaceExplorer:MiniBoosters+1","floor":7},{"not_picked":["RobotSpaceExplorer:Counterblock","RobotSpaceExplorer:FranticSearch"],"picked":"RobotSpaceExplorer:StarLightning","floor":10},{"not_picked":["RobotSpaceExplorer:ImprovisedAttack","RobotSpaceExplorer:LaserBurst"],"picked":"RobotSpaceExplorer:ScrapToss","floor":11},{"not_picked":["RobotSpaceExplorer:ScrapToss","RobotSpaceExplorer:Autoloader+1"],"picked":"RobotSpaceExplorer:GlueShot","floor":12},{"not_picked":["RobotSpaceExplorer:TurboDodge","RobotSpaceExplorer:Smokescreen"],"picked":"RobotSpaceExplorer:ShockMissile","floor":13},{"not_picked":["RobotSpaceExplorer:Blaster","RobotSpaceExplorer:Explosion"],"picked":"RobotSpaceExplorer:Scanner+1","floor":16},{"not_picked":["RobotSpaceExplorer:Pulsar","RobotSpaceExplorer:ShockKick"],"picked":"RobotSpaceExplorer:StunGrenade","floor":17},{"not_picked":["RobotSpaceExplorer:Pulsar","RobotSpaceExplorer:SurgingStrike","RobotSpaceExplorer:Counterblock"],"picked":"SKIP","floor":18},{"not_picked":["RobotSpaceExplorer:Ammunition","RobotSpaceExplorer:SurgingStrike"],"picked":"RobotSpaceExplorer:MiniDrones+1","floor":19},{"not_picked":["RobotSpaceExplorer:ImprovisedAttack","RobotSpaceExplorer:ShovelStrike"],"picked":"RobotSpaceExplorer:ScrapMissile","floor":21},{"not_picked":["RobotSpaceExplorer:DroneSwarm+1","RobotSpaceExplorer:ShovelStrike"],"picked":"RobotSpaceExplorer:ScrapMissile","floor":22},{"not_picked":["RobotSpaceExplorer:Pulsar","RobotSpaceExplorer:GlueSpray","RobotSpaceExplorer:DualCore+1"],"picked":"SKIP","floor":23},{"not_picked":["RobotSpaceExplorer:ImprovisedAttack","RobotSpaceExplorer:FreezingShield"],"picked":"RobotSpaceExplorer:DoubleFind+1","floor":24},{"not_picked":["RobotSpaceExplorer:StunGrenade","RobotSpaceExplorer:SwiftStep"],"picked":"RobotSpaceExplorer:TrailblazerForm+1","floor":28},{"not_picked":["RobotSpaceExplorer:GlueSpray","RobotSpaceExplorer:MiniBoosters+1","RobotSpaceExplorer:MetalStrike+1"],"picked":"SKIP","floor":29},{"not_picked":["RobotSpaceExplorer:BigMissile","RobotSpaceExplorer:SurgingShield","RobotSpaceExplorer:ShockKick"],"picked":"SKIP","floor":30},{"not_picked":["RobotSpaceExplorer:DoubleBlock+1","RobotSpaceExplorer:BigMissile"],"picked":"RobotSpaceExplorer:ImprovisedAttack+1","floor":31},{"not_picked":["RobotSpaceExplorer:Asteroid","RobotSpaceExplorer:HighVoltage"],"picked":"RobotSpaceExplorer:Blaster","floor":33},{"not_picked":["RobotSpaceExplorer:MiniDrones","RobotSpaceExplorer:StarLightning"],"picked":"RobotSpaceExplorer:GlueShot","floor":35},{"not_picked":["RobotSpaceExplorer:SelfCleaning+1","RobotSpaceExplorer:SurgingShield+1","RobotSpaceExplorer:ShockKick+1"],"picked":"SKIP","floor":36},{"not_picked":["RobotSpaceExplorer:ShovelStrike","RobotSpaceExplorer:ToxicBomb"],"picked":"RobotSpaceExplorer:ScrapShield+1","floor":37},{"not_picked":["RobotSpaceExplorer:DoubleFind","RobotSpaceExplorer:ImprovisedAttack+1"],"picked":"RobotSpaceExplorer:StarDust+1","floor":42},{"not_picked":["RobotSpaceExplorer:ScrapMissile+1","RobotSpaceExplorer:Asteroid"],"picked":"RobotSpaceExplorer:StarDust+1","floor":44},{"not_picked":["RobotSpaceExplorer:ExhaustFan+1","RobotSpaceExplorer:PowerGlove+1"],"picked":"RobotSpaceExplorer:ScrapMissile+1","floor":45},{"not_picked":["RobotSpaceExplorer:GlueSpray","RobotSpaceExplorer:SurgingShield"],"picked":"RobotSpaceExplorer:Electropulse+1","floor":48},{"not_picked":["RobotSpaceExplorer:Counterblock+1","RobotSpaceExplorer:MetalStrike","RobotSpaceExplorer:SlimeMissile"],"picked":"SKIP","floor":54}],"player_experience":942279,"relics_obtained":[{"floor":2,"key":"Omamori"},{"floor":7,"key":"PreservedInsect"},{"floor":9,"key":"Potion Belt"},{"floor":13,"key":"aspiration:HummingbirdHeart"},{"floor":23,"key":"Pantograph"},{"floor":29,"key":"Turnip"},{"floor":37,"key":"conspire:InfiniteJournal"},{"floor":38,"key":"Incense Burner"},{"floor":42,"key":"Meat on the Bone"},{"floor":43,"key":"Art of War"},{"floor":44,"key":"Anchor"},{"floor":54,"key":"Whetstone"}],"event_choices":[{"damage_healed":0,"gold_gain":1,"player_choice":"1","damage_taken":0,"max_hp_gain":0,"max_hp_loss":0,"event_name":"betterStone:BetterStone","floor":4,"gold_loss":0},{"damage_healed":0,"gold_gain":0,"player_choice":"3","damage_taken":0,"max_hp_gain":0,"max_hp_loss":0,"event_name":"betterMatch:BetterMatch","floor":5,"gold_loss":0,"cards_obtained":[]},{"cards_removed":["RobotSpaceExplorer:DualCore"],"damage_healed":0,"gold_gain":0,"player_choice":"Give","damage_taken":0,"max_hp_gain":0,"max_hp_loss":0,"event_name":"betterNote:BetterNote","floor":20,"gold_loss":0,"cards_obtained":["sneckomod:Unknown"]},{"damage_healed":0,"gold_gain":0,"player_choice":"Upgraded","damage_taken":0,"max_hp_gain":0,"max_hp_loss":0,"event_name":"Upgrade Shrine","floor":25,"gold_loss":0,"cards_upgraded":["RobotSpaceExplorer:GlueShot"]},{"damage_healed":0,"gold_gain":0,"player_choice":"Fight","damage_taken":0,"max_hp_gain":0,"max_hp_loss":0,"event_name":"MindBloom","floor":37,"gold_loss":0},{"damage_healed":0,"gold_gain":0,"player_choice":"Fight","damage_taken":0,"max_hp_gain":0,"max_hp_loss":0,"event_name":"Mysterious Sphere","floor":38,"gold_loss":0},{"damage_healed":0,"gold_gain":0,"player_choice":"Paid","damage_taken":0,"relics_obtained":["Red Mask"],"max_hp_gain":0,"max_hp_loss":0,"event_name":"Tomb of Lord Red Mask","floor":47,"gold_loss":113}],"is_beta":false,"boss_relics":[{"not_picked":["Pandora\u0027s Box","Calling Bell"],"picked":"Tiny House"},{"not_picked":["hubris:Stopwatch","Astrolabe"],"picked":"Fusion Hammer"}],"items_purged_floors":[27],"is_endless":false,"potions_floor_spawned":[1,7,11,12,19,21,22,28,30,33,35,42,44,48,54],"killed_by":"The Heart","ascension_level":0}}