{"host":"tchp4ssh6eu1bj0c","time":1609592620,"event":{"mods":["AchievementEnabler","BaseMod","KOR Keyword Fix","Minty Spire (QoL Compilation)","SuperFastMode"],"gold_per_floor":[110,127,141,18,193,193,193,205,205,205,235,87,87,87,87,87,87],"floor_reached":16,"playtime":445,"items_purged":["Strike_G","Regret"],"score":137,"play_id":"0bc02e09-0e96-4d9d-b635-75569ae0ce32","local_time":"20210102220340","is_ascension_mode":true,"campfire_choices":[{"data":"Dagger Throw","floor":6,"key":"SMITH"},{"data":"Noxious Fumes","floor":10,"key":"SMITH"},{"data":"Prepared","floor":13,"key":"SMITH"},{"floor":15,"key":"REST"}],"circlet_count":0,"master_deck":["Strike_G","Strike_G","Strike_G","Strike_G","Defend_G+1","Defend_G","Defend_G","Defend_G","Defend_G+1","Survivor","Neutralize","Dagger Throw+1","Backflip","Backflip","Deadly Poison","Doubt","Noxious Fumes+1","Quick Slash","Prepared+1"],"relics":["Ring of the Snake","NeowsBlessing","Mummified Hand","War Paint","Lantern"],"acts_visited":["Exordium"],"potions_floor_usage":[],"damage_taken":[{"damage":0,"enemies":"Jaw Worm","floor":1,"turns":1},{"damage":0,"enemies":"2 Louse","floor":2,"turns":1},{"damage":0,"enemies":"Small Slimes","floor":3,"turns":1},{"damage":4,"enemies":"Blue Slaver","floor":8,"turns":6},{"damage":41,"enemies":"3 Sentries","floor":11,"turns":9},{"damage":38,"enemies":"Slime Boss","floor":16,"turns":5}],"seed_played":"-5161813002014110687","potions_obtained":[],"is_trial":false,"path_per_floor":["M","M","M","$","?","R","?","M","T","R","E","$","R","$","R","B"],"character_chosen":"THE_SILENT","items_purchased":["Deadly Poison","Prepared"],"campfire_rested":1,"item_purchase_floors":[4,12],"current_hp_per_floor":[63,63,63,63,63,63,63,59,59,59,18,18,18,18,39,1,1],"gold":87,"neow_bonus":"THREE_ENEMY_KILL","is_daily":false,"chose_seed":false,"campfire_upgraded":3,"win_rate":0.0,"timestamp":1609592620,"path_taken":["M","M","M","$","?","R","?","M","T","R","E","$","R","?","R","BOSS"],"items_purchased_type":["Card","Card"],"build_version":"2020-12-22","purchased_purges":2,"victory":false,"max_hp_per_floor":[70,70,70,70,70,70,70,70,70,70,70,70,70,70,70,70,70],"card_choices":[{"not_picked":["Deflect","Dodge and Roll"],"picked":"Dagger Throw","floor":1},{"not_picked":["Sucker Punch","Storm of Steel"],"picked":"Backflip","floor":2},{"not_picked":["Dodge and Roll","Bane"],"picked":"Backflip","floor":3},{"not_picked":["Endless Agony","Flying Knee"],"picked":"Noxious Fumes","floor":8},{"not_picked":["Backflip","Distraction"],"picked":"Quick Slash","floor":11}],"player_experience":438430,"relics_obtained":[{"floor":9,"key":"War Paint"},{"floor":11,"key":"Lantern"}],"event_choices":[{"damage_healed":0,"gold_gain":175,"player_choice":"AGREE","damage_taken":0,"max_hp_gain":0,"max_hp_loss":0,"event_name":"Liars Game","floor":5,"gold_loss":0,"cards_obtained":["Doubt"]},{"damage_healed":0,"gold_gain":0,"player_choice":"Box","damage_taken":0,"relics_obtained":["Mummified Hand"],"max_hp_gain":0,"max_hp_loss":0,"event_name":"Big Fish","floor":7,"gold_loss":0,"cards_obtained":["Regret"]}],"is_beta":false,"boss_relics":[],"items_purged_floors":[4,12],"is_endless":false,"potions_floor_spawned":[],"killed_by":"Slime Boss","ascension_level":8}}