{"host":"okln270zkafj6dck","time":1609627205,"event":{"mods":["BaseMod","Minty Spire (QoL Compilation)","Permanent Neow","Quick Restart","Relic Stats","StSLib","SuperFastMode"],"gold_per_floor":[365,20,20,20,31,66,66,97,145,179,179,179,254,267,267,267,267],"floor_reached":16,"playtime":303,"items_purged":[],"score":232,"play_id":"97b35b7e-ea36-465f-a2be-becd3479fea6","local_time":"20210102144005","is_ascension_mode":true,"campfire_choices":[{"data":"Apotheosis","floor":7,"key":"SMITH"},{"floor":11,"key":"REST"},{"data":"Burst","floor":15,"key":"SMITH"}],"circlet_count":0,"master_deck":["AscendersBane","Strike_G","Strike_G","Strike_G","Strike_G","Defend_G","Defend_G","Defend_G","Defend_G","Defend_G","Survivor","Neutralize","Blade Dance","Apotheosis+1","Cloak And Dagger","Dagger Spray","Adrenaline","Burst+1"],"relics":["Ring of the Snake","ClockworkSouvenir","Potion Belt","Smiling Mask","Snake Skull","Ice Cream"],"acts_visited":["Exordium"],"potions_floor_usage":[10],"damage_taken":[{"damage":9,"enemies":"Cultist","floor":1,"turns":6},{"damage":1,"enemies":"Jaw Worm","floor":5,"turns":5},{"damage":16,"enemies":"Gremlin Nob","floor":6,"turns":4},{"damage":11,"enemies":"Lagavulin","floor":8,"turns":9},{"damage":5,"enemies":"3 Sentries","floor":10,"turns":5},{"damage":0,"enemies":"2 Louse","floor":14,"turns":2},{"damage":28,"enemies":"The Guardian","floor":16,"turns":10}],"seed_played":"5229887181022931368","potions_obtained":[{"floor":6,"key":"CultistPotion"},{"floor":8,"key":"LiquidMemories"},{"floor":14,"key":"FearPotion"}],"is_trial":false,"path_per_floor":["M","$","?","$","M","E","R","E","T","E","R","?","?","M","R","B"],"character_chosen":"THE_SILENT","items_purchased":["Apotheosis","ClockworkSouvenir"],"campfire_rested":1,"item_purchase_floors":[2,2],"current_hp_per_floor":[50,50,50,50,49,33,33,22,22,17,35,35,24,24,24,0,0],"gold":267,"neow_bonus":"TWO_FIFTY_GOLD","is_daily":false,"chose_seed":false,"campfire_upgraded":2,"win_rate":0.0,"timestamp":1609627205,"path_taken":["M","$","?","$","M","E","R","E","T","E","R","?","?","M","R","BOSS"],"items_purchased_type":["Card","Relic"],"build_version":"2020-12-22","purchased_purges":0,"victory":false,"max_hp_per_floor":[60,60,60,60,60,60,60,60,60,60,60,60,60,60,60,60,60],"relic_stats":{"counters":[7,41],"Snake Skull":[0],"Smiling Mask":0,"obtain_stats":[{"Potion Belt":6,"Ice Cream":10,"Snake Skull":9,"Smiling Mask":8,"Ring of the Snake":0,"ClockworkSouvenir":2},{"Potion Belt":3,"Ice Cream":5,"Snake Skull":4,"Smiling Mask":4,"Ring of the Snake":0,"ClockworkSouvenir":1},{"Potion Belt":15,"Ice Cream":29,"Snake Skull":24,"Smiling Mask":24,"Ring of the Snake":0,"ClockworkSouvenir":6}],"Ring of the Snake":[14]},"card_choices":[{"not_picked":["Dodge and Roll","Acrobatics"],"picked":"Blade Dance","floor":1},{"not_picked":["Blade Dance","Acrobatics"],"picked":"Cloak And Dagger","floor":5},{"not_picked":["Skewer","Riddle With Holes"],"picked":"Dagger Spray","floor":6},{"not_picked":["Catalyst","Cloak And Dagger"],"picked":"Adrenaline","floor":8},{"not_picked":["Setup","Concentrate"],"picked":"Burst","floor":10},{"not_picked":["Acrobatics","Prepared","Infinite Blades"],"picked":"SKIP","floor":14}],"player_experience":76783,"relics_obtained":[{"floor":6,"key":"Potion Belt"},{"floor":8,"key":"Smiling Mask"},{"floor":9,"key":"Snake Skull"},{"floor":10,"key":"Ice Cream"}],"event_choices":[{"damage_healed":0,"gold_gain":0,"player_choice":"Ignored","damage_taken":0,"max_hp_gain":0,"max_hp_loss":0,"event_name":"Liars Game","floor":3,"gold_loss":0},{"cards_removed":["Strike_G"],"damage_healed":0,"gold_gain":0,"player_choice":"Forget","damage_taken":0,"max_hp_gain":0,"max_hp_loss":0,"event_name":"Living Wall","floor":12,"gold_loss":0},{"damage_healed":0,"gold_gain":75,"player_choice":"Gather Gold","damage_taken":11,"max_hp_gain":0,"max_hp_loss":0,"event_name":"World of Goop","floor":13,"gold_loss":0}],"is_beta":false,"boss_relics":[],"items_purged_floors":[],"is_endless":false,"potions_floor_spawned":[6,8,14],"killed_by":"The Guardian","ascension_level":20}}