{"host":"j204k34h42bd6fas","time":1609618908,"event":{"mods":["Aspiration","BaseMod","Colored Map","Colored Powertips","Conspire","Energized Spire","Hubris","Infinite Spire","JesterMod","Mimic Mod","Minty Spire (QoL Compilation)","Rare Cards Sparkle","Relic Stats","Replay The Spire","Say the Spire","StSLib","The Cursed","The Marked"],"gold_per_floor":[109,459,471,495,523,535,565,611,648,690,15,27,55,71,71,174,174,191,191,191,206,60,91,91,110,185,199,210,228,247,247,247,342,342,356,356,356],"floor_reached":36,"playtime":1535,"items_purged":["Pain"],"score":1030,"play_id":"0183996c-cfcd-4a0e-8463-f4320c254a41","local_time":"20210102152148","is_ascension_mode":true,"campfire_choices":[{"floor":6,"key":"REST"},{"floor":15,"key":"REST"},{"floor":24,"key":"REST"},{"floor":32,"key":"REST"}],"circlet_count":0,"master_deck":["Strike_R","Strike_R","Strike_R","Strike_R","Strike_R","Defend_R+1","Defend_R","Defend_R","Defend_R+1","Bash","CommonCold","infinitespire:Punishment+1","Mind Blast","Juggernaut","Survivor","True Grit","CommonCold","Armaments","Pommel Strike","ReplayTheSpireMod:Splinters","Feed","Seeing Red","Havoc","Deep Breath","Transmutation","Double Tap","Anger+1","Shockwave","Bloodletting","Flame Barrier","Offering","Cleave","Spreading Infection","Immolate","True Grit","Writhe","Pummel","Feel No Pain","Rage+1","Shrug It Off","Wild Strike","conspire:NecroticWound","Body Slam","Power Through","Metallicize","Feel No Pain","Impervious","hubris:Sloth","Demon Form","Havoc+1"],"relics":["ReplayTheSpireMod:SealedPack","Ring of Greed","Old Coin","MawBank","Centennial Puzzle","War Paint","The Courier","hubris:SphereOfDissonance","infinitespire:PuzzleCube","hubris:VirtuousBlindfold","Smiling Mask","Pocketwatch","hubris:Reverence","energizedSpire:DecayingSkull"],"acts_visited":["Exordium","TheCity","TheBeyond"],"potions_floor_usage":[10,14,33,33,33],"damage_taken":[{"damage":0,"enemies":"conspire:RoseBush","floor":1,"turns":2},{"damage":5,"enemies":"Jaw Worm","floor":4,"turns":3},{"damage":0,"enemies":"Small Slimes","floor":5,"turns":4},{"damage":6,"enemies":"Blue Slaver","floor":7,"turns":2},{"damage":17,"enemies":"3 Sentries","floor":8,"turns":6},{"damage":0,"enemies":"Gremlin Nob","floor":10,"turns":3},{"damage":6,"enemies":"Red Slaver","floor":12,"turns":2},{"damage":12,"enemies":"Replay:BlueRogue","floor":13,"turns":2},{"damage":22,"enemies":"Lots of Slimes","floor":14,"turns":3},{"damage":3,"enemies":"Slime Boss","floor":16,"turns":2},{"damage":13,"enemies":"Spheric Guardian","floor":18,"turns":3},{"damage":10,"enemies":"conspire:FuzzyDice","floor":21,"turns":5},{"damage":15,"enemies":"Book of Stabbing","floor":23,"turns":3},{"damage":30,"enemies":"Sentry and Sphere","floor":25,"turns":5},{"damage":0,"enemies":"Cultist and Chosen","floor":27,"turns":2},{"damage":3,"enemies":"Snecko","floor":28,"turns":2},{"damage":6,"enemies":"3 Cultists","floor":29,"turns":3},{"damage":0,"enemies":"Snake Plant","floor":30,"turns":1},{"damage":45,"enemies":"Pondfish","floor":33,"turns":12},{"damage":63,"enemies":"3 Darklings","floor":35,"turns":13}],"seed_played":"-8347501318775505810","potions_obtained":[{"floor":1,"key":"Explosive Potion"},{"floor":4,"key":"BlessingOfTheForge"},{"floor":12,"key":"Venom Potion"},{"floor":16,"key":"SpeedPotion"},{"floor":21,"key":"Dexterity Potion"},{"floor":29,"key":"Adrenaline Potion"},{"floor":33,"key":"Fruit Juice"}],"is_trial":false,"path_per_floor":["M","?","?","M","M","R","M","E","T","E","$","M","E","M","R","B",null,"M","?","?","M","$","E","R","M","T","M","M","M","M","?","R","B",null,"M","?"],"character_chosen":"IRONCLAD","items_purchased":["Deep Breath","Transmutation","Double Tap","Anger+1","Shockwave","hubris:SphereOfDissonance","Bloodletting","Feel No Pain","Rage+1"],"campfire_rested":4,"item_purchase_floors":[11,11,11,11,11,11,11,22,22],"current_hp_per_floor":[72,72,72,67,67,80,74,60,60,60,60,54,42,23,48,45,76,63,63,63,53,53,38,63,33,33,33,30,24,24,24,49,9,71,8,0,0],"gold":356,"neow_bonus":"BOSS_RELIC","is_daily":false,"chose_seed":false,"campfire_upgraded":0,"win_rate":0.0,"timestamp":1609618908,"path_taken":["M","?","?","M","M","R","M","E","T","E","?","?","E","M","R","BOSS","M","?","?","M","$","E","R","?","T","M","?","M","M","?","R","BOSS","M","?"],"items_purchased_type":["Card","Card","Card","Card","Card","Relic","Card","Card","Card"],"build_version":"2020-12-22","purchased_purges":1,"victory":false,"max_hp_per_floor":[80,80,80,80,80,80,80,83,83,83,83,83,83,86,86,86,86,86,86,86,86,86,86,86,86,86,86,86,86,86,86,86,91,91,91,91,91],"relic_stats":{"Centennial Puzzle":[35],"counters":[20,78],"War Paint":["Defend_R","Defend_R"],"MawBank":108,"Smiling Mask":10,"obtain_stats":[{"hubris:SphereOfDissonance":11,"hubris:VirtuousBlindfold":17,"ReplayTheSpireMod:SealedPack":0,"The Courier":10,"Ring of Greed":2,"War Paint":9,"MawBank":2,"Smiling Mask":19,"Burning Blood":0,"Old Coin":2,"Centennial Puzzle":8,"energizedSpire:DecayingSkull":34,"infinitespire:PuzzleCube":13,"Pocketwatch":23,"hubris:Reverence":26},{"hubris:SphereOfDissonance":6,"hubris:VirtuousBlindfold":10,"ReplayTheSpireMod:SealedPack":0,"The Courier":6,"Ring of Greed":1,"War Paint":5,"MawBank":1,"Smiling Mask":11,"Burning Blood":0,"Old Coin":1,"Centennial Puzzle":5,"energizedSpire:DecayingSkull":19,"infinitespire:PuzzleCube":8,"Pocketwatch":13,"hubris:Reverence":14},{"hubris:SphereOfDissonance":20,"hubris:VirtuousBlindfold":29,"ReplayTheSpireMod:SealedPack":0,"The Courier":20,"Ring of Greed":2,"War Paint":17,"MawBank":2,"Smiling Mask":32,"Burning Blood":0,"Old Coin":2,"Centennial Puzzle":17,"energizedSpire:DecayingSkull":65,"infinitespire:PuzzleCube":24,"Pocketwatch":40,"hubris:Reverence":45}],"Pocketwatch":[25]},"card_choices":[{"not_picked":["hubris:Rewind","infinitespire:Execution"],"picked":"infinitespire:Punishment","floor":0},{"not_picked":["ReplayTheSpireMod:Uncanny Aura","Purity"],"picked":"Mind Blast","floor":0},{"not_picked":["Berserk","Demon Form"],"picked":"Juggernaut","floor":0},{"not_picked":["Zap","hubris:MerchantsHand"],"picked":"Survivor","floor":0},{"not_picked":["Sever Soul","Disarm"],"picked":"True Grit","floor":1},{"not_picked":["Shrug It Off","Run Through"],"picked":"Armaments","floor":4},{"not_picked":["Headbutt","Twin Strike"],"picked":"Pommel Strike","floor":5},{"not_picked":["ReplayTheSpireMod:Limb From Limb","Clash"],"picked":"Feed","floor":7},{"not_picked":["Demonic Infusion","Replay:Undeath\u0027s Touch"],"picked":"Seeing Red","floor":8},{"not_picked":["Perfected Strike","Twin Strike"],"picked":"Havoc","floor":10},{"not_picked":["Flex","Sword Boomerang"],"picked":"Flame Barrier","floor":12},{"not_picked":["Uppercut","Brutality"],"picked":"Offering","floor":13},{"not_picked":["Wild Strike","ReplayTheSpireMod:Strike From Hell"],"picked":"Cleave","floor":14},{"not_picked":["Limit Break","conspire:Purge"],"picked":"Immolate","floor":16},{"not_picked":["Headbutt+1","Twin Strike"],"picked":"True Grit","floor":18},{"not_picked":["True Grit","ReplayTheSpireMod:Limb From Limb"],"picked":"Pummel","floor":21},{"not_picked":["Rage","Life Link"],"picked":"Shrug It Off","floor":23},{"not_picked":["Disarm","Heavy Blade+1"],"picked":"Wild Strike","floor":25},{"not_picked":["Flex","Disarm"],"picked":"Body Slam","floor":27},{"not_picked":["Clash","Body Slam"],"picked":"Power Through","floor":28},{"not_picked":["Headbutt+1","Armaments"],"picked":"Metallicize","floor":29},{"not_picked":["Warcry","Massacre"],"picked":"Feel No Pain","floor":30},{"not_picked":["Feed","conspire:HitWhereItHurts"],"picked":"Demon Form","floor":33},{"not_picked":["Disarm","Shrug It Off+1"],"picked":"Havoc+1","floor":35}],"player_experience":324241,"relics_obtained":[{"floor":2,"key":"Ring of Greed"},{"floor":2,"key":"Old Coin"},{"floor":2,"key":"MawBank"},{"floor":8,"key":"Centennial Puzzle"},{"floor":9,"key":"War Paint"},{"floor":10,"key":"The Courier"},{"floor":13,"key":"infinitespire:PuzzleCube"},{"floor":23,"key":"Pocketwatch"},{"floor":26,"key":"hubris:Reverence"}],"event_choices":[{"damage_healed":0,"gold_gain":0,"player_choice":"Opened","damage_taken":0,"relics_obtained":["Smiling Mask"],"max_hp_gain":0,"max_hp_loss":0,"event_name":"The Mausoleum","floor":19,"gold_loss":0,"cards_obtained":["Writhe"]},{"damage_healed":0,"gold_gain":0,"player_choice":"Upgraded","damage_taken":0,"max_hp_gain":0,"max_hp_loss":0,"event_name":"Upgrade Shrine","floor":20,"gold_loss":0,"cards_upgraded":["infinitespire:Punishment"]}],"is_beta":false,"boss_relics":[{"not_picked":["conspire:RunicOctahedron","energizedSpire:RedRose"],"picked":"hubris:VirtuousBlindfold"},{"not_picked":["SlaversCollar","hubris:TerracottaHorce"],"picked":"energizedSpire:DecayingSkull"}],"items_purged_floors":[22],"is_endless":false,"potions_floor_spawned":[1,4,12,16,21,25,29,30,33],"ascension_level":6}}