{"host":"53w25izqmiakdcya","time":1609561587,"event":{"mods":["BaseMod","Colored Powertips","Downfall","Minty Spire (QoL Compilation)","Quick Restart","Rare Cards Sparkle","StSLib"],"gold_per_floor":[99,112,112,1,16,33,115,115,140,150,177,203,128,161,183,287,287,287,315,315,32,50,158,236,296,346,346,346,346],"floor_reached":27,"playtime":2683,"items_purged":[],"score":250,"play_id":"f19b9172-a5f1-45fd-aca6-0c8e7a8cbfa5","local_time":"20210101222627","is_ascension_mode":false,"campfire_choices":[{"data":"hexamod:Float","floor":1.0,"key":"SMITH"},{"data":"hexamod:Rewind","floor":8.0,"key":"SMITH"},{"floor":13.0,"key":"REST"},{"data":"hexamod:ApocalypticArmor","floor":18.0,"key":"SMITH"}],"circlet_count":0,"master_deck":["hexamod:Defend","hexamod:Defend","hexamod:Defend","hexamod:Defend","hexamod:Sear","hexamod:Float+1","hexamod:InspiringFlames","hexamod:SpectersWail","hexamod:Rewind+1","hexamod:GhostShield","hexamod:ShieldOfDarkness","hexamod:GhostShield","hexamod:GhostOfSpireFuture","hexamod:SecondSeal","hexamod:ChargedBarrage","hexamod:SoulSteal","hexamod:Hexaguard","hexamod:AdvancingGuard","hexamod:ApocalypticArmor+1","hexamod:GhostLash+1","hexamod:FirstSeal","hexamod:FourthSeal","hexamod:ThirdSeal","hexamod:ShieldOfDarkness","hexamod:GhostOfSpirePast","hexamod:GhostOfSpireFuture","hexamod:InspiringFlames","hexamod:AdvancingGuard+1","hexamod:SuperheatedStrike","hexamod:TimeWarp","hexamod:GhostOfSpireFuture+1","hexamod:BacktrackSmack"],"relics":["hexamod:SpiritBrand","Kunai","Centennial Puzzle","downfall:HeartBlessingGreen","Calipers","Astrolabe","Dream Catcher","downfall:CloakOfManyFaces","CultistMask","FaceOfCleric","NlothsMask","GremlinMask","SsserpentHead"],"acts_visited":["Exordium","TheCity"],"potions_floor_usage":[],"damage_taken":[{"damage":1.0,"enemies":"Small Slimes","floor":2.0,"turns":4.0},{"damage":0.0,"enemies":"downfall:FleeingMerchant","floor":4.0,"turns":4.0},{"damage":0.0,"enemies":"Cultist","floor":5.0,"turns":4.0},{"damage":0.0,"enemies":"2 Louse","floor":6.0,"turns":2.0},{"damage":15.0,"enemies":"Gremlin Nob","floor":9.0,"turns":6.0},{"damage":0.0,"enemies":"Red Slaver","floor":10.0,"turns":4.0},{"damage":0.0,"enemies":"2 Fungi Beasts","floor":11.0,"turns":4.0},{"damage":2.0,"enemies":"3 Louse","floor":12.0,"turns":4.0},{"damage":0.0,"enemies":"3 Sentries","floor":14.0,"turns":7.0},{"damage":6.0,"enemies":"Blue Slaver","floor":15.0,"turns":3.0},{"damage":3.0,"enemies":"downfall:Ironclad","floor":16.0,"turns":16.0},{"damage":0.0,"enemies":"3 Byrds","floor":19.0,"turns":6.0},{"damage":0.0,"enemies":"downfall:FleeingMerchant","floor":21.0,"turns":4.0},{"damage":17.0,"enemies":"Snake Plant","floor":22.0,"turns":8.0},{"damage":3.0,"enemies":"downfall:FaceTrader","floor":23.0,"turns":13.0},{"damage":25.0,"enemies":"3 Cultists","floor":25.0,"turns":6.0},{"damage":0,"enemies":"Snecko","floor":27,"turns":1}],"seed_played":"-656776888049671785","potions_obtained":[{"floor":2.0,"key":"sneckomod:MuddlingPotion"},{"floor":6.0,"key":"Swift Potion"},{"floor":11.0,"key":"SteroidPotion"},{"floor":15.0,"key":"Energy Potion"},{"floor":16.0,"key":"DistilledChaos"},{"floor":21.0,"key":"SneckoOil"},{"floor":22.0,"key":"Slimebound:ThreeZeroPotion"},{"floor":23.0,"key":"SpeedPotion"},{"floor":25.0,"key":"Ancient Potion"}],"is_trial":false,"path_per_floor":["R","M","?","$","M","M","T","R","E","M","M","M","R","E","M","B",null,"R","M","?","$","M","?","T","M","?","M"],"character_chosen":"THE_SPIRIT","items_purchased":["hexamod:Rewind","hexamod:GhostShield","hexamod:GhostOfSpireFuture","hexamod:InspiringFlames","Dream Catcher"],"campfire_rested":1,"item_purchase_floors":[4,4,21,21,21],"current_hp_per_floor":[77,76,76,76,76,76,76,76,61,61,61,59,77,77,71,68,77,77,77,77,77,67,71,71,54,54,54,54,54],"gold":346,"neow_bonus":"TEN_PERCENT_HP_BONUS","is_daily":false,"chose_seed":false,"campfire_upgraded":3,"win_rate":0.0,"timestamp":1609561587,"path_taken":["R","M","?","$","M","?","T","R","E","M","M","M","R","E","M","BOSS","R","M","?","$","M","?","T","?","?","M"],"items_purchased_type":["Card","Card","Card","Card","Relic"],"build_version":"2020-12-22","purchased_purges":0,"victory":false,"max_hp_per_floor":[77,77,77,77,77,77,77,77,77,77,77,77,77,77,77,77,77,77,77,77,77,77,77,77,78,78,78,78,78],"card_choices":[{"not_picked":["hexamod:RadiantFlame","hexamod:DynamicBlow"],"picked":"hexamod:InspiringFlames","floor":2.0},{"not_picked":["hexamod:GhostflameBarrier","hexamod:SpectralAdrenaline"],"picked":"hexamod:SpectersWail","floor":4.0},{"not_picked":["hexamod:GhostShield","hexamod:FastForward"],"picked":"hexamod:ShieldOfDarkness","floor":5.0},{"not_picked":["hexamod:RainOfEmbers","hexamod:NightmareGuise"],"picked":"hexamod:GhostShield","floor":6.0},{"not_picked":["hexamod:GhostShield","hexamod:Again"],"picked":"hexamod:GhostOfSpireFuture","floor":9.0},{"not_picked":["hexamod:HauntingEcho","hexamod:Haunt"],"picked":"hexamod:SecondSeal","floor":10.0},{"not_picked":["hexamod:ThirdSeal","hexamod:Again"],"picked":"hexamod:ChargedBarrage","floor":11.0},{"not_picked":["hexamod:HauntingEcho","hexamod:FirstSeal"],"picked":"hexamod:SoulSteal","floor":12.0},{"not_picked":["hexamod:CatchUp","hexamod:SwordOfDarkness"],"picked":"hexamod:Hexaguard","floor":14.0},{"not_picked":["hexamod:InspiringFlames","hexamod:BurningTouch"],"picked":"hexamod:AdvancingGuard","floor":15.0},{"not_picked":["hexamod:Toasty","hexamod:HexaLevel"],"picked":"hexamod:ApocalypticArmor","floor":16.0},{"not_picked":["hexamod:SoulSteal","hexamod:SuperheatedStrike"],"picked":"hexamod:ThirdSeal","floor":19.0},{"not_picked":["hexamod:Incineration+1","hexamod:AdvancingGuard"],"picked":"hexamod:ShieldOfDarkness","floor":21.0},{"not_picked":["hexamod:HeatShield","hexamod:HauntingEcho"],"picked":"hexamod:GhostOfSpirePast","floor":21.0},{"not_picked":["hexamod:HauntingEcho","hexamod:ThermalTransfer"],"picked":"hexamod:AdvancingGuard+1","floor":22.0},{"not_picked":["hexamod:EtherealExpedition","hexamod:GhostShield+1"],"picked":"hexamod:SuperheatedStrike","floor":22.0},{"not_picked":["hexamod:Firestarter","hexamod:Haunt+1"],"picked":"hexamod:TimeWarp","floor":23.0},{"not_picked":["hexamod:Firestarter","hexamod:HeatShield"],"picked":"hexamod:GhostOfSpireFuture+1","floor":23.0},{"not_picked":["hexamod:GhostLash","hexamod:AdvancingGuard"],"picked":"hexamod:BacktrackSmack","floor":25.0}],"player_experience":527042,"relics_obtained":[{"floor":7.0,"key":"Kunai"},{"floor":9.0,"key":"Centennial Puzzle"},{"floor":14.0,"key":"Calipers"},{"floor":23.0,"key":"downfall:CloakOfManyFaces"}],"event_choices":[{"cards_removed":["hexamod:Strike"],"damage_healed":0.0,"max_hp_gain":0.0,"max_hp_loss":0.0,"gold_gain":0.0,"event_name":"Purifier","player_choice":"Purged","floor":3.0,"gold_loss":0.0,"damage_taken":0.0},{"damage_healed":0.0,"max_hp_gain":0.0,"max_hp_loss":0.0,"gold_gain":0.0,"event_name":"Vampires","player_choice":"Ignored","floor":20.0,"gold_loss":0.0,"damage_taken":0.0}],"is_beta":false,"boss_relics":[{"not_picked":["Sozu","Cursed Key"],"picked":"Astrolabe"}],"items_purged_floors":[],"is_endless":false,"potions_floor_spawned":[2,6,11,15,16,25],"killed_by":"Snecko","ascension_level":0}}