{"host":"10b2ljh1rg6srmxa","time":1609616011,"event":{"mods":["AchievementEnabler","BaseMod","Colored Powertips","Conspire","Downfall","Googly Eyes","Hubris","Infinite Spire","Minty Spire (QoL Compilation)","Replay The Spire","StSLib","The Construct"],"gold_per_floor":[113,113,113,13,13,13,48,65,90,90,90],"floor_reached":10,"playtime":360,"items_purged":[],"score":89,"play_id":"9c7017f7-f0e7-4198-8e4a-4183658054c9","local_time":"20210102203331","is_ascension_mode":false,"campfire_choices":[{"data":"Ghostly","floor":6,"key":"SMITH"}],"circlet_count":0,"master_deck":["construct:Strike_Gold","construct:Strike_Gold","construct:Strike_Gold","construct:Strike_Gold","construct:Strike_Gold","construct:Defend_Gold","construct:Defend_Gold","construct:Defend_Gold","construct:Defend_Gold","construct:Defend_Gold","construct:AttackMode","construct:DefenseMode","construct:Autoturret","Ghostly+1","construct:ShiftGuard","construct:FlameCore"],"relics":["construct:Cogwheel","NeowsBlessing","Dream Catcher"],"acts_visited":["Exordium"],"potions_floor_usage":[],"damage_taken":[{"damage":0,"enemies":"Jaw Worm","floor":1,"turns":1},{"damage":0,"enemies":"Lagavulin","floor":7,"turns":2},{"damage":0,"enemies":"Small Slimes","floor":8,"turns":1},{"damage":17,"enemies":"3 Sentries","floor":10,"turns":5}],"seed_played":"819580502061996688","potions_obtained":[],"is_trial":false,"path_per_floor":["M","?","?","?","$","R","E","M","T","E"],"character_chosen":"THE_CONSTRUCT_MOD","items_purchased":[],"campfire_rested":0,"item_purchase_floors":[],"current_hp_per_floor":[85,85,85,85,85,85,85,85,85,68,68],"gold":90,"neow_bonus":"THREE_ENEMY_KILL","is_daily":false,"chose_seed":false,"campfire_upgraded":1,"win_rate":0.0,"timestamp":1609616011,"path_taken":["M","?","?","?","?","R","E","M","T","E"],"items_purchased_type":[],"build_version":"2020-12-22","purchased_purges":0,"victory":false,"max_hp_per_floor":[85,85,85,85,85,85,85,85,85,85,85],"card_choices":[{"not_picked":["construct:FierceBash","construct:HeavyBolt","construct:Anticipate"],"picked":"SKIP","floor":1},{"not_picked":["construct:FierceBash","construct:Accumulate"],"picked":"construct:ShiftGuard","floor":7},{"not_picked":["construct:FocusedBeam","construct:ClusterMines"],"picked":"construct:FlameCore","floor":8}],"player_experience":314917,"relics_obtained":[{"floor":7,"key":"Dream Catcher"}],"event_choices":[{"damage_healed":0,"gold_gain":0,"player_choice":"Leave","damage_taken":0,"max_hp_gain":0,"max_hp_loss":0,"event_name":"conspire:Investor","floor":3,"gold_loss":0},{"damage_healed":0,"gold_gain":0,"player_choice":"Argue","damage_taken":0,"max_hp_gain":0,"max_hp_loss":0,"event_name":"conspire:LoneGhost","floor":4,"gold_loss":0}],"is_beta":false,"boss_relics":[],"items_purged_floors":[],"is_endless":false,"potions_floor_spawned":[],"killed_by":"3 Sentries","ascension_level":0}}