{"host":"kiauivt48syq9iz6","time":1609600084,"event":{"mods":["A Magickal Journey","BaseMod","Conspire","Downfall","Hermit","Minty Spire (QoL Compilation)","Replay The Spire","SIMod","Somnambulant","StSLib","The Animator","The Construct","The Cursed","The Disciple","The Forsaken","The Judge","The Marked","The Runesmith","The Servant 0.9.4","The Spell Scribe"],"gold_per_floor":[111,5,20,20,36,36,36,62,62,62,62,13,73,91,91,194,194,204,215,140,151,169,169,188,188,188],"floor_reached":25,"playtime":1151,"items_purged":[],"score":228,"play_id":"3b13d185-1103-4418-9d23-5572cdb5dc21","local_time":"20210102080804","is_ascension_mode":false,"campfire_choices":[{"floor":6,"key":"REST"},{"data":"ReplayTheSpireMod:Necrogeddon","floor":11,"key":"SMITH"},{"data":"somnambulantmod: Wake","floor":15,"key":"SMITH"},{"floor":23,"key":"REST"}],"circlet_count":0,"master_deck":["somnambulantmod: SomnambulantStrike","somnambulantmod: SomnambulantStrike","somnambulantmod: SomnambulantStrike","somnambulantmod: SomnambulantStrike","somnambulantmod: SomnambulantStrike","somnambulantmod: Defend_Somnambulant","somnambulantmod: Defend_Somnambulant","somnambulantmod: Defend_Somnambulant","somnambulantmod: Defend_Somnambulant","somnambulantmod: Defend_Somnambulant+1","somnambulantmod: QuickNap","somnambulantmod: PrimingPunch","ReplayTheSpireMod:Necrogeddon+1","somnambulantmod: RecurringDream","somnambulantmod: MuscleMemory","somnambulantmod: TrepanningBlow","somnambulantmod: Nosebleed+1","somnambulantmod: BrainFeeder","somnambulantmod: Sleepyhead+1","ReplayTheSpireMod:Splinters","somnambulantmod: Blink","somnambulantmod: Wake+1","somnambulantmod: Narcolepsy","somnambulantmod: Unknow+1","somnambulantmod: Wake+1","somnambulantmod: Trauma+1","somnambulantmod: Trauma+1"],"relics":["somnambulantmod: DreamJournal","ReplayTheSpireMod:Shallot","Matryoshka","Gremlin Food","InkBottle","Bottled Lightning","Busted Crown"],"acts_visited":["Exordium","TheCity"],"potions_floor_usage":[14,24,25,25],"damage_taken":[{"damage":3,"enemies":"Small Slimes","floor":1,"turns":4},{"damage":10,"enemies":"Jaw Worm","floor":3,"turns":5},{"damage":0,"enemies":"conspire:RoseBush","floor":5,"turns":3},{"damage":0,"enemies":"Replay:BlueRogue","floor":8,"turns":5},{"damage":0,"enemies":"3 Louse","floor":14,"turns":4},{"damage":32,"enemies":"Fading Forest","floor":16,"turns":11},{"damage":0,"enemies":"Shell Parasite","floor":18,"turns":5},{"damage":25,"enemies":"Chosen","floor":19,"turns":7},{"damage":19,"enemies":"Sentry and Sphere","floor":21,"turns":5},{"damage":15,"enemies":"Snecko","floor":22,"turns":6},{"damage":24,"enemies":"Snake Plant","floor":24,"turns":5},{"damage":13,"enemies":"Centurion and Healer","floor":25,"turns":4}],"seed_played":"-2939193056241596023","potions_obtained":[{"floor":1,"key":"DistilledChaos"},{"floor":3,"key":"Doom Potion"},{"floor":8,"key":"construct:ShiftPotion"},{"floor":13,"key":"Energy Potion"},{"floor":18,"key":"Ancient Potion"},{"floor":22,"key":"Energy Potion"},{"floor":24,"key":"Adrenaline Potion"}],"is_trial":false,"path_per_floor":["M","$","M","?","M","R","?","E","T","$","R","$","?","M","R","B",null,"M","M","?","M","M","R","M","M"],"character_chosen":"THE_SOMNAMBULANT","items_purchased":["somnambulantmod: MuscleMemory","somnambulantmod: TrepanningBlow","somnambulantmod: Sleepyhead"],"campfire_rested":2,"item_purchase_floors":[2,2,12],"current_hp_per_floor":[67,67,57,50,50,72,72,72,72,72,72,72,72,72,72,50,72,72,47,47,28,13,36,12,0,0],"gold":188,"neow_bonus":"RANDOM_COLORLESS_2","is_daily":false,"chose_seed":false,"campfire_upgraded":2,"win_rate":0.0,"timestamp":1609600084,"path_taken":["M","$","M","?","M","R","?","E","T","$","R","?","?","M","R","BOSS","M","?","?","M","M","R","M","M"],"items_purchased_type":["Card","Card","Card"],"build_version":"2020-12-22","purchased_purges":0,"victory":false,"max_hp_per_floor":[70,70,70,70,70,72,72,72,72,72,72,72,72,72,72,72,72,72,72,72,72,72,74,74,74,74],"card_choices":[{"not_picked":["ReplayUltimateDefense","Transmutation"],"picked":"ReplayTheSpireMod:Necrogeddon","floor":0},{"not_picked":["somnambulantmod: Nosebleed","somnambulantmod: HeavyLids"],"picked":"somnambulantmod: RecurringDream","floor":1},{"not_picked":["somnambulantmod: TrepanningBlow","somnambulantmod: LeechFears"],"picked":"somnambulantmod: Nosebleed","floor":3},{"not_picked":["somnambulantmod: Remember","somnambulantmod: Reject"],"picked":"somnambulantmod: BrainFeeder","floor":5},{"not_picked":["somnambulantmod: PourItOut","somnambulantmod: Stimulus","somnambulantmod: RacingThoughts"],"picked":"SKIP","floor":8},{"not_picked":["somnambulantmod: LeechFears","somnambulantmod: Trauma"],"picked":"somnambulantmod: Blink","floor":13},{"not_picked":["somnambulantmod: Harden","somnambulantmod: Sleepyhead"],"picked":"somnambulantmod: Wake","floor":14},{"not_picked":["somnambulantmod: Amnausea","somnambulantmod: Ignorance"],"picked":"somnambulantmod: Narcolepsy","floor":16},{"not_picked":[],"picked":"somnambulantmod: Unknow+1","floor":18},{"not_picked":["somnambulantmod: SnuggleUp"],"picked":"SKIP","floor":19},{"not_picked":[],"picked":"somnambulantmod: Wake+1","floor":21},{"not_picked":[],"picked":"somnambulantmod: Trauma+1","floor":22},{"not_picked":[],"picked":"somnambulantmod: Trauma+1","floor":24}],"player_experience":135563,"relics_obtained":[{"floor":8,"key":"Matryoshka"},{"floor":9,"key":"Gremlin Food"},{"floor":9,"key":"InkBottle"},{"floor":13,"key":"Bottled Lightning"}],"event_choices":[{"damage_healed":0,"gold_gain":0,"player_choice":"Success","damage_taken":7,"relics_obtained":["ReplayTheSpireMod:Shallot"],"max_hp_gain":0,"max_hp_loss":0,"event_name":"Scrap Ooze","floor":4,"gold_loss":0},{"damage_healed":0,"gold_gain":0,"player_choice":"Leave","damage_taken":0,"max_hp_gain":0,"max_hp_loss":0,"event_name":"conspire:Investor","floor":7,"gold_loss":0},{"cards_removed":["Delirium"],"damage_healed":0,"gold_gain":0,"player_choice":"Gave Gold","damage_taken":0,"max_hp_gain":0,"max_hp_loss":0,"event_name":"Beggar","floor":20,"gold_loss":75}],"is_beta":false,"boss_relics":[{"not_picked":["Fusion Hammer","Coffee Dripper"],"picked":"Busted Crown"}],"items_purged_floors":[],"is_endless":false,"potions_floor_spawned":[1,3,8,18,22,24],"killed_by":"Centurion and Healer","ascension_level":0}}