{"host":"3bmixpcp66vorgem","time":1609580981,"event":{"mods":["AchievementEnabler","BaseMod","JesterMod","Minty Spire (QoL Compilation)","Slay the Relics Exporter","StSLib"],"gold_per_floor":[111,131,151,116,116,116,127,127,127,127,162,174,188,208,208,310,310,310,330,349,349,56,56,56,56],"floor_reached":24,"playtime":2696,"items_purged":["jesterMod:Defend"],"score":240,"play_id":"d966eccb-fd0e-418b-b42c-21f2ffe9cd46","local_time":"20210102104941","is_ascension_mode":true,"campfire_choices":[{"data":"Mayhem","floor":6,"key":"SMITH"},{"data":"jesterMod:DancingMad","floor":8,"key":"SMITH"},{"data":"jesterMod:SelfMockery","floor":10,"key":"SMITH"},{"floor":15,"key":"REST"},{"data":"Mayhem","floor":23,"key":"SMITH"}],"circlet_count":0,"master_deck":["jesterMod:Strike","jesterMod:Strike","jesterMod:Strike","jesterMod:Strike","jesterMod:Sickle","jesterMod:Defend","jesterMod:Defend","jesterMod:Defend","jesterMod:Dodge","Mayhem+1","jesterMod:Anticipation","jesterMod:DancingMad+1","jesterMod:ButterKnife","jesterMod:SelfMockery+1","jesterMod:Placebo","jesterMod:Procrastination","jesterMod:BouncingKnife","jesterMod:DancingMad","jesterMod:Encore","jesterMod:Dilapidation+1","jesterMod:SelfMockery","Mayhem+1"],"relics":["jesterMod:JesterCap","jesterMod:BagOfTricks","Eternal Feather","Shuriken","Sundial","Cursed Key","Membership Card"],"acts_visited":["Exordium","TheCity"],"potions_floor_usage":[11,16,16,16,18,24],"damage_taken":[{"damage":1.0,"enemies":"2 Louse","floor":1.0,"turns":5.0},{"damage":24,"enemies":"Jaw Worm","floor":2,"turns":6},{"damage":10,"enemies":"Cultist","floor":3,"turns":5},{"damage":11,"enemies":"3 Louse","floor":7,"turns":4},{"damage":21,"enemies":"3 Sentries","floor":11,"turns":13},{"damage":0,"enemies":"Exordium Thugs","floor":12,"turns":5},{"damage":10,"enemies":"Large Slime","floor":13,"turns":6},{"damage":2,"enemies":"2 Fungi Beasts","floor":14,"turns":4},{"damage":50,"enemies":"Slime Boss","floor":16,"turns":11},{"damage":7,"enemies":"Chosen","floor":18,"turns":4},{"damage":0,"enemies":"Spheric Guardian","floor":19,"turns":4},{"damage":29,"enemies":"Centurion and Healer","floor":20,"turns":7},{"damage":48,"enemies":"Slavers","floor":24,"turns":3}],"seed_played":"6950688630576344540","potions_obtained":[{"floor":3,"key":"Fruit Juice"},{"floor":11,"key":"EntropicBrew"},{"floor":14,"key":"GamblersBrew"},{"floor":16,"key":"SmokeBomb"},{"floor":19,"key":"AttackPotion"}],"is_trial":false,"path_per_floor":["M","M","M","?","T","R","M","R","T","R","E","M","M","M","R","B",null,"M","M","M","?","$","R","E"],"character_chosen":"THE_JESTER","items_purchased":["Membership Card","Mayhem"],"campfire_rested":1,"item_purchase_floors":[22,22],"current_hp_per_floor":[62,38,28,43,43,49,38,47,47,56,40,40,30,28,57,7,68,61,61,32,32,32,44,0,0],"gold":56,"neow_bonus":"RANDOM_COLORLESS_2","is_daily":false,"chose_seed":false,"campfire_upgraded":4,"win_rate":0.0,"timestamp":1609580981,"path_taken":["M","M","M","?","?","R","M","R","T","R","E","M","M","M","R","BOSS","M","?","M","?","?","R","E"],"items_purchased_type":["Relic","Card"],"build_version":"2020-12-22","purchased_purges":1,"victory":false,"max_hp_per_floor":[63,63,63,63,63,63,63,63,63,63,68,68,68,68,68,68,68,68,68,68,68,68,68,68,68],"card_choices":[{"not_picked":["The Bomb","Chrysalis"],"picked":"Mayhem","floor":0.0},{"not_picked":["jesterMod:Hide","jesterMod:OblivionStrike"],"picked":"jesterMod:Anticipation","floor":1},{"not_picked":["jesterMod:JackInTheBox","jesterMod:Patience"],"picked":"jesterMod:DancingMad","floor":2},{"not_picked":["jesterMod:Feint","jesterMod:Finale"],"picked":"jesterMod:ButterKnife","floor":3},{"not_picked":["jesterMod:QuickStrike","jesterMod:Illness"],"picked":"jesterMod:SelfMockery","floor":7},{"not_picked":["jesterMod:LightTheWick","jesterMod:Twirl"],"picked":"jesterMod:Placebo","floor":11},{"not_picked":["jesterMod:Contradiction","jesterMod:SelfMockery"],"picked":"jesterMod:Procrastination","floor":12},{"not_picked":["jesterMod:Flee","jesterMod:Frenzy"],"picked":"jesterMod:BouncingKnife","floor":13},{"not_picked":["jesterMod:Taunt","jesterMod:Dilapidation"],"picked":"jesterMod:DancingMad","floor":14},{"not_picked":["jesterMod:Finale","jesterMod:Pillage"],"picked":"jesterMod:Encore","floor":16},{"not_picked":["jesterMod:Patience","jesterMod:TrickyDodge"],"picked":"jesterMod:Dilapidation+1","floor":19},{"not_picked":["jesterMod:Loot","jesterMod:DesperateStrike"],"picked":"jesterMod:SelfMockery","floor":20}],"player_experience":2215392,"relics_obtained":[{"floor":5,"key":"Eternal Feather"},{"floor":9,"key":"Shuriken"},{"floor":11,"key":"Sundial"}],"event_choices":[{"damage_healed":15,"gold_gain":0,"player_choice":"Healed","damage_taken":0,"max_hp_gain":0,"max_hp_loss":0,"event_name":"The Cleric","floor":4,"gold_loss":35},{"damage_healed":0,"gold_gain":0,"player_choice":"Bought 0 Potions","damage_taken":0,"max_hp_gain":0,"max_hp_loss":0,"event_name":"The Woman in Blue","floor":21,"gold_loss":0}],"is_beta":false,"boss_relics":[{"not_picked":["Runic Dome","Black Star"],"picked":"Cursed Key"}],"items_purged_floors":[22],"is_endless":false,"potions_floor_spawned":[3,11,14,16,19,20],"killed_by":"Slavers","ascension_level":4}}