{"host":"a4s27ghlnr83kbqz","time":1609581154,"event":{"mods":["AchievementEnabler","BaseMod","Colored Map","Minty Spire (QoL Compilation)","Permanent Neow","SuperFastMode"],"gold_per_floor":[117,128,128,145,295,295,325,175,175,175,210,220,230,263,263,339,339,350,47,64,64,79,79,99,114,187,187,198,198,226,226,226],"floor_reached":31,"playtime":979,"items_purged":["Doubt"],"score":579,"play_id":"0478fcdb-5dba-451d-a49e-4a4f86a24cb4","local_time":"20210102175234","is_ascension_mode":true,"campfire_choices":[{"data":"Wild Strike","floor":6.0,"key":"SMITH"},{"data":"Flame Barrier","floor":10.0,"key":"SMITH"},{"data":"Offering","floor":15.0,"key":"SMITH"},{"data":"Barricade","floor":23.0,"key":"SMITH"},{"data":"Second Wind","floor":27.0,"key":"SMITH"}],"circlet_count":0,"master_deck":["AscendersBane","Strike_R","Strike_R","Strike_R","Defend_R","Defend_R","Defend_R+1","Defend_R","Bash","Uppercut+1","Wild Strike+1","Pommel Strike","Flame Barrier+1","Second Wind+1","Feed","Shrug It Off","Offering+1","Barricade+1","Disarm","Juggernaut"],"relics":["Burning Blood","Pocketwatch","Eternal Feather","Shuriken","Gremlin Horn","Sozu","Membership Card","Sundial","Kunai","Nilry\u0027s Codex","Champion Belt"],"acts_visited":["Exordium","TheCity"],"potions_floor_usage":[30,30],"damage_taken":[{"damage":11.0,"enemies":"Jaw Worm","floor":1.0,"turns":6.0},{"damage":4.0,"enemies":"2 Louse","floor":2.0,"turns":3.0},{"damage":0.0,"enemies":"Cultist","floor":4.0,"turns":2.0},{"damage":26.0,"enemies":"3 Sentries","floor":7.0,"turns":10.0},{"damage":6.0,"enemies":"Gremlin Nob","floor":11.0,"turns":3.0},{"damage":3.0,"enemies":"3 Louse","floor":12.0,"turns":3.0},{"damage":0.0,"enemies":"2 Fungi Beasts","floor":13.0,"turns":3.0},{"damage":17.0,"enemies":"3 Sentries","floor":14.0,"turns":7.0},{"damage":57.0,"enemies":"Hexaghost","floor":16.0,"turns":13.0},{"damage":6.0,"enemies":"Spheric Guardian","floor":18.0,"turns":7.0},{"damage":7.0,"enemies":"3 Byrds","floor":20.0,"turns":6.0},{"damage":15.0,"enemies":"Sentry and Sphere","floor":22.0,"turns":7.0},{"damage":6.0,"enemies":"Cultist and Chosen","floor":24.0,"turns":7.0},{"damage":10.0,"enemies":"Centurion and Healer","floor":25.0,"turns":5.0},{"damage":0.0,"enemies":"Snake Plant","floor":28.0,"turns":4.0},{"damage":52,"enemies":"Slavers","floor":30,"turns":5},{"damage":25,"enemies":"Shelled Parasite and Fungi","floor":31,"turns":3}],"seed_played":"7169775633810776067","potions_obtained":[{"floor":1.0,"key":"FearPotion"},{"floor":4.0,"key":"Regen Potion"},{"floor":7.0,"key":"Explosive Potion"},{"floor":13.0,"key":"SpeedPotion"},{"floor":16.0,"key":"ColorlessPotion"}],"is_trial":false,"path_per_floor":["M","M","?","M","?","R","E","$","T","R","E","M","M","E","R","B",null,"M","$","M","?","M","R","M","M","T","R","M","?","E","M"],"character_chosen":"IRONCLAD","items_purchased":["Second Wind","Membership Card","Sundial"],"campfire_rested":0,"item_purchase_floors":[8,19,19],"current_hp_per_floor":[63,65,42,48,48,48,43,43,43,52,52,55,64,56,65,17,67,70,70,72,72,63,72,75,74,74,83,89,68,22,0,0],"gold":226,"neow_bonus":"REMOVE_CARD","is_daily":false,"chose_seed":false,"campfire_upgraded":5,"win_rate":0.0,"timestamp":1609581154,"path_taken":["M","M","?","M","?","R","E","$","T","R","E","M","M","E","R","BOSS","M","$","M","?","?","R","M","M","T","R","M","?","E","M"],"items_purchased_type":["Card","Relic","Relic"],"build_version":"2020-12-22","purchased_purges":1,"victory":false,"max_hp_per_floor":[75,75,75,75,75,75,75,75,75,75,75,75,78,81,81,84,84,87,87,90,90,90,90,93,96,96,96,96,96,96,96,96],"card_choices":[{"not_picked":["Pommel Strike","Cleave"],"picked":"Uppercut","floor":1.0},{"not_picked":["Cleave","Heavy Blade"],"picked":"Wild Strike","floor":2.0},{"not_picked":["Whirlwind","Rage"],"picked":"Pommel Strike","floor":4.0},{"not_picked":["Armaments","Barricade"],"picked":"Flame Barrier","floor":7.0},{"not_picked":["True Grit","Seeing Red"],"picked":"Feed","floor":11.0},{"not_picked":["True Grit","Inflame","Warcry"],"picked":"SKIP","floor":12.0},{"not_picked":["Havoc","Anger"],"picked":"Shrug It Off","floor":13.0},{"not_picked":["Intimidate","Clash"],"picked":"Offering","floor":14.0},{"not_picked":["Double Tap","Fiend Fire"],"picked":"Barricade","floor":16.0},{"not_picked":["True Grit","Anger"],"picked":"Disarm","floor":18.0},{"not_picked":["Ghostly Armor","Uppercut","Perfected Strike"],"picked":"SKIP","floor":20.0},{"not_picked":["Flex","Heavy Blade","Iron Wave"],"picked":"SKIP","floor":22.0},{"not_picked":["Dark Embrace","Heavy Blade","Perfected Strike"],"picked":"SKIP","floor":24.0},{"not_picked":["Sword Boomerang","Anger","Heavy Blade"],"picked":"SKIP","floor":25.0},{"not_picked":["Wild Strike","Whirlwind"],"picked":"Juggernaut","floor":28.0},{"not_picked":["Flex","Cleave","Rupture"],"picked":"SKIP","floor":30}],"player_experience":1076623,"relics_obtained":[{"floor":7.0,"key":"Pocketwatch"},{"floor":9.0,"key":"Eternal Feather"},{"floor":11.0,"key":"Shuriken"},{"floor":14.0,"key":"Gremlin Horn"},{"floor":26.0,"key":"Kunai"},{"floor":29.0,"key":"Nilry\u0027s Codex"},{"floor":30,"key":"Champion Belt"}],"event_choices":[{"damage_healed":0.0,"max_hp_gain":0.0,"max_hp_loss":0.0,"gold_gain":0.0,"event_name":"Shining Light","player_choice":"Entered Light","floor":3.0,"gold_loss":0.0,"damage_taken":23.0,"cards_upgraded":["Defend_R","Uppercut"]},{"damage_healed":0.0,"max_hp_gain":0.0,"max_hp_loss":0.0,"gold_gain":150.0,"event_name":"Liars Game","player_choice":"AGREE","floor":5.0,"gold_loss":0.0,"damage_taken":0.0,"cards_obtained":["Doubt"]},{"cards_removed":["Strike_R"],"damage_healed":0.0,"max_hp_gain":0.0,"max_hp_loss":0.0,"gold_gain":0.0,"event_name":"Bonfire Elementals","player_choice":"Offered Basic","floor":21.0,"gold_loss":0.0,"damage_taken":0.0},{"damage_healed":0.0,"max_hp_gain":0.0,"max_hp_loss":0.0,"gold_gain":0.0,"event_name":"Cursed Tome","player_choice":"Obtained Book","floor":29.0,"gold_loss":0.0,"damage_taken":21.0}],"is_beta":false,"boss_relics":[{"not_picked":["Runic Pyramid","Fusion Hammer"],"picked":"Sozu"}],"items_purged_floors":[8],"is_endless":false,"potions_floor_spawned":[1,4,7,13,16,22,25,28,30],"killed_by":"Shelled Parasite and Fungi","ascension_level":20}}