{"host":"ek3xvuouaw6vk9if","time":1609567234,"event":{"mods":["BaseMod","BetterRewards","Minty Spire (QoL Compilation)","Permanent Neow","Quick Restart","Relic Stats","Replay The Spire","StSLib","The Disciple"],"gold_per_floor":[116,126,47,47,63,81,81,96,96,126,126,157,216,228,228,333,333,343,343,194,194,174,174,187,187,187,187,211,244,262,209,209,306,306,319,369,369,196,196,196,196],"floor_reached":40,"playtime":2799,"items_purged":["Strike_Br","Strike_Br"],"score":462,"play_id":"585e06f1-4b14-4844-95f3-5815f9fafc3d","local_time":"20210102010034","is_ascension_mode":false,"campfire_choices":[{"data":"Keepsakes","floor":7,"key":"SMITH"},{"data":"PrimeTime","floor":11,"key":"SMITH"},{"data":"PrimeTime","floor":15,"key":"SMITH"},{"data":"TiringSlam","floor":23,"key":"SMITH"},{"data":"Flay","floor":25,"key":"SMITH"},{"data":"Echonomics","floor":27,"key":"SMITH"},{"floor":32,"key":"DIG"}],"circlet_count":0,"master_deck":["Strike_Br","Defend_Br","Defend_Br","Defend_Br","SecondHand","PatternShift","Flay+1","Analog","BlueShift","WindUp","LockedThread","HandsUpB","Keepsakes+1","DaylightSavings","PrimeTime+1","Parity","PrimeTime+1","Echonomics+1","TiringSlam+1","LockedBlood+1","ReapSow+8","PrimeTime","Misterioso+1","LockedMedicine+1","Accruing+1","CurseOfTheBell","Analog","Madness","Madness"],"relics":["Chronometer","Lightning?","Bird Faced Urn","Meat on the Bone","FossilizedHelix","MysticCrockPot","Ring of Chaos","Shuriken","Art of War","Lantern","Garlic","Cursed Key","Prayer Wheel","Calling Bell","Blood Vial","Gremlin Horn","WingedGreaves"],"acts_visited":["Exordium","TheCity","TheBeyond"],"potions_floor_usage":[10,12,18,29,40],"damage_taken":[{"damage":5,"enemies":"Small Slimes","floor":1,"turns":4},{"damage":0,"enemies":"2 Louse","floor":2,"turns":2},{"damage":7,"enemies":"Jaw Worm","floor":5,"turns":4},{"damage":5,"enemies":"3 Louse","floor":6,"turns":3},{"damage":0,"enemies":"Blue Slaver","floor":8,"turns":3},{"damage":26,"enemies":"Gremlin Nob","floor":10,"turns":5},{"damage":4,"enemies":"3 Sentries","floor":12,"turns":7},{"damage":2,"enemies":"Exordium Wildlife","floor":14,"turns":4},{"damage":0,"enemies":"Hexaghost","floor":16,"turns":8},{"damage":0,"enemies":"Spheric Guardian","floor":18,"turns":4},{"damage":13,"enemies":"2 Thieves","floor":22,"turns":4},{"damage":0,"enemies":"Cultist and Chosen","floor":24,"turns":6},{"damage":2,"enemies":"Gremlin Leader","floor":29,"turns":7},{"damage":0,"enemies":"Snake Plant","floor":30,"turns":4},{"damage":57,"enemies":"Collector","floor":33,"turns":10},{"damage":0,"enemies":"Orb Walker","floor":35,"turns":3},{"damage":0,"enemies":"Mind Bloom Boss Battle","floor":36,"turns":8},{"damage":67,"enemies":"Nemesis","floor":40,"turns":9}],"seed_played":"-1427835070050187694","potions_obtained":[{"floor":2,"key":"GamblersBrew"},{"floor":6,"key":"FearPotion"},{"floor":8,"key":"Ancient Potion"},{"floor":10,"key":"BlessingOfTheForge"},{"floor":12,"key":"Adrenaline Potion"},{"floor":22,"key":"FearPotion"},{"floor":29,"key":"Energy Potion"},{"floor":35,"key":"Dexterity Potion"}],"is_trial":false,"path_per_floor":["M","M","$","?","M","M","R","M","T","E","R","E","?","M","R","B",null,"M","?","$","?","M","R","M","R","T","R","T","E","M","$","R","B",null,"M","?","?","$","?","E"],"character_chosen":"CHRONO_CLASS","items_purchased":["LockedThread","TiringSlam","PrimeTime","Analog"],"campfire_rested":0,"item_purchase_floors":[3,20,31,38],"current_hp_per_floor":[54,54,54,54,47,42,42,42,42,18,18,28,5,17,17,31,59,59,59,59,59,46,46,56,56,56,56,56,59,59,59,59,20,59,59,59,59,59,52,0,0],"gold":196,"neow_bonus":"TRANSFORM_TWO_CARDS","is_daily":false,"chose_seed":false,"campfire_upgraded":6,"win_rate":0.0,"timestamp":1609567234,"path_taken":["M","M","$","?","M","M","R","M","T","E","R","E","?","M","R","BOSS","M","?","$","?","M","R","M","R","T","R","?","E","?","?","R","BOSS","M","?","?","$","?","E"],"items_purchased_type":["Card","Card","Card","Card"],"build_version":"2020-12-22","purchased_purges":2,"victory":false,"max_hp_per_floor":[59,59,59,59,59,59,59,59,59,59,59,59,59,59,59,59,59,59,59,59,59,59,59,59,59,59,59,59,59,59,59,59,59,59,59,59,59,59,59,59,59],"relic_stats":{"Blood Vial":2,"Gremlin Horn":[0,0],"counters":[18,95],"Shuriken":[16],"Bird Faced Urn":[22],"Prayer Wheel":0,"Art of War":[3],"Cursed Key":0,"obtain_stats":[{"Lantern":29,"Lightning?":4,"Gremlin Horn":37,"Ring of Chaos":17,"Cursed Key":34,"Calling Bell":37,"Blood Vial":37,"Chronometer":0,"Shuriken":26,"Bird Faced Urn":9,"MysticCrockPot":13,"Prayer Wheel":36,"WingedGreaves":37,"Art of War":28,"Garlic":32,"FossilizedHelix":12,"Meat on the Bone":10},{"Lantern":13,"Lightning?":2,"Gremlin Horn":17,"Ring of Chaos":9,"Cursed Key":15,"Calling Bell":17,"Blood Vial":17,"Chronometer":0,"Shuriken":12,"Bird Faced Urn":5,"MysticCrockPot":7,"Prayer Wheel":17,"WingedGreaves":17,"Art of War":12,"Garlic":14,"FossilizedHelix":7,"Meat on the Bone":6},{"Lantern":61,"Lightning?":6,"Gremlin Horn":86,"Ring of Chaos":40,"Cursed Key":75,"Calling Bell":86,"Blood Vial":86,"Chronometer":0,"Shuriken":54,"Bird Faced Urn":16,"MysticCrockPot":28,"Prayer Wheel":86,"WingedGreaves":86,"Art of War":54,"Garlic":65,"FossilizedHelix":28,"Meat on the Bone":21}],"Meat on the Bone":48},"card_choices":[{"not_picked":["LockedMedicine","LockedPlans"],"picked":"BlueShift","floor":1},{"not_picked":["Engulf","BlueShift"],"picked":"WindUp","floor":2},{"not_picked":["WindUp","ShortSighted"],"picked":"HandsUpB","floor":5},{"not_picked":["CrunchTime","DaylightSavings"],"picked":"Keepsakes","floor":6},{"not_picked":["WindUp","LockedPlans"],"picked":"DaylightSavings","floor":8},{"not_picked":["Recurrance","Chronoelasticity"],"picked":"PrimeTime","floor":10},{"not_picked":["HandsUpC","Stagnate","LockedTornado"],"picked":"SKIP","floor":12},{"not_picked":["LockedAnchor","Stagnate"],"picked":"Parity","floor":13},{"not_picked":["Keepsakes","ShortSighted"],"picked":"PrimeTime","floor":14},{"not_picked":["LockedLightning","BackFourSeconds"],"picked":"Echonomics","floor":16},{"not_picked":["CrunchTime","LockedScales","FormalWear"],"picked":"SKIP","floor":18},{"not_picked":["FormalWear","LockedAnchor+1"],"picked":"LockedBlood+1","floor":22},{"not_picked":["Cuckoo","Recurrance","LockedBlood"],"picked":"SKIP","floor":24},{"not_picked":["LockedMedicine","LockedScales+1"],"picked":"ReapSow+1","floor":29},{"not_picked":["Echoward+1","LockedScales"],"picked":"Tempo+1","floor":30},{"not_picked":["Chronoelasticity","LockedAstrolabe"],"picked":"LockedBell","floor":33},{"not_picked":["Echoward+1","CrunchTime"],"picked":"LockedMedicine+1","floor":35},{"not_picked":["PrimeTime+1","LockedMawBank+1"],"picked":"Accruing+1","floor":36}],"player_experience":510203,"relics_obtained":[{"floor":9,"key":"Bird Faced Urn"},{"floor":10,"key":"Meat on the Bone"},{"floor":12,"key":"FossilizedHelix"},{"floor":13,"key":"MysticCrockPot"},{"floor":26,"key":"Shuriken"},{"floor":28,"key":"Art of War"},{"floor":29,"key":"Lantern"},{"floor":32,"key":"Garlic"},{"floor":36,"key":"Prayer Wheel"},{"floor":37,"key":"Blood Vial"},{"floor":37,"key":"Gremlin Horn"},{"floor":37,"key":"WingedGreaves"}],"event_choices":[{"damage_healed":0,"gold_gain":0,"player_choice":"Ignored","damage_taken":0,"max_hp_gain":0,"max_hp_loss":0,"event_name":"Ghosts","floor":19,"gold_loss":0},{"damage_healed":0,"gold_gain":0,"player_choice":"Fight","damage_taken":0,"max_hp_gain":0,"max_hp_loss":0,"event_name":"MindBloom","floor":36,"gold_loss":0},{"damage_healed":0,"gold_gain":0,"player_choice":"Embrace Madness","damage_taken":7,"max_hp_gain":0,"max_hp_loss":0,"event_name":"Winding Halls","floor":39,"gold_loss":0,"cards_obtained":["Madness","Madness"]}],"is_beta":false,"boss_relics":[{"not_picked":["Snecko Eye","Pandora\u0027s Box"],"picked":"Ring of Chaos"},{"not_picked":["Replay:Bronze Core","Replay:Grab Bag"],"picked":"Cursed Key"}],"items_purged_floors":[20,38],"is_endless":false,"potions_floor_spawned":[2,6,8,10,12,22,29,35],"killed_by":"Nemesis","ascension_level":0}}