{"host":"1tl36azeqm6yhdgj","time":1609627133,"event":{"mods":["AchievementEnabler","BaseMod","Minty Spire (QoL Compilation)","StSLib","The IronCluck","everything is the same but u backflip on backflip"],"gold_per_floor":[119,135,35,110,29,62,62,62,87,110,110,110,29,63,63,159,159,177,197,122,141,141,141,141],"floor_reached":23,"playtime":592,"items_purged":[],"score":458,"play_id":"cdfefa2f-c691-490b-b57c-15374beddf7e","local_time":"20210102173853","is_ascension_mode":true,"campfire_choices":[{"data":"Infernal Blade","floor":8.0,"key":"SMITH"},{"data":"Forethought","floor":11.0,"key":"SMITH"},{"data":"Disarm","floor":15.0,"key":"SMITH"}],"circlet_count":0,"master_deck":["AscendersBane","Defend_R","Defend_R","Defend_R","Defend_R","Bash","Infernal Blade+1","Disarm+1","Forethought+1","Inflame","Demon Form","Injury","Battle Trance","Dropkick","Cleave","Juggernaut","Double Tap+1","Clash+1","True Grit+1","Rampage","Flame Barrier","Anger","Bite","Bite","Bite","Bite","Bite"],"relics":["Burning Blood","NeowsBlessing","Calipers","Golden Idol","Question Card","Bird Faced Urn","Astrolabe"],"acts_visited":["Exordium","TheCity"],"potions_floor_usage":[23],"damage_taken":[{"damage":0.0,"enemies":"Small Slimes","floor":1.0,"turns":2.0},{"damage":0.0,"enemies":"Jaw Worm","floor":2.0,"turns":1.0},{"damage":0.0,"enemies":"3 Sentries","floor":6.0,"turns":2.0},{"damage":0.0,"enemies":"2 Louse","floor":10.0,"turns":3.0},{"damage":21.0,"enemies":"Lagavulin","floor":14.0,"turns":7.0},{"damage":46.0,"enemies":"Hexaghost","floor":16.0,"turns":9.0},{"damage":13.0,"enemies":"Shell Parasite","floor":18.0,"turns":7.0},{"damage":34.0,"enemies":"Spheric Guardian","floor":19.0,"turns":6.0},{"damage":25.0,"enemies":"Snecko","floor":21.0,"turns":5.0},{"damage":32,"enemies":"Gremlin Leader","floor":23,"turns":3}],"seed_played":"-4591477429544428746","potions_obtained":[{"floor":2.0,"key":"AttackPotion"},{"floor":16.0,"key":"Weak Potion"},{"floor":18.0,"key":"Swift Potion"},{"floor":21.0,"key":"SkillPotion"}],"is_trial":false,"path_per_floor":["M","M","$","?","$","E","?","R","T","M","R","T","$","E","R","B",null,"M","M","?","M","?","E"],"character_chosen":"IRONCLAD","items_purchased":["Forethought","Inflame","Dropkick"],"campfire_rested":0,"item_purchase_floors":[3,5,13],"current_hp_per_floor":[74,75,75,64,64,70,70,70,70,75,75,75,75,60,60,24,62,59,35,35,22,22,0,0],"gold":141,"neow_bonus":"THREE_ENEMY_KILL","is_daily":false,"chose_seed":false,"campfire_upgraded":3,"win_rate":0.0,"timestamp":1609627133,"path_taken":["M","M","$","?","?","E","?","R","T","M","R","?","$","E","R","BOSS","M","M","?","M","?","E"],"items_purchased_type":["Card","Card","Card"],"build_version":"2020-12-22","purchased_purges":0,"victory":false,"max_hp_per_floor":[75,75,75,75,75,75,75,75,75,75,75,75,75,75,75,75,75,75,75,75,75,52,52,52],"card_choices":[{"not_picked":["Armaments","Hemokinesis"],"picked":"Infernal Blade","floor":1.0},{"not_picked":["Perfected Strike","Armaments"],"picked":"Disarm","floor":2.0},{"not_picked":["Heavy Blade","Clothesline"],"picked":"Demon Form","floor":6.0},{"not_picked":["Combust","Hemokinesis"],"picked":"Battle Trance","floor":10.0},{"not_picked":["Perfected Strike","Armaments","Shrug It Off"],"picked":"Cleave","floor":14.0},{"not_picked":["Corruption","Bludgeon","Feed"],"picked":"Juggernaut","floor":16.0},{"not_picked":["Searing Blow","Dropkick","Second Wind"],"picked":"Rampage","floor":18.0},{"not_picked":["Armaments","Sever Soul","Entrench"],"picked":"Flame Barrier","floor":19.0},{"not_picked":["Flex","Clash","Flame Barrier"],"picked":"Anger","floor":21.0}],"player_experience":1996990,"relics_obtained":[{"floor":6.0,"key":"Calipers"},{"floor":12.0,"key":"Question Card"},{"floor":14.0,"key":"Bird Faced Urn"}],"event_choices":[{"damage_healed":0.0,"max_hp_gain":0.0,"max_hp_loss":0.0,"gold_gain":75.0,"event_name":"World of Goop","player_choice":"Gather Gold","floor":4.0,"gold_loss":0.0,"damage_taken":11.0},{"damage_healed":0.0,"max_hp_gain":0.0,"max_hp_loss":0.0,"gold_gain":0.0,"event_name":"Golden Idol","player_choice":"Take Wound","floor":7.0,"gold_loss":0.0,"damage_taken":0.0,"relics_obtained":["Golden Idol"],"cards_obtained":["Injury"]},{"cards_removed":["Strike_R"],"damage_healed":0.0,"max_hp_gain":0.0,"max_hp_loss":0.0,"gold_gain":0.0,"event_name":"Beggar","player_choice":"Gave Gold","floor":20.0,"gold_loss":75.0,"damage_taken":0.0},{"damage_healed":0.0,"max_hp_gain":0.0,"max_hp_loss":23.0,"gold_gain":0.0,"event_name":"Vampires","player_choice":"Became a vampire","floor":22.0,"gold_loss":0.0,"damage_taken":0.0,"cards_obtained":["Bite","Bite","Bite","Bite","Bite"]}],"is_beta":false,"boss_relics":[{"not_picked":["Tiny House","Runic Pyramid"],"picked":"Astrolabe"}],"items_purged_floors":[],"is_endless":false,"potions_floor_spawned":[2,16,18,21],"killed_by":"Gremlin Leader","ascension_level":19}}