{"host":"tvwbxqry54t86y0v","time":1609579579,"event":{"mods":["2.2 Compatiblity","A Magickal Journey","Astrologer","BaseMod","Beaked The Cultist","BetterRewards","Block Reminder","Clockwork Mod","Colored Powertips","DeckTracker","Downfall","GungeonMod","Hermit","Hubris","Infinite Spire","Ironclad Rager","Marked Mod","Mimic Mod","Minty Spire (QoL Compilation)","Potionbrewer","Replay The Spire","Shade Mod","Somnambulant","StSLib","The Bug Knight","The Cursed","The Druid","The Elementalist","The Exalted","The Forsaken","The Hierophant","The Jungle","The Marked","The Mystic","The Problem Sleuth","The Runesmith","The Senshi","The Spell Scribe","The Valiant","The Wild Card","TheFirefly","TheHeartMod","Unceasing Turn Reminder","thorton"],"gold_per_floor":[109,109,122,122,122,122,136,151,187,187,206,240,240,271,271,372,372,385,385,399,399,414,414,414],"floor_reached":23,"playtime":952,"items_purged":[],"score":221,"play_id":"de29fc15-d1e9-4057-b18f-7d4ad345b843","local_time":"20210102202619","is_ascension_mode":true,"campfire_choices":[{"data":"theMarked:RogueSparks","floor":6,"key":"SMITH"},{"data":"theMarked:SoldierOfQuellstein","floor":10,"key":"SMITH"},{"floor":15,"key":"REST"}],"circlet_count":0,"master_deck":["theMarked:Strike","theMarked:Strike","theMarked:Strike","theMarked:Strike","theMarked:Strike+1","theMarked:Defend","theMarked:Defend","theMarked:Defend","theMarked:Defend","theMarked:SoldierOfQuellstein+1","theMarked:PowerFlow","theMarked:RogueSparks+1","theMarked:SoldierForm","theMarked:ComboAttacks"],"relics":["theMarked:ArtifactOfAir","hubris:TenFootPole","MealTicket","Prayer Beads","thethorton:CrushedCigarette"],"acts_visited":["Exordium","TheCity"],"potions_floor_usage":[1,3,3,12,16,23,23,23],"damage_taken":[{"damage":0,"enemies":"Jaw Worm","floor":1,"turns":3},{"damage":9,"enemies":"Small Slimes","floor":3,"turns":3},{"damage":11,"enemies":"2 Louse","floor":7,"turns":3},{"damage":1,"enemies":"Exordium Thugs","floor":8,"turns":4},{"damage":4,"enemies":"2 Fungi Beasts","floor":9,"turns":5},{"damage":0,"enemies":"2 Fungi Beasts","floor":11,"turns":3},{"damage":15,"enemies":"Lagavulin","floor":12,"turns":5},{"damage":9,"enemies":"HollowMod:MossKnight","floor":14,"turns":7},{"damage":28,"enemies":"Hexaghost","floor":16,"turns":8},{"damage":7,"enemies":"Shell Parasite","floor":18,"turns":4},{"damage":12,"enemies":"Chosen and Byrds","floor":20,"turns":4},{"damage":20,"enemies":"Centurion and Healer","floor":22,"turns":5},{"damage":33,"enemies":"Book of Stabbing","floor":23,"turns":5}],"seed_played":"5955396437946753171","potions_obtained":[{"floor":0,"key":"potionbrewer:AcidPotion"},{"floor":0,"key":"Milkshake"},{"floor":0,"key":"EntropicBrew"},{"floor":12,"key":"Block Potion"},{"floor":18,"key":"sneckomod:MuddlingPotion"},{"floor":19,"key":"potionbrewer:StunPotion"}],"is_trial":false,"path_per_floor":["M","?","M","?","$","R","M","M","MIM","R","M","E","?","E","R","B",null,"M","?","M","?","M","E"],"character_chosen":"THE_DEFAULT","items_purchased":[],"campfire_rested":1,"item_purchase_floors":[],"current_hp_per_floor":[70,70,61,61,61,61,50,49,45,45,45,30,30,21,42,14,70,63,63,51,51,31,0,0],"gold":414,"neow_bonus":"THREE_SMALL_POTIONS","is_daily":false,"chose_seed":false,"campfire_upgraded":2,"win_rate":0.0,"timestamp":1609579579,"path_taken":["M","?","M","?","$","R","M","M","MIM","R","?","E","?","E","R","BOSS","M","?","?","?","M","E"],"items_purchased_type":[],"build_version":"2020-12-22","purchased_purges":0,"victory":false,"max_hp_per_floor":[70,70,70,70,70,70,70,70,70,70,70,70,70,70,70,70,70,70,70,70,70,70,70,70],"card_choices":[{"not_picked":["theMarked:LightningStrikesTwice","theMarked:Indomitable"],"picked":"theMarked:PowerFlow","floor":1},{"not_picked":["theMarked:WardOff","theMarked:WastefulAttack"],"picked":"theMarked:PowerFlow","floor":3},{"not_picked":["theMarked:ElectricStrings","theMarked:ParalyzingBlade","theMarked:HeightenedSenses"],"picked":"SKIP","floor":7},{"not_picked":["theMarked:MaelstromOfLightning","theMarked:Reabsorb","theMarked:RepellingDischarge"],"picked":"SKIP","floor":8},{"not_picked":["theMarked:HeightenedSenses","theMarked:WastefulDefense","theMarked:BanishingWave"],"picked":"SKIP","floor":11},{"not_picked":["theMarked:KeepCalmAndFightOn","theMarked:ElectricStrings","theMarked:Challenge"],"picked":"SKIP","floor":12},{"not_picked":["theMarked:ChainLightning","theMarked:Indomitable","theMarked:Static"],"picked":"SKIP","floor":14},{"not_picked":["theMarked:EternalStudent","theMarked:Levitate"],"picked":"theMarked:SoldierForm","floor":16},{"not_picked":["theMarked:ResourceFulStrike","theMarked:StartUp"],"picked":"theMarked:ComboAttacks","floor":18},{"not_picked":["theMarked:ElectricStrings","theMarked:BanishingStrike","theMarked:Overthink"],"picked":"SKIP","floor":20},{"not_picked":["theMarked:Static","theMarked:SwordAndMagic","theMarked:Aftermath"],"picked":"SKIP","floor":22}],"player_experience":1085516,"relics_obtained":[{"floor":9,"key":"hubris:TenFootPole"},{"floor":12,"key":"MealTicket"},{"floor":14,"key":"Prayer Beads"}],"event_choices":[{"damage_healed":0,"gold_gain":0,"cards_transformed":["theMarked:PowerFlow"],"player_choice":"Transformed","damage_taken":0,"max_hp_gain":0,"max_hp_loss":0,"event_name":"Transmorgrifier","floor":13,"gold_loss":0,"cards_obtained":["theMarked:ChannelForce"]},{"damage_healed":0,"gold_gain":0,"player_choice":"Got Potions","damage_taken":0,"max_hp_gain":0,"max_hp_loss":0,"event_name":"Lab","floor":19,"gold_loss":0},{"cards_removed":["theMarked:ChannelForce"],"damage_healed":0,"gold_gain":0,"player_choice":"Purged","damage_taken":0,"max_hp_gain":0,"max_hp_loss":0,"event_name":"Purifier","floor":21,"gold_loss":0}],"is_beta":false,"boss_relics":[{"not_picked":["theForsaken:PaleLantern","Replay:Wanted Poster"],"picked":"thethorton:CrushedCigarette"}],"items_purged_floors":[],"is_endless":false,"potions_floor_spawned":[3,8,11,12,18,22],"killed_by":"Book of Stabbing","ascension_level":2}}