{"host":"31s8hzukbhz1k6i6","time":1609618185,"event":{"mods":["AchievementEnabler","BaseMod","Bestiary","Colored Map","Filter the Spire","Minty Spire (QoL Compilation)","Relic Stats","UnlockEverythingMod","ojb\u0027s Info Mod"],"gold_per_floor":[109,34,54,68,81,81,115,115,141,141,141,167,117,148,148,148,148],"floor_reached":16,"playtime":603,"items_purged":["Strike_R"],"score":177,"play_id":"2b8979da-8e63-4ad0-8444-91697ce0758e","local_time":"20210102120945","is_ascension_mode":true,"campfire_choices":[{"data":"Combust","floor":6.0,"key":"SMITH"},{"data":"Uppercut","floor":8,"key":"SMITH"},{"data":"Flame Barrier","floor":11,"key":"SMITH"},{"floor":15,"key":"REST"}],"circlet_count":0,"master_deck":["AscendersBane","Strike_R","Strike_R","Defend_R","Defend_R","Bash","Thunderclap+1","Twin Strike+1","Iron Wave+1","Flame Barrier+1","Combust+1","Uppercut+1","Shrug It Off","Bludgeon"],"relics":["Astrolabe","Bag of Preparation","Lantern","Smiling Mask","Letter Opener","StoneCalendar"],"acts_visited":["Exordium"],"potions_floor_usage":[7,12],"damage_taken":[{"damage":0.0,"enemies":"Cultist","floor":1.0,"turns":2.0},{"damage":0.0,"enemies":"Small Slimes","floor":3.0,"turns":2.0},{"damage":0.0,"enemies":"2 Louse","floor":4.0,"turns":2.0},{"damage":9.0,"enemies":"Large Slime","floor":5.0,"turns":5.0},{"damage":16,"enemies":"Lagavulin","floor":7,"turns":6},{"damage":18,"enemies":"3 Sentries","floor":12,"turns":5},{"damage":16,"enemies":"Lagavulin","floor":14,"turns":6},{"damage":26,"enemies":"Slime Boss","floor":16,"turns":6}],"seed_played":"-3036931241442967368","potions_obtained":[{"floor":1.0,"key":"Swift Potion"},{"floor":5.0,"key":"DistilledChaos"}],"is_trial":false,"path_per_floor":["M","$","M","M","M","R","E","R","T","?","R","E","?","E","R","B"],"character_chosen":"IRONCLAD","items_purchased":[],"campfire_rested":1,"item_purchase_floors":[],"current_hp_per_floor":[72,72,72,72,63,63,47,47,47,35,35,17,17,1,25,0,0],"gold":148,"neow_bonus":"BOSS_RELIC","is_daily":false,"chose_seed":false,"campfire_upgraded":3,"win_rate":0.0,"timestamp":1609618185,"path_taken":["M","?","?","M","M","R","E","R","T","?","R","E","?","E","R","BOSS"],"items_purchased_type":[],"build_version":"2020-12-22","purchased_purges":1,"victory":false,"max_hp_per_floor":[80,80,80,80,80,80,80,80,80,80,80,80,80,80,80,80,80],"relic_stats":{"counters":[8,34],"Astrolabe":["Thunderclap","Twin Strike","Iron Wave"],"StoneCalendar":[0],"Bag of Preparation":[6],"Letter Opener":[0],"Smiling Mask":0,"obtain_stats":[{"Lantern":9,"Astrolabe":0,"StoneCalendar":14,"Bag of Preparation":7,"Letter Opener":12,"Smiling Mask":10,"Burning Blood":0},{"Lantern":5,"Astrolabe":0,"StoneCalendar":7,"Bag of Preparation":5,"Letter Opener":6,"Smiling Mask":5,"Burning Blood":0},{"Lantern":17,"Astrolabe":0,"StoneCalendar":28,"Bag of Preparation":17,"Letter Opener":22,"Smiling Mask":17,"Burning Blood":0}]},"card_choices":[{"not_picked":["Iron Wave","Twin Strike"],"picked":"Flame Barrier","floor":1.0},{"not_picked":["Perfected Strike","Clash","Headbutt"],"picked":"SKIP","floor":3.0},{"not_picked":["Body Slam","True Grit"],"picked":"Combust","floor":4.0},{"not_picked":["Bloodletting","Clothesline"],"picked":"Uppercut","floor":5.0},{"not_picked":["Cleave","Headbutt"],"picked":"Shrug It Off","floor":7},{"not_picked":["Havoc","Seeing Red","True Grit"],"picked":"SKIP","floor":12},{"not_picked":["Disarm","Warcry"],"picked":"Bludgeon","floor":14}],"player_experience":132430,"relics_obtained":[{"floor":7,"key":"Bag of Preparation"},{"floor":9,"key":"Lantern"},{"floor":12,"key":"Letter Opener"},{"floor":14,"key":"StoneCalendar"}],"event_choices":[{"damage_healed":0,"gold_gain":0,"player_choice":"Success","damage_taken":12,"relics_obtained":["Smiling Mask"],"max_hp_gain":0,"max_hp_loss":0,"event_name":"Scrap Ooze","floor":10,"gold_loss":0},{"cards_removed":["Strike_R"],"damage_healed":0,"gold_gain":0,"player_choice":"Card Removal","damage_taken":0,"max_hp_gain":0,"max_hp_loss":0,"event_name":"The Cleric","floor":13,"gold_loss":50}],"is_beta":false,"boss_relics":[],"items_purged_floors":[2],"is_endless":false,"potions_floor_spawned":[1,5],"killed_by":"Slime Boss","ascension_level":10}}