{"host":"p7j7o00jacnw7qzt","time":1609554359,"event":{"mods":["BaseMod","Colored Map","Colored Powertips","DeckTracker","Highlight Path","Minty Spire (QoL Compilation)","Relic Stats"],"gold_per_floor":[113,132,132,152,173,208,208,208,208,208,208,228,243,283,283,283,283],"floor_reached":16,"playtime":776,"items_purged":[],"score":224,"play_id":"f2446426-817a-465f-a36a-800538e46118","local_time":"20210101212559","is_ascension_mode":true,"campfire_choices":[{"data":"Prepared","floor":7,"key":"SMITH"},{"data":"Reflex","floor":11,"key":"SMITH"},{"data":"Neutralize","floor":15,"key":"SMITH"}],"circlet_count":0,"master_deck":["AscendersBane","Strike_G","Defend_G","Defend_G","Defend_G","Defend_G","Defend_G","Survivor","Neutralize+1","Glass Knife+1","Doppelganger+1","Glass Knife+1","Prepared+1","Reflex+1","Adrenaline"],"relics":["Astrolabe","Golden Idol","InkBottle","Eternal Feather","Potion Belt"],"acts_visited":["Exordium"],"potions_floor_usage":[16,16],"damage_taken":[{"damage":2,"enemies":"Jaw Worm","floor":1,"turns":2},{"damage":0,"enemies":"2 Louse","floor":2,"turns":2},{"damage":0,"enemies":"Cultist","floor":4,"turns":2},{"damage":0,"enemies":"Blue Slaver","floor":5,"turns":2},{"damage":24,"enemies":"Lagavulin","floor":6,"turns":7},{"damage":0,"enemies":"Large Slime","floor":12,"turns":3},{"damage":2,"enemies":"3 Louse","floor":13,"turns":2},{"damage":14,"enemies":"3 Sentries","floor":14,"turns":11},{"damage":40,"enemies":"The Guardian","floor":16,"turns":20}],"seed_played":"3379460829069945755","potions_obtained":[{"floor":2,"key":"BlessingOfTheForge"},{"floor":6,"key":"SpeedPotion"},{"floor":14,"key":"Fire Potion"}],"is_trial":false,"path_per_floor":["M","M","?","M","M","E","R","?","T","T","R","M","M","E","R","B"],"character_chosen":"THE_SILENT","items_purchased":[],"campfire_rested":0,"item_purchase_floors":[],"current_hp_per_floor":[57,57,57,57,57,33,33,26,26,26,35,35,33,19,28,0,0],"gold":283,"neow_bonus":"BOSS_RELIC","is_daily":false,"chose_seed":false,"campfire_upgraded":3,"win_rate":0.0,"timestamp":1609554359,"path_taken":["M","M","?","M","M","E","R","?","T","?","R","?","M","E","R","BOSS"],"items_purchased_type":[],"build_version":"2020-12-22","purchased_purges":0,"victory":false,"max_hp_per_floor":[66,66,60,60,60,60,60,60,60,60,60,60,60,60,60,60,60],"relic_stats":{"counters":[9,51],"Golden Idol":30,"Astrolabe":["Glass Knife","Doppelganger","Glass Knife"],"Eternal Feather":18,"obtain_stats":[{"Potion Belt":14,"Golden Idol":3,"Astrolabe":0,"Eternal Feather":10,"InkBottle":6,"Ring of the Snake":0},{"Potion Belt":8,"Golden Idol":2,"Astrolabe":0,"Eternal Feather":5,"InkBottle":5,"Ring of the Snake":0},{"Potion Belt":31,"Golden Idol":4,"Astrolabe":0,"Eternal Feather":15,"InkBottle":15,"Ring of the Snake":0}],"InkBottle":[12]},"card_choices":[{"not_picked":["Dagger Throw","Flying Knee"],"picked":"Prepared","floor":1},{"not_picked":["Outmaneuver","Dagger Throw","Blur"],"picked":"SKIP","floor":2},{"not_picked":["Riddle With Holes","Masterful Stab","Distraction"],"picked":"SKIP","floor":4},{"not_picked":["Caltrops","Accuracy"],"picked":"Reflex","floor":5},{"not_picked":["Bane","Masterful Stab"],"picked":"Adrenaline","floor":6},{"not_picked":["Dagger Throw","Finisher","Setup"],"picked":"SKIP","floor":12},{"not_picked":["Reflex","Masterful Stab","Bane"],"picked":"SKIP","floor":13},{"not_picked":["Outmaneuver","Doppelganger","Distraction"],"picked":"SKIP","floor":14}],"player_experience":913459,"relics_obtained":[{"floor":6,"key":"InkBottle"},{"floor":10,"key":"Eternal Feather"},{"floor":14,"key":"Potion Belt"}],"event_choices":[{"damage_healed":0,"gold_gain":0,"player_choice":"Lose Max HP","damage_taken":0,"relics_obtained":["Golden Idol"],"max_hp_gain":0,"max_hp_loss":6,"event_name":"Golden Idol","floor":3,"gold_loss":0},{"cards_removed":["Strike_G"],"damage_healed":0,"gold_gain":0,"player_choice":"Card Removal","damage_taken":7,"max_hp_gain":0,"max_hp_loss":0,"event_name":"Golden Wing","floor":8,"gold_loss":0}],"is_beta":false,"boss_relics":[],"items_purged_floors":[],"is_endless":false,"potions_floor_spawned":[2,6,14],"killed_by":"The Guardian","ascension_level":20}}