{"host":"pvafbce70weqvzks","time":1609553845,"event":{"mods":["BaseMod","Gremlin Mod","Hermit","Minty Spire (QoL Compilation)","StSLib","themimic"],"gold_per_floor":[119,132,132,145,162,162,176,188,188,188,208,208,221,238,238,339,339,355,365,85,99,112,112,124,124,124,124,124,124,124,124,124,226,226,244,17,17,17,17],"floor_reached":38,"playtime":1237,"items_purged":[],"score":395,"play_id":"da58f3b6-fcce-4c05-8577-9380341e26b8","local_time":"20210101231725","is_ascension_mode":false,"campfire_choices":[{"data":"Slice","floor":6,"key":"SMITH"},{"data":"Riddle With Holes","floor":12,"key":"SMITH"},{"data":"Slice","floor":15,"key":"SMITH"},{"floor":23,"key":"REST"},{"floor":25,"key":"REST"},{"floor":27,"key":"REST"},{"data":"Adrenaline","floor":29,"key":"SMITH"},{"floor":32,"key":"REST"}],"circlet_count":0,"master_deck":["Defend_G+1","Defend_G+1","Defend_G+1","Defend_G+1","Defend_G+1","Survivor","Neutralize","Deflect","Dash","Slice+1","Poisoned Stab","Finisher","A Thousand Cuts+1","Riddle With Holes+1","Poisoned Stab","Slice+1","Adrenaline+1","Skewer","All Out Attack","Dagger Spray","Poisoned Stab","Unload","Blade Dance","Bite","Bite","Bite","Bite","Bite","After Image","CurseOfTheBell","Choke+1","Dagger Spray","Sucker Punch"],"relics":["Ring of the Snake","Ancient Tea Set","Bottled Flame","Runic Pyramid","Mummified Hand","Bag of Marbles","PreservedInsect","Calling Bell","Smiling Mask","Sundial","Calipers","Lantern"],"acts_visited":["Exordium","TheCity","TheBeyond"],"potions_floor_usage":[16,16,16,22,22,33],"damage_taken":[{"damage":0,"enemies":"Small Slimes","floor":1,"turns":5},{"damage":4,"enemies":"Cultist","floor":2,"turns":5},{"damage":1,"enemies":"Jaw Worm","floor":4,"turns":4},{"damage":2,"enemies":"Blue Slaver","floor":5,"turns":4},{"damage":13,"enemies":"Lots of Slimes","floor":7,"turns":5},{"damage":0,"enemies":"3 Louse","floor":8,"turns":3},{"damage":2,"enemies":"Looter","floor":11,"turns":3},{"damage":8,"enemies":"Exordium Wildlife","floor":13,"turns":3},{"damage":0,"enemies":"3 Louse","floor":14,"turns":2},{"damage":44,"enemies":"The Guardian","floor":16,"turns":10},{"damage":29,"enemies":"2 Thieves","floor":18,"turns":4},{"damage":23,"enemies":"3 Byrds","floor":19,"turns":4},{"damage":20,"enemies":"Centurion and Healer","floor":21,"turns":4},{"damage":0,"enemies":"Snecko","floor":22,"turns":4},{"damage":20,"enemies":"Snake Plant","floor":24,"turns":4},{"damage":66,"enemies":"Collector","floor":33,"turns":11},{"damage":0,"enemies":"3 Darklings","floor":35,"turns":4},{"damage":74,"enemies":"3 Shapes","floor":38,"turns":4}],"seed_played":"-4979818196466458130","potions_obtained":[{"floor":1,"key":"Block Potion"},{"floor":5,"key":"Weak Potion"},{"floor":7,"key":"SpeedPotion"},{"floor":13,"key":"FearPotion"},{"floor":19,"key":"FearPotion"},{"floor":21,"key":"BlessingOfTheForge"},{"floor":24,"key":"CultistPotion"}],"is_trial":false,"path_per_floor":["M","M","?","M","M","R","M","M","T","?","M","R","M","M","R","B",null,"M","M","$","M","M","R","M","R","T","R","?","R","?","T","R","B",null,"M","$","?","M"],"character_chosen":"THE_SILENT","items_purchased":["Dagger Spray","Mummified Hand","Lantern","Dagger Spray","All Out Attack"],"campfire_rested":4,"item_purchase_floors":[20,20,36,36,36],"current_hp_per_floor":[70,66,66,67,67,67,56,58,58,58,58,58,52,54,54,12,70,41,20,20,2,4,25,7,28,28,49,49,49,49,49,70,18,70,70,70,70,0,0],"gold":17,"neow_bonus":"RANDOM_COMMON_RELIC","is_daily":false,"chose_seed":false,"campfire_upgraded":4,"win_rate":0.0,"timestamp":1609553845,"path_taken":["M","M","?","M","M","R","?","M","T","?","M","R","?","M","R","BOSS","M","M","$","M","M","R","M","R","T","R","?","R","?","?","R","BOSS","M","$","?","M"],"items_purchased_type":["Card","Relic","Relic","Card","Card"],"build_version":"2020-12-22","purchased_purges":0,"victory":false,"max_hp_per_floor":[70,70,70,70,70,70,70,70,70,70,70,70,70,70,70,70,70,70,70,70,70,70,70,70,70,70,70,70,70,70,70,70,70,70,70,70,70,70,70],"card_choices":[{"not_picked":["Escape Plan","Deadly Poison"],"picked":"Deflect","floor":1},{"not_picked":["Escape Plan","Backflip"],"picked":"Dash","floor":2},{"not_picked":["PiercingWail","Flying Knee"],"picked":"Slice","floor":4},{"not_picked":["Eviscerate","Masterful Stab"],"picked":"Poisoned Stab","floor":5},{"not_picked":["Poisoned Stab","Choke"],"picked":"Finisher","floor":7},{"not_picked":["Catalyst","Dagger Spray"],"picked":"A Thousand Cuts","floor":8},{"not_picked":["Flechettes","Sucker Punch"],"picked":"Riddle With Holes","floor":11},{"not_picked":["Choke","Footwork"],"picked":"Poisoned Stab","floor":13},{"not_picked":["Acrobatics","Flechettes"],"picked":"Slice","floor":14},{"not_picked":["A Thousand Cuts","Tools of the Trade"],"picked":"Adrenaline","floor":16},{"not_picked":["Prepared+1","Sucker Punch"],"picked":"Skewer","floor":18},{"not_picked":["Dodge and Roll","Bane"],"picked":"All Out Attack","floor":19},{"not_picked":["Sucker Punch","Leg Sweep+1"],"picked":"Poisoned Stab","floor":21},{"not_picked":["Leg Sweep","Sucker Punch"],"picked":"Unload","floor":22},{"not_picked":["Backflip+1","Noxious Fumes"],"picked":"Blade Dance","floor":24},{"not_picked":["Wraith Form v2","Envenom"],"picked":"After Image","floor":33},{"not_picked":["Prepared+1","Quick Slash"],"picked":"Choke+1","floor":35}],"player_experience":22544,"relics_obtained":[{"floor":9,"key":"Bottled Flame"},{"floor":26,"key":"Bag of Marbles"},{"floor":31,"key":"PreservedInsect"},{"floor":34,"key":"Smiling Mask"},{"floor":34,"key":"Sundial"},{"floor":34,"key":"Calipers"}],"event_choices":[{"damage_healed":0,"gold_gain":0,"player_choice":"Gave Potion","damage_taken":0,"relics_obtained":["Ancient Tea Set"],"max_hp_gain":0,"max_hp_loss":0,"event_name":"WeMeetAgain","floor":3,"gold_loss":0},{"damage_healed":0,"gold_gain":0,"player_choice":"Upgraded","damage_taken":0,"max_hp_gain":0,"max_hp_loss":0,"event_name":"Upgrade Shrine","floor":10,"gold_loss":0,"cards_upgraded":["A Thousand Cuts"]},{"damage_healed":0,"gold_gain":0,"player_choice":"Simplicity","damage_taken":0,"max_hp_gain":0,"max_hp_loss":0,"event_name":"Back to Basics","floor":28,"gold_loss":0,"cards_upgraded":["Strike_G","Strike_G","Strike_G","Strike_G","Strike_G","Defend_G","Defend_G","Defend_G","Defend_G","Defend_G"]},{"damage_healed":0,"gold_gain":0,"player_choice":"Became a vampire (Vial)","damage_taken":0,"max_hp_gain":0,"max_hp_loss":0,"event_name":"Vampires","floor":30,"relics_lost":["Blood Vial"],"gold_loss":0,"cards_obtained":["Bite","Bite","Bite","Bite","Bite"]},{"damage_healed":0,"gold_gain":0,"cards_transformed":["All Out Attack"],"player_choice":"Transformed","damage_taken":0,"max_hp_gain":0,"max_hp_loss":0,"event_name":"Transmorgrifier","floor":37,"gold_loss":0,"cards_obtained":["Sucker Punch"]}],"is_beta":false,"boss_relics":[{"not_picked":["Fusion Hammer","SlaversCollar"],"picked":"Runic Pyramid"},{"not_picked":["Coffee Dripper","Empty Cage"],"picked":"Calling Bell"}],"items_purged_floors":[],"is_endless":false,"potions_floor_spawned":[1,5,7,13,14,19,21,24],"killed_by":"3 Shapes","ascension_level":0}}