{"host":"8xt6qtpg1rkermdd","time":1609585601,"event":{"mods":["AchievementEnabler","Bard","BaseMod","Colored Powertips","Conspire","Downfall","Hermit","Highlight Path","Hubris","Infinite Spire","Jorbs\u0027s Wanderer Trilogy","Minty Spire (QoL Compilation)","Replay The Spire","Shade Mod","StSLib","The Alterego","The Blackbeard","The Bladedancer","The Bug Knight","The Construct","The Cursed","The Disciple","The Gatherer","The Hierophant","The Marked","The Mystic","The Runesmith","The Servant 0.9.4","The Spell Scribe","TheArtist","TheFirefly","TheVacant"],"gold_per_floor":[112,112,112,62,79,114,114,114,114,114,114,125,125,193,193,298,298,312,312,411,421,434,503,141,260,260,329,340,340,340,352,352,453,453,472,472,472,492,91,126,126,126,153,117,161,307,320,73,73,73],"floor_reached":51,"playtime":3039,"items_purged":["hexamod:Haunted"],"score":804,"play_id":"6bea21a2-356d-463d-9f2f-f12bc1440ecf","local_time":"20210102050641","is_ascension_mode":false,"campfire_choices":[{"data":"stsjorbsmod:TinyHut","floor":7.0,"key":"SMITH"},{"data":"stsjorbsmod:DoubleCheck","floor":13.0,"key":"SMITH"},{"data":"stsjorbsmod:Mending","floor":15,"key":"SMITH"},{"data":"stsjorbsmod:FaerieFire","floor":30,"key":"SMITH"},{"floor":32,"key":"REST"},{"floor":49,"key":"REST"}],"circlet_count":0,"master_deck":["stsjorbsmod:ForbiddenGrimoire+1","stsjorbsmod:Strike_Wanderer","stsjorbsmod:Strike_Wanderer","stsjorbsmod:Strike_Wanderer","stsjorbsmod:Strike_Wanderer","stsjorbsmod:Defend_Wanderer","stsjorbsmod:Defend_Wanderer","stsjorbsmod:Defend_Wanderer","stsjorbsmod:Defend_Wanderer","stsjorbsmod:FreshAdventure+1","stsjorbsmod:EyeOfTheStorm","stsjorbsmod:DoubleCheck+1","stsjorbsmod:Mending+1","stsjorbsmod:SmithingStrike","stsjorbsmod:DisguiseSelf","stsjorbsmod:FracturedMind","stsjorbsmod:TinyHut+1","stsjorbsmod:Prepare","stsjorbsmod:Firebolt","stsjorbsmod:ArcaneForm+1","stsjorbsmod:WeightOfMemory+1","stsjorbsmod:RayOfFrost+1","stsjorbsmod:RayOfFrost","stsjorbsmod:FlameWard+1","stsjorbsmod:ChainLightning","stsjorbsmod:Firebolt","stsjorbsmod:Prestidigitation","stsjorbsmod:TollTheDead+1","stsjorbsmod:WanderingMind+1","stsjorbsmod:FaerieFire+1","stsjorbsmod:Channel+1","stsjorbsmod:HoldMonster","stsjorbsmod:WeightOfMemory","Replay:SS_hec_2+1","stsjorbsmod:SchoolsOfMagic+1","stsjorbsmod:BookOfTongues","stsjorbsmod:WanderingMind","stsjorbsmod:Pyromancy","stsjorbsmod:BurningFlask+1","stsjorbsmod:Fireball","stsjorbsmod:UnseenServant","stsjorbsmod:BurningFlask","stsjorbsmod:ColorSpray","stsjorbsmod:Message","expansioncontent:PrepareCrush"],"relics":["stsjorbsmod:GrimoireRelic","NeowsBlessing","Replay:Baseball","hubris:EvacipatedBox","ReplayTheSpireMod:CursedCoin","Anchor","hubris:MobiusCoin","Mango","infinitespire:Broken Mirror","Philosopher\u0027s Stone","Strawberry","conspire:Flyswatter","hubris:TenFootPole","conspire:RoyalGoblet","Replay:Multitool","hubris:DeckOfHolding","hubris:Towel","Replay:Rubber Ducky","BargainBundle"],"acts_visited":["Exordium","TheCity","TheBeyond"],"potions_floor_usage":[16,16,50,50],"damage_taken":[{"damage":0.0,"enemies":"Cultist","floor":1.0,"turns":1.0},{"damage":0.0,"enemies":"2 Louse","floor":5.0,"turns":1.0},{"damage":0.0,"enemies":"3 Sentries","floor":6.0,"turns":2.0},{"damage":0.0,"enemies":"Small Slimes","floor":12.0,"turns":4.0},{"damage":4.0,"enemies":"2 Fungi Beasts","floor":14.0,"turns":4.0},{"damage":55,"enemies":"Hexaghost","floor":16,"turns":12},{"damage":2,"enemies":"2 Thieves","floor":18,"turns":4},{"damage":11,"enemies":"3 Byrds","floor":21,"turns":5},{"damage":26,"enemies":"conspire:HollyBat","floor":22,"turns":7},{"damage":14,"enemies":"Centurion and Healer","floor":23,"turns":5},{"damage":11,"enemies":"3 Cultists","floor":25,"turns":5},{"damage":0,"enemies":"Snecko","floor":27,"turns":5},{"damage":11,"enemies":"Centurion and Healer","floor":28,"turns":7},{"damage":7,"enemies":"conspire:HollyBat","floor":31,"turns":7},{"damage":66,"enemies":"Collector","floor":33,"turns":8},{"damage":4,"enemies":"Orb Walker","floor":35,"turns":3},{"damage":7,"enemies":"3 Shapes","floor":38,"turns":3},{"damage":18,"enemies":"R_Hoarder","floor":40,"turns":8},{"damage":33,"enemies":"Jaw Worm Horde","floor":45,"turns":4},{"damage":14,"enemies":"4 Shapes","floor":46,"turns":5},{"damage":18,"enemies":"Maw","floor":47,"turns":8},{"damage":38,"enemies":"hubris:GrandSnecko","floor":50,"turns":12}],"seed_played":"6157859336910779854","potions_obtained":[{"floor":1.0,"key":"Reflective Coating"},{"floor":14.0,"key":"champ:CounterPotion"},{"floor":21,"key":"BlessingOfTheForge"},{"floor":22,"key":"Block Potion"},{"floor":31,"key":"Elixir"},{"floor":33,"key":"BlessingOfTheForge"}],"is_trial":false,"path_per_floor":["M","$","?","$","M","E","R","?","T","?","?","M","R","M","R","B",null,"M","?","?","M","M","M","$","M","T","M","M","T","R","M","R","B",null,"M","?","?","M","$","E","?","R","T","$","M","M","M","$","R","B",null],"character_chosen":"WANDERER","items_purchased":["Replay:Baseball","hubris:EvacipatedBox","ReplayTheSpireMod:CursedCoin","stsjorbsmod:Mending","stsjorbsmod:SmithingStrike","stsjorbsmod:DisguiseSelf","Strawberry","stsjorbsmod:ChainLightning","stsjorbsmod:Firebolt","stsjorbsmod:Prestidigitation","Replay:Multitool","stsjorbsmod:BookOfTongues","stsjorbsmod:WanderingMind","stsjorbsmod:BurningFlask+1","stsjorbsmod:ColorSpray","BargainBundle","stsjorbsmod:Message","expansioncontent:PrepareCrush"],"campfire_rested":2,"item_purchase_floors":[2,2,4,4,4,4,24,24,24,24,39,39,39,44,48,48,48,48],"current_hp_per_floor":[70,41,64,64,64,64,64,64,78,66,66,69,69,67,67,12,84,84,84,84,77,58,48,55,46,46,50,47,47,47,55,83,27,95,93,93,93,90,90,77,77,95,95,95,68,59,41,41,69,43],"gold":73,"neow_bonus":"THREE_ENEMY_KILL","is_daily":false,"chose_seed":false,"campfire_upgraded":4,"win_rate":0.0,"timestamp":1609585601,"path_taken":["M","?","?","$","M","E","R","?","T","?","?","?","R","M","R","BOSS","M","?","?","M","M","M","?","?","T","M","M","?","R","M","R","BOSS","M","?","?","?","?","E","?","R","T","$","M","M","M","$","R","BOSS"],"items_purchased_type":["Relic","Relic","Relic","Card","Card","Card","Relic","Card","Card","Card","Relic","Card","Card","Card","Card","Relic","Card","Card"],"build_version":"2020-12-22","purchased_purges":1,"victory":true,"max_hp_per_floor":[70,70,70,70,70,70,70,70,84,84,84,84,84,84,84,84,84,84,84,84,84,84,84,91,91,91,91,93,93,93,95,95,95,95,95,95,95,95,95,95,95,95,95,95,95,95,95,95,95,95],"card_choices":[{"not_picked":["stsjorbsmod:RayOfFrost","stsjorbsmod:DisguiseSelf"],"picked":"stsjorbsmod:DoubleCheck","floor":1.0},{"not_picked":["stsjorbsmod:ArcaneWeapon","stsjorbsmod:Hibernate"],"picked":"stsjorbsmod:FracturedMind","floor":5.0},{"not_picked":["stsjorbsmod:AnimateObjects","stsjorbsmod:BurningFlask"],"picked":"stsjorbsmod:TinyHut","floor":6.0},{"not_picked":["stsjorbsmod:Will","stsjorbsmod:Mania"],"picked":"stsjorbsmod:Prepare","floor":12.0},{"not_picked":["stsjorbsmod:Will","stsjorbsmod:Prepare"],"picked":"stsjorbsmod:Firebolt","floor":14.0},{"not_picked":["stsjorbsmod:IvoryTower","stsjorbsmod:DeathThroes"],"picked":"stsjorbsmod:ArcaneForm","floor":16},{"not_picked":["stsjorbsmod:HedgeWizard","stsjorbsmod:Message"],"picked":"stsjorbsmod:WeightOfMemory+1","floor":18},{"not_picked":["stsjorbsmod:Will","stsjorbsmod:MistyStep+1"],"picked":"stsjorbsmod:RayOfFrost+1","floor":21},{"not_picked":["stsjorbsmod:Message+1","stsjorbsmod:DeathThroes"],"picked":"stsjorbsmod:RayOfFrost","floor":22},{"not_picked":["stsjorbsmod:Counterspell","stsjorbsmod:UnseenServant"],"picked":"stsjorbsmod:FlameWard+1","floor":23},{"not_picked":["stsjorbsmod:Will","stsjorbsmod:FracturedMind"],"picked":"stsjorbsmod:TollTheDead+1","floor":25},{"not_picked":["stsjorbsmod:RayOfFrost","stsjorbsmod:HoldMonster"],"picked":"stsjorbsmod:WanderingMind+1","floor":27},{"not_picked":["stsjorbsmod:ScorchingRay+1","stsjorbsmod:Prepare+1"],"picked":"stsjorbsmod:FaerieFire","floor":28},{"not_picked":["stsjorbsmod:FracturedMind","stsjorbsmod:TollTheDead"],"picked":"stsjorbsmod:Channel","floor":31},{"not_picked":["stsjorbsmod:Banish","stsjorbsmod:Fear"],"picked":"stsjorbsmod:HoldMonster","floor":33},{"not_picked":["stsjorbsmod:BlackTentacles","stsjorbsmod:Prepare+1"],"picked":"stsjorbsmod:WeightOfMemory","floor":35},{"not_picked":["expansioncontent:Sear","expansioncontent:PolyBeam"],"picked":"Replay:SS_hec_2","floor":36},{"not_picked":["stsjorbsmod:UnseenServant","stsjorbsmod:ArcaneWeapon+1"],"picked":"stsjorbsmod:SchoolsOfMagic+1","floor":38},{"not_picked":["stsjorbsmod:TollTheDead+1","stsjorbsmod:Mindworm"],"picked":"stsjorbsmod:Pyromancy","floor":40},{"not_picked":["stsjorbsmod:TrueStrike","stsjorbsmod:Materialize"],"picked":"stsjorbsmod:Fireball","floor":45},{"not_picked":["stsjorbsmod:MageArmor+1","stsjorbsmod:WanderingMind+1"],"picked":"stsjorbsmod:UnseenServant","floor":46},{"not_picked":["stsjorbsmod:Hibernate","stsjorbsmod:Channel"],"picked":"stsjorbsmod:BurningFlask","floor":47}],"player_experience":46643,"relics_obtained":[{"floor":6.0,"key":"Anchor"},{"floor":8.0,"key":"hubris:MobiusCoin"},{"floor":9.0,"key":"Mango"},{"floor":26,"key":"conspire:Flyswatter"},{"floor":29,"key":"hubris:TenFootPole"},{"floor":40,"key":"hubris:DeckOfHolding"},{"floor":43,"key":"Replay:Rubber Ducky"}],"event_choices":[{"damage_healed":23.0,"max_hp_gain":0.0,"max_hp_loss":0.0,"gold_gain":0.0,"event_name":"Big Fish","player_choice":"Banana","floor":3.0,"gold_loss":0.0,"damage_taken":0.0},{"damage_healed":0.0,"max_hp_gain":0.0,"max_hp_loss":0.0,"gold_gain":0.0,"event_name":"Scrap Ooze","player_choice":"Success","floor":10.0,"gold_loss":0.0,"damage_taken":12.0,"relics_obtained":["infinitespire:Broken Mirror"]},{"damage_healed":0.0,"max_hp_gain":0.0,"max_hp_loss":0.0,"gold_gain":0.0,"cards_transformed":["hubris:Disease"],"event_name":"Transmorgrifier","player_choice":"Transformed","floor":11.0,"gold_loss":0.0,"damage_taken":0.0,"cards_obtained":["hexamod:Haunted"]},{"damage_healed":0,"gold_gain":99,"player_choice":"Stole From Cult","damage_taken":0,"max_hp_gain":0,"max_hp_loss":0,"event_name":"Nest","floor":20,"gold_loss":0},{"damage_healed":0,"gold_gain":0,"player_choice":"Memory 1","damage_taken":0,"max_hp_gain":0,"max_hp_loss":0,"event_name":"SensoryStone","floor":36,"gold_loss":0},{"damage_healed":0,"gold_gain":0,"player_choice":"Forge","damage_taken":0,"max_hp_gain":0,"max_hp_loss":0,"event_name":"Accursed Blacksmith","floor":37,"gold_loss":0,"cards_upgraded":["Replay:SS_hec_2"]}],"is_beta":false,"boss_relics":[{"not_picked":["construct:WeddingRing","Fusion Hammer","hubris:Backtick"],"picked":"Philosopher\u0027s Stone"},{"not_picked":["Empty Cage","hubris:ScarierMask","Coffee Dripper"],"picked":"conspire:RoyalGoblet"}],"items_purged_floors":[24],"is_endless":false,"potions_floor_spawned":[1,14,21,22,31,33,40,46],"ascension_level":0}}