{"host":"nox","time":1609608899,"event":{"mods":["Act Like it!","Aspiration","BaseMod","Better Altar","Better Match","Better Note","Better Sensory Stone","Better Skull","Better Third Choice","BetterRewards","Colored Powertips","Conspire","Energized Spire","GifTheSpireLib","Hubris","Infinite Spire","Minty Spire (QoL Compilation)","Pale of the Ancients","Quick Restart","Rare Cards Sparkle","Replay The Spire","Shop Mod","Spikes Relics","StSLib","Stuff the Spire","SuperFastMode","The Alterego","vexMod"],"gold_per_floor":[115,115,129,144,158,190,38,55,55,84,110,21,296,68,68,86,86],"floor_reached":16,"playtime":341,"items_purged":["Regret"],"score":168,"play_id":"adb9e9e4-afa6-4c5c-a778-ecf35e6057cc","local_time":"20210103003459","is_ascension_mode":true,"campfire_choices":[{"floor":15,"key":"REST"}],"circlet_count":0,"master_deck":["AscendersBane","Strike_R","Strike_R","Strike_R","Strike_R","Strike_R","Defend_R","Defend_R","Defend_R","Bash+1","Twin Strike","Anger+1","Flex","Twin Strike","Perfected Strike","conspire:Banana","ReplayTheSpireMod:LeadingStrike+1","PlatinumSkin"],"relics":["Runic Dome","GolemAmulet","vexMod:PaidLearning","vexMod:BerryBomb","Replay:Bandana"],"acts_visited":["Exordium"],"potions_floor_usage":[6,6,6],"damage_taken":[{"damage":2.0,"enemies":"Jaw Worm","floor":1.0,"turns":3.0},{"damage":4.0,"enemies":"infinitespire:Voidling","floor":3.0,"turns":3.0},{"damage":1.0,"enemies":"Cultist","floor":4.0,"turns":3.0},{"damage":19.0,"enemies":"3 Louse","floor":5.0,"turns":3.0},{"damage":13,"enemies":"Lagavulin","floor":6,"turns":3},{"damage":9,"enemies":"Exordium Wildlife","floor":8,"turns":3},{"damage":15,"enemies":"Gremlin Nob","floor":10,"turns":3},{"damage":9,"enemies":"Red Slaver","floor":11,"turns":3},{"damage":33,"enemies":"Hexaghost","floor":16,"turns":5}],"seed_played":"-4309118131602987151","potions_obtained":[{"floor":1.0,"key":"BlessingOfTheForge"},{"floor":3.0,"key":"Adrenaline Potion"},{"floor":4.0,"key":"Cursed Concoction"}],"is_trial":false,"path_per_floor":["M","?","M","M","M","E","$","M","T","E","M","$","?","$","R","B"],"character_chosen":"IRONCLAD","items_purchased":["vexMod:PaidLearning","conspire:Banana","ReplayTheSpireMod:LeadingStrike+1","PlatinumSkin"],"campfire_rested":1,"item_purchase_floors":[7,12,14,14],"current_hp_per_floor":[70,70,66,65,46,33,33,24,30,15,6,6,6,6,31,0,0],"gold":86,"neow_bonus":"BOSS_RELIC","is_daily":false,"chose_seed":false,"campfire_upgraded":0,"win_rate":0.0,"timestamp":1609608899,"path_taken":["M","?","M","?","M","E","?","M","T","E","M","$","?","$","R","BOSS"],"items_purchased_type":["Relic","Card","Card","Card"],"build_version":"2020-11-17","purchased_purges":1,"victory":false,"max_hp_per_floor":[80,80,80,80,80,80,80,80,86,86,86,86,86,86,86,87,87],"card_choices":[{"not_picked":["Perfected Strike","Run Through"],"picked":"Twin Strike","floor":1.0},{"not_picked":["hubris:SharpeningStone","Shrug It Off","Blood for Blood"],"picked":"SKIP","floor":3.0},{"not_picked":["Clothesline","Iron Wave","Thunderclap"],"picked":"SKIP","floor":4.0},{"not_picked":["StuffTheSpire:RagingBull","ReplayTheSpireMod:Strike From Hell","Metallicize"],"picked":"SKIP","floor":5.0},{"not_picked":["Iron Wave","Blood for Blood"],"picked":"Anger","floor":6},{"not_picked":["conspire:ExplosiveBarrier","StuffTheSpire:Incineration"],"picked":"Flex","floor":8},{"not_picked":["ReplayTheSpireMod:LeadingStrike","hubris:ReadiedAction"],"picked":"Twin Strike","floor":10},{"not_picked":["conspire:ExplosiveBarrier","Exhume"],"picked":"Perfected Strike","floor":11}],"player_experience":298580,"relics_obtained":[{"floor":6,"key":"GolemAmulet"},{"floor":9,"key":"vexMod:BerryBomb"},{"floor":10,"key":"Replay:Bandana"}],"event_choices":[{"cards_removed":["Defend_R"],"damage_healed":0.0,"max_hp_gain":0.0,"max_hp_loss":0.0,"gold_gain":0.0,"event_name":"Bonfire Elementals","player_choice":"Offered Basic","floor":2.0,"gold_loss":0.0,"damage_taken":0.0},{"damage_healed":0,"gold_gain":275,"player_choice":"Desecrate","damage_taken":0,"max_hp_gain":0,"max_hp_loss":0,"event_name":"Golden Shrine","floor":13,"gold_loss":0,"cards_obtained":["Regret"]}],"is_beta":true,"boss_relics":[],"items_purged_floors":[14],"is_endless":false,"potions_floor_spawned":[1,3,4],"killed_by":"Hexaghost","ascension_level":10}}