{"host":"w2kjv12xyhtt0cv2","time":1609601395,"event":{"mods":["Act Like it!","BaseMod","Colored Map","Friendly Minions","Gensokyo","Highlight Path","Hubris","Kiyohime（清姬）","Marisa（F雨　魔理沙）","Minty Spire (QoL Compilation)","Quick Restart","Reimu（博丽灵梦）","Relic Stats","Replay The Spire","RumiaBox-露米娅的神秘盒子","Shop Mod","Spicy Shops","StSLib","The Cursed","The Servant 0.9.4","UnlockEverythingMod","Waifu the Spire","[功能]功能增强和修复MOD","vexMod","【功能Mod】Neow奖励","【遗物卡牌】REMEMod","没有小屋子和绿帽子啦"],"gold_per_floor":[18,33,108,10,10,35,46,77,77,77,77],"floor_reached":10,"playtime":433,"items_purged":[],"score":84,"play_id":"c3f3b3ec-70cf-43a5-ad55-72f597d5227c","local_time":"20210102232955","is_ascension_mode":true,"campfire_choices":[],"circlet_count":0,"master_deck":["KiyohimeMod:Strike","KiyohimeMod:Strike","KiyohimeMod:Strike","KiyohimeMod:Strike","KiyohimeMod:Defend","KiyohimeMod:Defend","KiyohimeMod:Defend","KiyohimeMod:Defend","KiyohimeMod:Track","KiyohimeMod:FlameKiss","KiyohimeMod:Shapeshift","Demonic Infusion","Panache","KiyohimeMod:Projection","CommonCold","KiyohimeMod:EatSoul"],"relics":["KiyohimeMod:FireDragon","REME_ComplimentaryCards","Medical Kit","Ring of Misfortune","ReplayTheSpireMod:Ring of Collecting","Chameleon Ring","hubris:Metronome","Smiling Mask","Ring of Peace"],"acts_visited":["Exordium"],"potions_floor_usage":[6,10],"damage_taken":[{"damage":0.0,"enemies":"Cultist","floor":1.0,"turns":3.0},{"damage":0.0,"enemies":"Small Slimes","floor":2.0,"turns":4.0},{"damage":7,"enemies":"3 Sentries","floor":6,"turns":4},{"damage":0,"enemies":"2 Louse","floor":7,"turns":4},{"damage":11,"enemies":"Lagavulin","floor":8,"turns":6},{"damage":31,"enemies":"Gremlin Nob","floor":10,"turns":4}],"seed_played":"6477730227034922195","potions_obtained":[{"floor":2.0,"key":"Explosive Potion"},{"floor":7,"key":"Adrenaline Potion"}],"is_trial":false,"path_per_floor":["M","M","?","$","?","E","M","E","T","E"],"character_chosen":"Kiyohime","items_purchased":["Medical Kit","KiyohimeMod:Projection"],"campfire_rested":0,"item_purchase_floors":[4,4],"current_hp_per_floor":[60,60,49,49,49,42,42,31,31,0,0],"gold":77,"neow_bonus":"RANDOM_COLORLESS_2","is_daily":false,"chose_seed":false,"campfire_upgraded":0,"win_rate":0.0,"timestamp":1609601395,"path_taken":["M","?","?","$","?","E","?","E","T","E"],"items_purchased_type":["Relic","Card"],"build_version":"2020-12-22","purchased_purges":0,"victory":false,"max_hp_per_floor":[60,60,60,60,60,60,60,60,60,60,60],"relic_stats":{"counters":[6,25],"Medical Kit":[1],"Smiling Mask":0,"obtain_stats":[{"KiyohimeMod:FireDragon":0,"hubris:Metronome":8,"Chameleon Ring":6,"Ring of Misfortune":5,"ReplayTheSpireMod:Ring of Collecting":5,"Ring of Peace":9,"Medical Kit":4,"Smiling Mask":9,"REME_ComplimentaryCards":0},{"KiyohimeMod:FireDragon":0,"hubris:Metronome":5,"Chameleon Ring":3,"Ring of Misfortune":2,"ReplayTheSpireMod:Ring of Collecting":2,"Ring of Peace":5,"Medical Kit":2,"Smiling Mask":5,"REME_ComplimentaryCards":0},{"KiyohimeMod:FireDragon":0,"hubris:Metronome":21,"Chameleon Ring":11,"Ring of Misfortune":7,"ReplayTheSpireMod:Ring of Collecting":7,"Ring of Peace":21,"Medical Kit":7,"Smiling Mask":21,"REME_ComplimentaryCards":0}]},"card_choices":[{"not_picked":["ReplayTheSpireMod:Necrogeddon","HandOfGreed"],"picked":"Panache","floor":0.0},{"not_picked":["KiyohimeMod:CommandCard_Buster","KiyohimeMod:GreenBlackKey","KiyohimeMod:RedBlackKey"],"picked":"SKIP","floor":1.0},{"not_picked":["KiyohimeMod:WaterTurn","KiyohimeMod:BlueBlackKey","KiyohimeMod:SteelTraining"],"picked":"SKIP","floor":2.0},{"not_picked":["KiyohimeMod:FormalCraft","KiyohimeMod:RealityMarble"],"picked":"KiyohimeMod:EatSoul","floor":6},{"not_picked":["KiyohimeMod:Berserker","KiyohimeMod:RedBlackKey","KiyohimeMod:AndSoTheShipConquers"],"picked":"SKIP","floor":7},{"not_picked":["KiyohimeMod:WaterTurn","KiyohimeMod:Preemptive","KiyohimeMod:Tenacious"],"picked":"SKIP","floor":8}],"player_experience":96871,"relics_obtained":[{"floor":5,"key":"Ring of Misfortune"},{"floor":5,"key":"ReplayTheSpireMod:Ring of Collecting"},{"floor":6,"key":"Chameleon Ring"},{"floor":8,"key":"hubris:Metronome"},{"floor":9,"key":"Smiling Mask"},{"floor":9,"key":"Ring of Peace"}],"event_choices":[{"damage_healed":0.0,"max_hp_gain":0.0,"max_hp_loss":0.0,"gold_gain":75.0,"event_name":"World of Goop","player_choice":"Gather Gold","floor":3.0,"gold_loss":0.0,"damage_taken":11.0}],"is_beta":false,"boss_relics":[],"items_purged_floors":[],"is_endless":false,"potions_floor_spawned":[2,7],"killed_by":"Gremlin Nob","ascension_level":2}}