{"host":"ac6e1xz8pi3qqstb","time":1609583034,"event":{"mods":["BaseMod","Minty Spire (QoL Compilation)","MostiFishMod","Relic Stats","Replay The Spire","StSLib","[IsaacMod]ÒÔÈö¼âËþ","¡¾ÒÅÎï¿¨ÅÆ¡¿REMEMod"],"gold_per_floor":[114,118,118,134,154,154,172,182,182,182,357,375,54,69,69,167,167,186,197,19,34,34,34,45,45,117,117,817,827,827,837,837,936,936,951,974,990,1040,1040,1040,1060,1060,1060,1080,1080,761,784,784,852,852],"floor_reached":51,"playtime":2885,"items_purged":["Shame","Doubt","MostiFishMod:PushDownKick"],"score":689,"play_id":"959f836d-762f-40cf-880b-69b6112abd12","local_time":"20210102182354","is_ascension_mode":false,"campfire_choices":[{"data":"Rainbow","floor":6.0,"key":"SMITH"},{"data":"Coolheaded","floor":10.0,"key":"SMITH"},{"data":"Hologram","floor":15.0,"key":"SMITH"},{"data":"MostiFishMod:ATRI","floor":23.0,"key":"SMITH"},{"data":"Redo","floor":25.0,"key":"SMITH"},{"data":"MostiFishMod:Minus","floor":27.0,"key":"SMITH"},{"data":"MostiFishMod:Minus+1","floor":30.0,"key":"SMITH"},{"data":"Capacitor","floor":32.0,"key":"SMITH"},{"data":"Double Energy","floor":40.0,"key":"SMITH"},{"data":"MostiFishMod:DawningShadow","floor":42.0,"key":"SMITH"},{"data":"MostiFishMod:Minus+2","floor":45.0,"key":"SMITH"}],"circlet_count":0,"master_deck":["Strike_B+1","Strike_B+1","Strike_B","Strike_B","Defend_B","Defend_B","Defend_B+1","Defend_B","Zap","Dualcast","MostiFishMod:Minus+3","Leap","Rainbow+1","Panic Button","Coolheaded+1","Hologram+1","Redo+1","Ball Lightning","MostiFishMod:ATRI+1","Capacitor+1","BasicCrystalCard+1","Cancel","Chill","MostiFishMod:PushDownKick","MostiFishMod:DawningShadow+1","FIFO Queue","Turbo","Double Energy+1","MostiFishMod:PushDownKick+1","Steam+1","Redo+1","Undo","Conserve Battery+1","Loop+1","Steam Power","Steam Power"],"relics":["Cracked Core","DaveBox","REME_ComplimentaryCards","HushsDoor","Leech","Medical Kit","NeowsBlessing","SynthV:TestCard","ReplayTheSpireMod:CursedCoin","Geode","Eternal Feather","JellyFishMachine","Divine Protection","YumHeart","Cracked Core","RhineSuit","PreservedInsect","Emotion Chip","Blue Doll","ReplayTheSpireMod:Shallot","Orrery","Whetstone"],"acts_visited":["Exordium","TheCity","TheBeyond"],"potions_floor_usage":[],"damage_taken":[{"damage":0.0,"enemies":"Small Slimes","floor":1.0,"turns":1.0},{"damage":0.0,"enemies":"2 Louse","floor":4.0,"turns":1.0},{"damage":0.0,"enemies":"Cultist","floor":5.0,"turns":1.0},{"damage":0.0,"enemies":"Blue Slaver","floor":7.0,"turns":3.0},{"damage":8.0,"enemies":"3 Louse","floor":8.0,"turns":3.0},{"damage":0.0,"enemies":"Large Slime","floor":12.0,"turns":6.0},{"damage":2.0,"enemies":"Red Slaver","floor":14.0,"turns":2.0},{"damage":6.0,"enemies":"The Guardian","floor":16.0,"turns":13.0},{"damage":0.0,"enemies":"Chosen","floor":18.0,"turns":4.0},{"damage":5.0,"enemies":"Spheric Guardian","floor":19.0,"turns":3.0},{"damage":25.0,"enemies":"Centurion and Healer","floor":21.0,"turns":9.0},{"damage":0.0,"enemies":"Snecko","floor":24.0,"turns":5.0},{"damage":9.0,"enemies":"Colosseum Slavers","floor":28.0,"turns":5.0},{"damage":0.0,"enemies":"Colosseum Nobs","floor":28.0,"turns":3.0},{"damage":1.0,"enemies":"Snake Plant","floor":29.0,"turns":2.0},{"damage":0.0,"enemies":"Centurion and Healer","floor":31.0,"turns":6.0},{"damage":14.0,"enemies":"Collector","floor":33.0,"turns":13.0},{"damage":1.0,"enemies":"3 Shapes","floor":35.0,"turns":3.0},{"damage":0.0,"enemies":"3 Darklings","floor":37.0,"turns":3.0},{"damage":0.0,"enemies":"Mind Bloom Boss Battle","floor":38.0,"turns":7.0},{"damage":4.0,"enemies":"Transient","floor":41.0,"turns":5.0},{"damage":0.0,"enemies":"Writhing Mass","floor":44.0,"turns":4.0},{"damage":24,"enemies":"Donu and Deca","floor":50,"turns":9}],"seed_played":"182011038492736283","potions_obtained":[{"floor":1.0,"key":"AttackPotion"},{"floor":4.0,"key":"Swift Potion"},{"floor":12.0,"key":"Weak Potion"},{"floor":31.0,"key":"Reflective Coating"},{"floor":33.0,"key":"CultistPotion"}],"is_trial":false,"path_per_floor":["M","$","?","M","M","R","M","M","T","R","?","M","$","M","R","B",null,"M","M","$","M","$","R","M","R","T","R","?","M","R","M","R","B",null,"M","T","M","?","?","R","M","R","T","M","R","$","T","?","R","B",null],"character_chosen":"DEFECT","items_purchased":["ReplayTheSpireMod:CursedCoin","Rainbow","Eternal Feather","Cancel","FIFO Queue","Orrery","Steam Power"],"campfire_rested":0,"item_purchase_floors":[2,2,13,20,34,46,46],"current_hp_per_floor":[75,75,60,61,61,61,63,57,57,57,57,62,62,61,73,72,75,75,70,70,65,65,75,75,75,75,75,75,74,75,75,75,61,72,72,72,72,72,57,72,68,72,72,72,72,72,72,72,72,51],"gold":852,"neow_bonus":"THREE_ENEMY_KILL","is_daily":false,"chose_seed":false,"campfire_upgraded":11,"win_rate":0.0,"timestamp":1609583034,"path_taken":["M","$","?","M","M","R","M","?","T","R","?","M","$","M","R","BOSS","M","M","$","M","$","R","M","R","T","R","?","M","R","M","R","BOSS","M","?","?","?","?","R","M","R","T","M","R","$","?","?","R","BOSS"],"items_purchased_type":["Relic","Card","Relic","Card","Card","Relic","Card"],"build_version":"2020-12-22","purchased_purges":3,"victory":true,"max_hp_per_floor":[75,75,75,75,75,75,75,75,75,75,75,75,75,75,75,75,75,75,75,75,75,75,75,75,75,75,75,75,75,75,75,75,75,72,72,72,72,72,72,72,72,72,72,72,72,72,72,72,72,72],"relic_stats":{"Emotion Chip":[25,12,5,8,0],"counters":[23,110],"Eternal Feather":42,"PreservedInsect":0,"Whetstone":["MostiFishMod:PushDownKick","Strike_B"],"Medical Kit":[0],"obtain_stats":[{"KeepersGift":0,"Divine Protection":26,"DaveBox":0,"NeowsBlessing":0,"ReplayTheSpireMod:CursedCoin":2,"JellyFishMachine":17,"Eternal Feather":13,"RhineSuit":34,"Blue Doll":39,"PreservedInsect":36,"Geode":9,"Whetstone":47,"Medical Kit":0,"Leech":0,"YumHeart":28,"Emotion Chip":38,"SynthV:TestCard":1,"ReplayTheSpireMod:Shallot":43,"Orrery":46,"Diplopia":28,"Cracked Core":0,"HushsDoor":0,"REME_ComplimentaryCards":0},{"KeepersGift":0,"Divine Protection":12,"DaveBox":0,"NeowsBlessing":0,"ReplayTheSpireMod:CursedCoin":1,"JellyFishMachine":8,"Eternal Feather":6,"RhineSuit":17,"Blue Doll":20,"PreservedInsect":18,"Geode":5,"Whetstone":22,"Medical Kit":0,"Leech":0,"YumHeart":14,"Emotion Chip":20,"SynthV:TestCard":1,"ReplayTheSpireMod:Shallot":21,"Orrery":22,"Diplopia":14,"Cracked Core":0,"HushsDoor":0,"REME_ComplimentaryCards":0},{"KeepersGift":0,"Divine Protection":51,"DaveBox":0,"NeowsBlessing":0,"ReplayTheSpireMod:CursedCoin":1,"JellyFishMachine":30,"Eternal Feather":15,"RhineSuit":80,"Blue Doll":93,"PreservedInsect":83,"Geode":9,"Whetstone":102,"Medical Kit":0,"Leech":0,"YumHeart":59,"Emotion Chip":93,"SynthV:TestCard":1,"ReplayTheSpireMod:Shallot":98,"Orrery":102,"Diplopia":59,"Cracked Core":0,"HushsDoor":0,"REME_ComplimentaryCards":0}]},"card_choices":[{"not_picked":["Bomb","Double Energy"],"picked":"Leap","floor":1.0},{"not_picked":["MostiFishMod:ReprogramOld","Multi-Cast","Beam Cell","Bomb"],"picked":"Panic Button","floor":4.0},{"not_picked":["Steam Power","Ball Lightning","Coolheaded","Heatsinks"],"picked":"MostiFishMod:PushDownKick","floor":5.0},{"not_picked":["Conserve Battery","Panic Button","MostiFishMod:PushDownKick","Go for the Eyes"],"picked":"Coolheaded","floor":7.0},{"not_picked":["Streamline","Cold Snap","Distribution","Conserve Battery"],"picked":"Hologram","floor":8.0},{"not_picked":["Static Discharge","Barrage","Cold Snap","Turbo"],"picked":"Redo","floor":12.0},{"not_picked":["Beam Cell","MostiFishMod:Culaccino","Static Discharge","REME_SelfUpgrade"],"picked":"Ball Lightning","floor":14.0},{"not_picked":["MostiFishMod:IceShield","MostiFishMod:StarOceanB","ReplayTheSpireMod:Omega Cannon","MostiFishMod:IntelligentEquipment"],"picked":"MostiFishMod:ATRI","floor":16.0},{"not_picked":["Leap","Gash+1","Sweeping Beam","Beam Cell"],"picked":"Capacitor","floor":18.0},{"not_picked":["Barrage","Cold Snap","Turbo+1","Gash"],"picked":"BasicCrystalCard+1","floor":19.0},{"not_picked":["Blizzard","Self Repair+1","Steam+1","REME_Whirling"],"picked":"Chill","floor":21.0},{"not_picked":["Cold Snap","Barrage","Ball Lightning","Undo","BasicCrystalCard"],"picked":"SKIP","floor":24.0},{"not_picked":["Turbo","Barrage","MostiFishMod:FluxCapactior","MostiFishMod:LinkProtocol","ReplayTheSpireMod:System Scan"],"picked":"SKIP","floor":29.0},{"not_picked":["Beam Cell","Leap","Streamline","ReplayTheSpireMod:System Scan"],"picked":"MostiFishMod:PushDownKick","floor":31.0},{"not_picked":["MostiFishMod:IceShield","MostiFishMod:IntelligentEquipment","Core Surge","REME_ForAll"],"picked":"MostiFishMod:DawningShadow","floor":33.0},{"not_picked":["Panic Button+1","Rebound+1","Leap","Time Bomb+1","MostiFishMod:LinkProtocol+1"],"picked":"SKIP","floor":35.0},{"not_picked":["Coolheaded+1","Melter","BasicCrystalCard+1","Go for the Eyes+1"],"picked":"Turbo","floor":37.0},{"not_picked":["Turbo+1","REME_Compress+1","ReplayTheSpireMod:System Scan","Leap+1"],"picked":"Double Energy","floor":38.0},{"not_picked":["MostiFishMod:LinkProtocol","Gash+1","Hologram","Reinforced Body"],"picked":"MostiFishMod:PushDownKick","floor":41.0},{"not_picked":["Compile Driver","Go for the Eyes","ReplayGash+1","Static Discharge"],"picked":"Steam+1","floor":44.0},{"not_picked":["Panic Button","Self Repair","Barrage+1","Biased Cognition"],"picked":"Redo+1","floor":46.0},{"not_picked":["Go for the Eyes+1","Rebound+1","Barrage","Sweeping Beam+1"],"picked":"Undo","floor":46.0},{"not_picked":["Rebound","MostiFishMod:LinkProtocol+1","BasicCrystalCard+1","Reprogram+1"],"picked":"Conserve Battery+1","floor":46.0},{"not_picked":["Skim","Blizzard","Streamline+1","Creative AI"],"picked":"Loop+1","floor":46.0}],"player_experience":399555,"relics_obtained":[{"floor":1.0,"key":"SynthV:TestCard"},{"floor":9.0,"key":"Geode"},{"floor":26.0,"key":"Divine Protection"},{"floor":28.0,"key":"YumHeart"},{"floor":28.0,"key":"Diplopia"},{"floor":36.0,"key":"PreservedInsect"},{"floor":38.0,"key":"Emotion Chip"},{"floor":43.0,"key":"ReplayTheSpireMod:Shallot"},{"floor":47.0,"key":"Whetstone"}],"event_choices":[{"damage_healed":0.0,"max_hp_gain":0.0,"max_hp_loss":0.0,"gold_gain":0.0,"event_name":"Shining Light","player_choice":"Entered Light","floor":3.0,"gold_loss":0.0,"damage_taken":15.0,"cards_upgraded":["Strike_B","Defend_B"]},{"damage_healed":0.0,"max_hp_gain":0.0,"max_hp_loss":0.0,"gold_gain":175.0,"event_name":"Liars Game","player_choice":"AGREE","floor":11.0,"gold_loss":0.0,"damage_taken":0.0,"cards_obtained":["Doubt"]},{"damage_healed":0.0,"max_hp_gain":0.0,"max_hp_loss":0.0,"gold_gain":0.0,"event_name":"Colosseum","player_choice":"Fight","floor":28.0,"gold_loss":0.0,"damage_taken":0.0},{"damage_healed":0.0,"max_hp_gain":0.0,"max_hp_loss":0.0,"gold_gain":0.0,"event_name":"Colosseum","player_choice":"Fought Nobs","floor":28.0,"gold_loss":0.0,"damage_taken":0.0},{"damage_healed":0.0,"max_hp_gain":0.0,"max_hp_loss":0.0,"gold_gain":0.0,"event_name":"MindBloom","player_choice":"Fight","floor":38.0,"gold_loss":0.0,"damage_taken":0.0},{"damage_healed":0.0,"max_hp_gain":0.0,"max_hp_loss":0.0,"gold_gain":0.0,"event_name":"SensoryStone","player_choice":"Memory 1","floor":48.0,"gold_loss":0.0,"damage_taken":0.0}],"is_beta":false,"boss_relics":[{"not_picked":["Sozu","Ring of Chaos"],"picked":"JellyFishMachine"},{"not_picked":[]},{"not_picked":["Replay:Drink Me","Philosopher\u0027s Stone"],"picked":"RhineSuit"},{"not_picked":[]}],"items_purged_floors":[13,20,46],"is_endless":false,"potions_floor_spawned":[1,4,12,14,18,19,28,31,33,35,44],"ascension_level":0}}