{"host":"gbbz8f5svnnpwo8d","time":1609570461,"event":{"mods":["AchievementEnabler","AlwaysNeverKeys","BaseMod","Bestiary","Better Altar","Better Match","Better Note","Better Sensory Stone","Better Silent Start","Better Skull","Better Third Choice","Better Vampires","Better-Laid Plans","BetterRewards","Block Reminder","Colored Map","Colored Powertips","Displayed Cursed Tome","Downfall","GifTheSpireLib","Minty Spire (QoL Compilation)","MonsterHotkey","Permanent Neow","Potion Indicator Mod","Quick Restart","Random Character Button","Rare Cards Sparkle","Relic Stats","Shop Mod","Spicy Shops","Spire Birthday Party","StSLib","Transform Curses"],"gold_per_floor":[119,131,131,231,250,250,250,266,266,280,280,124,136,146,146,243,243,259,259,259,277,88,88,98,98,98,110,110,110,127,127,127,231,231,242,242,292,292,99,99,99,99,99,99,130,145,158,83,83,83,83,83,1,30,30,30],"floor_reached":55,"playtime":14259,"items_purged":[],"score":960,"play_id":"b395809c-c195-498c-bf9a-14e290a53ba8","local_time":"20210101235421","is_ascension_mode":false,"campfire_choices":[{"data":"Zap","floor":6.0,"key":"SMITH"},{"data":"Streamline","floor":15.0,"key":"SMITH"},{"floor":23.0,"key":"REST"},{"floor":25.0,"key":"REST"},{"floor":29.0,"key":"REST"},{"floor":32.0,"key":"REST"},{"floor":40.0,"key":"REST"},{"data":"1","floor":42.0,"key":"LIFT"},{"data":"2","floor":44.0,"key":"LIFT"},{"floor":49.0,"key":"REST"},{"data":"3","floor":52.0,"key":"LIFT"}],"circlet_count":0,"master_deck":["Strike_B","Strike_B","Defend_B","Defend_B","Defend_B","Defend_B","Zap+1","Dualcast+1","Doom and Gloom+1","Turbo","Streamline+1","Conserve Battery","Glacier","Buffer+1","Rebound","Buffer+1","Echo Form+1","expansioncontent:StudyTheSpire+1","Seek","Capacitor+1","Madness","Madness","Chrysalis","Chaos+1","expansioncontent:LastStand+1","Hologram+1"],"relics":["Cracked Core","Frozen Egg 2","Nuclear Battery","Art of War","Bloody Idol","Empty Cage","Girya","InkBottle","Bottled Tornado","Ice Cream","Bronze Scales"],"acts_visited":["Exordium","TheCity","TheBeyond","TheEnding"],"potions_floor_usage":[],"damage_taken":[{"damage":0.0,"enemies":"2 Louse","floor":1.0,"turns":2.0},{"damage":6.0,"enemies":"Cultist","floor":2.0,"turns":3.0},{"damage":1.0,"enemies":"Jaw Worm","floor":5.0,"turns":3.0},{"damage":5.0,"enemies":"Lots of Slimes","floor":8.0,"turns":2.0},{"damage":6.0,"enemies":"Red Slaver","floor":10.0,"turns":2.0},{"damage":17.0,"enemies":"Exordium Thugs","floor":13.0,"turns":4.0},{"damage":5.0,"enemies":"Blue Slaver","floor":14.0,"turns":2.0},{"damage":0.0,"enemies":"Slime Boss","floor":16.0,"turns":7.0},{"damage":0.0,"enemies":"Shell Parasite","floor":18.0,"turns":7.0},{"damage":35.0,"enemies":"3 Byrds","floor":21.0,"turns":6.0},{"damage":4.0,"enemies":"Snecko","floor":24.0,"turns":6.0},{"damage":6.0,"enemies":"Shelled Parasite and Fungi","floor":27.0,"turns":6.0},{"damage":0.0,"enemies":"3 Cultists","floor":30.0,"turns":6.0},{"damage":0.0,"enemies":"Champ","floor":33.0,"turns":9.0},{"damage":37.0,"enemies":"3 Darklings","floor":35.0,"turns":7.0},{"damage":0.0,"enemies":"Mind Bloom Boss Battle","floor":37.0,"turns":8.0},{"damage":43.0,"enemies":"Giant Head","floor":45.0,"turns":13.0},{"damage":7.0,"enemies":"3 Shapes","floor":46.0,"turns":6.0},{"damage":0.0,"enemies":"Sphere and 2 Shapes","floor":47.0,"turns":6.0},{"damage":31.0,"enemies":"Donu and Deca","floor":50.0,"turns":15.0},{"damage":23,"enemies":"Shield and Spear","floor":54,"turns":9},{"damage":64,"enemies":"The Heart","floor":55,"turns":6}],"seed_played":"-6446030026720167595","potions_obtained":[{"floor":10.0,"key":"champ:CounterPotion"},{"floor":13.0,"key":"champ:CounterPotion"},{"floor":16.0,"key":"EssenceOfDarkness"},{"floor":18.0,"key":"BlessingOfTheForge"},{"floor":35.0,"key":"ColorlessPotion"},{"floor":37.0,"key":"GamblersBrew"}],"is_trial":false,"path_per_floor":["M","M","$","?","M","R","?","M","T","M","?","$","M","M","R","B",null,"M","?","?","M","$","R","M","R","T","M","?","R","M","$","R","B",null,"M","?","?","?","$","R","$","R","T","R","E","M","M","$","R","B",null,"R","$","E","B"],"character_chosen":"DEFECT","items_purchased":["Doom and Gloom","Buffer+1","expansioncontent:StudyTheSpire+1","Chrysalis","Ice Cream","expansioncontent:LastStand+1"],"campfire_rested":6,"item_purchase_floors":[0,12,22,39,48,53],"current_hp_per_floor":[75,69,69,69,68,68,68,63,63,57,57,57,40,35,35,35,75,75,75,60,25,25,47,43,65,65,59,21,43,48,48,70,75,75,43,34,39,39,39,61,61,61,61,61,23,21,26,26,48,17,75,75,75,57,0,0],"gold":30,"neow_bonus":"","is_daily":false,"chose_seed":false,"campfire_upgraded":2,"win_rate":0.0,"timestamp":1609570461,"path_taken":["M","M","$","?","?","R","?","?","T","M","?","$","M","?","R","BOSS","M","?","?","M","?","R","?","R","T","M","?","R","M","$","R","BOSS","M","?","?","?","$","R","?","R","T","R","E","M","M","$","R","BOSS","R","$","E","BOSS"],"items_purchased_type":["Card","Card","Card","Card","Relic","Card"],"build_version":"2020-12-22","purchased_purges":0,"victory":false,"max_hp_per_floor":[75,75,75,75,75,75,75,75,75,75,75,75,75,75,75,75,75,75,75,75,75,75,75,75,75,75,75,75,75,75,75,75,75,75,75,75,75,75,75,75,75,75,75,75,75,75,75,75,75,75,75,75,75,75,75,75],"relic_stats":{"counters":[33,176],"Bloody Idol":40,"Bronze Scales":[75],"Art of War":[27],"obtain_stats":[{"Ice Cream":48,"Girya":37,"Happy Flower":7,"Golden Idol":11,"Eternal Feather":9,"PreservedInsect":0,"Frozen Egg 2":9,"Bottled Tornado":45,"Empty Cage":34,"Nuclear Battery":17,"SlaversCollar":17,"Emotion Chip":0,"Ornamental Fan":0,"Bloody Idol":28,"Bronze Scales":54,"Art of War":26,"Cracked Core":0,"InkBottle":43,"Meat on the Bone":10},{"Ice Cream":30,"Girya":27,"Happy Flower":4,"Golden Idol":5,"Eternal Feather":4,"PreservedInsect":0,"Frozen Egg 2":15,"Bottled Tornado":28,"Empty Cage":25,"Nuclear Battery":19,"SlaversCollar":7,"Emotion Chip":0,"Ornamental Fan":0,"Bloody Idol":23,"Bronze Scales":32,"Art of War":22,"Cracked Core":0,"InkBottle":27,"Meat on the Bone":5},{"Ice Cream":146,"Girya":121,"Happy Flower":12,"Golden Idol":15,"Eternal Feather":12,"PreservedInsect":0,"Frozen Egg 2":51,"Bottled Tornado":134,"Empty Cage":106,"Nuclear Battery":66,"SlaversCollar":26,"Emotion Chip":0,"Ornamental Fan":0,"Bloody Idol":91,"Bronze Scales":170,"Art of War":85,"Cracked Core":0,"InkBottle":121,"Meat on the Bone":15}],"InkBottle":[28]},"card_choices":[{"not_picked":["Doom and Gloom","Sweeping Beam"],"picked":"Turbo","floor":1.0},{"not_picked":["Cold Snap","Gash"],"picked":"Streamline","floor":2.0},{"not_picked":["Ball Lightning","Hello World","Genetic Algorithm"],"picked":"SKIP","floor":5.0},{"not_picked":["Streamline","Consume"],"picked":"Conserve Battery","floor":8.0},{"not_picked":["FTL","Coolheaded"],"picked":"Glacier","floor":10.0},{"not_picked":["Storm+1","Turbo"],"picked":"Rebound","floor":13.0},{"not_picked":["Rip and Tear","Chaos","Cold Snap"],"picked":"SKIP","floor":14.0},{"not_picked":["Fission","Meteor Strike"],"picked":"Buffer+1","floor":16.0},{"not_picked":["Rip and Tear","Compile Driver+1","Turbo"],"picked":"SKIP","floor":18.0},{"not_picked":["Cold Snap+1","Lockon","Coolheaded"],"picked":"SKIP","floor":21.0},{"not_picked":["Cold Snap+1","Conserve Battery","Sweeping Beam+1"],"picked":"SKIP","floor":24.0},{"not_picked":["Consume","Barrage","Cold Snap"],"picked":"SKIP","floor":27.0},{"not_picked":["Conserve Battery+1","Leap+1","Compile Driver"],"picked":"SKIP","floor":30.0},{"not_picked":["Reboot","Thunder Strike"],"picked":"Seek","floor":33.0},{"not_picked":["Rebound","Compile Driver+1"],"picked":"Capacitor+1","floor":35.0},{"not_picked":["Coolheaded+1","Biased Cognition+1","Leap+1"],"picked":"SKIP","floor":45.0},{"not_picked":["Conserve Battery","Beam Cell+1"],"picked":"Chaos+1","floor":46.0},{"not_picked":["Heatsinks+1","Sunder","Ball Lightning"],"picked":"SKIP","floor":47.0},{"not_picked":["Barrage","BootSequence+1"],"picked":"Hologram+1","floor":54}],"player_experience":3582456,"relics_obtained":[{"floor":9.0,"key":"Frozen Egg 2"},{"floor":26.0,"key":"Art of War"},{"floor":37.0,"key":"Girya"},{"floor":43.0,"key":"InkBottle"},{"floor":45.0,"key":"Bottled Tornado"},{"floor":54,"key":"Bronze Scales"}],"event_choices":[{"damage_healed":0.0,"max_hp_gain":0.0,"max_hp_loss":0.0,"gold_gain":100.0,"event_name":"Golden Shrine","player_choice":"Pray","floor":4.0,"gold_loss":0.0,"damage_taken":0.0},{"damage_healed":0.0,"max_hp_gain":0.0,"max_hp_loss":0.0,"gold_gain":0.0,"event_name":"Upgrade Shrine","player_choice":"Upgraded","floor":7.0,"gold_loss":0.0,"damage_taken":0.0,"cards_upgraded":["Dualcast"]},{"damage_healed":0.0,"max_hp_gain":0.0,"max_hp_loss":0.0,"gold_gain":0.0,"event_name":"Accursed Blacksmith","player_choice":"Forge","floor":11.0,"gold_loss":0.0,"damage_taken":0.0,"cards_upgraded":["Doom and Gloom"]},{"cards_removed":["Strike_B"],"damage_healed":0.0,"max_hp_gain":0.0,"max_hp_loss":0.0,"gold_gain":0.0,"event_name":"betterNote:BetterNote","player_choice":"Give","floor":19.0,"gold_loss":0.0,"damage_taken":0.0,"cards_obtained":["Strike_G"]},{"damage_healed":0.0,"max_hp_gain":0.0,"max_hp_loss":15.0,"gold_gain":2.0,"event_name":"betterStone:BetterStone","player_choice":"2","floor":20.0,"gold_loss":0.0,"damage_taken":0.0},{"damage_healed":0.0,"max_hp_gain":59.0,"max_hp_loss":21.0,"gold_gain":0.0,"event_name":"betterAltar:BetterAltar","player_choice":" Idol ","floor":28.0,"potions_obtained":[],"relics_lost":[],"gold_loss":0.0,"damage_taken":38.0,"relics_obtained":["Bloody Idol"]},{"damage_healed":0.0,"max_hp_gain":0.0,"max_hp_loss":0.0,"gold_gain":0.0,"event_name":"Winding Halls","player_choice":"Embrace Madness","floor":36.0,"gold_loss":0.0,"damage_taken":9.0,"cards_obtained":["Madness","Madness"]},{"damage_healed":0.0,"max_hp_gain":0.0,"max_hp_loss":0.0,"gold_gain":0.0,"event_name":"MindBloom","player_choice":"Fight","floor":37.0,"gold_loss":0.0,"damage_taken":0.0},{"damage_healed":0.0,"max_hp_gain":0.0,"max_hp_loss":0.0,"gold_gain":0.0,"event_name":"Tomb of Lord Red Mask","player_choice":"Ignored","floor":38.0,"gold_loss":0.0,"damage_taken":0.0}],"is_beta":false,"boss_relics":[{"not_picked":["Calling Bell","Tiny House"],"picked":"Nuclear Battery"},{"not_picked":["Snecko Eye","Coffee Dripper"],"picked":"Empty Cage"}],"items_purged_floors":[],"is_endless":false,"potions_floor_spawned":[10,13,16,18,21,35,37],"killed_by":"The Heart","ascension_level":0}}