{"host":"w2kjv12xyhtt0cv2","time":1609600534,"event":{"mods":["Act Like it!","BaseMod","Colored Map","Friendly Minions","Gensokyo","Highlight Path","Hubris","Kiyohime（清姬）","Marisa（F雨　魔理沙）","Minty Spire (QoL Compilation)","Quick Restart","Reimu（博丽灵梦）","Relic Stats","Replay The Spire","RumiaBox-露米娅的神秘盒子","Shop Mod","Spicy Shops","StSLib","The Cursed","The Servant 0.9.4","UnlockEverythingMod","Waifu the Spire","[功能]功能增强和修复MOD","vexMod","【功能Mod】Neow奖励","【遗物卡牌】REMEMod","没有小屋子和绿帽子啦"],"gold_per_floor":[114,131,131,150,168,202,132,165,165,198,24,24,55,103,103,3,3],"floor_reached":16,"playtime":936,"items_purged":[],"score":164,"play_id":"0a549138-36b0-48be-91dd-a6cc6e37b2dd","local_time":"20210102231534","is_ascension_mode":true,"campfire_choices":[{"data":"KiyohimeMod:Grimoire","floor":12,"key":"SMITH"},{"data":"KiyohimeMod:Servant_TamamoNoMae","floor":15,"key":"SMITH"}],"circlet_count":0,"master_deck":["KiyohimeMod:Strike+1","KiyohimeMod:Strike","KiyohimeMod:Strike","KiyohimeMod:Strike","KiyohimeMod:Defend","KiyohimeMod:Defend","KiyohimeMod:Defend","KiyohimeMod:Defend","KiyohimeMod:Track","KiyohimeMod:FlameKiss","KiyohimeMod:Shapeshift","REME_ForAll+1","KiyohimeMod:Grimoire+1","KiyohimeMod:EatSoul+1","ReplayTheSpireMod:IOU","ReplayTheSpireMod:IOU","KiyohimeMod:Servant_TamamoNoMae+1","KiyohimeMod:FiringTheFirstArrow","KiyohimeMod:DragonVein"],"relics":["KiyohimeMod:FireDragon","REME_ComplimentaryCards","Centennial Puzzle","GodSword6","vexMod:ScavengeHelm","vexMod:BarristanHead","vexMod:BerryBomb","Replay:Wax Seal","Replay:Baseball","KiyohimeMod:UnlimitedPranaSupply","hubris:DisguiseKit"],"acts_visited":["Gensokyo:Gensokyo"],"potions_floor_usage":[13],"damage_taken":[{"damage":0.0,"enemies":"Gensokyo:2_Kodama","floor":1.0,"turns":3.0},{"damage":0.0,"enemies":"Gensokyo:Gryphon","floor":2.0,"turns":1.0},{"damage":0.0,"enemies":"Gensokyo:3_Fairies","floor":4.0,"turns":4.0},{"damage":0.0,"enemies":"Gensokyo:Gryphon_and_Rabbit","floor":5.0,"turns":2.0},{"damage":11.0,"enemies":"Gensokyo:Aya","floor":6.0,"turns":4.0},{"damage":3.0,"enemies":"Gensokyo:Mamizou","floor":8.0,"turns":4.0},{"damage":2.0,"enemies":"Gensokyo:Cirno","floor":10.0,"turns":5.0},{"damage":0,"enemies":"Gensokyo:Mamizou","floor":13,"turns":4},{"damage":68,"enemies":"Gensokyo:Reimu","floor":16,"turns":5}],"seed_played":"-2024957128139600328","potions_obtained":[{"floor":1.0,"key":"GamblersBrew"},{"floor":4.0,"key":"ZuzhouPotion:ReiMu"},{"floor":6.0,"key":"Milkshake"},{"floor":8.0,"key":"SteroidPotion"}],"is_trial":false,"path_per_floor":["M","M","?","M","M","E","?","E","T","E","$","R","E","?","R","B"],"character_chosen":"Kiyohime","items_purchased":["Replay:Wax Seal","Replay:Baseball","KiyohimeMod:Servant_TamamoNoMae"],"campfire_rested":0,"item_purchase_floors":[11,11,11],"current_hp_per_floor":[60,60,60,60,60,49,49,46,46,50,50,50,56,56,56,0,0],"gold":3,"neow_bonus":"RANDOM_COMMON_RELIC","is_daily":false,"chose_seed":false,"campfire_upgraded":2,"win_rate":0.0,"timestamp":1609600534,"path_taken":["M","?","?","?","M","E","?","E","T","E","$","R","E","?","R","BOSS"],"items_purchased_type":["Relic","Relic","Card"],"build_version":"2020-12-22","purchased_purges":0,"victory":false,"max_hp_per_floor":[60,60,60,60,60,60,60,60,60,66,66,66,66,66,66,66,66],"relic_stats":{"Centennial Puzzle":[12],"counters":[9,32],"obtain_stats":[{"KiyohimeMod:FireDragon":0,"hubris:DisguiseKit":14,"Centennial Puzzle":0,"Replay:Baseball":11,"vexMod:BarristanHead":9,"KiyohimeMod:UnlimitedPranaSupply":13,"vexMod:ScavengeHelm":8,"vexMod:BerryBomb":10,"GodSword6":6,"Replay:Wax Seal":11,"REME_ComplimentaryCards":0},{"KiyohimeMod:FireDragon":0,"hubris:DisguiseKit":8,"Centennial Puzzle":0,"Replay:Baseball":7,"vexMod:BarristanHead":6,"KiyohimeMod:UnlimitedPranaSupply":8,"vexMod:ScavengeHelm":6,"vexMod:BerryBomb":7,"GodSword6":5,"Replay:Wax Seal":7,"REME_ComplimentaryCards":0},{"KiyohimeMod:FireDragon":0,"hubris:DisguiseKit":27,"Centennial Puzzle":0,"Replay:Baseball":23,"vexMod:BarristanHead":18,"KiyohimeMod:UnlimitedPranaSupply":27,"vexMod:ScavengeHelm":18,"vexMod:BerryBomb":23,"GodSword6":14,"Replay:Wax Seal":23,"REME_ComplimentaryCards":0}]},"card_choices":[{"not_picked":["KiyohimeMod:Berserker","KiyohimeMod:WaterTurn"],"picked":"KiyohimeMod:Grimoire","floor":1.0},{"not_picked":["KiyohimeMod:RealityMarble","KiyohimeMod:Fragarach","KiyohimeMod:BlueBlackKey"],"picked":"SKIP","floor":2.0},{"not_picked":["KiyohimeMod:WaterTurn","KiyohimeMod:AndSoTheShipConquers"],"picked":"KiyohimeMod:EatSoul","floor":4.0},{"not_picked":["KiyohimeMod:ExSpicyMapoTofu","KiyohimeMod:Preemptive","KiyohimeMod:SteelTraining"],"picked":"SKIP","floor":5.0},{"not_picked":["KiyohimeMod:Berserker","KiyohimeMod:WaterTurn","KiyohimeMod:AndSoTheShipConquers"],"picked":"SKIP","floor":6.0},{"not_picked":["KiyohimeMod:Berserker","KiyohimeMod:CommandCard_Quick","KiyohimeMod:EatSoul"],"picked":"SKIP","floor":8.0},{"not_picked":["KiyohimeMod:RedBlackKey","KiyohimeMod:Tenacious","KiyohimeMod:WaterTurn"],"picked":"SKIP","floor":10.0},{"not_picked":["KiyohimeMod:RedBlackKey","KiyohimeMod:GreenBlackKey","KiyohimeMod:BlueBlackKey"],"picked":"SKIP","floor":13},{"not_picked":["KiyohimeMod:BlueBlackKey","KiyohimeMod:RedBlackKey"],"picked":"KiyohimeMod:FiringTheFirstArrow","floor":14},{"not_picked":["KiyohimeMod:CommandCard_Buster","KiyohimeMod:EatSoul"],"picked":"KiyohimeMod:DragonVein","floor":14}],"player_experience":95620,"relics_obtained":[{"floor":6.0,"key":"GodSword6"},{"floor":8.0,"key":"vexMod:ScavengeHelm"},{"floor":9.0,"key":"vexMod:BarristanHead"},{"floor":10.0,"key":"vexMod:BerryBomb"},{"floor":13,"key":"KiyohimeMod:UnlimitedPranaSupply"},{"floor":14,"key":"hubris:DisguiseKit"}],"event_choices":[],"is_beta":false,"boss_relics":[],"items_purged_floors":[],"is_endless":false,"potions_floor_spawned":[1,4,6,8],"killed_by":"Gensokyo:Reimu","ascension_level":2}}