{"host":"vsdszi3rnxsdp24p","time":1609593515,"event":{"mods":["AchievementEnabler","BaseMod","Colored Map","Colored Powertips","Hermit","Highlight Path","Minty Spire (QoL Compilation)","Quick Restart","Relic Sorter","Relic Stats","StSLib","SuperFastMode","Synergy Search","The Cursed"],"gold_per_floor":[213,25,25,25,42,42,56,71,71,71,85,85,85,96,96,196,196,215,227,227,243,256,256,43,43,43,57,57,57,57],"floor_reached":29,"playtime":1489,"items_purged":[],"score":217,"play_id":"6c73e714-8105-4069-8c85-058299b7b478","local_time":"20210102141835","is_ascension_mode":false,"campfire_choices":[{"data":"TheCursedMod:HellsGateOpen","floor":6,"key":"SMITH"},{"data":"TheCursedMod:CircleOfCorruption","floor":10,"key":"SMITH"},{"data":"TheCursedMod:Torture","floor":12,"key":"SMITH"},{"data":"TheCursedMod:CursedWand","floor":15,"key":"SMITH"},{"floor":23,"key":"REST"}],"circlet_count":0,"master_deck":["TheCursedMod:Strike_TheCursed","TheCursedMod:Strike_TheCursed","TheCursedMod:Strike_TheCursed","TheCursedMod:Defend_TheCursed","TheCursedMod:Defend_TheCursed","TheCursedMod:Defend_TheCursed","TheCursedMod:Defend_TheCursed","TheCursedMod:CursedWand+1","TheCursedMod:CleanUpWorkshop","TheCursedMod:Dregs","TheCursedMod:Stigma","TheCursedMod:CircleOfFlame","TheCursedMod:CircleOfCorruption+1","TheCursedMod:HellsGateOpen+1","TheCursedMod:CursedBlade","Regret","TheCursedMod:SpitefulStrike","TheCursedMod:Torture+1","TheCursedMod:FleshFromBone","TheCursedMod:Obscuration","TheCursedMod:WearCloak","TheCursedMod:CollectTribute","TheCursedMod:BlessingInDisguise","TheCursedMod:SmokeScreen+1","TheCursedMod:Stigma","TheCursedMod:CircleOfWindfury","TheCursedMod:EmpowerCircles","TheCursedMod:CircleOfFocus","TheCursedMod:VitalStrike","TheCursedMod:TacticalStrike","Necronomicurse","TheCursedMod:ReleasedKnowledge+1","Shame"],"relics":["TheCursedMod:BlackMagic101","Pear","Meat on the Bone","Black Star","Kunai","Necronomicon","Toxic Egg 2","White Beast Statue"],"acts_visited":["Exordium","TheCity"],"potions_floor_usage":[14,14,27,27,27],"damage_taken":[{"damage":0,"enemies":"2 Louse","floor":1,"turns":3},{"damage":4,"enemies":"Jaw Worm","floor":5,"turns":4},{"damage":0,"enemies":"Cultist","floor":7,"turns":3},{"damage":7,"enemies":"Blue Slaver","floor":8,"turns":3},{"damage":5,"enemies":"Red Slaver","floor":11,"turns":2},{"damage":4,"enemies":"Gremlin Gang","floor":14,"turns":3},{"damage":60,"enemies":"Slime Boss","floor":16,"turns":11},{"damage":5,"enemies":"3 Byrds","floor":18,"turns":4},{"damage":0,"enemies":"Chosen","floor":19,"turns":4},{"damage":19,"enemies":"Snecko","floor":21,"turns":7},{"damage":34,"enemies":"3 Cultists","floor":22,"turns":7},{"damage":41,"enemies":"Sentry and Sphere","floor":27,"turns":6},{"damage":19,"enemies":"Shelled Parasite and Fungi","floor":29,"turns":3}],"seed_played":"-2146989804687415056","potions_obtained":[{"floor":1,"key":"SteroidPotion"},{"floor":7,"key":"Swift Potion"},{"floor":11,"key":"SneckoOil"},{"floor":18,"key":"Ancient Potion"},{"floor":21,"key":"Block Potion"}],"is_trial":false,"path_per_floor":["M","$","?","?","M","R","M","M","T","R","M","R","?","M","R","B",null,"M","M","T","M","M","R","$","?","T","M","?","M"],"character_chosen":"THE_CURSED","items_purchased":["TheCursedMod:CircleOfFlame","TheCursedMod:CircleOfCorruption","TheCursedMod:HellsGateOpen","TheCursedMod:CursedBlade","TheCursedMod:EmpowerCircles","TheCursedMod:CircleOfFocus","TheCursedMod:VitalStrike","TheCursedMod:TacticalStrike"],"campfire_rested":1,"item_purchase_floors":[2,2,2,2,24,24,24,24],"current_hp_per_floor":[75,75,85,85,81,81,81,74,74,74,69,69,69,65,65,17,85,80,80,80,61,39,64,64,48,48,19,19,0,0],"gold":57,"neow_bonus":"HUNDRED_GOLD","is_daily":false,"chose_seed":false,"campfire_upgraded":4,"win_rate":0.0,"timestamp":1609593515,"path_taken":["M","$","?","?","M","R","M","?","T","R","M","R","?","?","R","BOSS","M","M","?","?","M","R","$","?","T","M","?","M"],"items_purchased_type":["Card","Card","Card","Card","Card","Card","Card","Card"],"build_version":"2020-12-22","purchased_purges":0,"victory":false,"max_hp_per_floor":[75,75,85,85,85,85,85,85,85,85,85,85,85,85,85,85,85,85,85,85,85,85,85,85,85,85,85,85,85,85],"relic_stats":{"counters":[13,60],"Black Star":0,"Necronomicon":[3],"Kunai":[5],"obtain_stats":[{"TheCursedMod:BlackMagic101":0,"Pear":3,"Black Star":17,"Necronomicon":25,"Kunai":20,"Toxic Egg 2":26,"White Beast Statue":28,"Meat on the Bone":9},{"TheCursedMod:BlackMagic101":0,"Pear":1,"Black Star":7,"Necronomicon":11,"Kunai":9,"Toxic Egg 2":11,"White Beast Statue":12,"Meat on the Bone":4},{"TheCursedMod:BlackMagic101":0,"Pear":3,"Black Star":29,"Necronomicon":51,"Kunai":37,"Toxic Egg 2":51,"White Beast Statue":57,"Meat on the Bone":13}],"Meat on the Bone":36},"card_choices":[{"not_picked":["TheCursedMod:ManaBullet","TheCursedMod:CursedMace"],"picked":"TheCursedMod:Stigma","floor":1},{"not_picked":["TheCursedMod:Stretching","TheCursedMod:CursedAmulet"],"picked":"TheCursedMod:SpitefulStrike","floor":5},{"not_picked":["TheCursedMod:SpitefulPray","TheCursedMod:CircleOfCorruption"],"picked":"TheCursedMod:Torture","floor":7},{"not_picked":["TheCursedMod:RavingStaff","TheCursedMod:TacticalStrike"],"picked":"TheCursedMod:FleshFromBone","floor":8},{"not_picked":["TheCursedMod:Torture","TheCursedMod:Stretching"],"picked":"TheCursedMod:Obscuration","floor":11},{"not_picked":["TheCursedMod:SoulReap","TheCursedMod:Torture"],"picked":"TheCursedMod:WearCloak","floor":14},{"not_picked":["TheCursedMod:StunningStrike","TheCursedMod:AntiAging"],"picked":"TheCursedMod:CollectTribute","floor":16},{"not_picked":["TheCursedMod:SmokeScreen","TheCursedMod:Wield"],"picked":"TheCursedMod:BlessingInDisguise","floor":18},{"not_picked":["TheCursedMod:FleshFromBone","TheCursedMod:VitalStrike"],"picked":"TheCursedMod:SmokeScreen+1","floor":19},{"not_picked":["TheCursedMod:SurpriseAttack","TheCursedMod:SmokeScreen"],"picked":"TheCursedMod:Stigma","floor":21},{"not_picked":["TheCursedMod:CircleOfCorruption","TheCursedMod:TacticalStrike"],"picked":"TheCursedMod:CircleOfWindfury","floor":22},{"not_picked":["TheCursedMod:CursedAmulet+1","TheCursedMod:Wield+1"],"picked":"TheCursedMod:ReleasedKnowledge+1","floor":27}],"player_experience":108646,"relics_obtained":[{"floor":9,"key":"Meat on the Bone"},{"floor":20,"key":"Kunai"},{"floor":25,"key":"Necronomicon"},{"floor":26,"key":"Toxic Egg 2"}],"event_choices":[{"damage_healed":0,"gold_gain":0,"player_choice":"Box","damage_taken":0,"relics_obtained":["Pear"],"max_hp_gain":0,"max_hp_loss":0,"event_name":"Big Fish","floor":3,"gold_loss":0,"cards_obtained":["Regret"]},{"cards_removed":["TheCursedMod:Strike_TheCursed"],"damage_healed":0,"gold_gain":0,"player_choice":"Purged","damage_taken":0,"max_hp_gain":0,"max_hp_loss":0,"event_name":"Purifier","floor":4,"gold_loss":0},{"damage_healed":0,"gold_gain":0,"player_choice":"Ignored","damage_taken":0,"max_hp_gain":0,"max_hp_loss":0,"event_name":"Fountain of Cleansing","floor":13,"gold_loss":0},{"damage_healed":0,"gold_gain":0,"player_choice":"Obtained Book","damage_taken":16,"max_hp_gain":0,"max_hp_loss":0,"event_name":"Cursed Tome","floor":25,"gold_loss":0},{"damage_healed":0,"gold_gain":0,"player_choice":"Stole Relic","damage_taken":0,"relics_obtained":["White Beast Statue"],"max_hp_gain":0,"max_hp_loss":0,"event_name":"Addict","floor":28,"gold_loss":0,"cards_obtained":["Shame"]}],"is_beta":false,"boss_relics":[{"not_picked":["Sozu","Snecko Eye"],"picked":"Black Star"}],"items_purged_floors":[],"is_endless":false,"potions_floor_spawned":[1,7,11,18,21],"killed_by":"Shelled Parasite and Fungi","ascension_level":0}}