{"host":"ryuep8ewa00k39z9","time":1609629312,"event":{"mods":["AchievementEnabler","BaseMod","Best Route Mod","Colored Map","Colored Powertips","Displayed Cursed Tome","Highlight Path","Minty Spire (QoL Compilation)","Quick Restart","SuperFastMode"],"gold_per_floor":[111,55,74,84,84,118,118,118,172,172,0,0,32,43,43,144,144,161,161,161,161,11,40,40,60,60,6,6,6,16,16,28,40,40],"floor_reached":33,"playtime":2359,"items_purged":["Defend_B"],"score":440,"play_id":"be9eb8fa-2c45-4f14-8f7d-e41336db68fd","local_time":"20210102171512","is_ascension_mode":true,"campfire_choices":[{"floor":7.0,"key":"REST"},{"data":"Sunder","floor":10.0,"key":"SMITH"},{"data":"Chaos","floor":12.0,"key":"SMITH"},{"floor":15.0,"key":"REST"},{"floor":24.0,"key":"REST"},{"data":"Ghostly","floor":28.0,"key":"SMITH"},{"data":"Seek","floor":32.0,"key":"SMITH"}],"circlet_count":0,"master_deck":["Strike_B","Strike_B","Strike_B","Defend_B","Defend_B","Zap","Dualcast","Conserve Battery","Chaos+1","Ball Lightning","Sunder+1","Ball Lightning","Meteor Strike","Undo","Ghostly+1","Ghostly","Ghostly","Ghostly","Ghostly","Necronomicurse","Reboot","Conserve Battery","Rebound+1","Conserve Battery","Seek+1"],"relics":["SacredBark","Regal Pillow","Pear","Meat on the Bone","Cursed Key","Necronomicon","Art of War","Prayer Wheel","MawBank"],"acts_visited":["Exordium","TheCity"],"potions_floor_usage":[],"damage_taken":[{"damage":3.0,"enemies":"2 Louse","floor":1.0,"turns":4.0},{"damage":0.0,"enemies":"Cultist","floor":3.0,"turns":4.0},{"damage":13.0,"enemies":"Jaw Worm","floor":4.0,"turns":5.0},{"damage":36.0,"enemies":"3 Sentries","floor":6.0,"turns":9.0},{"damage":8.0,"enemies":"Gremlin Nob","floor":13.0,"turns":3.0},{"damage":4.0,"enemies":"Exordium Thugs","floor":14.0,"turns":3.0},{"damage":0.0,"enemies":"Slime Boss","floor":16.0,"turns":5.0},{"damage":0.0,"enemies":"Spheric Guardian","floor":18.0,"turns":3.0},{"damage":2.0,"enemies":"Slavers","floor":23.0,"turns":8.0},{"damage":12.0,"enemies":"Shell Parasite","floor":25.0,"turns":3.0},{"damage":1.0,"enemies":"Centurion and Healer","floor":30.0,"turns":5.0},{"damage":41,"enemies":"Automaton","floor":33,"turns":10}],"seed_played":"5854648847281098487","potions_obtained":[{"floor":3.0,"key":"Ancient Potion"},{"floor":14.0,"key":"Explosive Potion"},{"floor":16.0,"key":"AttackPotion"},{"floor":18.0,"key":"SpeedPotion"}],"is_trial":false,"path_per_floor":["M","?","M","M","$","E","R","?","T","R","$","R","E","M","R","B",null,"M","?","?","?","$","E","R","M","T","$","R","$","M","?","R","B"],"character_chosen":"DEFECT","items_purchased":["FocusPotion","SkillPotion","Art of War","Conserve Battery"],"campfire_rested":3,"item_purchase_floors":[11,11,22,27],"current_hp_per_floor":[65,65,65,52,52,26,66,66,66,66,66,66,58,54,85,85,85,85,42,42,26,26,24,42,30,30,30,30,30,29,29,29,0,0],"gold":40,"neow_bonus":"BOSS_RELIC","is_daily":false,"chose_seed":false,"campfire_upgraded":4,"win_rate":0.0,"timestamp":1609629312,"path_taken":["M","?","?","M","$","E","R","?","T","R","?","R","E","?","R","BOSS","M","?","?","?","$","E","R","M","T","$","R","?","?","?","R","BOSS"],"items_purchased_type":["Potion","Potion","Relic","Card"],"build_version":"2020-12-22","purchased_purges":1,"victory":false,"max_hp_per_floor":[75,75,75,75,75,85,85,85,85,85,85,85,85,85,85,85,85,85,42,42,42,42,42,42,42,42,42,42,42,42,42,42,42,42],"card_choices":[{"not_picked":["Beam Cell","Steam"],"picked":"Conserve Battery","floor":1.0},{"not_picked":["Rebound","Genetic Algorithm"],"picked":"Chaos","floor":3.0},{"not_picked":["Redo","Beam Cell"],"picked":"Ball Lightning","floor":4.0},{"not_picked":["Gash","Fusion"],"picked":"Sunder","floor":6.0},{"not_picked":["Go for the Eyes","Blizzard"],"picked":"Ball Lightning","floor":13.0},{"not_picked":["Go for the Eyes","Redo","Chill"],"picked":"SKIP","floor":14.0},{"not_picked":["Buffer","Thunder Strike"],"picked":"Meteor Strike","floor":16.0},{"not_picked":["BootSequence","Rebound"],"picked":"Undo","floor":18.0},{"not_picked":["Streamline","Stack"],"picked":"Reboot","floor":23.0},{"not_picked":["Turbo","Capacitor+1"],"picked":"Conserve Battery","floor":25.0},{"not_picked":["Sweeping Beam","Ball Lightning"],"picked":"Rebound+1","floor":25.0},{"not_picked":["Compile Driver","Hologram"],"picked":"Seek","floor":30.0},{"not_picked":["Redo+1","Loop","Coolheaded"],"picked":"SKIP","floor":30.0}],"player_experience":3746786,"relics_obtained":[{"floor":6.0,"key":"Pear"},{"floor":13.0,"key":"Meat on the Bone"},{"floor":23.0,"key":"Prayer Wheel"}],"event_choices":[{"damage_healed":0.0,"max_hp_gain":0.0,"max_hp_loss":0.0,"gold_gain":0.0,"event_name":"WeMeetAgain","player_choice":"Paid Gold","floor":2.0,"gold_loss":56.0,"damage_taken":0.0,"relics_obtained":["Regal Pillow"]},{"cards_removed":["Strike_B"],"damage_healed":0.0,"max_hp_gain":0.0,"max_hp_loss":0.0,"gold_gain":0.0,"event_name":"Purifier","player_choice":"Purged","floor":8.0,"gold_loss":0.0,"damage_taken":0.0},{"damage_healed":0.0,"max_hp_gain":0.0,"max_hp_loss":43.0,"gold_gain":0.0,"event_name":"Ghosts","player_choice":"Became a Ghost","floor":19.0,"gold_loss":0.0,"damage_taken":0.0,"cards_obtained":["Ghostly","Ghostly","Ghostly","Ghostly","Ghostly"]},{"cards_removed":["Defend_B"],"damage_healed":0.0,"max_hp_gain":0.0,"max_hp_loss":0.0,"gold_gain":0.0,"event_name":"Back to Basics","player_choice":"Elegance","floor":20.0,"gold_loss":0.0,"damage_taken":0.0},{"damage_healed":0.0,"max_hp_gain":0.0,"max_hp_loss":0.0,"gold_gain":0.0,"event_name":"Cursed Tome","player_choice":"Obtained Book","floor":21.0,"gold_loss":0.0,"damage_taken":16.0},{"damage_healed":0.0,"max_hp_gain":0.0,"max_hp_loss":0.0,"gold_gain":0.0,"event_name":"The Mausoleum","player_choice":"Opened","floor":31.0,"gold_loss":0.0,"damage_taken":0.0,"relics_obtained":["MawBank"]}],"is_beta":false,"boss_relics":[{"not_picked":["Velvet Choker","Ectoplasm"],"picked":"Cursed Key"}],"items_purged_floors":[11],"is_endless":false,"potions_floor_spawned":[3,14,16,18],"killed_by":"Automaton","ascension_level":6}}