{"host":"yo9wwslrag05lh37","time":1609552004,"event":{"mods":["AchievementEnabler","BaseMod","Block Reminder","Colored Map","Colored Powertips","GifTheSpireLib","HexUI Lib","Highlight Path","Minty Spire (QoL Compilation)","Rare Cards Sparkle","Relic Stats","StSLib","everything is the same but u backflip on backflip"],"gold_per_floor":[363,375,375,191,209,236,7,23,23,23,23,23,48,48,48,48,48],"floor_reached":16,"playtime":546,"items_purged":["Defend_R","Defend_R"],"score":266,"play_id":"bb615436-a085-4e09-aeba-658299c0828b","local_time":"20210102024644","is_ascension_mode":true,"campfire_choices":[{"data":"Havoc","floor":10,"key":"SMITH"},{"data":"Bash","floor":15,"key":"SMITH"}],"circlet_count":0,"master_deck":["AscendersBane","Strike_R","Strike_R","Strike_R","Strike_R","Defend_R","Defend_R","Bash+1","Anger","Feel No Pain","Havoc+1","Ghostly Armor","Shrug It Off","Combust","Seeing Red"],"relics":["Burning Blood","Paper Frog","Membership Card","Molten Egg 2","Ancient Tea Set","Golden Idol"],"acts_visited":["Exordium"],"potions_floor_usage":[6,13],"damage_taken":[{"damage":13,"enemies":"Cultist","floor":1,"turns":5},{"damage":7,"enemies":"2 Louse","floor":2,"turns":3},{"damage":8,"enemies":"Jaw Worm","floor":5,"turns":5},{"damage":10,"enemies":"3 Sentries","floor":6,"turns":10},{"damage":29,"enemies":"3 Louse","floor":8,"turns":3},{"damage":2,"enemies":"Gremlin Nob","floor":13,"turns":3},{"damage":36,"enemies":"Hexaghost","floor":16,"turns":9}],"seed_played":"-495803241477407969","potions_obtained":[{"floor":1,"key":"SkillPotion"}],"is_trial":false,"path_per_floor":["M","M","?","$","M","E","$","M","T","R","?","?","E","?","R","B"],"character_chosen":"IRONCLAD","items_purchased":["Havoc","AttackPotion","Membership Card","Combust"],"campfire_rested":0,"item_purchase_floors":[4,4,7,7],"current_hp_per_floor":[61,60,53,53,51,47,47,24,24,24,24,29,33,33,33,0,0],"gold":48,"neow_bonus":"TWO_FIFTY_GOLD","is_daily":false,"chose_seed":false,"campfire_upgraded":2,"win_rate":0.0,"timestamp":1609552004,"path_taken":["M","M","?","$","M","E","$","M","T","R","?","?","E","?","R","BOSS"],"items_purchased_type":["Card","Potion","Relic","Card"],"build_version":"2020-12-22","purchased_purges":2,"victory":false,"max_hp_per_floor":[68,68,68,68,68,68,68,68,68,68,68,73,73,66,66,66,66],"relic_stats":{"counters":[7,38],"Golden Idol":0,"obtain_stats":[{"Golden Idol":14,"Molten Egg 2":9,"Membership Card":7,"Ancient Tea Set":13,"Burning Blood":0,"Paper Frog":6},{"Golden Idol":6,"Molten Egg 2":5,"Membership Card":4,"Ancient Tea Set":6,"Burning Blood":0,"Paper Frog":4},{"Golden Idol":29,"Molten Egg 2":26,"Membership Card":23,"Ancient Tea Set":29,"Burning Blood":0,"Paper Frog":23}],"Burning Blood":36},"card_choices":[{"not_picked":["Infernal Blade","Warcry"],"picked":"Anger","floor":1},{"not_picked":["Battle Trance","Fire Breathing"],"picked":"Feel No Pain","floor":2},{"not_picked":["Anger","Warcry"],"picked":"Ghostly Armor","floor":5},{"not_picked":["Flex","Sentinel"],"picked":"Shrug It Off","floor":6},{"not_picked":["Perfected Strike","True Grit"],"picked":"Seeing Red","floor":8},{"not_picked":["Warcry","Cleave+1","Bloodletting"],"picked":"SKIP","floor":13}],"player_experience":1431630,"relics_obtained":[{"floor":6,"key":"Paper Frog"},{"floor":9,"key":"Molten Egg 2"},{"floor":13,"key":"Ancient Tea Set"}],"event_choices":[{"cards_removed":["Strike_R"],"damage_healed":0,"gold_gain":0,"player_choice":"Card Removal","damage_taken":7,"max_hp_gain":0,"max_hp_loss":0,"event_name":"Golden Wing","floor":3,"gold_loss":0},{"damage_healed":0,"gold_gain":0,"player_choice":"Ignored","damage_taken":0,"max_hp_gain":0,"max_hp_loss":0,"event_name":"Liars Game","floor":11,"gold_loss":0},{"damage_healed":0,"gold_gain":0,"player_choice":"Donut","damage_taken":0,"max_hp_gain":5,"max_hp_loss":0,"event_name":"Big Fish","floor":12,"gold_loss":0},{"damage_healed":0,"gold_gain":0,"player_choice":"Lose Max HP","damage_taken":0,"relics_obtained":["Golden Idol"],"max_hp_gain":0,"max_hp_loss":7,"event_name":"Golden Idol","floor":14,"gold_loss":0}],"is_beta":false,"boss_relics":[],"items_purged_floors":[4,7],"is_endless":false,"potions_floor_spawned":[1,5],"killed_by":"Hexaghost","ascension_level":20}}