{"host":"a1u4jo6xlg3w0wsm","time":1609572805,"event":{"mods":["BaseMod","Better Third Choice","DeckTracker","Downfall","Hermit","Hubris","Minty Spire (QoL Compilation)","Rare Cards Sparkle","Replay The Spire","StSLib"],"gold_per_floor":[99,99,99,99,99,99,177,327,343,377,377,392,423,443,454,454,454,454],"floor_reached":16,"playtime":745,"items_purged":[],"score":133,"play_id":"f0782c94-76a2-4909-9c5b-d9d74dd19d7d","local_time":"20210102203325","is_ascension_mode":false,"campfire_choices":[{"data":"hexamod:SpectersWail","floor":6,"key":"SMITH"},{"data":"hexamod:WildfireWeapon","floor":11,"key":"SMITH"}],"circlet_count":0,"master_deck":["hexamod:Strike","hexamod:Strike","hexamod:Strike","hexamod:Strike","hexamod:Defend","hexamod:Defend","hexamod:Defend","hexamod:Defend","hexamod:Sear","hexamod:Float","hexamod:Firestarter","hexamod:HeatMetal","hexamod:SpectersWail+1","Slimebound:Icky","hexamod:HauntingEcho","hexamod:WildfireWeapon+1","hexamod:BurningTouch","hexamod:SoulSteal","hexamod:EmpoweringStance","hexamod:RainOfEmbers"],"relics":["hexamod:SpiritBrand","downfall:HeartsMalice","Replay:Ringing Soul","HornCleat","Smiling Mask"],"acts_visited":["Exordium"],"potions_floor_usage":[10,10,10,16,16],"damage_taken":[{"damage":0,"enemies":"2 Louse","floor":3,"turns":1},{"damage":0,"enemies":"Cultist","floor":4,"turns":1},{"damage":0,"enemies":"Jaw Worm","floor":5,"turns":1},{"damage":7,"enemies":"Large Slime","floor":9,"turns":3},{"damage":9,"enemies":"Replay:BlueRogue","floor":10,"turns":2},{"damage":12,"enemies":"2 Fungi Beasts","floor":12,"turns":3},{"damage":25,"enemies":"Lagavulin","floor":13,"turns":6},{"damage":12,"enemies":"Gremlin Gang","floor":14,"turns":4},{"damage":12,"enemies":"Blue Slaver","floor":15,"turns":4},{"damage":14,"enemies":"downfall:Ironclad","floor":16,"turns":5}],"seed_played":"7060542840286275188","potions_obtained":[{"floor":1,"key":"hexamod:DoubleChargePotion"},{"floor":1,"key":"Fire Potion"},{"floor":2,"key":"Fire Potion"},{"floor":10,"key":"sneckomod:MuddlingPotion"},{"floor":12,"key":"Reflective Coating"},{"floor":15,"key":"Block Potion"}],"is_trial":false,"path_per_floor":["R","?","M","M","M","R","T","?","M","E","R","M","E","M","M","B"],"character_chosen":"THE_SPIRIT","items_purchased":[],"campfire_rested":0,"item_purchase_floors":[],"current_hp_per_floor":[70,70,70,70,70,70,70,73,69,63,63,54,32,23,14,0,0,0],"gold":454,"neow_bonus":"THREE_ENEMY_KILL","is_daily":false,"chose_seed":false,"campfire_upgraded":2,"win_rate":0.0,"timestamp":1609572805,"path_taken":["R","?","?","M","M","R","T","?","M","E","R","M","E","M","M","BOSS"],"items_purchased_type":[],"build_version":"2020-12-13","purchased_purges":0,"victory":false,"max_hp_per_floor":[70,70,70,70,70,70,70,73,76,79,79,82,85,88,91,91,91,91],"card_choices":[{"not_picked":["hexamod:NightmareGuise","hexamod:HauntingEcho"],"picked":"hexamod:Firestarter","floor":3},{"not_picked":["hexamod:SkipABeat","hexamod:SecondSeal"],"picked":"hexamod:HeatMetal","floor":4},{"not_picked":["hexamod:HeatShield","hexamod:GhostOfSpireFuture"],"picked":"hexamod:SpectersWail","floor":5},{"not_picked":["hexamod:FastForward","hexamod:GhostShield"],"picked":"hexamod:HauntingEcho","floor":9},{"not_picked":["hexamod:SwordOfDarkness","hexamod:EtherealExpedition"],"picked":"hexamod:WildfireWeapon","floor":10},{"not_picked":["hexamod:SkipABeat","hexamod:NightmareGuise"],"picked":"hexamod:BurningTouch","floor":12},{"not_picked":["hexamod:ThermalTransfer","hexamod:GhostShield"],"picked":"hexamod:SoulSteal","floor":13},{"not_picked":["hexamod:RainOfEmbers","hexamod:BurningTouch"],"picked":"hexamod:EmpoweringStance","floor":14},{"not_picked":["hexamod:InspiringFlames","hexamod:SpectersWail"],"picked":"hexamod:RainOfEmbers","floor":15}],"player_experience":278885,"relics_obtained":[{"floor":7,"key":"Replay:Ringing Soul"},{"floor":10,"key":"HornCleat"},{"floor":13,"key":"Smiling Mask"}],"event_choices":[{"damage_healed":0,"gold_gain":0,"player_choice":"Got Potions","damage_taken":0,"max_hp_gain":0,"max_hp_loss":0,"event_name":"Lab","floor":2,"gold_loss":0}],"is_beta":false,"boss_relics":[],"items_purged_floors":[],"is_endless":false,"potions_floor_spawned":[9,10,12,15],"killed_by":"downfall:Ironclad","ascension_level":0}}