{"host":"jyuuog6ydc2s7nd8","time":1609585262,"event":{"mods":["BaseMod","Better Vampires","Minty Spire (QoL Compilation)","Shop Mod","StSLib","The Hierophant","The Servant 0.9.4","TheBandit","[IsaacMod]ÒÔÈö¼âËþ"],"gold_per_floor":[112,112,112,126,151,151,151,177,177,189,215,252,282,310,322,334,334],"floor_reached":16,"playtime":329,"items_purged":[],"score":270,"play_id":"a85bd84e-c190-41ca-a45c-feaa2fbdc51b","local_time":"20210102190102","is_ascension_mode":true,"campfire_choices":[{"data":"Bash","floor":6.0,"key":"SMITH"},{"data":"Second Wind","floor":10.0,"key":"SMITH"},{"data":"Pommel Strike","floor":15.0,"key":"SMITH"}],"circlet_count":0,"master_deck":["AscendersBane","Strike_R","Strike_R","Strike_R","Strike_R","Defend_R","Defend_R","Defend_R","Defend_R","Bash+1","Power Through","Second Wind+1","Shrug It Off","Pommel Strike+1"],"relics":["HushsDoor","Runic Cube","AnarchistCookbook","Red Skull","Strawberry","Bag of Preparation","MawBank","Art of War"],"acts_visited":["Exordium"],"potions_floor_usage":[16,16],"damage_taken":[{"damage":2.0,"enemies":"2 Louse","floor":1.0,"turns":3.0},{"damage":12.0,"enemies":"Small Slimes","floor":4.0,"turns":5.0},{"damage":39.0,"enemies":"Gremlin Nob","floor":8.0,"turns":5.0},{"damage":0.0,"enemies":"Jaw Worm","floor":11.0,"turns":4.0},{"damage":0.0,"enemies":"Lagavulin","floor":12.0,"turns":3.0},{"damage":0.0,"enemies":"Gremlin Gang","floor":13.0,"turns":1.0},{"damage":0.0,"enemies":"Blue Slaver","floor":14.0,"turns":5.0},{"damage":0,"enemies":"Slime Boss","floor":16,"turns":4}],"seed_played":"-4517103138752893603","potions_obtained":[{"floor":4.0,"key":"SpeedPotion"},{"floor":7.0,"key":"ElixirPotion"},{"floor":7.0,"key":"EssenceOfSteel"},{"floor":14.0,"key":"Swift Potion"}],"is_trial":false,"path_per_floor":["M","?","?","M","T","R","?","E","T","R","M","E","M","M","R","B"],"character_chosen":"IRONCLAD","items_purchased":[],"campfire_rested":0,"item_purchase_floors":[],"current_hp_per_floor":[66,66,51,39,46,46,46,7,7,7,7,7,7,7,7,7,7],"gold":334,"neow_bonus":"BOSS_RELIC","is_daily":false,"chose_seed":false,"campfire_upgraded":3,"win_rate":0.0,"timestamp":1609585262,"path_taken":["M","?","?","M","?","R","?","E","T","R","M","E","M","M","R","BOSS"],"items_purchased_type":[],"build_version":"2020-12-22","purchased_purges":0,"victory":false,"max_hp_per_floor":[75,75,75,75,82,82,82,82,82,82,82,82,82,82,82,82,82],"card_choices":[{"not_picked":[],"picked":"Bomb","floor":0.0},{"not_picked":["Dropkick","Body Slam","Sword Boomerang"],"picked":"SKIP","floor":1.0},{"not_picked":["Shrug It Off","Perfected Strike"],"picked":"Power Through","floor":4.0},{"not_picked":["Havoc","Hemokinesis"],"picked":"Second Wind","floor":8.0},{"not_picked":["Armaments","Metallicize","Blood for Blood"],"picked":"SKIP","floor":11.0},{"not_picked":["Cleave","Rampage"],"picked":"Shrug It Off","floor":12.0},{"not_picked":["Clash","Shrug It Off","Reckless Charge"],"picked":"SKIP","floor":13.0},{"not_picked":["Anger","Second Wind"],"picked":"Pommel Strike","floor":14.0}],"player_experience":1790405,"relics_obtained":[{"floor":5.0,"key":"Strawberry"},{"floor":8.0,"key":"Bag of Preparation"},{"floor":9.0,"key":"MawBank"},{"floor":12.0,"key":"Art of War"}],"event_choices":[{"cards_removed":["Strike_R"],"damage_healed":0.0,"max_hp_gain":0.0,"max_hp_loss":0.0,"gold_gain":0.0,"event_name":"Living Wall","player_choice":"Forget","floor":2.0,"gold_loss":0.0,"damage_taken":0.0},{"damage_healed":0.0,"max_hp_gain":0.0,"max_hp_loss":0.0,"gold_gain":0.0,"event_name":"Lab","player_choice":"Got Potions","floor":7.0,"gold_loss":0.0,"damage_taken":0.0}],"is_beta":false,"boss_relics":[],"items_purged_floors":[],"is_endless":false,"potions_floor_spawned":[4,8,14],"killed_by":"Slime Boss","ascension_level":20}}