{"host":"e1d4pmcf31bpmsqo","time":1609561832,"event":{"mods":["BaseMod","Better Note","Better Third Choice","Colored Powertips","Disable Question Mark Monsters","Minty Spire (QoL Compilation)","Relic Stats","StSLib"],"gold_per_floor":[166,166,177,197,210,244,244,264,264,293,307,65,65,90,90,163,163,176,91,101,101,101,136,136,148,226,226,226,255,274,274,274],"floor_reached":31,"playtime":1014,"items_purged":["Strike_P"],"score":690,"play_id":"67cd259a-70b4-449d-9f19-9512c713bb16","local_time":"20210102153032","is_ascension_mode":true,"campfire_choices":[{"data":"BowlingBash","floor":7.0,"key":"SMITH"},{"floor":15.0,"key":"REST"},{"data":"Vault","floor":24.0,"key":"SMITH"},{"floor":27.0,"key":"REST"}],"circlet_count":0,"master_deck":["AscendersBane","Strike_P","Strike_P","Strike_P+1","Defend_P","Defend_P","Defend_P","Defend_P","Eruption+1","Vigilance","BowlingBash+1","FlyingSleeves","FearNoEvil","FearNoEvil","CarveReality","Vault+1","EmptyFist","DeusExMachina","Halt+1","LikeWater+1","CrushJoints"],"relics":["Tiny House","Gremlin Horn","Yang","Boot","Juzu Bracelet","TeardropLocket","Omamori","Runic Dome","Orichalcum","Bag of Preparation","Frozen Egg 2","Dream Catcher","Kunai"],"acts_visited":["Exordium","TheCity"],"potions_floor_usage":[],"damage_taken":[{"damage":7.0,"enemies":"Jaw Worm","floor":1.0,"turns":4.0},{"damage":0.0,"enemies":"Cultist","floor":3.0,"turns":3.0},{"damage":1.0,"enemies":"Small Slimes","floor":4.0,"turns":3.0},{"damage":9.0,"enemies":"3 Louse","floor":5.0,"turns":3.0},{"damage":10.0,"enemies":"3 Sentries","floor":6.0,"turns":3.0},{"damage":0.0,"enemies":"2 Fungi Beasts","floor":8.0,"turns":1.0},{"damage":0.0,"enemies":"Gremlin Nob","floor":10.0,"turns":2.0},{"damage":4.0,"enemies":"Looter","floor":11.0,"turns":3.0},{"damage":3.0,"enemies":"Lagavulin","floor":14.0,"turns":3.0},{"damage":22.0,"enemies":"Hexaghost","floor":16.0,"turns":9.0},{"damage":0.0,"enemies":"3 Byrds","floor":18.0,"turns":4.0},{"damage":2.0,"enemies":"Spheric Guardian","floor":20.0,"turns":3.0},{"damage":0.0,"enemies":"Gremlin Leader","floor":23.0,"turns":5.0},{"damage":27.0,"enemies":"Snecko","floor":25.0,"turns":6.0},{"damage":23.0,"enemies":"Book of Stabbing","floor":29.0,"turns":5.0},{"damage":0,"enemies":"Centurion and Healer","floor":30,"turns":6},{"damage":16,"enemies":"Sentry and Sphere","floor":31,"turns":3}],"seed_played":"324312518856290600","potions_obtained":[{"floor":0.0,"key":"Weak Potion"},{"floor":4.0,"key":"Swift Potion"},{"floor":6.0,"key":"LiquidMemories"},{"floor":8.0,"key":"Block Potion"},{"floor":14.0,"key":"StancePotion"},{"floor":16.0,"key":"Dexterity Potion"},{"floor":20.0,"key":"LiquidMemories"},{"floor":29.0,"key":"BottledMiracle"}],"is_trial":false,"path_per_floor":["M","?","M","M","M","E","R","M","T","E","M","$","?","E","R","B",null,"M","?","M","?","?","E","R","M","T","R","T","E","M","M"],"character_chosen":"WATCHER","items_purchased":["Juzu Bracelet"],"campfire_rested":2,"item_purchase_floors":[12],"current_hp_per_floor":[59,59,59,58,49,39,39,39,39,39,35,35,9,6,27,5,56,56,56,54,33,33,33,33,6,6,29,29,6,6,0,0],"gold":274,"neow_bonus":"BOSS_RELIC","is_daily":false,"chose_seed":false,"campfire_upgraded":2,"win_rate":0.0,"timestamp":1609561832,"path_taken":["M","?","?","M","M","E","R","M","T","E","M","$","?","E","R","BOSS","M","?","M","?","?","E","R","M","T","R","?","E","M","M"],"items_purchased_type":["Relic"],"build_version":"2020-12-22","purchased_purges":1,"victory":false,"max_hp_per_floor":[73,73,73,73,73,73,73,73,73,73,73,73,73,73,73,73,73,73,73,73,78,78,78,78,78,78,78,78,78,78,78,78],"relic_stats":{"Dream Catcher":0,"Gremlin Horn":[9,8],"counters":[17,66],"Yang":[135],"Juzu Bracelet":0,"Bag of Preparation":[8],"Kunai":[5],"Orichalcum":[66],"Boot":[22],"obtain_stats":[{"Tiny House":0,"Gremlin Horn":6,"Yang":9,"Juzu Bracelet":12,"Omamori":14,"Bag of Preparation":23,"TeardropLocket":13,"Orichalcum":19,"Frozen Egg 2":26,"Boot":10,"Runic Dome":17,"Dream Catcher":28,"Kunai":29,"PureWater":0},{"Tiny House":0,"Gremlin Horn":5,"Yang":6,"Juzu Bracelet":8,"Omamori":9,"Bag of Preparation":13,"TeardropLocket":8,"Orichalcum":11,"Frozen Egg 2":14,"Boot":7,"Runic Dome":10,"Dream Catcher":14,"Kunai":15,"PureWater":0},{"Tiny House":0,"Gremlin Horn":16,"Yang":17,"Juzu Bracelet":22,"Omamori":25,"Bag of Preparation":46,"TeardropLocket":22,"Orichalcum":38,"Frozen Egg 2":52,"Boot":19,"Runic Dome":34,"Dream Catcher":52,"Kunai":57,"PureWater":0}]},"card_choices":[{"not_picked":["EmptyBody","FlyingSleeves"],"picked":"BowlingBash","floor":0.0},{"not_picked":["WindmillStrike","Indignation"],"picked":"FlyingSleeves","floor":1.0},{"not_picked":["JustLucky","SashWhip"],"picked":"FearNoEvil","floor":3.0},{"not_picked":["InnerPeace","Swivel"],"picked":"FearNoEvil","floor":4.0},{"not_picked":["ClearTheMind","Protect"],"picked":"CarveReality","floor":5.0},{"not_picked":["PathToVictory","SashWhip","WindmillStrike"],"picked":"SKIP","floor":6.0},{"not_picked":["Worship","BowlingBash","ClearTheMind"],"picked":"SKIP","floor":8.0},{"not_picked":["WheelKick","Ragnarok"],"picked":"Vault","floor":10.0},{"not_picked":["Fasting2","Consecrate","PathToVictory"],"picked":"SKIP","floor":11.0},{"not_picked":["ReachHeaven","SpiritShield"],"picked":"EmptyFist","floor":14.0},{"not_picked":["Blasphemy","Vault"],"picked":"DeusExMachina","floor":16.0},{"not_picked":["FlyingSleeves","SashWhip"],"picked":"Halt+1","floor":18.0},{"not_picked":["Prostrate","Evaluate","InnerPeace"],"picked":"SKIP","floor":20.0},{"not_picked":["Evaluate","SignatureMove","DeusExMachina"],"picked":"SKIP","floor":23.0},{"not_picked":["ThirdEye","BowlingBash","Evaluate"],"picked":"SKIP","floor":25.0},{"not_picked":["FollowUp","Swivel"],"picked":"LikeWater+1","floor":29.0},{"not_picked":["TalkToTheHand","Protect"],"picked":"CrushJoints","floor":30}],"player_experience":1005715,"relics_obtained":[{"floor":6.0,"key":"Gremlin Horn"},{"floor":9.0,"key":"Yang"},{"floor":10.0,"key":"Boot"},{"floor":14.0,"key":"Omamori"},{"floor":23.0,"key":"Bag of Preparation"},{"floor":26.0,"key":"Frozen Egg 2"},{"floor":28.0,"key":"Dream Catcher"},{"floor":29.0,"key":"Kunai"}],"event_choices":[{"damage_healed":0.0,"max_hp_gain":0.0,"max_hp_loss":0.0,"gold_gain":0.0,"event_name":"Upgrade Shrine","player_choice":"Upgraded","floor":2.0,"gold_loss":0.0,"damage_taken":0.0,"cards_upgraded":["Eruption"]},{"damage_healed":0.0,"max_hp_gain":0.0,"max_hp_loss":0.0,"gold_gain":0.0,"event_name":"betterThird:BetterScrap","player_choice":"Relic ","floor":13.0,"gold_loss":0.0,"damage_taken":26.0,"cards_obtained":["Sunder"]},{"damage_healed":0.0,"max_hp_gain":0.0,"max_hp_loss":0.0,"gold_gain":0.0,"event_name":"Addict","player_choice":"Obtained Relic","floor":19.0,"gold_loss":85.0,"damage_taken":0.0,"relics_obtained":["Orichalcum"]},{"damage_healed":0.0,"max_hp_gain":5.0,"max_hp_loss":0.0,"gold_gain":0.0,"event_name":"Forgotten Altar","player_choice":"Shed Blood","floor":21.0,"gold_loss":0.0,"damage_taken":26.0},{"damage_healed":0.0,"max_hp_gain":0.0,"max_hp_loss":0.0,"gold_gain":0.0,"event_name":"Vampires","player_choice":"Ignored","floor":22.0,"gold_loss":0.0,"damage_taken":0.0}],"is_beta":false,"boss_relics":[{"not_picked":["Coffee Dripper","Fusion Hammer"],"picked":"Runic Dome"}],"items_purged_floors":[12],"is_endless":false,"potions_floor_spawned":[4,6,8,10,14,16,20,29],"killed_by":"Sentry and Sphere","ascension_level":20}}