{"host":"fzn1jjfx8cn42vwe","time":1609608525,"event":{"mods":["2.2 Compatiblity","AchievementEnabler","BaseMod","Block Reminder","Koishi","Marisa????????","Minty Spire (QoL Compilation)","Practice Mode","Remilia??????","Shade Mod","Shop Mod","StSLib","The Administrix","The Cursed","The Florist","The Wild Card","The Witch"],"gold_per_floor":[117,131,206,224,243,278,278,278,278],"floor_reached":8,"playtime":986,"items_purged":[],"score":58,"play_id":"13322f0a-ec0a-442a-bec5-a962c1c9e50c","local_time":"20210103012845","daily_mods":["Elite Swarm","Uncertain Future"],"is_ascension_mode":false,"campfire_choices":[{"data":"DoomBlade","floor":7,"key":"SMITH"}],"circlet_count":0,"master_deck":["Strike_Witch","Strike_Witch","Strike_Witch","Strike_Witch","Defend_Witch","Defend_Witch","Defend_Witch","Defend_Witch","Hexguard","ZombieSpit","RiteOfAutumn","IllOmen","WickedThoughts","TheCursedMod:CleanUpWorkshop","DoomBlade+1"],"relics":["BlackCat","ToyHorse"],"acts_visited":["Exordium"],"potions_floor_usage":[6,8,8],"damage_taken":[{"damage":6,"enemies":"Small Slimes","floor":1,"turns":5},{"damage":11,"enemies":"Cultist","floor":2,"turns":5},{"damage":0,"enemies":"2 Louse","floor":4,"turns":2},{"damage":8,"enemies":"Gremlin Gang","floor":5,"turns":4},{"damage":26,"enemies":"3 Sentries","floor":6,"turns":6},{"damage":22,"enemies":"Gremlin Nob","floor":8,"turns":3}],"seed_played":"5142688820231789037","potions_obtained":[{"floor":1,"key":"Regen Potion"},{"floor":2,"key":"ColorlessPotion"},{"floor":4,"key":"PowerPotion"}],"is_trial":true,"path_per_floor":["M","M","?","M","M","E","R","E"],"character_chosen":"WITCH","items_purchased":[],"campfire_rested":0,"item_purchase_floors":[],"current_hp_per_floor":[61,50,39,39,31,5,5,0,0],"gold":278,"neow_bonus":"","is_daily":false,"chose_seed":false,"campfire_upgraded":1,"win_rate":0.0,"timestamp":1609608525,"path_taken":["M","M","?","M","M","E","R","E"],"items_purchased_type":[],"build_version":"2020-12-22","purchased_purges":0,"victory":false,"max_hp_per_floor":[67,67,67,67,67,67,67,67,67],"card_choices":[{"not_picked":["SummonCatFamiliar","CursedBlade"],"picked":"RiteOfAutumn","floor":1},{"not_picked":["Broomstick","SkullFlask"],"picked":"IllOmen","floor":2},{"not_picked":["Thundercloud","SummonCatFamiliar","Atonement"],"picked":"SKIP","floor":4},{"not_picked":["Schadenfreude","KarmaDrain"],"picked":"WickedThoughts","floor":5},{"not_picked":["FatalRay","WalpurgisNight"],"picked":"DoomBlade","floor":6}],"player_experience":145882,"relics_obtained":[{"floor":6,"key":"ToyHorse"}],"event_choices":[{"damage_healed":0,"gold_gain":75,"player_choice":"Gather Gold","damage_taken":11,"max_hp_gain":0,"max_hp_loss":0,"event_name":"World of Goop","floor":3,"gold_loss":0}],"is_beta":false,"boss_relics":[],"items_purged_floors":[],"is_endless":true,"potions_floor_spawned":[1,2,4],"killed_by":"Gremlin Nob","ascension_level":0}}