{"host":"kzg3uglj8yekbxlz","time":1609564946,"event":{"mods":["Alarm Clock","BaseMod","Better Synergies","Better Vampires","CapriCore","Challenge The Spire","Displayed Cursed Tome","Downfall","Evolution","Highlight Path","KinomotoSakuraMod(木之本樱)","Koishi","Lobotomy","LobotomyExtend","Marisa（F雨　魔理沙）","Minty Spire (QoL Compilation)","Prisma Mod","Shop Mod","StSLib","The Administrix","The Alterego","The Hierophant","The Immortal","TheWitcher","WarShipGirlsR/战舰少女R mod","Yuri Mod","【遗物卡牌】REMEMod","残留之物"],"gold_per_floor":[118,118,118,165,190,226,226,226,226,243,243,261,112,129,129,237,237,260,265,280,379,401,441,441,478,478,503,515,10,10,10,10,111,111,122,122,222,97,117,151,151,176,176,176,190,40,50,50,50,50,50],"floor_reached":50,"playtime":4307,"items_purged":["PlaceholderMod:BaseStrike","PlaceholderMod:DissolvingSpikes","PlaceholderMod:TriggerStrike","PlaceholderMod:StressReaction"],"score":763,"play_id":"31db2485-7984-4185-b1f4-45c5f707906c","local_time":"20210102132226","is_ascension_mode":false,"campfire_choices":[{"data":"PlaceholderMod:PoisonExcitation","floor":7.0,"key":"SMITH"},{"data":"PlaceholderMod:HardStinger","floor":15.0,"key":"SMITH"},{"data":"PlaceholderMod:HornyCollision","floor":24.0,"key":"SMITH"},{"data":"PlaceholderMod:EvolutionSpray","floor":30.0,"key":"SMITH"},{"data":"PlaceholderMod:DiffusionChemical","floor":32.0,"key":"SMITH"},{"data":"SnafuTest:TradeOrTrick","floor":41.0,"key":"SMITH"},{"floor":44,"key":"RECALL"},{"data":"PlaceholderMod:Activation","floor":49,"key":"SMITH"}],"circlet_count":0,"master_deck":["PlaceholderMod:Crystal","PlaceholderMod:PoisonWhip+1","SnafuTest:TradeOrTrick+1","PlaceholderMod:HardStinger","MHz","OldLady","PlaceholderMod:PoisonExcitation+1","OSAHOGD","QueenOfHatred","PlaceholderMod:MultipleOxi","SpiderBud","PlaceholderMod:HardStinger+1","LongBird","PlaceholderMod:CorePoison","PlaceholderMod:PoisonBlast","PlaceholderMod:RadicalHit","PlaceholderMod:Polyp","PlaceholderMod:HornyCollision+1","PlaceholderMod:HealingAttack","PlaceholderMod:EvolutionSpray+1","NakedNest","PlaceholderMod:ParasiteChange","PlaceholderMod:DirectingGroup+1","UniverseFragment","PlaceholderMod:Internalization+1","WallGazer","PlaceholderMod:HardStinger","Mercenary","Wellcheers","PlaceholderMod:DiffusionChemical+1","PlaceholderMod:TriggerStrike+1","VoidDream","MeatLantern","PlaceholderMod:TriggerStrike+1","PlaceholderMod:Activation+1","RedShoes","PlaceholderMod:Colorful","Madness","Madness","PlaceholderMod:NearChange+1","SnowQueen","BigBadWolf","DespairKnight","PlaceholderMod:PoisonExcitation+1","PlaceholderMod:FastReaction+1","BodiesMountain","REME_WheelOfFate"],"relics":["PlaceholderMod:Tancle","EVO:Axolotl","REME_ComplimentaryCards","CogitoBucket","RabbitCall","LetterFromLob","Meat on the Bone","CaptainsWheel","ChangeAnything","Pandora\u0027s Box","Heaven_r","ShedSkin_r","Thread and Needle","Darkstone Periapt","HornCleat","SkinProphecy","Whetstone","Matryoshka","PlaceholderMod:LiveLive","Ornamental Fan","Bronze Scales","Gremlin Horn","Art of War","AtMidnight","TreeSap","Pen Nib"],"acts_visited":["Exordium","TheCity","TheBeyond"],"potions_floor_usage":[50,50,50],"damage_taken":[{"damage":0.0,"enemies":"Jaw Worm","floor":1.0,"turns":4.0},{"damage":0.0,"enemies":"Small Slimes","floor":5.0,"turns":4.0},{"damage":16.0,"enemies":"Gremlin Nob","floor":6.0,"turns":3.0},{"damage":0.0,"enemies":"Cultist","floor":10.0,"turns":3.0},{"damage":0.0,"enemies":"Large Slime","floor":12.0,"turns":2.0},{"damage":0.0,"enemies":"3 Louse","floor":14.0,"turns":4.0},{"damage":0.0,"enemies":"Slime Boss","floor":16.0,"turns":6.0},{"damage":15.0,"enemies":"Shell Parasite","floor":18.0,"turns":4.0},{"damage":13.0,"enemies":"Shell Parasite","floor":19.0,"turns":2.0},{"damage":4.0,"enemies":"2 Thieves","floor":20.0,"turns":4.0},{"damage":17.0,"enemies":"Cultist and Chosen","floor":22.0,"turns":5.0},{"damage":3.0,"enemies":"Gremlin Leader","floor":23.0,"turns":5.0},{"damage":0.0,"enemies":"Slavers","floor":25.0,"turns":5.0},{"damage":8.0,"enemies":"Snecko","floor":27.0,"turns":4.0},{"damage":7.0,"enemies":"Snake Plant","floor":28.0,"turns":3.0},{"damage":2.0,"enemies":"Collector","floor":33.0,"turns":6.0},{"damage":0.0,"enemies":"3 Darklings","floor":35.0,"turns":4.0},{"damage":2.0,"enemies":"3 Shapes","floor":39.0,"turns":4.0},{"damage":42.0,"enemies":"Nemesis","floor":40.0,"turns":7.0},{"damage":7,"enemies":"Reptomancer","floor":42,"turns":5},{"damage":8,"enemies":"Writhing Mass","floor":45,"turns":9},{"damage":8,"enemies":"Maw","floor":47,"turns":4},{"damage":89,"enemies":"Awakened One","floor":50,"turns":5}],"seed_played":"-2750330641854502562","potions_obtained":[{"floor":1.0,"key":"DistilledChaos"},{"floor":11.0,"key":"Block Potion"},{"floor":11.0,"key":"Energy Potion"},{"floor":11.0,"key":"champ:CounterPotion"},{"floor":12.0,"key":"LiquidMemories"},{"floor":20.0,"key":"GamblersBrew"},{"floor":25.0,"key":"GamblersBrew"},{"floor":28.0,"key":"AttackPotion"},{"floor":39.0,"key":"PlaceholderMod:PlaceholderPotion"},{"floor":42,"key":"Fire Potion"},{"floor":47,"key":"EssenceOfSteel"}],"is_trial":false,"path_per_floor":["M","?","?","T","M","E","R","?","T","M","?","M","$","M","R","B",null,"M","?","M","?","M","E","R","E","T","M","M","$","R","?","R","B",null,"M","?","?","$","M","E","R","E","T","R","M","$","M","?","R","B"],"character_chosen":"THE_PLACEHOLDER","items_purchased":["PlaceholderMod:FinalSpray","Whetstone","Matryoshka"],"campfire_rested":0,"item_purchase_floors":[13,29,29],"current_hp_per_floor":[78,83,66,66,66,50,50,50,50,50,50,50,50,56,56,65,83,81,63,65,65,64,67,67,70,70,65,60,60,60,60,60,63,87,89,78,78,78,72,51,51,49,49,49,57,57,51,51,51,0,0],"gold":50,"neow_bonus":"","is_daily":false,"chose_seed":false,"campfire_upgraded":7,"win_rate":0.0,"timestamp":1609564946,"path_taken":["M","?","?","?","?","E","R","?","T","M","?","M","$","?","R","BOSS","M","?","M","?","M","E","R","E","T","M","M","$","R","?","R","BOSS","M","?","?","$","M","E","R","E","T","R","M","$","M","?","R","BOSS"],"items_purchased_type":["Card","Relic","Relic"],"build_version":"2020-12-22","purchased_purges":4,"victory":false,"max_hp_per_floor":[78,83,83,83,83,83,83,83,83,83,83,83,83,83,83,83,83,83,83,83,83,83,83,83,83,83,83,85,85,85,85,85,87,87,89,89,89,89,91,93,93,95,95,95,99,99,101,101,101,102,102],"card_choices":[{"not_picked":["PlaceholderMod:OHStrongAttack","PlaceholderMod:AngryAttack"],"picked":"PlaceholderMod:HardStinger","floor":1.0},{"not_picked":["Laetitia","Woodsman"],"picked":"MHz","floor":1.0},{"not_picked":["BeautyBeast","ShyLook"],"picked":"OldLady","floor":5.0},{"not_picked":["PlaceholderMod:HornyBlast","PlaceholderMod:SpinBlade"],"picked":"PlaceholderMod:PoisonExcitation","floor":5.0},{"not_picked":["PlaceholderMod:ReactionCatalyze","PlaceholderMod:AttackAsDefend"],"picked":"PlaceholderMod:AngryAttack","floor":6.0},{"not_picked":["Scorched","GalaxyChild"],"picked":"OSAHOGD","floor":6.0},{"not_picked":["WallGazer","BeautyBeast"],"picked":"QueenOfHatred","floor":10.0},{"not_picked":["PlaceholderMod:AngryAttack","PlaceholderMod:Sweep"],"picked":"PlaceholderMod:MultipleOxi","floor":10.0},{"not_picked":["WhitesApple","SilentOrchestra","CrumblingArmor"],"picked":"Singing Bowl","floor":12.0},{"not_picked":["Wellcheers","GreedKing"],"picked":"VoidDream","floor":12.0},{"not_picked":["PlaceholderMod:AttackAsDefend","PlaceholderMod:OHStrongAttack"],"picked":"PlaceholderMod:TriggerStrike","floor":12.0},{"not_picked":["BeautyBeast","UniverseFragment"],"picked":"SpiderBud","floor":14.0},{"not_picked":["PlaceholderMod:NearChange","PlaceholderMod:DissolvingSpikes"],"picked":"PlaceholderMod:HardStinger","floor":14.0},{"not_picked":["BlackArmy","MeatLantern"],"picked":"LongBird","floor":16.0},{"not_picked":["PlaceholderMod:PericyclicReaction","PlaceholderMod:MultiReaction"],"picked":"PlaceholderMod:CorePoison","floor":16.0},{"not_picked":["BigBird","HeroicMonk"],"picked":"NakedNest","floor":18.0},{"not_picked":["PlaceholderMod:Internalization+1","PlaceholderMod:HighConcentration"],"picked":"PlaceholderMod:ParasiteChange","floor":18.0},{"not_picked":["PlaceholderMod:ParasiteChange","PlaceholderMod:SpinBlade"],"picked":"PlaceholderMod:DirectingGroup+1","floor":20.0},{"not_picked":["GreedKing","PunishingBird","Scorched"],"picked":"Singing Bowl","floor":20.0},{"not_picked":["CherryBlossoms","LittlePrince"],"picked":"UniverseFragment","floor":20.0},{"not_picked":["PlaceholderMod:TriggerStrike","PlaceholderMod:Hard"],"picked":"PlaceholderMod:Internalization+1","floor":22.0},{"not_picked":["Wellcheers","Murderer"],"picked":"WallGazer","floor":22.0},{"not_picked":["PlaceholderMod:DirectingGroup","PlaceholderMod:Internalization"],"picked":"PlaceholderMod:HardStinger","floor":23.0},{"not_picked":["Bloodbath","Murderer"],"picked":"Mercenary","floor":23.0},{"not_picked":["Rudolta","GalaxyChild","QueenBee"],"picked":"Singing Bowl","floor":25.0},{"not_picked":["HappyTeddy","Scorched"],"picked":"Wellcheers","floor":25.0},{"not_picked":["PlaceholderMod:NearChange","PlaceholderMod:PericyclicReaction"],"picked":"PlaceholderMod:DiffusionChemical","floor":25.0},{"not_picked":["PlaceholderMod:Stratification","PlaceholderMod:Polyp"],"picked":"PlaceholderMod:TriggerStrike","floor":27.0},{"not_picked":["CherryBlossoms","MeatLantern"],"picked":"VoidDream","floor":27.0},{"not_picked":["FairyFestival","Freischutz"],"picked":"MeatLantern","floor":28.0},{"not_picked":["PlaceholderMod:AbsorbTouch","PlaceholderMod:PoisonBlast+1"],"picked":"PlaceholderMod:TriggerStrike","floor":28.0},{"not_picked":["Scorched","Murderer","PunishingBird"],"picked":"Singing Bowl","floor":33.0},{"not_picked":["PlaceholderMod:SelfCoupling","PlaceholderMod:Eat"],"picked":"PlaceholderMod:Activation","floor":33.0},{"not_picked":["LittleHelper","WhitesApple"],"picked":"RedShoes","floor":35.0},{"not_picked":["PlaceholderMod:Turn+1","PlaceholderMod:Polyp+1"],"picked":"PlaceholderMod:Colorful","floor":35.0},{"not_picked":["PlaceholderMod:Corrosion","PlaceholderMod:PoisonBlast"],"picked":"PlaceholderMod:NearChange+1","floor":39.0},{"not_picked":["HappyTeddy","SnowQueen","WhitesApple"],"picked":"Singing Bowl","floor":39.0},{"not_picked":["Funeral","HeroicMonk"],"picked":"SnowQueen","floor":39.0},{"not_picked":["PunishingBird","FairyFestival","Porccubus"],"picked":"Singing Bowl","floor":40.0},{"not_picked":["PlaceholderMod:SprayAttack","PlaceholderMod:DissolvingSpikes+1","PlaceholderMod:Break"],"picked":"SKIP","floor":40.0},{"not_picked":["LittleHelper","Porccubus"],"picked":"BigBadWolf","floor":42},{"not_picked":["PlaceholderMod:EvolutionSpray","PlaceholderMod:HealingAttack+1","PlaceholderMod:ComplexForm+1"],"picked":"SKIP","floor":42},{"not_picked":["WhitesApple","LittleHelper","Scarecrow"],"picked":"Singing Bowl","floor":45},{"not_picked":["BlackArmy","GalaxyChild"],"picked":"DespairKnight","floor":45},{"not_picked":["PlaceholderMod:Hyperplasia+1","PlaceholderMod:Break"],"picked":"PlaceholderMod:PoisonExcitation+1","floor":45},{"not_picked":["PlaceholderMod:SubstitutionNucleophilic1+1","PlaceholderMod:HealingAttack+1"],"picked":"PlaceholderMod:FastReaction+1","floor":47},{"not_picked":["HeroicMonk","LittleHelper"],"picked":"BodiesMountain","floor":47},{"not_picked":["Jack Of All Trades","Discovery"],"picked":"REME_WheelOfFate","floor":48}],"player_experience":557205,"relics_obtained":[{"floor":1.0,"key":"LetterFromLob"},{"floor":6.0,"key":"Meat on the Bone"},{"floor":9.0,"key":"CaptainsWheel"},{"floor":23.0,"key":"Thread and Needle"},{"floor":25.0,"key":"Darkstone Periapt"},{"floor":26.0,"key":"HornCleat"},{"floor":40.0,"key":"Ornamental Fan"},{"floor":42,"key":"Bronze Scales"},{"floor":43,"key":"Gremlin Horn"},{"floor":43,"key":"Art of War"},{"floor":45,"key":"AtMidnight"}],"event_choices":[{"damage_healed":0.0,"max_hp_gain":5.0,"max_hp_loss":0.0,"gold_gain":0.0,"event_name":"Big Fish","player_choice":"Donut","floor":2.0,"gold_loss":0.0,"damage_taken":0.0},{"damage_healed":0.0,"max_hp_gain":0.0,"max_hp_loss":0.0,"gold_gain":0.0,"event_name":"Shining Light","player_choice":"Entered Light","floor":3.0,"gold_loss":0.0,"damage_taken":17.0,"cards_upgraded":["PlaceholderMod:PoisonWhip","PlaceholderMod:BaseStrike"]},{"damage_healed":0.0,"max_hp_gain":0.0,"max_hp_loss":0.0,"gold_gain":0.0,"event_name":"Mushrooms","player_choice":"Fought Mushrooms","floor":8.0,"gold_loss":0.0,"damage_taken":0.0},{"damage_healed":0.0,"max_hp_gain":0.0,"max_hp_loss":0.0,"gold_gain":0.0,"event_name":"Lab","player_choice":"Got Potions","floor":11.0,"gold_loss":0.0,"damage_taken":0.0},{"damage_healed":0.0,"max_hp_gain":0.0,"max_hp_loss":0.0,"gold_gain":99.0,"event_name":"Nest","player_choice":"Stole From Cult","floor":21.0,"gold_loss":0.0,"damage_taken":0.0},{"cards_removed":["PlaceholderMod:StressReaction"],"damage_healed":0.0,"max_hp_gain":0.0,"max_hp_loss":0.0,"gold_gain":0.0,"event_name":"Back to Basics","player_choice":"Elegance","floor":31.0,"gold_loss":0.0,"damage_taken":0.0},{"damage_healed":0.0,"max_hp_gain":0.0,"max_hp_loss":0.0,"gold_gain":0.0,"event_name":"Winding Halls","player_choice":"Embrace Madness","floor":36.0,"gold_loss":0.0,"damage_taken":11.0,"cards_obtained":["Madness","Madness"]},{"damage_healed":0.0,"max_hp_gain":0.0,"max_hp_loss":0.0,"gold_gain":100.0,"event_name":"Golden Shrine","player_choice":"Pray","floor":37.0,"gold_loss":0.0,"damage_taken":0.0},{"damage_healed":0,"gold_gain":0,"player_choice":"Memory 1","damage_taken":0,"max_hp_gain":0,"max_hp_loss":0,"event_name":"SensoryStone","floor":48,"gold_loss":0}],"is_beta":false,"boss_relics":[{"not_picked":["Runic Pyramid","REME_DemonsWealth"],"picked":"Pandora\u0027s Box"},{"not_picked":["REME_LowDesire","Runic Dome"],"picked":"PlaceholderMod:LiveLive"}],"items_purged_floors":[13,29,38,46],"is_endless":false,"potions_floor_spawned":[1,12,14,19,20,25,28,39,42,47],"killed_by":"Awakened One","ascension_level":0}}