{"host":"sav7uxregyirlf69","time":1609548169,"event":{"mods":["AchievementEnabler","BaseMod","Colored Map","DeckTracker","Keyboard Shortcuts","Minty Spire (QoL Compilation)","READ ME - Guardian Mod","StSLib","SuperFastMode"],"gold_per_floor":[116,116,136,136,136,167,167,177,225,225,242,242,254,254,254,254,254],"floor_reached":16,"playtime":226,"items_purged":[],"score":250,"play_id":"bf3f3308-de85-4e9d-bde7-fa9c7c0892d4","local_time":"20210102094249","is_ascension_mode":true,"campfire_choices":[{"data":"Neutralize","floor":7.0,"key":"SMITH"},{"data":"Tactician","floor":10.0,"key":"SMITH"},{"data":"Calculated Gamble","floor":12.0,"key":"SMITH"},{"data":"Dagger Throw","floor":15,"key":"SMITH"}],"circlet_count":0,"master_deck":["AscendersBane","Strike_G","Strike_G","Strike_G","Strike_G","Defend_G","Defend_G","Defend_G","Defend_G","Defend_G","Survivor","Neutralize+1","Dagger Throw+1","Tactician+1","Backflip","Calculated Gamble+1"],"relics":["Ring of the Snake","NeowsBlessing","Bronze Scales","Kunai","Centennial Puzzle","Toy Ornithopter"],"acts_visited":["Exordium"],"potions_floor_usage":[13],"damage_taken":[{"damage":0.0,"enemies":"2 Louse","floor":1.0,"turns":1.0},{"damage":0.0,"enemies":"Jaw Worm","floor":3.0,"turns":1.0},{"damage":0.0,"enemies":"3 Sentries","floor":6.0,"turns":1.0},{"damage":0.0,"enemies":"Small Slimes","floor":8.0,"turns":3.0},{"damage":13.0,"enemies":"Exordium Thugs","floor":11.0,"turns":4.0},{"damage":0,"enemies":"Large Slime","floor":13,"turns":9},{"damage":23,"enemies":"Hexaghost","floor":16,"turns":9}],"seed_played":"-5365769415505010915","potions_obtained":[{"floor":6.0,"key":"PowerPotion"},{"floor":13,"key":"Explosive Potion"}],"is_trial":false,"path_per_floor":["M","?","M","?","?","E","R","M","T","R","M","R","M","T","R","B"],"character_chosen":"THE_SILENT","items_purchased":[],"campfire_rested":0,"item_purchase_floors":[],"current_hp_per_floor":[59,52,52,52,34,34,34,34,34,34,21,21,21,21,21,0,0],"gold":254,"neow_bonus":"THREE_ENEMY_KILL","is_daily":false,"chose_seed":false,"campfire_upgraded":4,"win_rate":0.0,"timestamp":1609548169,"path_taken":["M","?","M","?","?","E","R","M","T","R","M","R","M","?","R","BOSS"],"items_purchased_type":[],"build_version":"2020-12-22","purchased_purges":0,"victory":false,"max_hp_per_floor":[66,66,66,66,66,66,66,66,66,66,66,66,66,66,66,66,66],"card_choices":[{"not_picked":["Skewer","Quick Slash"],"picked":"Dagger Throw","floor":1.0},{"not_picked":["Caltrops","Dagger Spray"],"picked":"Tactician","floor":3.0},{"not_picked":["Skewer","Storm of Steel","Quick Slash"],"picked":"SKIP","floor":6.0},{"not_picked":["Dash","Endless Agony"],"picked":"Backflip","floor":8.0},{"not_picked":["Endless Agony","Underhanded Strike"],"picked":"Calculated Gamble","floor":11.0},{"not_picked":["Deadly Poison","Storm of Steel","Poisoned Stab"],"picked":"SKIP","floor":13}],"player_experience":1102163,"relics_obtained":[{"floor":6.0,"key":"Kunai"},{"floor":9.0,"key":"Centennial Puzzle"},{"floor":14,"key":"Toy Ornithopter"}],"event_choices":[{"cards_removed":["Strike_G"],"damage_healed":0.0,"max_hp_gain":0.0,"max_hp_loss":0.0,"gold_gain":0.0,"event_name":"Golden Wing","player_choice":"Card Removal","floor":2.0,"gold_loss":0.0,"damage_taken":7.0},{"damage_healed":0.0,"max_hp_gain":0.0,"max_hp_loss":0.0,"gold_gain":0.0,"event_name":"Liars Game","player_choice":"Ignored","floor":4.0,"gold_loss":0.0,"damage_taken":0.0},{"damage_healed":0.0,"max_hp_gain":0.0,"max_hp_loss":0.0,"gold_gain":0.0,"event_name":"Scrap Ooze","player_choice":"Success","floor":5.0,"gold_loss":0.0,"damage_taken":18.0,"relics_obtained":["Bronze Scales"]}],"is_beta":false,"boss_relics":[],"items_purged_floors":[],"is_endless":false,"potions_floor_spawned":[6,13],"killed_by":"Hexaghost","ascension_level":20}}