{"host":"tiwza2kisyyrpq7h","time":1609608387,"event":{"mods":["BaseMod","Colored Powertips","Minty Spire (QoL Compilation)","Quick Restart","Rare Cards Sparkle","StSLib","SuperFastMode","The Servant 0.9.4","óô»ðÖ¸ÄÏ"],"gold_per_floor":[111,129,99,112,132,163,163,190,238,250,286,177,195,236,236,331,331,347,347,272,286,286,314,314,11,37,37,48,76,118,147,147,220,220,240,240,240,259,259,293,121,154,230,275,275,275,305,305,38,63,63,63],"floor_reached":51,"playtime":2242,"items_purged":["Strike_P","Strike_P"],"score":1943,"play_id":"15da921b-2d50-4628-ace9-22a2bdf34ffc","local_time":"20210103012627","is_ascension_mode":true,"campfire_choices":[{"data":"TalkToTheHand","floor":15.0,"key":"SMITH"},{"floor":32.0,"key":"REST"},{"floor":46.0,"key":"REST"}],"circlet_count":0,"master_deck":["AscendersBane","Defend_P+1","Defend_P","Defend_P+1","Eruption","Vigilance","Halt","Wireheading","TalkToTheHand+1","LikeWater","Wireheading","LikeWater","DeusExMachina+1","DeusExMachina+1","PathToVictory+1","Judgement+1","Transmutation+1","EmptyBody+1","Discovery+1","Meditate+1","Devotion","Wireheading","Vault+1","MentalFortress","Necronomicurse","Brilliance","Wireheading+1","DeusExMachina+1","Establishment","ThirdEye+1","Devotion","Vault+1","Fasting2+1","PathToVictory+1","Apotheosis+1","Chrysalis+1","Panache","Wish+1","Enlightenment+1"],"relics":["Black Star","Darkstone Periapt","War Paint","Bag of Marbles","MawBank","Akabeko","Bloody Idol","Toxic Egg 2","Juzu Bracelet","Orrery","Pear","Orichalcum","Fusion Hammer","Nloth\u0027s Gift","PreservedInsect","Bottled Tornado","Chemical X","Vajra","Necronomicon","Bronze Scales","Omamori","Anchor","Strawberry","SlaversCollar","Blue Candle","Toy Ornithopter","Damaru","Happy Flower","Smiling Mask","Shuriken","Ice Cream","Mummified Hand","Pen Nib","Art of War"],"acts_visited":["Exordium","TheCity","TheBeyond"],"potions_floor_usage":[],"damage_taken":[{"damage":7.0,"enemies":"Cultist","floor":1.0,"turns":3.0},{"damage":12.0,"enemies":"Small Slimes","floor":2.0,"turns":5.0},{"damage":0.0,"enemies":"2 Louse","floor":4.0,"turns":4.0},{"damage":0.0,"enemies":"Blue Slaver","floor":5.0,"turns":3.0},{"damage":10.0,"enemies":"Gremlin Nob","floor":6.0,"turns":3.0},{"damage":0.0,"enemies":"Lagavulin","floor":8.0,"turns":4.0},{"damage":0.0,"enemies":"Gremlin Gang","floor":11.0,"turns":3.0},{"damage":9.0,"enemies":"Exordium Wildlife","floor":13.0,"turns":3.0},{"damage":10.0,"enemies":"3 Sentries","floor":14.0,"turns":4.0},{"damage":4.0,"enemies":"The Guardian","floor":16.0,"turns":8.0},{"damage":8.0,"enemies":"2 Thieves","floor":18.0,"turns":4.0},{"damage":0.0,"enemies":"Spheric Guardian","floor":21.0,"turns":3.0},{"damage":12.0,"enemies":"Gremlin Leader","floor":23.0,"turns":3.0},{"damage":7.0,"enemies":"Centurion and Healer","floor":28.0,"turns":3.0},{"damage":33.0,"enemies":"Book of Stabbing","floor":29.0,"turns":5.0},{"damage":15.0,"enemies":"Snecko","floor":30.0,"turns":5.0},{"damage":0.0,"enemies":"Gremlin Leader","floor":31.0,"turns":2.0},{"damage":11.0,"enemies":"Champ","floor":33.0,"turns":9.0},{"damage":32.0,"enemies":"3 Darklings","floor":35.0,"turns":6.0},{"damage":10.0,"enemies":"Orb Walker","floor":38.0,"turns":4.0},{"damage":0.0,"enemies":"Giant Head","floor":40.0,"turns":6.0},{"damage":0.0,"enemies":"Nemesis","floor":42.0,"turns":4.0},{"damage":28.0,"enemies":"2 Orb Walkers","floor":44.0,"turns":4.0},{"damage":0.0,"enemies":"Reptomancer","floor":47.0,"turns":4.0},{"damage":67.0,"enemies":"Donu and Deca","floor":50.0,"turns":9.0},{"damage":28,"enemies":"Awakened One","floor":51,"turns":2}],"seed_played":"9055195846864293791","potions_obtained":[{"floor":3.0,"key":"PowerPotion"},{"floor":3.0,"key":"EntropicBrew"},{"floor":8.0,"key":"Regen Potion"},{"floor":16.0,"key":"BlessingOfTheForge"},{"floor":23.0,"key":"Weak Potion"},{"floor":29.0,"key":"SteroidPotion"},{"floor":33.0,"key":"Energy Potion"},{"floor":35.0,"key":"AttackPotion"},{"floor":42.0,"key":"EntropicBrew"},{"floor":44.0,"key":"Block Potion"}],"is_trial":false,"path_per_floor":["M","M","?","M","M","E","?","E","T","?","M","$","M","E","R","B",null,"M","?","?","M","?","E","?","R","T","?","M","E","M","E","R","B",null,"M","?","?","M","?","E","R","E","T","?","?","R","E","?","R","B","B"],"character_chosen":"WATCHER","items_purchased":["LikeWater","Swift Potion","Toxic Egg 2","Juzu Bracelet","DeusExMachina+1","Orrery","Transmutation+1","EmptyBody+1","Discovery+1","Chemical X","MentalFortress","Damaru","Art of War","Enlightenment+1"],"campfire_rested":2,"item_purchase_floors":[12,12,12,12,12,12,12,12,12,25,25,41,49,49],"current_hp_per_floor":[54,42,42,42,42,32,32,32,32,32,32,32,23,35,35,31,62,54,54,54,54,54,47,72,72,72,57,55,27,22,34,59,53,77,50,50,50,45,45,50,50,55,60,66,56,81,85,85,85,23,0,0],"gold":63,"neow_bonus":"BOSS_RELIC","is_daily":false,"chose_seed":false,"campfire_upgraded":1,"win_rate":0.0,"timestamp":1609608387,"path_taken":["M","?","?","?","M","E","?","E","T","?","M","?","M","E","R","BOSS","M","?","?","M","?","E","?","R","T","?","M","E","M","E","R","BOSS","M","?","?","M","?","E","R","E","T","?","?","R","E","?","R","BOSS","BOSS"],"items_purchased_type":["Card","Potion","Relic","Relic","Card","Relic","Card","Card","Card","Relic","Card","Relic","Relic","Card"],"build_version":"2020-12-22","purchased_purges":2,"victory":false,"max_hp_per_floor":[68,68,68,68,68,68,68,68,68,62,62,62,62,72,72,72,72,72,72,72,72,72,72,72,72,72,78,78,78,78,85,85,85,85,85,85,85,85,85,85,85,85,85,85,85,85,85,85,85,85,85,85],"card_choices":[{"not_picked":["Prostrate","ReachHeaven"],"picked":"BowlingBash","floor":1.0},{"not_picked":["SashWhip","FlyingSleeves"],"picked":"Weave","floor":2.0},{"not_picked":["Consecrate","ClearTheMind"],"picked":"Halt","floor":4.0},{"not_picked":["Halt","PathToVictory"],"picked":"Wireheading","floor":5.0},{"not_picked":["FearNoEvil","SashWhip"],"picked":"TalkToTheHand","floor":6.0},{"not_picked":["WheelKick","CarveReality"],"picked":"LikeWater","floor":8.0},{"not_picked":["Vengeance","SashWhip"],"picked":"Wireheading","floor":11.0},{"not_picked":["Worship+1","Prostrate+1"],"picked":"DeusExMachina+1","floor":12.0},{"not_picked":["SpiritShield+1","Crescendo+1"],"picked":"PathToVictory+1","floor":12.0},{"not_picked":["JustLucky","BowlingBash"],"picked":"Judgement+1","floor":12.0},{"not_picked":["BowlingBash","CutThroughFate","SignatureMove"],"picked":"SKIP","floor":13.0},{"not_picked":["Halt+1","ThirdEye+1"],"picked":"Meditate+1","floor":14.0},{"not_picked":["DeusExMachina+1","Blasphemy+1"],"picked":"Devotion","floor":16.0},{"not_picked":["Meditate+1","FearNoEvil"],"picked":"Wireheading","floor":18.0},{"not_picked":["Prostrate+1","FlyingSleeves","SandsOfTime"],"picked":"SKIP","floor":21.0},{"not_picked":["MasterReality","Omniscience+1"],"picked":"Vault+1","floor":23.0},{"not_picked":["SashWhip","Brilliance","CrushJoints"],"picked":"SKIP","floor":28.0},{"not_picked":["Nirvana","JustLucky"],"picked":"Brilliance","floor":29.0},{"not_picked":["Protect+1","ThirdEye+1"],"picked":"Wireheading+1","floor":30.0},{"not_picked":["Perseverance+1","ForeignInfluence+1"],"picked":"DeusExMachina+1","floor":31.0},{"not_picked":["Alpha+1","Vault+1"],"picked":"Establishment","floor":33.0},{"not_picked":["WindmillStrike","EmptyBody+1","EmptyFist"],"picked":"SKIP","floor":35.0},{"not_picked":["PathToVictory+1","Sanctity+1"],"picked":"Devotion","floor":38.0},{"not_picked":["EmptyBody+1","Alpha+1"],"picked":"Fasting2+1","floor":40.0},{"not_picked":["LessonLearned","Blasphemy+1"],"picked":"PathToVictory+1","floor":42.0},{"not_picked":["PanicButton+1","Transmutation+1"],"picked":"Apotheosis+1","floor":45.0},{"not_picked":["Impatience+1","Forethought+1"],"picked":"Chrysalis+1","floor":45.0},{"not_picked":["Jack Of All Trades+1","Blind+1"],"picked":"Panache","floor":45.0},{"not_picked":["CutThroughFate","Alpha+1"],"picked":"Wish+1","floor":47.0}],"player_experience":933218,"relics_obtained":[{"floor":6.0,"key":"Darkstone Periapt"},{"floor":6.0,"key":"Matryoshka"},{"floor":8.0,"key":"War Paint"},{"floor":8.0,"key":"Bag of Marbles"},{"floor":9.0,"key":"MawBank"},{"floor":9.0,"key":"Akabeko"},{"floor":14.0,"key":"Pear"},{"floor":14.0,"key":"Orichalcum"},{"floor":23.0,"key":"PreservedInsect"},{"floor":23.0,"key":"Bottled Tornado"},{"floor":26.0,"key":"Vajra"},{"floor":27.0,"key":"Necronomicon"},{"floor":29.0,"key":"Bronze Scales"},{"floor":29.0,"key":"Omamori"},{"floor":31.0,"key":"Anchor"},{"floor":31.0,"key":"Strawberry"},{"floor":40.0,"key":"Blue Candle"},{"floor":40.0,"key":"Toy Ornithopter"},{"floor":42.0,"key":"Happy Flower"},{"floor":42.0,"key":"Smiling Mask"},{"floor":43.0,"key":"Shuriken"},{"floor":44.0,"key":"Ice Cream"},{"floor":47.0,"key":"Mummified Hand"},{"floor":47.0,"key":"Pen Nib"}],"event_choices":[{"damage_healed":0.0,"max_hp_gain":0.0,"max_hp_loss":0.0,"gold_gain":0.0,"event_name":"The Woman in Blue","player_choice":"Bought 2 Potions","floor":3.0,"gold_loss":0.0,"damage_taken":0.0},{"damage_healed":0.0,"max_hp_gain":0.0,"max_hp_loss":0.0,"gold_gain":0.0,"event_name":"Dead Adventurer","player_choice":"Searched \u00270\u0027 times","floor":7.0,"gold_loss":0.0,"damage_taken":0.0},{"damage_healed":0.0,"max_hp_gain":0.0,"max_hp_loss":6.0,"gold_gain":0.0,"event_name":"Golden Idol","player_choice":"Lose Max HP","floor":10.0,"gold_loss":0.0,"damage_taken":0.0,"relics_obtained":["Golden Idol"]},{"damage_healed":0.0,"max_hp_gain":0.0,"max_hp_loss":0.0,"gold_gain":0.0,"event_name":"N\u0027loth","player_choice":"Traded Relic","floor":19.0,"relics_lost":["Matryoshka"],"gold_loss":0.0,"damage_taken":0.0,"relics_obtained":["Nloth\u0027s Gift"]},{"cards_removed":["Strike_P"],"damage_healed":0.0,"max_hp_gain":0.0,"max_hp_loss":0.0,"gold_gain":0.0,"event_name":"Beggar","player_choice":"Gave Gold","floor":20.0,"gold_loss":75.0,"damage_taken":0.0},{"damage_healed":0.0,"max_hp_gain":0.0,"max_hp_loss":0.0,"gold_gain":0.0,"event_name":"Forgotten Altar","player_choice":"Gave Idol","floor":22.0,"relics_lost":["Golden Idol"],"gold_loss":0.0,"damage_taken":0.0,"relics_obtained":["Bloody Idol"]},{"cards_removed":["Weave"],"damage_healed":25.0,"max_hp_gain":0.0,"max_hp_loss":0.0,"gold_gain":0.0,"event_name":"Bonfire Elementals","player_choice":"Offered Uncommon","floor":24.0,"gold_loss":0.0,"damage_taken":0.0},{"damage_healed":0.0,"max_hp_gain":0.0,"max_hp_loss":0.0,"gold_gain":0.0,"event_name":"Cursed Tome","player_choice":"Obtained Book","floor":27.0,"gold_loss":0.0,"damage_taken":21.0},{"damage_healed":0.0,"max_hp_gain":0.0,"max_hp_loss":0.0,"gold_gain":0.0,"cards_transformed":["Strike_P"],"event_name":"Transmorgrifier","player_choice":"Transformed","floor":36.0,"gold_loss":0.0,"damage_taken":0.0,"cards_obtained":["ThirdEye"]},{"cards_removed":["Defend_P"],"damage_healed":0.0,"max_hp_gain":0.0,"max_hp_loss":0.0,"gold_gain":0.0,"event_name":"Purifier","player_choice":"Purged","floor":37.0,"gold_loss":0.0,"damage_taken":0.0},{"damage_healed":0.0,"max_hp_gain":0.0,"max_hp_loss":0.0,"gold_gain":0.0,"event_name":"Duplicator","player_choice":"Copied","floor":39.0,"gold_loss":0.0,"damage_taken":0.0,"cards_obtained":["Vault"]},{"damage_healed":0.0,"max_hp_gain":0.0,"max_hp_loss":0.0,"gold_gain":0.0,"event_name":"Mysterious Sphere","player_choice":"Fight","floor":44.0,"gold_loss":0.0,"damage_taken":0.0},{"damage_healed":0.0,"max_hp_gain":0.0,"max_hp_loss":0.0,"gold_gain":0.0,"event_name":"SensoryStone","player_choice":"Memory 3","floor":45.0,"gold_loss":0.0,"damage_taken":10.0},{"cards_removed":["BowlingBash"],"damage_healed":0.0,"max_hp_gain":0.0,"max_hp_loss":0.0,"gold_gain":0.0,"event_name":"Falling","player_choice":"Removed Attack","floor":48.0,"gold_loss":0.0,"damage_taken":0.0}],"is_beta":false,"boss_relics":[{"not_picked":["Busted Crown","Snecko Eye"],"picked":"Fusion Hammer"},{"not_picked":["Tiny House","Runic Pyramid"],"picked":"SlaversCollar"}],"items_purged_floors":[12,25],"is_endless":false,"potions_floor_spawned":[4,5,8,13,16,23,29,33,35,42,44],"killed_by":"Awakened One","ascension_level":20}}