{"host":"pfy6u49v5s5r680p","time":1609545787,"event":{"mods":["BaseMod","Colored Map","DeckTracker","Highlight Path","Keyboard Shortcuts","Minty Spire (QoL Compilation)","Permanent Neow","Quick Restart","StSLib","SuperFastMode","everything is the same but u backflip on backflip"],"gold_per_floor":[118,135,146,162,87,87,37,37,37,37,37,66,80,113,113,212,212,226,226,126,136,11,40,52,75,135,147,175,206,229,255,267,383,395,417,429,459,491,521,533,573,605,617,639,668,387,387,403,403,403],"floor_reached":51,"playtime":3631,"items_purged":["Strike_P","Strike_P","Strike_P","Strike_P"],"score":765,"play_id":"b043e700-080f-4628-9c8b-eb44b2b34364","local_time":"20210102090307","is_ascension_mode":false,"campfire_choices":[{"data":"Eruption","floor":6.0,"key":"SMITH"},{"data":"FlurryOfBlows","floor":8.0,"key":"SMITH"},{"data":"Vigilance","floor":10.0,"key":"SMITH"},{"data":"Judgement","floor":15.0,"key":"SMITH"},{"data":"Scrawl","floor":24.0,"key":"SMITH"},{"data":"Adaptation","floor":32.0,"key":"SMITH"},{"data":"Scrawl","floor":40.0,"key":"SMITH"},{"data":"InnerPeace","floor":47,"key":"SMITH"},{"data":"Tantrum","floor":49,"key":"SMITH"}],"circlet_count":0,"master_deck":["Defend_P+1","Defend_P+1","Defend_P","Eruption+1","Vigilance+1","FlurryOfBlows+1","Judgement+1","Scrawl+1","FollowUp+1","DeusExMachina+1","Adaptation+1","Scrawl+1","Tantrum+1","BattleHymn+1","InnerPeace+1","EmptyFist+1"],"relics":["HolyWater","PreservedInsect","Bottled Flame","Mango","MawBank","Regal Pillow","SlaversCollar","Ornamental Fan","Toy Ornithopter","Pantograph","Membership Card","War Paint"],"acts_visited":["Exordium","TheCity","TheBeyond"],"potions_floor_usage":[44,50,50],"damage_taken":[{"damage":3.0,"enemies":"Small Slimes","floor":1.0,"turns":3.0},{"damage":10.0,"enemies":"Cultist","floor":2.0,"turns":4.0},{"damage":1.0,"enemies":"Jaw Worm","floor":3.0,"turns":5.0},{"damage":6.0,"enemies":"Blue Slaver","floor":4.0,"turns":9.0},{"damage":3.0,"enemies":"Lagavulin","floor":12.0,"turns":5.0},{"damage":0.0,"enemies":"Lots of Slimes","floor":13.0,"turns":3.0},{"damage":0.0,"enemies":"Gremlin Nob","floor":14.0,"turns":2.0},{"damage":22.0,"enemies":"The Guardian","floor":16.0,"turns":11.0},{"damage":0.0,"enemies":"3 Byrds","floor":18.0,"turns":2.0},{"damage":0.0,"enemies":"Shell Parasite","floor":21.0,"turns":1.0},{"damage":0.0,"enemies":"Gremlin Leader","floor":23.0,"turns":1.0},{"damage":0.0,"enemies":"Snecko","floor":25.0,"turns":2.0},{"damage":0.0,"enemies":"Centurion and Healer","floor":28.0,"turns":2.0},{"damage":0.0,"enemies":"3 Cultists","floor":29.0,"turns":2.0},{"damage":4.0,"enemies":"Snake Plant","floor":30.0,"turns":2.0},{"damage":21.0,"enemies":"Centurion and Healer","floor":31.0,"turns":3.0},{"damage":46.0,"enemies":"Automaton","floor":33.0,"turns":8.0},{"damage":0.0,"enemies":"3 Darklings","floor":35.0,"turns":2.0},{"damage":5.0,"enemies":"Orb Walker","floor":37.0,"turns":2.0},{"damage":0.0,"enemies":"Transient","floor":38.0,"turns":5.0},{"damage":0.0,"enemies":"Spire Growth","floor":39.0,"turns":2.0},{"damage":0.0,"enemies":"Reptomancer","floor":41.0,"turns":1.0},{"damage":0.0,"enemies":"Maw","floor":42.0,"turns":3.0},{"damage":0,"enemies":"Writhing Mass","floor":44,"turns":2},{"damage":16,"enemies":"Jaw Worm Horde","floor":45,"turns":3},{"damage":0,"enemies":"Transient","floor":48,"turns":5},{"damage":72,"enemies":"Awakened One","floor":50,"turns":4}],"seed_played":"5159256063487386645","potions_obtained":[{"floor":1.0,"key":"SpeedPotion"},{"floor":2.0,"key":"Dexterity Potion"},{"floor":13.0,"key":"EssenceOfSteel"},{"floor":18.0,"key":"Regen Potion"},{"floor":21.0,"key":"ColorlessPotion"},{"floor":25.0,"key":"BlessingOfTheForge"},{"floor":35.0,"key":"SpeedPotion"},{"floor":41.0,"key":"FearPotion"},{"floor":44,"key":"LiquidMemories"},{"floor":45,"key":"DuplicationPotion"}],"is_trial":false,"path_per_floor":["M","M","M","M","$","R","?","R","T","R","$","E","M","E","R","B",null,"M","?","$","M","$","E","R","M","T","?","M","M","M","M","R","B",null,"M","T","M","M","M","R","E","M","T","M","M","$","R","M","R","B",null],"character_chosen":"WATCHER","items_purchased":["Membership Card","War Paint"],"campfire_rested":0,"item_purchase_floors":[46,46],"current_hp_per_floor":[69,59,58,52,52,52,52,52,52,52,52,49,49,63,63,41,86,86,86,86,86,86,86,86,86,86,86,86,86,82,61,61,15,86,86,86,81,81,81,81,81,81,81,86,70,70,70,70,70,14],"gold":403,"neow_bonus":"THREE_CARDS","is_daily":false,"chose_seed":false,"campfire_upgraded":9,"win_rate":0.0,"timestamp":1609545787,"path_taken":["M","M","M","M","$","R","?","R","T","R","$","E","M","E","R","BOSS","M","?","$","M","$","E","R","M","T","?","M","M","M","M","R","BOSS","M","?","M","M","M","R","E","M","T","M","M","$","R","M","R","BOSS"],"items_purchased_type":["Relic","Relic"],"build_version":"2020-12-22","purchased_purges":4,"victory":true,"max_hp_per_floor":[72,72,72,72,72,72,72,72,72,72,72,72,72,86,86,86,86,86,86,86,86,86,86,86,86,86,86,86,86,86,86,86,86,86,86,86,86,86,86,86,86,86,86,86,86,86,86,86,86,86],"card_choices":[{"not_picked":["Sanctity","ThirdEye","Conclude"],"picked":"SKIP","floor":1.0},{"not_picked":["CutThroughFate","PathToVictory","Prostrate"],"picked":"SKIP","floor":2.0},{"not_picked":["InnerPeace","WheelKick","JustLucky"],"picked":"SKIP","floor":3.0},{"not_picked":["Evaluate","PathToVictory"],"picked":"FlurryOfBlows","floor":4.0},{"not_picked":["Protect","Blasphemy"],"picked":"Judgement","floor":12.0},{"not_picked":["ThirdEye","Nirvana","Consecrate"],"picked":"SKIP","floor":13.0},{"not_picked":["ThirdEye","Nirvana","Consecrate"],"picked":"SKIP","floor":13.0},{"not_picked":["EmptyBody","BowlingBash","Nirvana"],"picked":"SKIP","floor":14.0},{"not_picked":["Omniscience","LessonLearned"],"picked":"Scrawl","floor":16.0},{"not_picked":["EmptyBody","Prostrate"],"picked":"FollowUp+1","floor":18.0},{"not_picked":["EmptyBody","Pray+1","Tantrum"],"picked":"SKIP","floor":21.0},{"not_picked":["EmptyFist","TalkToTheHand+1"],"picked":"DeusExMachina","floor":23.0},{"not_picked":["CutThroughFate+1","ClearTheMind","BowlingBash"],"picked":"SKIP","floor":25.0},{"not_picked":["Weave","Prostrate+1"],"picked":"Adaptation","floor":28.0},{"not_picked":["CarveReality","Fasting2","BowlingBash"],"picked":"SKIP","floor":29.0},{"not_picked":["ClearTheMind+1","Halt","Vengeance+1"],"picked":"SKIP","floor":30.0},{"not_picked":["Pray","WreathOfFlame","Vengeance"],"picked":"SKIP","floor":31.0},{"not_picked":["Ragnarok","ConjureBlade"],"picked":"Scrawl","floor":33.0},{"not_picked":["Protect","Sanctity+1"],"picked":"Tantrum","floor":35.0},{"not_picked":["EmptyBody","CutThroughFate+1"],"picked":"BattleHymn+1","floor":37.0},{"not_picked":["ClearTheMind+1","Crescendo"],"picked":"InnerPeace","floor":38.0},{"not_picked":["DeceiveReality","Crescendo"],"picked":"EmptyFist+1","floor":39.0},{"not_picked":["ThirdEye","Establishment","BowlingBash"],"picked":"SKIP","floor":41.0},{"not_picked":["FlyingSleeves+1","Crescendo","Worship"],"picked":"SKIP","floor":42.0},{"not_picked":["CutThroughFate","SashWhip+1","FlyingSleeves+1"],"picked":"SKIP","floor":44},{"not_picked":["SashWhip+1","CutThroughFate","JustLucky"],"picked":"SKIP","floor":45},{"not_picked":["Wallop+1","SashWhip","Protect+1"],"picked":"SKIP","floor":48}],"player_experience":97469,"relics_obtained":[{"floor":9.0,"key":"PreservedInsect"},{"floor":12.0,"key":"Bottled Flame"},{"floor":14.0,"key":"Mango"},{"floor":23.0,"key":"MawBank"},{"floor":26.0,"key":"Regal Pillow"},{"floor":36.0,"key":"Ornamental Fan"},{"floor":41.0,"key":"Toy Ornithopter"},{"floor":43.0,"key":"Pantograph"}],"event_choices":[{"cards_removed":["Defend_P"],"damage_healed":0.0,"max_hp_gain":0.0,"max_hp_loss":0.0,"gold_gain":0.0,"event_name":"The Cleric","player_choice":"Card Removal","floor":7.0,"gold_loss":50.0,"damage_taken":0.0},{"damage_healed":0.0,"max_hp_gain":0.0,"max_hp_loss":0.0,"gold_gain":0.0,"event_name":"Vampires","player_choice":"Ignored","floor":19.0,"gold_loss":0.0,"damage_taken":0.0},{"damage_healed":0.0,"max_hp_gain":0.0,"max_hp_loss":0.0,"gold_gain":0.0,"event_name":"Accursed Blacksmith","player_choice":"Forge","floor":27.0,"gold_loss":0.0,"damage_taken":0.0,"cards_upgraded":["DeusExMachina"]}],"is_beta":false,"boss_relics":[{"not_picked":["Tiny House","Velvet Choker"],"picked":"HolyWater"},{"not_picked":["Snecko Eye","Cursed Key"],"picked":"SlaversCollar"}],"items_purged_floors":[5,20,22,46],"is_endless":false,"potions_floor_spawned":[1,2,13,18,21,25,35,41,44,45],"ascension_level":0}}