{"host":"w9yruvs4bqht6bhw","time":1609546057,"event":{"mods":["BaseMod","Colored Powertips","Minty Spire (QoL Compilation)"],"gold_per_floor":[16,16,30,48,48,75,86,86,110,122,134,160,172,55,55,155,205,225,245,245,545,562,562,562,562],"floor_reached":24,"playtime":656,"items_purged":[],"score":245,"play_id":"9266a0ab-d82e-408b-925a-49d5a13d26be","local_time":"20210101190737","is_ascension_mode":true,"campfire_choices":[{"data":"Rampage","floor":8,"key":"SMITH"},{"data":"Flex","floor":10,"key":"SMITH"},{"data":"Bash","floor":13,"key":"SMITH"},{"data":"Inflame","floor":15,"key":"SMITH"},{"floor":23,"key":"REST"}],"circlet_count":0,"master_deck":["Strike_R+1","Strike_R","Strike_R","Strike_R","Defend_R","Defend_R","Defend_R","Defend_R","Bash+1","Clash+1","Pommel Strike","Iron Wave","Rampage+1","Flex+1","Cleave","Anger","Inflame+1","Flex","Berserk","Shrug It Off","Spot Weakness","Clash","Shrug It Off","Twin Strike"],"relics":["Burning Blood","TungstenRod","Dream Catcher","MawBank","Omamori","Tiny House","Old Coin"],"acts_visited":["Exordium","TheCity"],"potions_floor_usage":[6,19],"damage_taken":[{"damage":1,"enemies":"Jaw Worm","floor":1,"turns":3},{"damage":5,"enemies":"2 Louse","floor":3,"turns":3},{"damage":0,"enemies":"Cultist","floor":4,"turns":2},{"damage":17,"enemies":"Gremlin Nob","floor":6,"turns":4},{"damage":0,"enemies":"Looter","floor":7,"turns":3},{"damage":0,"enemies":"3 Louse","floor":12,"turns":2},{"damage":41,"enemies":"Hexaghost","floor":16,"turns":7},{"damage":18,"enemies":"Shell Parasite","floor":18,"turns":5},{"damage":20,"enemies":"3 Byrds","floor":19,"turns":4},{"damage":30,"enemies":"Snake Plant","floor":22,"turns":3},{"damage":54,"enemies":"Centurion and Healer","floor":24,"turns":4}],"seed_played":"-5723402871713062180","potions_obtained":[{"floor":1,"key":"Weak Potion"},{"floor":3,"key":"Dexterity Potion"},{"floor":16,"key":"SteroidPotion"},{"floor":17,"key":"LiquidMemories"}],"is_trial":false,"path_per_floor":["M","?","M","M","?","E","M","R","T","R","?","M","R","$","R","B",null,"M","M","?","T","M","R","M"],"character_chosen":"IRONCLAD","items_purchased":["Inflame","Flex"],"campfire_rested":1,"item_purchase_floors":[14,14],"current_hp_per_floor":[80,80,80,80,80,69,75,75,75,75,70,76,76,76,76,41,75,63,49,49,49,25,50,0,0],"gold":562,"neow_bonus":"ONE_RARE_RELIC","is_daily":false,"chose_seed":false,"campfire_upgraded":4,"win_rate":0.0,"timestamp":1609546057,"path_taken":["M","?","M","M","?","E","?","R","T","R","?","M","R","$","R","BOSS","M","M","?","?","M","R","M"],"items_purchased_type":["Card","Card"],"build_version":"2020-12-22","purchased_purges":0,"victory":false,"max_hp_per_floor":[80,80,80,80,80,80,80,80,80,80,80,80,80,80,80,80,85,85,85,85,85,85,85,85,85],"card_choices":[{"not_picked":["Dual Wield","Blood for Blood"],"picked":"Clash","floor":1},{"not_picked":["Thunderclap","Iron Wave"],"picked":"Pommel Strike","floor":3},{"not_picked":["Anger","Thunderclap"],"picked":"Iron Wave","floor":4},{"not_picked":["Heavy Blade","Perfected Strike"],"picked":"Flex","floor":6},{"not_picked":["Dual Wield","Anger"],"picked":"Cleave","floor":7},{"not_picked":["Clothesline","Flex"],"picked":"Anger","floor":12},{"not_picked":["Reaper","Immolate"],"picked":"Berserk","floor":16},{"not_picked":["Headbutt","Flex"],"picked":"Shrug It Off","floor":17},{"not_picked":["True Grit","Iron Wave"],"picked":"Spot Weakness","floor":18},{"not_picked":["Thunderclap+1","Pummel"],"picked":"Clash","floor":19},{"not_picked":["True Grit","Cleave"],"picked":"Shrug It Off","floor":22},{"not_picked":["Rupture+1","Flex"],"picked":"Twin Strike","floor":23}],"player_experience":240657,"relics_obtained":[{"floor":6,"key":"Dream Catcher"},{"floor":9,"key":"MawBank"},{"floor":21,"key":"Old Coin"}],"event_choices":[{"damage_healed":0,"gold_gain":0,"player_choice":"Grow","damage_taken":0,"max_hp_gain":0,"max_hp_loss":0,"event_name":"Living Wall","floor":2,"gold_loss":0,"cards_upgraded":["Clash"]},{"damage_healed":0,"gold_gain":0,"cards_transformed":["Strike_R"],"player_choice":"Transformed","damage_taken":0,"max_hp_gain":0,"max_hp_loss":0,"event_name":"Transmorgrifier","floor":5,"gold_loss":0,"cards_obtained":["Rampage"]},{"damage_healed":0,"gold_gain":0,"player_choice":"Success","damage_taken":7,"relics_obtained":["Omamori"],"max_hp_gain":0,"max_hp_loss":0,"event_name":"Scrap Ooze","floor":11,"gold_loss":0},{"damage_healed":0,"gold_gain":0,"player_choice":"Ignored","damage_taken":0,"max_hp_gain":0,"max_hp_loss":0,"event_name":"Ghosts","floor":20,"gold_loss":0}],"is_beta":false,"boss_relics":[{"not_picked":["Runic Dome","Velvet Choker"],"picked":"Tiny House"}],"items_purged_floors":[],"is_endless":false,"potions_floor_spawned":[1,3,16],"killed_by":"Centurion and Healer","ascension_level":5}}