{"host":"0azimyi6n3ugndj4","time":1609612574,"event":{"mods":["2.2 Compatiblity","BaseMod","Bestiary","Conspire","Curses Come First","Defuse TimeMaze Blight","Hermit","Hyrulean Relics","Infinite Spire","Minty Spire (QoL Compilation)","Relic Stats","Replay The Spire","StSLib","SuperFastMode","The Cursed","Uncapped","¡¼?Úª?ø«¡½REMEMod"],"gold_per_floor":[138,138,138,195,237,237,237,330,357,402,68,68,68,68],"floor_reached":13,"playtime":209,"items_purged":[],"score":291,"play_id":"56b83335-999b-49bf-970e-2e4194d2e969","local_time":"20210103033614","daily_mods":["SealedDeck","Hoarder","Insanity","Chimera","Specialized","Vintage","ControlledChaos","Allstar","Diverse","Colorless Cards","Heirloom","Time Dilation","Flight","Elite Swarm","Lethality","Midas","Binary"],"is_ascension_mode":true,"campfire_choices":[{"floor":6,"key":"REST"}],"circlet_count":0,"master_deck":["Demon Form","Wraith Form v2","Echo Form","DevaForm","AscendersBane","Bash","Survivor","Zap","Strike_R","Strike_G","Strike_B","Defend_R","Defend_G","Defend_P","Heavy Blade","hermit:Coalescence","Beam Cell","Hidden Blade","All Out Attack","TheCursedMod:ManaBullet","Underhanded Strike","Clothesline","Scrape","Compile Driver","Twin Strike","Blizzard","Distraction","TheCursedMod:RavingStaff","ReplayTheSpireMod:Trickstab","Prepared","Pommel Strike","Backflip","hermit:Roulette","Shockwave","ThirdEye","hermit:Ricochet","TheCursedMod:CursedBlade","Dagger Spray","Metallicize","TheCursedMod:TroublousMinions","hermit:SprayPray","Terror","REME_FearOfPain","Replay:Poison Smokescreen","hermit:CalledShot","Dagger Throw","hermit:Headshot","Gash","hermit:TrackingShot","True Grit","Dagger Throw","FollowUp","TheCursedMod:SurpriseAttack","Turbo","Clothesline","hermit:TrackingShot","CutThroughFate","BasicCrystalCard","InnerPeace","hermit:Snipe","EmptyFist","hermit:WideOpen","Replay:Undeath\u0027s Touch","TheCursedMod:CursedShiv","Well Laid Plans","Well Laid Plans","Well Laid Plans","Well Laid Plans","Well Laid Plans","Well Laid Plans","Well Laid Plans","Well Laid Plans","Well Laid Plans","Well Laid Plans","Well Laid Plans","Well Laid Plans","Well Laid Plans","Well Laid Plans","Well Laid Plans","Quick Slash","Quick Slash","Quick Slash","Life Link","Life Link","Life Link","Wallop","Wallop","Wallop","ReplayTheSpireMod:Corrosion Curse","ReplayTheSpireMod:Corrosion Curse","ReplayTheSpireMod:Corrosion Curse","Glacier","Glacier","Glacier","Flex","Flex","Flex","Deadly Poison","Deadly Poison","Deadly Poison","Bane","Bane","Bane","Consume","Consume","Consume","ReplayTheSpireMod:Private Reserves","ReplayTheSpireMod:Private Reserves","ReplayTheSpireMod:Private Reserves","DevaForm","DevaForm","DevaForm","Choke","Choke","Choke","hermit:Roulette","hermit:Roulette","hermit:Roulette","TheCursedMod:CursedWand","TheCursedMod:CursedWand","TheCursedMod:CursedWand"],"relics":["TheCursedMod:BlackMagic101","Frozen Eye","Busted Crown","REME_ComplimentaryCards","Ice Cream","REME_HandOfSuture","Matryoshka","infinitespire:Satchel","zeldaRelics:CourageTriforce","Centennial Puzzle","TungstenRod"],"acts_visited":["Exordium"],"potions_floor_usage":[13],"damage_taken":[{"damage":10,"enemies":"2 Louse","floor":1,"turns":4},{"damage":0,"enemies":"Cultist","floor":4,"turns":3},{"damage":9,"enemies":"Jaw Worm","floor":5,"turns":2},{"damage":46,"enemies":"Lagavulin","floor":8,"turns":4},{"damage":0,"enemies":"Red Slaver","floor":10,"turns":1},{"damage":24,"enemies":"3 Sentries","floor":13,"turns":2}],"seed_played":"-352569078886743856","potions_obtained":[{"floor":4,"key":"Dexterity Potion"}],"is_trial":true,"path_per_floor":["M","$","?","M","M","R","?","E","T","M","$","$","E"],"character_chosen":"THE_CURSED","items_purchased":["TungstenRod"],"campfire_rested":1,"item_purchase_floors":[11],"current_hp_per_floor":[54,54,54,54,45,66,66,20,20,20,20,20,0,0],"gold":68,"neow_bonus":"","is_daily":false,"chose_seed":false,"campfire_upgraded":0,"win_rate":0.0,"timestamp":1609612574,"path_taken":["M","$","?","?","?","R","?","E","T","?","?","$","E"],"items_purchased_type":["Relic"],"build_version":"2020-12-22","purchased_purges":0,"victory":false,"max_hp_per_floor":[71,71,71,71,71,71,71,71,71,71,71,71,71,71],"relic_stats":{"Centennial Puzzle":[3],"Busted Crown":2,"counters":[6,16],"obtain_stats":[{"Ice Cream":0,"TheCursedMod:BlackMagic101":0,"Frozen Eye":0,"Centennial Puzzle":10,"Busted Crown":0,"Matryoshka":4,"infinitespire:Satchel":5,"REME_HandOfSuture":1,"zeldaRelics:CouragePiece":8,"zeldaRelics:CourageTriforce":9,"TungstenRod":11,"REME_ComplimentaryCards":0},{"Ice Cream":0,"TheCursedMod:BlackMagic101":0,"Frozen Eye":0,"Centennial Puzzle":5,"Busted Crown":0,"Matryoshka":2,"infinitespire:Satchel":3,"REME_HandOfSuture":1,"zeldaRelics:CouragePiece":4,"zeldaRelics:CourageTriforce":4,"TungstenRod":5,"REME_ComplimentaryCards":0},{"Ice Cream":0,"TheCursedMod:BlackMagic101":0,"Frozen Eye":0,"Centennial Puzzle":14,"Busted Crown":0,"Matryoshka":7,"infinitespire:Satchel":9,"REME_HandOfSuture":4,"zeldaRelics:CouragePiece":13,"zeldaRelics:CourageTriforce":13,"TungstenRod":14,"REME_ComplimentaryCards":0}],"TungstenRod":2},"card_choices":[],"player_experience":1502614,"relics_obtained":[{"floor":1,"key":"REME_HandOfSuture"},{"floor":4,"key":"Matryoshka"},{"floor":5,"key":"infinitespire:Satchel"},{"floor":8,"key":"zeldaRelics:CouragePiece"},{"floor":9,"key":"zeldaRelics:CouragePiece"},{"floor":9,"key":"zeldaRelics:CouragePiece"},{"floor":10,"key":"Centennial Puzzle"}],"event_choices":[{"damage_healed":0,"gold_gain":0,"cards_transformed":["Eruption"],"player_choice":"Transformed","damage_taken":0,"max_hp_gain":0,"max_hp_loss":0,"event_name":"Transmorgrifier","floor":3,"gold_loss":0,"cards_obtained":["Choke"]},{"damage_healed":0,"gold_gain":0,"player_choice":"2 cards matched","damage_taken":0,"max_hp_gain":0,"max_hp_loss":0,"event_name":"Match and Keep!","floor":7,"gold_loss":0,"cards_obtained":["hermit:Roulette","TheCursedMod:CursedWand"]}],"is_beta":false,"boss_relics":[],"items_purged_floors":[],"is_endless":false,"potions_floor_spawned":[4],"killed_by":"3 Sentries","ascension_level":20}}