{"host":"Rich","time":1609600382,"event":{"mods":["AchievementEnabler","BaseMod","Highlight Path","Minty Spire (QoL Compilation)","Relic Stats"],"gold_per_floor":[110,27,27,27,38,72,72,91,91,122,122,122,156,184,184,184,184],"floor_reached":16,"playtime":356,"items_purged":[],"score":332,"play_id":"4150080a-157c-4ab2-9dcb-dd068f53f7cd","local_time":"20210102101302","is_ascension_mode":true,"campfire_choices":[{"data":"BowlingBash","floor":7,"key":"SMITH"},{"data":"ThirdEye","floor":12,"key":"SMITH"},{"data":"EmptyBody","floor":15,"key":"SMITH"}],"circlet_count":0,"master_deck":["AscendersBane","Strike_P","Strike_P","Strike_P","Defend_P","Defend_P","Defend_P","Defend_P","Eruption","Vigilance","BowlingBash","Fasting2+1","BowlingBash+1","Wireheading+1","Crescendo","ThirdEye+1","ClearTheMind","EmptyBody+1"],"relics":["PureWater","NeowsBlessing","Frozen Egg 2","CaptainsWheel","Bag of Preparation","Toy Ornithopter","Darkstone Periapt","Odd Mushroom"],"acts_visited":["Exordium"],"potions_floor_usage":[14,16],"damage_taken":[{"damage":0,"enemies":"Small Slimes","floor":1,"turns":1},{"damage":0,"enemies":"2 Louse","floor":5,"turns":2},{"damage":0,"enemies":"Gremlin Nob","floor":6,"turns":1},{"damage":0,"enemies":"Cultist","floor":8,"turns":4},{"damage":0,"enemies":"Lagavulin","floor":10,"turns":4},{"damage":23,"enemies":"3 Sentries","floor":13,"turns":4},{"damage":0,"enemies":"The Mushroom Lair","floor":14,"turns":2},{"damage":20,"enemies":"Slime Boss","floor":16,"turns":8}],"seed_played":"2221475620425068910","potions_obtained":[{"floor":5,"key":"Fruit Juice"},{"floor":13,"key":"SkillPotion"}],"is_trial":false,"path_per_floor":["M","$","?","?","M","E","R","M","T","E","?","R","E","?","R","B"],"character_chosen":"WATCHER","items_purchased":["Fasting2"],"campfire_rested":0,"item_purchase_floors":[2],"current_hp_per_floor":[61,61,50,50,50,50,50,50,50,50,43,43,20,25,25,15,15],"gold":184,"neow_bonus":"THREE_ENEMY_KILL","is_daily":false,"chose_seed":false,"campfire_upgraded":3,"win_rate":0.0,"timestamp":1609600382,"path_taken":["M","$","?","?","M","E","R","M","T","E","?","R","E","?","R","BOSS"],"items_purchased_type":["Card"],"build_version":"2020-12-18","purchased_purges":0,"victory":false,"max_hp_per_floor":[68,68,68,68,68,68,68,68,68,68,68,68,68,68,68,73,73],"relic_stats":{"Darkstone Periapt":0,"counters":[8,26],"Bag of Preparation":[8],"obtain_stats":[{"Darkstone Periapt":13,"CaptainsWheel":6,"NeowsBlessing":0,"Bag of Preparation":9,"PureWater":0,"Frozen Egg 2":3,"Odd Mushroom":14,"Toy Ornithopter":10},{"Darkstone Periapt":6,"CaptainsWheel":3,"NeowsBlessing":0,"Bag of Preparation":4,"PureWater":0,"Frozen Egg 2":1,"Odd Mushroom":7,"Toy Ornithopter":5},{"Darkstone Periapt":16,"CaptainsWheel":4,"NeowsBlessing":0,"Bag of Preparation":8,"PureWater":0,"Frozen Egg 2":1,"Odd Mushroom":18,"Toy Ornithopter":12}],"Toy Ornithopter":10},"card_choices":[{"not_picked":["EmptyBody","JustLucky"],"picked":"BowlingBash","floor":1},{"not_picked":["ReachHeaven","Halt"],"picked":"BowlingBash","floor":5},{"not_picked":["CarveReality","InnerPeace"],"picked":"Wireheading+1","floor":6},{"not_picked":["WheelKick","MentalFortress+1"],"picked":"Crescendo","floor":8},{"not_picked":["EmptyFist","WreathOfFlame"],"picked":"ThirdEye","floor":10},{"not_picked":["Prostrate","SpiritShield"],"picked":"ClearTheMind","floor":13},{"not_picked":["BowlingBash","SignatureMove"],"picked":"EmptyBody","floor":14}],"player_experience":1953909,"relics_obtained":[{"floor":6,"key":"CaptainsWheel"},{"floor":9,"key":"Bag of Preparation"},{"floor":10,"key":"Toy Ornithopter"},{"floor":13,"key":"Darkstone Periapt"},{"floor":14,"key":"Odd Mushroom"}],"event_choices":[{"damage_healed":0,"gold_gain":0,"player_choice":"Success","damage_taken":11,"relics_obtained":["Frozen Egg 2"],"max_hp_gain":0,"max_hp_loss":0,"event_name":"Scrap Ooze","floor":3,"gold_loss":0},{"damage_healed":0,"gold_gain":0,"player_choice":"Grow","damage_taken":0,"max_hp_gain":0,"max_hp_loss":0,"event_name":"Living Wall","floor":4,"gold_loss":0,"cards_upgraded":["Fasting2"]},{"cards_removed":["Strike_P"],"damage_healed":0,"gold_gain":0,"player_choice":"Card Removal","damage_taken":7,"max_hp_gain":0,"max_hp_loss":0,"event_name":"Golden Wing","floor":11,"gold_loss":0},{"damage_healed":0,"gold_gain":0,"player_choice":"Fought Mushrooms","damage_taken":0,"max_hp_gain":0,"max_hp_loss":0,"event_name":"Mushrooms","floor":14,"gold_loss":0}],"is_beta":true,"boss_relics":[],"items_purged_floors":[],"is_endless":false,"potions_floor_spawned":[5,13],"killed_by":"Slime Boss","ascension_level":20}}