{"host":"ppqqps0hzi0ubnoh","time":1609627986,"event":{"mods":["Act Like it!","BaseMod","Best Route Mod","Better Altar","Better Match","Better Note","Better Sensory Stone","Better Skull","Better Third Choice","Colored Powertips","Minty Spire (QoL Compilation)","Rare Cards Sparkle","Relic Stats","Shop Mod","StSLib","The Marked"],"gold_per_floor":[110,128,151,171,171,202,202,202,202,202,215,227,239,268,268,370,370,381,397,412,429,446,471,489,489,489,365,365,379,279,291,291,395,395,413,413,423,423,439,471,485,504,504,521,521,555,574,417,417,417,417,417,62,93,93],"floor_reached":56,"playtime":16794,"items_purged":["theMarked:Strike","theMarked:Strike","theMarked:Strike"],"score":1322,"play_id":"6c78b7ef-bff6-4f49-b881-ff6f0c006dad","local_time":"20210103042306","is_ascension_mode":false,"campfire_choices":[{"data":"theMarked:HeritageOfTheMarked","floor":10,"key":"SMITH"},{"data":"Apotheosis","floor":15,"key":"SMITH"},{"floor":32,"key":"REST"},{"floor":45,"key":"RECALL"},{"data":"theMarked:Generate","floor":49,"key":"SMITH"},{"data":"theMarked:WardOff","floor":52,"key":"SMITH"}],"circlet_count":0,"master_deck":["theMarked:Strike","theMarked:Defend","theMarked:Defend","theMarked:Defend","theMarked:Defend","Apotheosis+1","theMarked:Panic+1","theMarked:PowerFlow","theMarked:WardOff+1","theMarked:Generate+1","theMarked:HeritageOfTheMarked+1","theMarked:DeterminationOfTheMarked+1","theMarked:HeritageOfTheMarked+1","theMarked:WardOff","theMarked:SuspiciousRaven+1","theMarked:ElectricStrings","theMarked:HeightenedSenses+1","theMarked:EnhanceMovement+1","theMarked:Panic+1","theMarked:WardOff+1","theMarked:FavorableWinds+1","theMarked:RepellingDischarge+1","theMarked:RogueSparks+1","theMarked:Opportunist+1"],"relics":["theMarked:ArtifactOfAir","Omamori","Mango","TungstenRod","Frozen Egg 2","Toxic Egg 2","Cursed Key","Calipers","Mummified Hand","Singing Bowl","SlaversCollar","theMarked:KettuFlask","HornCleat","PreservedInsect","Art of War","Bag of Marbles"],"acts_visited":["Exordium","TheCity","TheBeyond","TheEnding"],"potions_floor_usage":[23,24,33,55,55],"damage_taken":[{"damage":0,"enemies":"Cultist","floor":1,"turns":3},{"damage":0,"enemies":"2 Louse","floor":2,"turns":2},{"damage":3,"enemies":"Jaw Worm","floor":4,"turns":3},{"damage":19,"enemies":"3 Sentries","floor":6,"turns":10},{"damage":2,"enemies":"Lots of Slimes","floor":11,"turns":5},{"damage":11,"enemies":"Gremlin Gang","floor":12,"turns":7},{"damage":0,"enemies":"3 Louse","floor":13,"turns":4},{"damage":7,"enemies":"Gremlin Nob","floor":14,"turns":4},{"damage":31,"enemies":"The Guardian","floor":16,"turns":7},{"damage":22,"enemies":"2 Thieves","floor":18,"turns":4},{"damage":0,"enemies":"Chosen","floor":19,"turns":4},{"damage":3,"enemies":"Centurion and Healer","floor":20,"turns":4},{"damage":15,"enemies":"Snecko","floor":21,"turns":5},{"damage":15,"enemies":"3 Cultists","floor":22,"turns":4},{"damage":28,"enemies":"Slavers","floor":23,"turns":4},{"damage":0,"enemies":"Shelled Parasite and Fungi","floor":24,"turns":3},{"damage":0,"enemies":"Centurion and Healer","floor":29,"turns":4},{"damage":0,"enemies":"Sentry and Sphere","floor":31,"turns":4},{"damage":0,"enemies":"Collector","floor":33,"turns":9},{"damage":0,"enemies":"Orb Walker","floor":35,"turns":4},{"damage":22,"enemies":"3 Darklings","floor":37,"turns":4},{"damage":0,"enemies":"Sphere and 2 Shapes","floor":39,"turns":6},{"damage":0,"enemies":"Giant Head","floor":40,"turns":8},{"damage":0,"enemies":"4 Shapes","floor":41,"turns":4},{"damage":0,"enemies":"Writhing Mass","floor":42,"turns":4},{"damage":0,"enemies":"Spire Growth","floor":44,"turns":5},{"damage":4,"enemies":"Reptomancer","floor":46,"turns":5},{"damage":0,"enemies":"Jaw Worm Horde","floor":47,"turns":3},{"damage":2,"enemies":"Donu and Deca","floor":50,"turns":9},{"damage":0,"enemies":"Shield and Spear","floor":54,"turns":5},{"damage":73,"enemies":"The Heart","floor":55,"turns":11}],"seed_played":"-4681423746185806159","potions_obtained":[{"floor":1,"key":"FairyPotion"},{"floor":2,"key":"SkillPotion"},{"floor":12,"key":"LiquidBronze"},{"floor":14,"key":"Dexterity Potion"},{"floor":20,"key":"AttackPotion"},{"floor":21,"key":"ColorlessPotion"},{"floor":22,"key":"Fire Potion"},{"floor":23,"key":"DistilledChaos"},{"floor":31,"key":"Block Potion"},{"floor":40,"key":"DistilledChaos"},{"floor":47,"key":"FairyPotion"}],"is_trial":false,"path_per_floor":["M","M","T","M","?","E","T","$","T","R","M","M","M","E","R","B",null,"M","M","M","M","M","E","M","?","T","$","?","M","$","M","R","B",null,"M","?","M","?","M","E","M","M","T","M","R","E","M","$","R","B",null,"R","$","E","B",null],"character_chosen":"THE_DEFAULT","items_purchased":["theMarked:WardOff+1","PreservedInsect","theMarked:RogueSparks+1","Art of War"],"campfire_rested":1,"item_purchase_floors":[27,48,53,53],"current_hp_per_floor":[49,49,49,46,46,41,41,41,41,41,39,28,28,21,21,25,84,62,62,59,44,29,1,1,1,1,1,1,3,3,5,31,31,88,90,90,70,70,70,72,74,76,76,78,78,76,78,78,78,76,104,104,104,104,31],"gold":93,"neow_bonus":"RANDOM_COLORLESS_2","is_daily":false,"chose_seed":false,"campfire_upgraded":4,"win_rate":0.0,"timestamp":1609627986,"path_taken":["M","M","?","M","?","E","?","$","T","R","?","M","M","E","R","BOSS","M","M","M","?","M","E","M","?","T","$","?","M","?","M","R","BOSS","M","?","M","?","M","E","M","M","T","M","R","E","?","?","R","BOSS","R","$","E","BOSS"],"items_purchased_type":["Card","Relic","Card","Relic"],"build_version":"2020-12-22","purchased_purges":3,"victory":true,"max_hp_per_floor":[70,70,70,70,70,84,84,84,84,84,84,84,84,84,84,84,84,84,84,84,84,84,84,84,84,84,84,84,86,86,88,88,88,88,90,90,92,92,92,94,96,98,98,100,100,102,104,104,104,104,104,104,104,104,104],"relic_stats":{"Singing Bowl":20,"counters":[31,149],"Mummified Hand":[45],"PreservedInsect":68,"Art of War":[0],"Cursed Key":2,"obtain_stats":[{"Calipers":23,"Singing Bowl":28,"Mango":6,"PreservedInsect":48,"Omamori":3,"Frozen Egg 2":9,"Cursed Key":17,"theMarked:KettuFlask":40,"theMarked:ArtifactOfAir":0,"SlaversCollar":34,"HornCleat":46,"Mummified Hand":26,"Art of War":53,"Bag of Marbles":54,"Toxic Egg 2":14,"TungstenRod":7},{"Calipers":15,"Singing Bowl":16,"Mango":4,"PreservedInsect":28,"Omamori":2,"Frozen Egg 2":4,"Cursed Key":9,"theMarked:KettuFlask":23,"theMarked:ArtifactOfAir":0,"SlaversCollar":19,"HornCleat":27,"Mummified Hand":16,"Art of War":29,"Bag of Marbles":30,"Toxic Egg 2":8,"TungstenRod":4},{"Calipers":67,"Singing Bowl":70,"Mango":18,"PreservedInsect":125,"Omamori":5,"Frozen Egg 2":18,"Cursed Key":44,"theMarked:KettuFlask":105,"theMarked:ArtifactOfAir":0,"SlaversCollar":85,"HornCleat":122,"Mummified Hand":70,"Art of War":134,"Bag of Marbles":138,"Toxic Egg 2":37,"TungstenRod":18}],"TungstenRod":38},"card_choices":[{"not_picked":["Transmutation","Master of Strategy"],"picked":"Apotheosis","floor":0},{"not_picked":["theMarked:ResourceFulStrike","theMarked:SwordAndMagic"],"picked":"theMarked:Panic","floor":1},{"not_picked":["theMarked:ResourceFulStrike","theMarked:MysticalArsenal"],"picked":"theMarked:PowerFlow","floor":2},{"not_picked":["theMarked:RepellingDischarge","theMarked:SwordAndMagic"],"picked":"theMarked:WardOff","floor":4},{"not_picked":["theMarked:EmpowerWeapon","theMarked:Parry"],"picked":"theMarked:HeritageOfTheMarked","floor":6},{"not_picked":["theMarked:ElectricStrings","theMarked:ChainLightning"],"picked":"theMarked:DeterminationOfTheMarked+1","floor":11},{"not_picked":["theMarked:ComboAttacks+1","theMarked:Abjuration"],"picked":"theMarked:HeritageOfTheMarked+1","floor":12},{"not_picked":["theMarked:EmpowerWeapon","theMarked:Frustration"],"picked":"theMarked:WardOff","floor":13},{"not_picked":["theMarked:Defy","theMarked:WastefulAttack","theMarked:Parry+1"],"picked":"SKIP","floor":14},{"not_picked":["theMarked:SoldierForm+1","theMarked:FavorableWinds+1"],"picked":"theMarked:SuspiciousRaven+1","floor":16},{"not_picked":["theMarked:ElementalBlade+1","theMarked:Improvise+1"],"picked":"theMarked:ElectricStrings","floor":18},{"not_picked":["theMarked:PowerFlow+1","theMarked:ResourceFulStrike"],"picked":"theMarked:HeightenedSenses+1","floor":19},{"not_picked":["theMarked:ReduceFriction+1","theMarked:WastefulAttack"],"picked":"theMarked:EnhanceMovement+1","floor":20},{"not_picked":["theMarked:ShockingTouch","theMarked:Parry+1","theMarked:ContemptForTheProud"],"picked":"SKIP","floor":21},{"not_picked":["theMarked:DeterminationOfTheMarked+1","theMarked:TwofoldDefense+1","theMarked:PowerFlow+1"],"picked":"SKIP","floor":22},{"not_picked":["theMarked:ParalyzingBlade+1","theMarked:WastefulDefense+1"],"picked":"theMarked:Panic+1","floor":23},{"not_picked":["theMarked:HeightenedSenses+1","theMarked:TakeCover+1","theMarked:Overcharge+1"],"picked":"SKIP","floor":24},{"not_picked":["theMarked:TakeCover+1","theMarked:EmpowerWeapon+1","theMarked:ElementalBlade+1"],"picked":"Singing Bowl","floor":29},{"not_picked":["theMarked:HeightenedSenses+1","theMarked:Parry+1","theMarked:Electrify+1"],"picked":"Singing Bowl","floor":31},{"not_picked":["theMarked:UnarmedFury","theMarked:EternalStudent+1"],"picked":"theMarked:FavorableWinds+1","floor":33},{"not_picked":["theMarked:SwordAndMagic","theMarked:TunnelVision","theMarked:PowerFlow+1"],"picked":"Singing Bowl","floor":35},{"not_picked":["theMarked:BanishingStrike+1","theMarked:ElementalBlade+1","theMarked:Aftermath+1"],"picked":"Singing Bowl","floor":37},{"not_picked":["theMarked:WastefulDefense+1","theMarked:ResourceFulStrike"],"picked":"theMarked:RepellingDischarge+1","floor":39},{"not_picked":["theMarked:Polarize+1","theMarked:EmpowerWeapon+1","theMarked:ParalyzingBlade+1"],"picked":"Singing Bowl","floor":40},{"not_picked":["theMarked:BanishingWave+1","theMarked:Overcharge+1","theMarked:ChainLightning"],"picked":"Singing Bowl","floor":41},{"not_picked":["theMarked:DispelDoubt","theMarked:GodGivenPower+1","theMarked:Polarize+1"],"picked":"Singing Bowl","floor":42},{"not_picked":["theMarked:SwordAndMagic+1","theMarked:BanishingStrike+1","theMarked:Reabsorb+1"],"picked":"Singing Bowl","floor":44},{"not_picked":["theMarked:Parkour+1","theMarked:CreepingChasm+1","theMarked:Parry+1"],"picked":"Singing Bowl","floor":46},{"not_picked":["theMarked:ParalyzingBlade+1","theMarked:RepellingDischarge+1","theMarked:ResourceFulStrike"],"picked":"Singing Bowl","floor":47},{"not_picked":["theMarked:HeightenedSenses+1","theMarked:Seal+1"],"picked":"theMarked:Opportunist+1","floor":54}],"player_experience":1001535,"relics_obtained":[{"floor":3,"key":"Omamori"},{"floor":6,"key":"Mango"},{"floor":7,"key":"TungstenRod"},{"floor":9,"key":"Frozen Egg 2"},{"floor":14,"key":"Toxic Egg 2"},{"floor":23,"key":"Calipers"},{"floor":26,"key":"Mummified Hand"},{"floor":40,"key":"theMarked:KettuFlask"},{"floor":46,"key":"HornCleat"},{"floor":54,"key":"Bag of Marbles"}],"event_choices":[{"damage_healed":0,"gold_gain":0,"cards_transformed":["theMarked:SoldierOfQuellstein"],"player_choice":"Change","damage_taken":0,"max_hp_gain":0,"max_hp_loss":0,"event_name":"Living Wall","floor":5,"gold_loss":0,"cards_obtained":["theMarked:Generate"]},{"cards_removed":["Apotheosis"],"damage_healed":0,"gold_gain":0,"player_choice":"Give","damage_taken":0,"max_hp_gain":0,"max_hp_loss":0,"event_name":"betterNote:BetterNote","floor":25,"gold_loss":0,"cards_obtained":["None"]},{"damage_healed":0,"gold_gain":0,"player_choice":"Opened","damage_taken":0,"relics_obtained":["Singing Bowl"],"max_hp_gain":0,"max_hp_loss":0,"event_name":"The Mausoleum","floor":28,"gold_loss":0},{"cards_removed":["theMarked:Strike"],"damage_healed":0,"gold_gain":0,"player_choice":"Removed Attack","damage_taken":0,"max_hp_gain":0,"max_hp_loss":0,"event_name":"Falling","floor":36,"gold_loss":0},{"damage_healed":0,"gold_gain":0,"player_choice":"Upgraded","damage_taken":0,"max_hp_gain":0,"max_hp_loss":0,"event_name":"Upgrade Shrine","floor":38,"gold_loss":0,"cards_upgraded":["theMarked:Panic"]}],"is_beta":false,"boss_relics":[{"not_picked":["Philosopher\u0027s Stone","Runic Dome"],"picked":"Cursed Key"},{"not_picked":["theMarked:BronzeBlade","theMarked:Eyepatch"],"picked":"SlaversCollar"}],"items_purged_floors":[27,30,53],"is_endless":false,"potions_floor_spawned":[1,2,12,14,20,21,22,23,31,40,41,46,47],"ascension_level":0}}