{"host":"tiwza2kisyyrpq7h","time":1609605716,"event":{"mods":["BaseMod","Colored Powertips","Minty Spire (QoL Compilation)","Quick Restart","Rare Cards Sparkle","StSLib","SuperFastMode","The Servant 0.9.4","óô»ðÖ¸ÄÏ"],"gold_per_floor":[117,42,42,20,95,114,114,140,140,176,191,232,232,575,94,187,187,206,224,274,274,295,330,330,349,421,60,60,99,24,37,37,127,127,140,140,171,171,504,537,170,24,24,50,100,100,100,131,6,6],"floor_reached":51,"playtime":1641,"items_purged":["Injury","Regret","Strike_P"],"score":1971,"play_id":"6cb661f2-6871-4bd7-a2ae-3188437192ab","local_time":"20210103004156","is_ascension_mode":true,"campfire_choices":[{"data":"Apotheosis","floor":32,"key":"SMITH"},{"data":"Secret Technique","floor":47,"key":"SMITH"}],"circlet_count":0,"master_deck":["AscendersBane","Defend_P","Defend_P","Eruption","Vigilance","FlurryOfBlows","BattleHymn","Apotheosis+1","Halt","FearNoEvil","FlurryOfBlows","Tantrum","WreathOfFlame","Secret Technique+1","Devotion","Alpha","Scrawl","MasterReality","ConjureBlade","Fasting2","Study","MentalFortress+1","WreathOfFlame","DevaForm+1","CurseOfTheBell","Mayhem+1","Thinking Ahead+1","Enlightenment+1","Worship+1","CutThroughFate+1","MentalFortress+1","Adaptation+1","Trip+1","LikeWater+1","EmptyMind+1","Wish+1","Fasting2+1"],"relics":["PureWater","Juzu Bracelet","Odd Mushroom","MealTicket","StoneCalendar","White Beast Statue","Pen Nib","Old Coin","Lee\u0027s Waffle","Coffee Dripper","Nunchaku","Gremlin Horn","Frozen Egg 2","FossilizedHelix","HornCleat","Calling Bell","Strawberry","Incense Burner","Toxic Egg 2","Bird Faced Urn","Toy Ornithopter","Bag of Preparation","Frozen Eye","Mummified Hand","Pocketwatch","Torii","Vajra"],"acts_visited":["Exordium","TheCity","TheBeyond"],"potions_floor_usage":[25,33,37,37,45,50,50],"damage_taken":[{"damage":0.0,"enemies":"2 Louse","floor":1.0,"turns":2.0},{"damage":0.0,"enemies":"Jaw Worm","floor":6.0,"turns":3.0},{"damage":0.0,"enemies":"The Mushroom Lair","floor":8.0,"turns":1.0},{"damage":4.0,"enemies":"Lagavulin","floor":10.0,"turns":7.0},{"damage":0.0,"enemies":"Small Slimes","floor":11.0,"turns":3.0},{"damage":11.0,"enemies":"Gremlin Nob","floor":12.0,"turns":3.0},{"damage":17.0,"enemies":"3 Sentries","floor":14.0,"turns":4.0},{"damage":36.0,"enemies":"The Guardian","floor":16.0,"turns":4.0},{"damage":31.0,"enemies":"3 Byrds","floor":18.0,"turns":3.0},{"damage":0.0,"enemies":"Spheric Guardian","floor":19.0,"turns":2.0},{"damage":10.0,"enemies":"Centurion and Healer","floor":22.0,"turns":3.0},{"damage":0.0,"enemies":"Slavers","floor":23.0,"turns":2.0},{"damage":0,"enemies":"Cultist and Chosen","floor":25,"turns":3},{"damage":0,"enemies":"Gremlin Leader","floor":29,"turns":4},{"damage":0,"enemies":"Snecko","floor":31,"turns":3},{"damage":0,"enemies":"Automaton","floor":33,"turns":4},{"damage":0,"enemies":"Orb Walker","floor":35,"turns":2},{"damage":0,"enemies":"Mind Bloom Boss Battle","floor":37,"turns":5},{"damage":44,"enemies":"Giant Head","floor":40,"turns":5},{"damage":0,"enemies":"Nemesis","floor":44,"turns":3},{"damage":50,"enemies":"2 Orb Walkers","floor":45,"turns":4},{"damage":0,"enemies":"Giant Head","floor":48,"turns":4},{"damage":31,"enemies":"Donu and Deca","floor":50,"turns":7}],"seed_played":"-7617671282800049371","potions_obtained":[{"floor":6.0,"key":"Explosive Potion"},{"floor":11.0,"key":"Explosive Potion"},{"floor":12.0,"key":"FearPotion"},{"floor":14.0,"key":"LiquidMemories"},{"floor":16.0,"key":"Dexterity Potion"},{"floor":18.0,"key":"AttackPotion"},{"floor":19.0,"key":"ColorlessPotion"},{"floor":23.0,"key":"Block Potion"},{"floor":25,"key":"SmokeBomb"},{"floor":29,"key":"PowerPotion"},{"floor":33,"key":"Regen Potion"},{"floor":37,"key":"Fruit Juice"},{"floor":40,"key":"Dexterity Potion"},{"floor":45,"key":"SpeedPotion"}],"is_trial":false,"path_per_floor":["M","?","?","$","?","M","?","?","T","E","M","E","?","E","R","B",null,"M","M","?","?","M","E","?","M","T","$","?","E","?","M","R","B",null,"M","?","?","?","?","E","R","$","T","E","?","?","R","E","R","B",null],"character_chosen":"WATCHER","items_purchased":["BattleHymn","Apotheosis","Lee\u0027s Waffle","Secret Technique","Frozen Egg 2","MentalFortress+1","Bag of Preparation","Frozen Eye","MentalFortress+1","Adaptation+1","Trip+1"],"campfire_rested":0,"item_purchase_floors":[4,4,15,15,27,27,41,41,41,42,42],"current_hp_per_floor":[61,61,61,61,50,50,43,43,43,39,39,28,28,11,75,39,66,35,35,35,35,25,25,25,25,25,40,40,40,40,40,40,40,73,73,63,82,82,82,43,43,58,58,78,51,51,51,69,69,60],"gold":6,"neow_bonus":"RANDOM_COMMON_RELIC","is_daily":false,"chose_seed":false,"campfire_upgraded":2,"win_rate":0.0,"timestamp":1609605716,"path_taken":["M","?","?","$","?","M","?","?","T","E","M","E","?","E","R","BOSS","M","M","?","?","M","E","?","M","T","$","?","E","?","M","R","BOSS","M","?","?","?","?","E","R","?","T","E","?","?","R","E","R","BOSS"],"items_purchased_type":["Card","Card","Relic","Card","Relic","Card","Relic","Relic","Card","Card","Card"],"build_version":"2020-12-22","purchased_purges":3,"victory":true,"max_hp_per_floor":[68,68,68,68,68,68,68,68,68,68,68,68,68,68,75,75,75,75,75,75,75,75,75,75,75,75,75,75,75,75,75,75,75,82,82,82,87,87,87,87,87,87,87,87,87,87,87,87,87,87],"card_choices":[{"not_picked":["DeceiveReality","ForeignInfluence"],"picked":"FlurryOfBlows","floor":1.0},{"not_picked":["Consecrate","CrushJoints"],"picked":"Halt","floor":6.0},{"not_picked":["ThirdEye","FlyingSleeves"],"picked":"FearNoEvil","floor":8.0},{"not_picked":["BattleHymn","Worship"],"picked":"FlurryOfBlows","floor":10.0},{"not_picked":["Adaptation","Evaluate"],"picked":"Tantrum","floor":11.0},{"not_picked":["Meditate","Perseverance"],"picked":"WreathOfFlame","floor":12.0},{"not_picked":["CutThroughFate","ThirdEye"],"picked":"Tantrum","floor":14.0},{"not_picked":["SpiritShield","Blasphemy"],"picked":"Devotion","floor":16.0},{"not_picked":["Swivel","FollowUp+1","WindmillStrike"],"picked":"SKIP","floor":18.0},{"not_picked":["PathToVictory","FlurryOfBlows"],"picked":"Alpha","floor":19.0},{"not_picked":["Protect","SashWhip+1","CarveReality"],"picked":"SKIP","floor":22.0},{"not_picked":["Protect","SashWhip+1","CarveReality"],"picked":"SKIP","floor":22.0},{"not_picked":["PathToVictory","Collect"],"picked":"ConjureBlade","floor":23.0},{"not_picked":["Evaluate","Prostrate+1"],"picked":"Study","floor":25},{"not_picked":["JustLucky","FlyingSleeves"],"picked":"WreathOfFlame","floor":29},{"not_picked":["CutThroughFate","CrushJoints","ClearTheMind"],"picked":"SKIP","floor":31},{"not_picked":["Judgement","Establishment+1"],"picked":"DevaForm+1","floor":33},{"not_picked":["EmptyBody+1","Crescendo+1","SashWhip"],"picked":"SKIP","floor":35},{"not_picked":["Discovery+1","Good Instincts+1"],"picked":"Mayhem+1","floor":36},{"not_picked":["Flash of Steel","HandOfGreed"],"picked":"Thinking Ahead+1","floor":36},{"not_picked":["Discovery+1","Dark Shackles+1"],"picked":"Enlightenment+1","floor":36},{"not_picked":["FlurryOfBlows","Sanctity+1"],"picked":"Worship+1","floor":37},{"not_picked":["ClearTheMind+1","Evaluate+1"],"picked":"CutThroughFate+1","floor":40},{"not_picked":["Swivel+1","BattleHymn+1"],"picked":"LikeWater+1","floor":44},{"not_picked":["JustLucky","BattleHymn+1"],"picked":"EmptyMind+1","floor":45},{"not_picked":["ReachHeaven+1","Halt+1"],"picked":"Fasting2+1","floor":48}],"player_experience":931068,"relics_obtained":[{"floor":8.0,"key":"Odd Mushroom"},{"floor":9.0,"key":"MealTicket"},{"floor":10.0,"key":"StoneCalendar"},{"floor":12.0,"key":"White Beast Statue"},{"floor":14.0,"key":"Old Coin"},{"floor":23.0,"key":"Nunchaku"},{"floor":26,"key":"Gremlin Horn"},{"floor":29,"key":"HornCleat"},{"floor":34,"key":"Strawberry"},{"floor":34,"key":"Incense Burner"},{"floor":34,"key":"Toxic Egg 2"},{"floor":37,"key":"Bird Faced Urn"},{"floor":40,"key":"Toy Ornithopter"},{"floor":43,"key":"Mummified Hand"},{"floor":44,"key":"Pocketwatch"},{"floor":45,"key":"Torii"},{"floor":48,"key":"Vajra"}],"event_choices":[{"cards_removed":["Strike_P"],"damage_healed":0.0,"max_hp_gain":0.0,"max_hp_loss":0.0,"gold_gain":0.0,"event_name":"The Cleric","player_choice":"Card Removal","floor":2.0,"gold_loss":75.0,"damage_taken":0.0},{"damage_healed":0.0,"max_hp_gain":0.0,"max_hp_loss":0.0,"gold_gain":0.0,"event_name":"Golden Idol","player_choice":"Take Wound","floor":3.0,"gold_loss":0.0,"damage_taken":0.0,"relics_obtained":["Golden Idol"],"cards_obtained":["Injury"]},{"damage_healed":0.0,"max_hp_gain":0.0,"max_hp_loss":0.0,"gold_gain":75.0,"event_name":"World of Goop","player_choice":"Gather Gold","floor":5.0,"gold_loss":0.0,"damage_taken":11.0},{"cards_removed":["Defend_P"],"damage_healed":0.0,"max_hp_gain":0.0,"max_hp_loss":0.0,"gold_gain":0.0,"event_name":"Golden Wing","player_choice":"Card Removal","floor":7.0,"gold_loss":0.0,"damage_taken":7.0},{"damage_healed":0.0,"max_hp_gain":0.0,"max_hp_loss":0.0,"gold_gain":0.0,"event_name":"Mushrooms","player_choice":"Fought Mushrooms","floor":8.0,"gold_loss":0.0,"damage_taken":0.0},{"damage_healed":0.0,"max_hp_gain":0.0,"max_hp_loss":0.0,"gold_gain":0.0,"event_name":"Big Fish","player_choice":"Box","floor":13.0,"gold_loss":0.0,"damage_taken":0.0,"relics_obtained":["Pen Nib"],"cards_obtained":["Regret"]},{"damage_healed":0.0,"max_hp_gain":0.0,"max_hp_loss":0.0,"gold_gain":50.0,"event_name":"Nest","player_choice":"Stole From Cult","floor":20.0,"gold_loss":0.0,"damage_taken":0.0},{"damage_healed":0.0,"max_hp_gain":0.0,"max_hp_loss":0.0,"gold_gain":0.0,"cards_transformed":["Strike_P","Defend_P"],"event_name":"Drug Dealer","player_choice":"Became Test Subject","floor":21.0,"gold_loss":0.0,"damage_taken":0.0,"cards_obtained":["Scrawl","MasterReality"]},{"damage_healed":0.0,"max_hp_gain":0.0,"max_hp_loss":0.0,"gold_gain":0.0,"event_name":"The Library","player_choice":"Read","floor":24.0,"gold_loss":0.0,"damage_taken":0.0,"cards_obtained":["Fasting2"]},{"damage_healed":0,"gold_gain":0,"player_choice":"Opened","damage_taken":0,"relics_obtained":["FossilizedHelix"],"max_hp_gain":0,"max_hp_loss":0,"event_name":"The Mausoleum","floor":28,"gold_loss":0,"cards_obtained":["Writhe"]},{"cards_removed":["Writhe"],"damage_healed":0,"gold_gain":0,"player_choice":"Gave Gold","damage_taken":0,"max_hp_gain":0,"max_hp_loss":0,"event_name":"Beggar","floor":30,"gold_loss":75},{"damage_healed":0,"gold_gain":0,"player_choice":"Memory 3","damage_taken":10,"max_hp_gain":0,"max_hp_loss":0,"event_name":"SensoryStone","floor":36,"gold_loss":0},{"damage_healed":0,"gold_gain":0,"player_choice":"Fight","damage_taken":0,"max_hp_gain":0,"max_hp_loss":0,"event_name":"MindBloom","floor":37,"gold_loss":0},{"cards_removed":["Tantrum"],"damage_healed":0,"gold_gain":0,"player_choice":"Removed Attack","damage_taken":0,"max_hp_gain":0,"max_hp_loss":0,"event_name":"Falling","floor":38,"gold_loss":0},{"damage_healed":0,"gold_gain":333,"player_choice":"Gave Idol","damage_taken":0,"max_hp_gain":0,"max_hp_loss":0,"event_name":"The Moai Head","floor":39,"relics_lost":["Golden Idol"],"gold_loss":0},{"damage_healed":0,"gold_gain":0,"player_choice":"Fight","damage_taken":0,"max_hp_gain":0,"max_hp_loss":0,"event_name":"Mysterious Sphere","floor":45,"gold_loss":0},{"damage_healed":0,"gold_gain":0,"cards_transformed":["Strike_P"],"player_choice":"Transformed","damage_taken":0,"max_hp_gain":0,"max_hp_loss":0,"event_name":"Transmorgrifier","floor":46,"gold_loss":0,"cards_obtained":["Wish"]}],"is_beta":false,"boss_relics":[{"not_picked":["VioletLotus","Ectoplasm"],"picked":"Coffee Dripper"},{"not_picked":["Black Star","Velvet Choker"],"picked":"Calling Bell"}],"items_purged_floors":[4,15,49],"is_endless":false,"potions_floor_spawned":[6,11,12,14,16,18,19,22,23,25,29,31,33,35,37,40,44,45,48],"ascension_level":19}}