{"host":"sav7uxregyirlf69","time":1609561630,"event":{"mods":["AchievementEnabler","BaseMod","Colored Map","DeckTracker","Keyboard Shortcuts","Minty Spire (QoL Compilation)","READ ME - Guardian Mod","StSLib","SuperFastMode"],"gold_per_floor":[114,128,143,143,143,143,156,189,189,202,68,68,102,118,118,218,218,236,151,511,523,523,523,550,550,574,588,618,618,618,53,53,150,150,160,177,193,193,219,219,253,253,278,29,29,29,54,65,65,65,65],"floor_reached":50,"playtime":870,"items_purged":["Strike_R","Whirlwind","Clash"],"score":651,"play_id":"570e3cd6-32aa-42e2-8d4c-0113b70fe74d","local_time":"20210102132710","daily_mods":["Heirloom"],"is_ascension_mode":true,"campfire_choices":[{"data":"Blood for Blood","floor":6,"key":"SMITH"},{"data":"Disarm","floor":15,"key":"SMITH"},{"data":"Inflame","floor":23,"key":"SMITH"},{"data":"Immolate","floor":25,"key":"SMITH"},{"data":"Whirlwind","floor":29,"key":"SMITH"},{"data":"Offering","floor":32,"key":"SMITH"},{"data":"Berserk","floor":40,"key":"SMITH"},{"data":"Bloodletting","floor":42,"key":"SMITH"},{"data":"Apotheosis","floor":46,"key":"SMITH"},{"floor":49,"key":"RECALL"}],"circlet_count":0,"master_deck":["Bash","Blood for Blood+1","Whirlwind+1","Shrug It Off","Finesse","Disarm+1","Ghostly Armor+1","Offering+1","Reaper","Reckless Charge","Immolate+1","Anger","Wild Strike","Inflame+1","Fire Breathing","Fire Breathing+1","Wild Strike","Bloodletting+1","Inflame","Berserk+1","Flex+1","Double Tap","Evolve","Offering+1","Seeing Red+1","Dark Embrace","Panacea","Apotheosis+1"],"relics":["Black Blood","Ice Cream","Ornamental Fan","The Courier","Mercury Hourglass","Juzu Bracelet","Pandora\u0027s Box","Torii","Boot","Akabeko","Potion Belt","Membership Card","Vajra","Happy Flower","Calipers","Bottled Lightning","Pocketwatch","Bag of Preparation","DollysMirror","War Paint","Gremlin Horn"],"acts_visited":["Exordium","TheCity","TheBeyond"],"potions_floor_usage":[8,24,28,28,41,50,50,50,50],"damage_taken":[{"damage":6,"enemies":"Jaw Worm","floor":1,"turns":4},{"damage":7,"enemies":"Small Slimes","floor":2,"turns":4},{"damage":6,"enemies":"Cultist","floor":3,"turns":3},{"damage":15,"enemies":"Blue Slaver","floor":7,"turns":3},{"damage":18,"enemies":"Lagavulin","floor":8,"turns":5},{"damage":10,"enemies":"Exordium Thugs","floor":10,"turns":3},{"damage":14,"enemies":"Gremlin Nob","floor":13,"turns":3},{"damage":0,"enemies":"Large Slime","floor":14,"turns":3},{"damage":29,"enemies":"The Guardian","floor":16,"turns":17},{"damage":0,"enemies":"Chosen","floor":18,"turns":4},{"damage":6,"enemies":"Spheric Guardian","floor":21,"turns":3},{"damage":33,"enemies":"Slavers","floor":24,"turns":3},{"damage":31,"enemies":"Centurion and Healer","floor":27,"turns":4},{"damage":0,"enemies":"Gremlin Leader","floor":28,"turns":3},{"damage":30,"enemies":"Automaton","floor":33,"turns":5},{"damage":6,"enemies":"3 Darklings","floor":35,"turns":1},{"damage":6,"enemies":"Orb Walker","floor":36,"turns":1},{"damage":18,"enemies":"Spire Growth","floor":37,"turns":3},{"damage":36,"enemies":"Giant Head","floor":41,"turns":6},{"damage":15,"enemies":"Reptomancer","floor":47,"turns":3},{"damage":29,"enemies":"Writhing Mass","floor":48,"turns":4},{"damage":89,"enemies":"Awakened One","floor":50,"turns":5}],"seed_played":"-3490817531763965862","potions_obtained":[{"floor":3,"key":"Strength Potion"},{"floor":10,"key":"Regen Potion"},{"floor":14,"key":"FearPotion"},{"floor":16,"key":"Energy Potion"},{"floor":28,"key":"ColorlessPotion"},{"floor":33,"key":"SneckoOil"},{"floor":36,"key":"Explosive Potion"},{"floor":37,"key":"ColorlessPotion"},{"floor":47,"key":"Dexterity Potion"}],"is_trial":true,"path_per_floor":["M","M","M","?","?","R","M","E","T","M","$","?","E","M","R","B",null,"M","?","?","M","?","R","E","R","T","M","E","R","?","$","R","B",null,"M","M","M","?","T","R","E","R","T","$","?","R","E","M","R","B"],"character_chosen":"IRONCLAD","items_purchased":["Finesse","Membership Card","Vajra","Happy Flower","Bloodletting","Inflame","Calipers","Bottled Lightning","Evolve","DollysMirror","Seeing Red","Dark Embrace","War Paint"],"campfire_rested":0,"item_purchase_floors":[11,31,31,31,31,31,31,31,44,44,44,44,44],"current_hp_per_floor":[80,79,79,67,67,67,58,46,46,42,42,42,34,40,40,17,80,80,80,44,44,44,44,47,47,47,36,42,42,42,42,42,28,80,80,80,74,74,74,74,62,62,62,62,52,52,62,68,68,0,0],"gold":65,"neow_bonus":"","is_daily":false,"chose_seed":false,"campfire_upgraded":9,"win_rate":0.0,"timestamp":1609561630,"path_taken":["M","M","M","?","?","R","?","E","T","M","$","?","E","M","R","BOSS","M","?","?","M","?","R","E","R","T","M","E","R","?","?","R","BOSS","M","M","M","?","?","R","E","R","T","$","?","R","E","M","R","BOSS"],"items_purchased_type":["Card","Relic","Relic","Relic","Card","Card","Relic","Relic","Card","Relic","Card","Card","Relic"],"build_version":"2020-12-22","purchased_purges":3,"victory":false,"max_hp_per_floor":[80,80,80,80,80,80,80,80,80,80,80,80,80,80,80,80,80,80,80,80,80,80,80,80,80,80,80,80,80,80,80,80,80,80,80,80,80,80,80,80,80,80,80,80,80,80,80,80,80,80,80],"card_choices":[{"not_picked":["Havoc","Clothesline","Sever Soul"],"picked":"SKIP","floor":1},{"not_picked":["Uppercut","Wild Strike"],"picked":"Blood for Blood","floor":2},{"not_picked":["Thunderclap","True Grit","Armaments"],"picked":"SKIP","floor":3},{"not_picked":["Inflame","Warcry"],"picked":"Whirlwind","floor":7},{"not_picked":["Carnage","Cleave"],"picked":"Whirlwind","floor":8},{"not_picked":["Rupture","Clash"],"picked":"Shrug It Off","floor":10},{"not_picked":["Searing Blow","Infernal Blade"],"picked":"Disarm","floor":13},{"not_picked":["Intimidate","Iron Wave"],"picked":"Ghostly Armor","floor":14},{"not_picked":["Reaper","Bludgeon"],"picked":"Offering","floor":16},{"not_picked":["Dark Embrace","Thunderclap+1","Iron Wave"],"picked":"SKIP","floor":18},{"not_picked":["Hemokinesis+1","Intimidate"],"picked":"Inflame","floor":21},{"not_picked":["Flex","Pommel Strike"],"picked":"Fire Breathing","floor":24},{"not_picked":["Wild Strike","Metallicize"],"picked":"Fire Breathing+1","floor":27},{"not_picked":["Dark Embrace","Headbutt"],"picked":"Wild Strike","floor":28},{"not_picked":["Demon Form","Limit Break"],"picked":"Berserk","floor":33},{"not_picked":["Body Slam","True Grit","Metallicize+1"],"picked":"SKIP","floor":35},{"not_picked":["Pommel Strike","Heavy Blade","Disarm+1"],"picked":"SKIP","floor":36},{"not_picked":["Clothesline+1","Thunderclap+1"],"picked":"Flex+1","floor":37},{"not_picked":["Pommel Strike","Rampage"],"picked":"Double Tap","floor":41},{"not_picked":["Good Instincts","PanicButton"],"picked":"Panacea","floor":45},{"not_picked":["The Bomb","Jack Of All Trades"],"picked":"Apotheosis","floor":45},{"not_picked":["Headbutt+1","Infernal Blade+1","Shockwave"],"picked":"SKIP","floor":47},{"not_picked":["Headbutt","Havoc+1","Twin Strike+1"],"picked":"SKIP","floor":48}],"player_experience":1110323,"relics_obtained":[{"floor":8,"key":"The Courier"},{"floor":9,"key":"Mercury Hourglass"},{"floor":13,"key":"Juzu Bracelet"},{"floor":24,"key":"Boot"},{"floor":26,"key":"Akabeko"},{"floor":28,"key":"Potion Belt"},{"floor":41,"key":"Pocketwatch"},{"floor":43,"key":"Bag of Preparation"},{"floor":47,"key":"Gremlin Horn"}],"event_choices":[{"damage_healed":0,"gold_gain":0,"player_choice":"Success","damage_taken":12,"relics_obtained":["Ornamental Fan"],"max_hp_gain":0,"max_hp_loss":0,"event_name":"Scrap Ooze","floor":4,"gold_loss":0},{"cards_removed":["Strike_R"],"damage_healed":0,"gold_gain":0,"player_choice":"Offered Basic","damage_taken":0,"max_hp_gain":0,"max_hp_loss":0,"event_name":"Bonfire Elementals","floor":5,"gold_loss":0},{"cards_removed":["Strike_R"],"damage_healed":0,"gold_gain":0,"player_choice":"Purged","damage_taken":0,"max_hp_gain":0,"max_hp_loss":0,"event_name":"Purifier","floor":12,"gold_loss":0},{"damage_healed":0,"gold_gain":0,"player_choice":"Obtained Relic","damage_taken":0,"relics_obtained":["Torii"],"max_hp_gain":0,"max_hp_loss":0,"event_name":"Addict","floor":19,"gold_loss":85},{"damage_healed":0,"gold_gain":360,"player_choice":"GOLD GOLD GOLD GOLD ","damage_taken":36,"max_hp_gain":0,"max_hp_loss":0,"event_name":"Knowing Skull","floor":20,"potions_obtained":[],"gold_loss":0,"cards_obtained":[]},{"damage_healed":0,"gold_gain":0,"player_choice":"Ignored","damage_taken":0,"max_hp_gain":0,"max_hp_loss":0,"event_name":"The Mausoleum","floor":22,"gold_loss":0},{"damage_healed":0,"gold_gain":0,"player_choice":"Ignored","damage_taken":0,"max_hp_gain":0,"max_hp_loss":0,"event_name":"Ghosts","floor":30,"gold_loss":0},{"damage_healed":0,"gold_gain":0,"player_choice":"Ignored","damage_taken":0,"max_hp_gain":0,"max_hp_loss":0,"event_name":"Tomb of Lord Red Mask","floor":38,"gold_loss":0},{"damage_healed":0,"gold_gain":0,"player_choice":"Memory 3","damage_taken":10,"max_hp_gain":0,"max_hp_loss":0,"event_name":"SensoryStone","floor":45,"gold_loss":0}],"is_beta":false,"boss_relics":[{"not_picked":["Runic Cube","Velvet Choker"],"picked":"Pandora\u0027s Box"},{"not_picked":["Black Star","Tiny House"],"picked":"Black Blood"}],"items_purged_floors":[11,31,44],"is_endless":false,"potions_floor_spawned":[3,10,14,16,28,33,36,37,47],"killed_by":"Awakened One","ascension_level":1}}