{"host":"1c52r9kaxdyo25eq","time":1609573609,"event":{"mods":["AchievementEnabler","BaseMod","Minty Spire (QoL Compilation)","Rare Cards Sparkle","SuperFastMode","everything is the same but u backflip on backflip"],"gold_per_floor":[110,137,149,160,174,174,187,187,187,187,200,125,125,139,139,139,139],"floor_reached":16,"playtime":314,"items_purged":["Strike_G"],"score":188,"play_id":"84688a17-369b-4e21-8b10-1bb9afeca6c4","local_time":"20210102164649","is_ascension_mode":true,"campfire_choices":[{"data":"Dagger Spray","floor":6.0,"key":"SMITH"},{"data":"Bouncing Flask","floor":8.0,"key":"SMITH"},{"data":"Acrobatics","floor":10.0,"key":"SMITH"},{"data":"Adrenaline","floor":15.0,"key":"SMITH"}],"circlet_count":0,"master_deck":["AscendersBane","Strike_G","Strike_G","Strike_G","Strike_G","Defend_G","Defend_G","Defend_G","Defend_G","Defend_G","Survivor","Neutralize","Dagger Spray+1","Acrobatics+1","Bouncing Flask+1","Prepared","Adrenaline+1"],"relics":["Ring of the Snake","Prayer Wheel","Blood Vial","Mercury Hourglass","Golden Idol"],"acts_visited":["Exordium"],"potions_floor_usage":[16,16],"damage_taken":[{"damage":4.0,"enemies":"Cultist","floor":1.0,"turns":4.0},{"damage":1.0,"enemies":"2 Louse","floor":3.0,"turns":3.0},{"damage":0.0,"enemies":"Small Slimes","floor":4.0,"turns":3.0},{"damage":12.0,"enemies":"Exordium Thugs","floor":5.0,"turns":4.0},{"damage":0.0,"enemies":"3 Louse","floor":7.0,"turns":2.0},{"damage":0.0,"enemies":"2 Fungi Beasts","floor":11.0,"turns":2.0},{"damage":3.0,"enemies":"Blue Slaver","floor":14.0,"turns":3.0},{"damage":26,"enemies":"Slime Boss","floor":16,"turns":8}],"seed_played":"-1733621511139450619","potions_obtained":[{"floor":3.0,"key":"PowerPotion"},{"floor":5.0,"key":"PowerPotion"},{"floor":11.0,"key":"SteroidPotion"}],"is_trial":false,"path_per_floor":["M","T","M","M","M","R","M","R","T","R","M","$","?","M","R","B"],"character_chosen":"THE_SILENT","items_purchased":[],"campfire_rested":0,"item_purchase_floors":[],"current_hp_per_floor":[55,55,56,58,48,48,50,50,50,50,52,52,31,30,30,6,6],"gold":139,"neow_bonus":"ONE_RARE_RELIC","is_daily":false,"chose_seed":false,"campfire_upgraded":4,"win_rate":0.0,"timestamp":1609573609,"path_taken":["M","?","M","M","M","R","M","R","T","R","M","$","?","M","R","BOSS"],"items_purchased_type":[],"build_version":"2020-12-22","purchased_purges":1,"victory":false,"max_hp_per_floor":[60,60,60,60,60,60,60,60,60,60,60,60,60,60,60,60,60],"card_choices":[{"not_picked":["Finisher","PiercingWail"],"picked":"Dagger Spray","floor":1.0},{"not_picked":["Deadly Poison","Acrobatics","Eviscerate"],"picked":"SKIP","floor":1.0},{"not_picked":["Deadly Poison","Eviscerate"],"picked":"Acrobatics","floor":1.0},{"not_picked":["Catalyst","Escape Plan"],"picked":"Bouncing Flask","floor":3.0},{"not_picked":["Dodge and Roll","Slice","Noxious Fumes"],"picked":"SKIP","floor":3.0},{"not_picked":["Dodge and Roll","Slice","Noxious Fumes"],"picked":"SKIP","floor":3.0},{"not_picked":["Dodge and Roll","Bouncing Flask"],"picked":"Prepared","floor":4.0},{"not_picked":["Heel Hook","Bane","After Image"],"picked":"SKIP","floor":4.0},{"not_picked":["Choke","Endless Agony","Poisoned Stab"],"picked":"SKIP","floor":5.0},{"not_picked":["Underhanded Strike","Leg Sweep","Accuracy"],"picked":"SKIP","floor":5.0},{"not_picked":["All Out Attack","Blade Dance","Dagger Spray"],"picked":"SKIP","floor":7.0},{"not_picked":["Quick Slash","Prepared","Slice"],"picked":"SKIP","floor":7.0},{"not_picked":["Accuracy","Choke"],"picked":"Adrenaline","floor":11.0},{"not_picked":["Backflip","Cloak And Dagger","Leg Sweep"],"picked":"SKIP","floor":11.0},{"not_picked":["Dagger Throw","Concentrate","Footwork"],"picked":"SKIP","floor":14.0},{"not_picked":["PiercingWail","Outmaneuver","Deadly Poison"],"picked":"SKIP","floor":14.0}],"player_experience":539923,"relics_obtained":[{"floor":2.0,"key":"Blood Vial"},{"floor":9.0,"key":"Mercury Hourglass"}],"event_choices":[{"damage_healed":0.0,"max_hp_gain":0.0,"max_hp_loss":0.0,"gold_gain":0.0,"event_name":"Golden Idol","player_choice":"Take Damage","floor":13.0,"gold_loss":0.0,"damage_taken":21.0,"relics_obtained":["Golden Idol"]}],"is_beta":false,"boss_relics":[],"items_purged_floors":[12],"is_endless":false,"potions_floor_spawned":[3,5,7,11],"killed_by":"Slime Boss","ascension_level":20}}