{"host":"fhq3k2nq5elnbks3","time":1609582788,"event":{"mods":["2.2 Compatiblity","AchievementEnabler","Act Like it!","AlwaysNeverKeys","Aspiration","BaseMod","Better Altar","Better Vampires","Better-Laid Plans","Block Reminder","CCEM","Card Filter","Colored Powertips","Displayed Cursed Tome","Downfall","Ekko","Fireblade Mod","Friendly Minions","GifTheSpireLib","Gremlin Skip","HololiveMod","Jorbs\u0027s Wanderer Trilogy","Koishi","Marisa????????","Mathemortician","Minty Spire (QoL Compilation)","Onozuka Komachi Mod","Pale of the Ancients","Permanent Neow","Prisma Mod","Quick Restart","Reimu??????","Relic Filter","Robot Space Explorer","Shop Mod","Spikes Relics","StSLib","SuperFastMode","The Animator","The Blackbeard","The Cursed","The Gatherer","The Hierophant","The Runesmith","The Servant 0.9.4","The Trickster","The Wild Card","TheBandit","Trackpad","Transform Curses","Uncapped","Unknown Chances","thorton","vexMod"],"gold_per_floor":[49,61,78,92,92,192,192,117,134,134,154,154,154,187,205,309,309,309,324,324,19,35,35,58,58,58,74,91,106,106,106,126,235,285,285,301,301,31,42,53,53,53,72,72,72,72,72],"floor_reached":45,"playtime":3696,"items_purged":[],"score":490,"play_id":"a2a63d0d-1af9-45f4-bea1-49266c936a7b","local_time":"20210102041948","is_ascension_mode":false,"campfire_choices":[{"data":"hexamod:Float","floor":1,"key":"SMITH"},{"data":"hexamod:Sear","floor":8,"key":"SMITH"},{"data":"hexamod:Defend","floor":10,"key":"SMITH"},{"data":"hexamod:VolcanoVisage","floor":18,"key":"SMITH"},{"data":"theWildCard:Sakuya","floor":26,"key":"SMITH"},{"data":"hexamod:Strike","floor":30,"key":"SMITH"},{"data":"hexamod:WildfireWeapon","floor":35,"key":"SMITH"},{"data":"hexamod:Strike","floor":44,"key":"SMITH"}],"circlet_count":0,"master_deck":["hexamod:Strike+1","hexamod:Strike+1","hexamod:Strike+1","hexamod:Defend","hexamod:Defend+1","hexamod:Defend","hexamod:Defend","hexamod:Sear+1","hexamod:Float+1","hexamod:FastForward+1","theWildCard:Sakuya+1","hexamod:VolcanoVisage+1","hexamod:WildfireWeapon+1"],"relics":["hexamod:SpiritBrand","downfall:HeartBlessingRed","downfall:HeartBlessingGreen","downfall:HeartBlessingBlue","thethorton:CrushedCigarette","MerchantsRug","trackpad:WondrousWand","Bag of Preparation","aspiration:RitualStick","HandDrill","Lizard Tail","PreservedInsect"],"acts_visited":["Exordium","TheCity","TheBeyond"],"potions_floor_usage":[16],"damage_taken":[{"damage":0,"enemies":"2 Louse","floor":2,"turns":2},{"damage":0,"enemies":"Jaw Worm","floor":3,"turns":3},{"damage":0,"enemies":"Small Slimes","floor":4,"turns":3},{"damage":28,"enemies":"3 Louse","floor":9,"turns":8},{"damage":0,"enemies":"2 Fungi Beasts","floor":11,"turns":4},{"damage":0,"enemies":"3 Sentries","floor":14,"turns":7},{"damage":1,"enemies":"Exordium Wildlife","floor":15,"turns":3},{"damage":47,"enemies":"downfall:Defect","floor":16,"turns":10},{"damage":0,"enemies":"Spheric Guardian","floor":19,"turns":4},{"damage":0,"enemies":"downfall:FleeingMerchant","floor":21,"turns":4},{"damage":0,"enemies":"3 Byrds","floor":22,"turns":4},{"damage":0,"enemies":"Snecko","floor":27,"turns":6},{"damage":1,"enemies":"Cultist and Chosen","floor":28,"turns":7},{"damage":0,"enemies":"Centurion and Healer","floor":29,"turns":7},{"damage":4,"enemies":"Sentry and Sphere","floor":32,"turns":4},{"damage":19,"enemies":"downfall:Ironclad","floor":33,"turns":9},{"damage":29,"enemies":"3 Shapes","floor":36,"turns":6},{"damage":4,"enemies":"downfall:FleeingMerchant","floor":38,"turns":4},{"damage":5,"enemies":"Orb Walker","floor":39,"turns":3},{"damage":14,"enemies":"Maw","floor":40,"turns":9},{"damage":0,"enemies":"downfall:FleeingMerchant","floor":43,"turns":4},{"damage":108,"enemies":"Sphere and 2 Shapes","floor":45,"turns":5}],"seed_played":"6567308949723381413","potions_obtained":[{"floor":2,"key":"SteroidPotion"},{"floor":11,"key":"Block Potion"},{"floor":14,"key":"Dexterity Potion"},{"floor":22,"key":"Slimebound:ThreeZeroPotion"},{"floor":27,"key":"LiquidBronze"},{"floor":34,"key":"Swift Potion"},{"floor":39,"key":"SkillPotion"},{"floor":40,"key":"Weak Potion"}],"is_trial":false,"path_per_floor":["R","M","M","M","?","?","T","R","M","R","M","?","?","E","M","B",null,"R","M","?","$","M","?","T","?","R","M","M","M","R","?","M","B",null,"R","M","?","$","M","M","T","?","$","R","M"],"character_chosen":"THE_SPIRIT","items_purchased":["MerchantsRug","trackpad:WondrousWand","HandDrill","Lizard Tail"],"campfire_rested":0,"item_purchase_floors":[21,21,38,38],"current_hp_per_floor":[70,70,70,70,70,70,70,80,52,52,52,52,52,52,51,4,80,80,80,80,80,80,80,80,64,64,64,63,63,63,47,43,24,85,85,56,56,52,47,33,33,42,42,42,0,0,0],"gold":72,"neow_bonus":"HUNDRED_GOLD","is_daily":false,"chose_seed":false,"campfire_upgraded":8,"win_rate":0.0,"timestamp":1609582788,"path_taken":["R","M","M","M","?","?","T","R","M","R","M","?","?","E","M","BOSS","R","M","?","$","M","?","T","?","R","M","M","M","R","?","M","BOSS","R","M","?","$","M","M","T","?","?","R","M"],"items_purchased_type":["Relic","Relic","Relic","Relic"],"build_version":"2020-12-22","purchased_purges":0,"victory":false,"max_hp_per_floor":[70,70,70,70,70,70,70,80,80,80,80,80,80,80,80,80,80,80,80,80,80,80,80,80,80,80,80,80,80,80,80,80,80,85,85,85,85,85,85,85,85,85,85,85,85,85,85],"card_choices":[{"not_picked":["hexamod:GhostOfSpireFuture","hexamod:ShieldOfDarkness","hexamod:RainOfEmbers"],"picked":"SKIP","floor":2},{"not_picked":["hexamod:GhostLash","hexamod:GhostOfSpireFuture","hexamod:ChargedBarrage"],"picked":"SKIP","floor":3},{"not_picked":["hexamod:ShieldOfDarkness","hexamod:InspiringFlames"],"picked":"hexamod:FastForward","floor":4},{"not_picked":["hexamod:Haunt","hexamod:ShieldOfDarkness","hexamod:NightmareGuise"],"picked":"SKIP","floor":9},{"not_picked":["hexamod:NightmareStrike","hexamod:Firestarter","hexamod:RecurringNightmare"],"picked":"SKIP","floor":11},{"not_picked":["hexamod:BurningTouch","hexamod:BacktrackSmack","hexamod:SpectersWail"],"picked":"SKIP","floor":14},{"not_picked":["hexamod:HauntingEcho","hexamod:NightmareGuise","hexamod:FastForward"],"picked":"SKIP","floor":15},{"not_picked":["hexamod:CrushingStance","hexamod:HexaLevel"],"picked":"hexamod:VolcanoVisage","floor":16},{"not_picked":["hexamod:ChargedBarrage","hexamod:FastForward","hexamod:HeatMetal"],"picked":"SKIP","floor":19},{"not_picked":["hexamod:ShieldOfDarkness+1","hexamod:FastForward","hexamod:DynamicBlow"],"picked":"SKIP","floor":21},{"not_picked":["hexamod:ChargedBarrage","hexamod:ThirdSeal","hexamod:Firestarter"],"picked":"SKIP","floor":22},{"not_picked":["hexamod:ShieldOfDarkness","hexamod:DynamicBlow","hexamod:GhostShield"],"picked":"SKIP","floor":27},{"not_picked":["hexamod:GhostLash","hexamod:GhostShield","hexamod:NightmareStrike"],"picked":"SKIP","floor":28},{"not_picked":["hexamod:RetreatToShadows+1","hexamod:BurningTouch+1","hexamod:RainOfEmbers"],"picked":"SKIP","floor":29},{"not_picked":["hexamod:ChargedBarrage","hexamod:SpectersWail+1","hexamod:UnleashSpirits"],"picked":"SKIP","floor":32},{"not_picked":["hexamod:SearingWound","hexamod:TimeOfNeed"],"picked":"hexamod:WildfireWeapon","floor":33},{"not_picked":["hexamod:EtherealExpedition","hexamod:ExtraCrispy","hexamod:Hexaguard"],"picked":"SKIP","floor":36},{"not_picked":["hexamod:SecondSeal","hexamod:RadiantFlame","hexamod:WildfireWeapon"],"picked":"SKIP","floor":38},{"not_picked":["hexamod:HeatMetal+1","hexamod:EtherealExpedition+1","hexamod:BurningTouch+1"],"picked":"SKIP","floor":39},{"not_picked":["hexamod:AdvancingGuard","hexamod:PhantomFireball+1","hexamod:Firestarter+1"],"picked":"SKIP","floor":40},{"not_picked":["hexamod:CatchUp+1","hexamod:RainOfEmbers","hexamod:GhostOfSpirePast+1"],"picked":"SKIP","floor":43}],"player_experience":570406,"relics_obtained":[{"floor":7,"key":"aspiration:DSix"},{"floor":14,"key":"CeramicFish"},{"floor":24,"key":"Bag of Preparation"},{"floor":25,"key":"Nilry\u0027s Codex"},{"floor":41,"key":"PreservedInsect"}],"event_choices":[{"damage_healed":0,"gold_gain":0,"player_choice":"Grow","damage_taken":0,"max_hp_gain":0,"max_hp_loss":0,"event_name":"Living Wall","floor":5,"gold_loss":0,"cards_upgraded":["hexamod:FastForward"]},{"damage_healed":26,"gold_gain":0,"player_choice":"Heal","damage_taken":0,"max_hp_gain":0,"max_hp_loss":0,"event_name":"The Library","floor":20,"gold_loss":0}],"is_beta":false,"boss_relics":[{"not_picked":["trackpad:Coffee","vexMod:MysteryBossChallenge"],"picked":"thethorton:CrushedCigarette"},{"not_picked":["vexMod:ImprovementManual","Calling Bell"],"picked":"Tiny House"}],"items_purged_floors":[],"is_endless":false,"potions_floor_spawned":[2,11,14,22,27,39,40],"killed_by":"Sphere and 2 Shapes","ascension_level":0}}