{"host":"t7kiqd0mabx5u6gq","time":1609555477,"event":{"mods":["AchievementEnabler","Aspiration","BaseMod","Conspire","Dota2Spire","GifTheSpireLib","Halation","Hubris","Infinite Spire","Minty Spire (QoL Compilation)","Quarter Circle Forward PUNCH!","Quick Restart","Replay The Spire","StSLib","Stuff the Spire","vexMod"],"gold_per_floor":[115,115,190,15,28,28,58,58,58,58,83,83,98,98,98,198,198,210,230,230,246,265,265,275,225,275,275,286,302,302,362,362,362,362],"floor_reached":33,"playtime":1204,"items_purged":["Pain"],"score":481,"play_id":"1988af87-3d9c-424b-97b1-526c2b2cb325","local_time":"20210101184437","is_ascension_mode":true,"campfire_choices":[{"data":"Mayhem","floor":6.0,"key":"SMITH"},{"data":"StuffTheSpire:Incantation","floor":12.0,"key":"SMITH"},{"data":"infinitespire:TheBestDefense","floor":15.0,"key":"SMITH"},{"floor":23.0,"key":"REST"},{"data":"infinitespire:Starlight","floor":27.0,"key":"SMITH"},{"data":"StuffTheSpire:Shiver","floor":30,"key":"SMITH"},{"data":"infinitespire:TheBestDefense","floor":32,"key":"SMITH"}],"circlet_count":0,"master_deck":["Strike_G","Strike_G","Strike_G","Strike_G","Strike_G","Defend_G","Defend_G","Defend_G","Defend_G","Defend_G","Survivor","Neutralize","Skewer","Mayhem+1","StuffTheSpire:Incantation+1","hubris:Counter","Blade Dance","Slice","infinitespire:TheBestDefense+1","Replay:Bag of Tricks","Deflect+1","infinitespire:TheBestDefense+1","infinitespire:Starlight+1","Underhanded Strike","Slice","StuffTheSpire:Shiver+1","Sucker Punch"],"relics":["Ring of the Snake","NeowsBlessing","halation:EternalFortune","aspiration:TomeofQuesting","hubris:MobiusCoin","WarpedTongs","conspire:DecoderRing","Busted Crown","aspiration:RitualDagger","infinitespire:FocusingShard","Bag of Preparation"],"acts_visited":["Exordium","TheCity"],"potions_floor_usage":[],"damage_taken":[{"damage":0.0,"enemies":"Small Slimes","floor":1.0,"turns":1.0},{"damage":0.0,"enemies":"Jaw Worm","floor":5.0,"turns":1.0},{"damage":0.0,"enemies":"3 Sentries","floor":7.0,"turns":1.0},{"damage":17.0,"enemies":"Lagavulin","floor":11.0,"turns":11.0},{"damage":2.0,"enemies":"2 Louse","floor":13.0,"turns":4.0},{"damage":3.0,"enemies":"Slime Boss","floor":16.0,"turns":8.0},{"damage":14.0,"enemies":"Chosen","floor":18.0,"turns":5.0},{"damage":2.0,"enemies":"Spheric Guardian","floor":19.0,"turns":3.0},{"damage":32.0,"enemies":"Shelled Parasite and Fungi","floor":21.0,"turns":5.0},{"damage":18.0,"enemies":"Snecko","floor":22.0,"turns":5.0},{"damage":12.0,"enemies":"Centurion and Healer","floor":24.0,"turns":4.0},{"damage":11.0,"enemies":"3 Cultists","floor":28.0,"turns":3.0},{"damage":12,"enemies":"Shelled Parasite and Fungi","floor":29,"turns":3},{"damage":26,"enemies":"Snake Plant","floor":31,"turns":4},{"damage":193,"enemies":"Automaton","floor":33,"turns":12}],"seed_played":"-6273897659091893162","potions_obtained":[{"floor":1.0,"key":"LiquidBronze"},{"floor":5.0,"key":"FearPotion"},{"floor":13.0,"key":"PowerPotion"},{"floor":18.0,"key":"BlessingOfTheForge"},{"floor":19.0,"key":"Reflective Coating"},{"floor":21.0,"key":"Flashbang"},{"floor":28.0,"key":"Venom Potion"}],"is_trial":false,"path_per_floor":["M","?","?","$","M","R","E","$","T","?","E","R","M","?","R","B",null,"M","M","AVR","M","M","R","M","?","T","R","M","M","R","M","R","B"],"character_chosen":"THE_SILENT","items_purchased":["Mayhem"],"campfire_rested":1,"item_purchase_floors":[4],"current_hp_per_floor":[63,66,55,55,55,55,55,55,55,55,38,38,36,17,17,14,58,44,42,42,25,17,38,41,41,41,41,45,36,36,25,25,0,0],"gold":362,"neow_bonus":"THREE_ENEMY_KILL","is_daily":false,"chose_seed":false,"campfire_upgraded":6,"win_rate":0.0,"timestamp":1609555477,"path_taken":["M","?","?","$","?","R","E","$","T","?","E","R","?","?","R","BOSS","M","M","AVR","M","M","R","M","?","T","R","?","M","R","M","R","BOSS"],"items_purchased_type":["Card"],"build_version":"2020-12-22","purchased_purges":1,"victory":false,"max_hp_per_floor":[70,73,73,73,73,73,73,73,73,73,73,73,73,73,73,73,73,73,73,73,73,73,73,73,73,73,73,73,76,76,76,76,76,76],"card_choices":[{"not_picked":["Flechettes","Caltrops"],"picked":"Skewer","floor":1.0},{"not_picked":["All Out Attack","Skewer"],"picked":"StuffTheSpire:Incantation","floor":5.0},{"not_picked":["hubris:TrickCloak","StuffTheSpire:MirrorStance"],"picked":"hubris:Counter","floor":7.0},{"not_picked":["hubris:SlightOfHand","Blur"],"picked":"Blade Dance","floor":11.0},{"not_picked":["Poisoned Stab","Fluid Movement"],"picked":"Slice","floor":13.0},{"not_picked":["hubris:Rewind","ReplayTheSpireMod:Haul"],"picked":"infinitespire:TheBestDefense","floor":14.0},{"not_picked":["Grand Finale","StuffTheSpire:FinalStruggle"],"picked":"Replay:Bag of Tricks","floor":16.0},{"not_picked":["Bouncing Flask"],"picked":"SKIP","floor":18.0},{"not_picked":[],"picked":"Deflect+1","floor":19.0},{"not_picked":[],"picked":"Underhanded Strike","floor":21.0},{"not_picked":[],"picked":"Slice","floor":22.0},{"not_picked":["StuffTheSpire:Fury"],"picked":"SKIP","floor":24.0},{"not_picked":[],"picked":"StuffTheSpire:Shiver","floor":28.0},{"not_picked":["Bane"],"picked":"SKIP","floor":29},{"not_picked":[],"picked":"Sucker Punch","floor":31}],"player_experience":571054,"relics_obtained":[{"floor":7.0,"key":"aspiration:TomeofQuesting"},{"floor":9.0,"key":"hubris:MobiusCoin"},{"floor":11.0,"key":"conspire:DecoderRing"},{"floor":26.0,"key":"Bag of Preparation"},{"floor":29,"key":"halation:EternalFortune"}],"event_choices":[{"damage_healed":0.0,"max_hp_gain":0.0,"max_hp_loss":0.0,"gold_gain":75.0,"event_name":"World of Goop","player_choice":"Gather Gold","floor":3.0,"gold_loss":0.0,"damage_taken":11.0},{"damage_healed":0.0,"max_hp_gain":0.0,"max_hp_loss":0.0,"gold_gain":0.0,"event_name":"Accursed Blacksmith","player_choice":"Rummage","floor":10.0,"gold_loss":0.0,"damage_taken":0.0,"relics_obtained":["WarpedTongs"],"cards_obtained":["Pain"]},{"damage_healed":0.0,"max_hp_gain":0.0,"max_hp_loss":0.0,"gold_gain":0.0,"event_name":"The Joust","player_choice":"Bet on Owner","floor":25.0,"gold_loss":50.0,"damage_taken":0.0}],"is_beta":false,"boss_relics":[{"not_picked":["hubris:GrandSneckoEye","StuffTheSpire:Kangaroo"],"picked":"Busted Crown"}],"items_purged_floors":[20],"is_endless":false,"potions_floor_spawned":[1,5,13,18,19,21,28],"killed_by":"Automaton","ascension_level":9}}