{"host":"ik8ww1p4uabx5gam","time":1609594315,"event":{"mods":["Always Whale","Aspiration","BaseMod","Better Third Choice","BetterRewards","Colored Map","Conspire","Energized Spire","FetchMod","Hubris","Infinite Spire","Jedi Mod","Minty Spire (QoL Compilation)","Random Character Button","Replay The Spire","Shop Mod","Spicy Shops","Spikes Relics","StSLib","The Blue Laboratory","Wandering Minibosses","??????REMEMod"],"gold_per_floor":[109,109,109,109,120,154,254,109,109,135,135,150,180,190,190,294,294,311,63,78,78,90,90,90],"floor_reached":23,"playtime":647,"items_purged":[],"score":246,"play_id":"f8bad900-e0bc-4346-9ff1-29ac9cfe280b","local_time":"20210102073155","is_ascension_mode":true,"campfire_choices":[{"data":"REME_SingleHolding","floor":11,"key":"SMITH"},{"data":"Eruption","floor":15,"key":"SMITH"}],"circlet_count":0,"master_deck":["Strike_R","Strike_R","Strike_R","Strike_R","Defend_R","Defend_R","Defend_R","Defend_R","Cleave","Eruption+1","Iron Wave","Feed","REME_SingleHolding+1","Heavy Blade","ReplayTheSpireMod:Muscle Training","Ghostly Armor","REME_ACTH","Flex","Deep Breath","True Grit+1","infinitespire:Collect","BarbarianYell+1"],"relics":["REME_ComplimentaryCards","Ooze Armor","Self Forming Clay","Happy Flower","Lee\u0027s Waffle","Eternal Feather","Bronze Scales","hubris:CrystalStatue","aspiration:RunicSpoon","Brimstone","infinitespire:Magic Flask"],"acts_visited":["Exordium","TheCity"],"potions_floor_usage":[13,13,16,18,23],"damage_taken":[{"damage":6,"enemies":"Small Slimes","floor":1,"turns":4},{"damage":3,"enemies":"Jaw Worm","floor":5,"turns":4},{"damage":16,"enemies":"Gremlin Nob","floor":6,"turns":4},{"damage":36,"enemies":"Lagavulin","floor":10,"turns":3},{"damage":0,"enemies":"2 Louse","floor":12,"turns":2},{"damage":0,"enemies":"3 Sentries","floor":13,"turns":4},{"damage":3,"enemies":"conspire:2 RoseBushes","floor":14,"turns":2},{"damage":62,"enemies":"Hexaghost","floor":16,"turns":5},{"damage":17,"enemies":"Chosen","floor":18,"turns":1},{"damage":0,"enemies":"Spheric Guardian","floor":20,"turns":1},{"damage":6,"enemies":"Centurion and Healer","floor":22,"turns":3},{"damage":70,"enemies":"REME_1_Revenger","floor":23,"turns":4}],"seed_played":"-1525724836078533995","potions_obtained":[{"floor":10,"key":"LifebloodPotion"},{"floor":12,"key":"AttackPotion"},{"floor":13,"key":"blueLaboratory:SmithPotion"},{"floor":14,"key":"DuplicationPotion"},{"floor":16,"key":"Toxic Potion"},{"floor":22,"key":"blueLaboratory:RememoryPotion"}],"is_trial":false,"path_per_floor":["M","?","?","T","M","E","?","$","T","E","R","M","E","M","R","B",null,"M","$","M","AVR","M","E"],"character_chosen":"IRONCLAD","items_purchased":["Lee\u0027s Waffle","Brimstone","Deep Breath"],"campfire_rested":0,"item_purchase_floors":[8,19,19],"current_hp_per_floor":[74,67,67,67,64,48,48,87,87,51,57,60,63,60,69,7,93,76,76,76,76,70,0,0],"gold":90,"neow_bonus":"BOSS_RELIC","is_daily":false,"chose_seed":false,"campfire_upgraded":2,"win_rate":0.0,"timestamp":1609594315,"path_taken":["M","?","?","?","?","E","?","$","T","E","R","M","E","M","R","BOSS","M","?","M","AVR","M","E"],"items_purchased_type":["Relic","Relic","Card"],"build_version":"2020-12-22","purchased_purges":0,"victory":false,"max_hp_per_floor":[80,80,80,80,80,80,80,87,87,87,87,90,93,93,93,93,93,93,93,93,93,93,93,93],"card_choices":[{"not_picked":["Body Slam","Run Through"],"picked":"Cleave","floor":1},{"not_picked":["Wild Strike","True Grit"],"picked":"Iron Wave","floor":5},{"not_picked":["jedi:MakeshiftSword","Burning Pact","Second Wind"],"picked":"SKIP","floor":6},{"not_picked":["Flex","conspire:ExplosiveBarrier"],"picked":"REME_SingleHolding","floor":10},{"not_picked":["Flame Barrier","Pommel Strike"],"picked":"Heavy Blade","floor":12},{"not_picked":["Shockwave","jedi:fear"],"picked":"ReplayTheSpireMod:Muscle Training","floor":13},{"not_picked":["Twin Strike","Cleave"],"picked":"Ghostly Armor","floor":14},{"not_picked":["Berserk","Impervious"],"picked":"REME_ACTH","floor":16},{"not_picked":["conspire:ExplosiveBarrier","hubris:ReadiedAction+1"],"picked":"Flex","floor":18},{"not_picked":["Uppercut+1","Warcry"],"picked":"True Grit+1","floor":20},{"not_picked":["hubris:ReadiedAction","Power Through+1"],"picked":"BarbarianYell+1","floor":22}],"player_experience":922205,"relics_obtained":[{"floor":4,"key":"Self Forming Clay"},{"floor":6,"key":"Happy Flower"},{"floor":9,"key":"Eternal Feather"},{"floor":10,"key":"Bronze Scales"},{"floor":13,"key":"hubris:CrystalStatue"}],"event_choices":[{"cards_removed":["Strike_R"],"damage_healed":0,"gold_gain":0,"player_choice":"Card Removal","damage_taken":7,"max_hp_gain":0,"max_hp_loss":0,"event_name":"Golden Wing","floor":2,"gold_loss":0},{"damage_healed":0,"gold_gain":100,"player_choice":"Gold","damage_taken":0,"max_hp_gain":0,"max_hp_loss":0,"event_name":"Wheel of Change","floor":7,"gold_loss":0}],"is_beta":false,"boss_relics":[{"not_picked":["energizedSpire:RedRose","ReplayTheSpireMod:DimensionalGlitch"],"picked":"aspiration:RunicSpoon"}],"items_purged_floors":[],"is_endless":false,"potions_floor_spawned":[10,12,13,14,16,22],"killed_by":"REME_1_Revenger","ascension_level":1}}