{"host":"KYO","time":1609554528,"event":{"mods":["BaseMod","BetterRewards","Minty Spire (QoL Compilation)","Shop Mod","StSLib","SuperFastMode","[IsaacMod]ÒÔÈö¼âËþ"],"gold_per_floor":[115,124,136,148,159,191,206,233,312,344,427,453,453,482,493,563,572,672,679,713,713,713,713,746,802,814,867,898,910,1029,1041,1067,1079,1157,1173,1197,1230,1269,1269,1269,1303,1303,1343,1368,1387,1387,1485,1485,1509,1523,1554,1854,1873,1911,1911,1949,1949,1970,1985,2004,2040,2084,2084,2084,2084,2084,2084,2190,2230,2230],"floor_reached":57,"playtime":3118,"items_purged":["Defend_G","Strike_G","Defend_G","Defend_G","Strike_G","Defend_G","Defend_G","Strike_G","Strike_G","EpicFetus","Strike_G","Survivor","Neutralize+1","Flash of Steel"],"score":5027,"play_id":"bc541e47-bead-447c-93d5-c256b8cad86a","local_time":"20210102102848","is_ascension_mode":true,"campfire_choices":[{"floor":15,"key":"RECALL"},{"floor":7,"key":"DIG"},{"floor":12,"key":"DIG"},{"floor":15,"key":"DIG"},{"floor":28,"key":"DIG"},{"floor":32,"key":"DIG"},{"floor":41,"key":"DIG"},{"floor":49,"key":"DIG"},{"floor":53,"key":"DIG"}],"circlet_count":98,"master_deck":["AscendersBane","Reflex+1","Prepared+1","Flash of Steel+1","Flash of Steel+1","Tactician+1","Blur+1","Calculated Gamble+1","A Thousand Cuts+1","After Image+1"],"relics":["Ring of the Serpent","HushsDoor","Toxic Egg 2","MerchantsRug","PreservedInsect","TheAbacus","SteamSale","SteamSale","CaptainsWheel","ClockworkSouvenir","YumHeart","Vajra","Sundial","Frozen Eye","WingedGreaves","Anchor","MealTicket","NineVolt","DeadEye","Regal Pillow","Lantern","PillsDrop","Sling","Blue Candle","The Specimen","TwistedFunnel","Medical Kit","Prayer Wheel","GnawedLeaf","Mercury Hourglass","Kunai","Centennial Puzzle","Void","Toolbox","OrangePellets","BelialBook","BookofShadows","Membership Card","InkBottle","CeramicFish","Unceasing Top","Tiny Chest","Torii","Nunchaku","TheBattery","Blood Vial","Happy Flower","HowToJump","HandDrill","Akabeko","Juzu Bracelet","Orichalcum","Molten Egg 2","BFFS","Toy Ornithopter","Mummified Hand","TheBible","DoctorsRemote","GuppysTail","Habit","Bag of Marbles","Gremlin Horn","Chemical X","Letter Opener","TheBean","Pantograph","Oddly Smooth Stone","Bag of Preparation","SalivaCoin","GuppysHead","Singing Bowl","Omamori","DeathBook","Shuriken","BlankCard","Bronze Scales","Pen Nib","Lizard Tail","SharpPlug","Dream Catcher","Ancient Tea Set","Paper Crane","Chaos","Shovel","Cracked Core","Succubus","Paper Frog","JudasShadow","Turnip","Darkstone Periapt","MoneyPower","WristBlade","Incubus","BloodDonationMachine","RottenBaby","D4","Runic Capacitor","White Beast Statue","HornCleat","FossilizedHelix","DataDisk","Runic Pyramid","Magic Flower","Tough Bandages","MomsKnife","Frozen Egg 2","D6","Snake Skull","UnicornStump","Boot","PokeGo","StrikeDummy","TuHaoJin","Runic Cube","Tingsha","Calipers","NineLifeCat","MegaBlast","Question Card","Mark of Pain","Symbiotic Virus","EdensBlessing","Nuclear Battery","Leech","Pocketwatch","SacredBark","Peace Pipe","Ice Cream","Inserter","Red Skull","Ginger","Charon\u0027s Ashes","Ornamental Fan","Damocles","Circlet","Odd Mushroom","Incense Burner","Thread and Needle","Gambling Chip","Golden Idol","AnarchistCookbook","Meat on the Bone","Bottled Lightning","Eternal Feather","Smiling Mask","GuppysPaw","The Courier","Bird Faced Urn","MagicMushroom","Du-Vu Doll","GuppysCollar","PunchingBag","Diplopia","PrismaticShard","Art of War","TungstenRod","GuppysHairball","Damocles","Damocles","Lee\u0027s Waffle"],"acts_visited":["Exordium","TheCity","TheBeyond","TheEnding"],"potions_floor_usage":[0,4,4,56,56,56,56],"damage_taken":[{"damage":0,"enemies":"Cultist","floor":1,"turns":1},{"damage":0,"enemies":"2 Louse","floor":3,"turns":1},{"damage":0,"enemies":"Jaw Worm","floor":4,"turns":1},{"damage":0,"enemies":"Gremlin Gang","floor":5,"turns":1},{"damage":0,"enemies":"Gremlin Nob","floor":6,"turns":1},{"damage":0,"enemies":"3 Louse","floor":7,"turns":1},{"damage":0,"enemies":"3 Sentries","floor":8,"turns":1},{"damage":0,"enemies":"Lagavulin","floor":10,"turns":1},{"damage":0,"enemies":"3 Sentries","floor":12,"turns":1},{"damage":0,"enemies":"The Mushroom Lair","floor":14,"turns":1},{"damage":0,"enemies":"Jaw Worm","floor":1,"turns":1},{"damage":0,"enemies":"Lagavulin","floor":6,"turns":1},{"damage":0,"enemies":"Gremlin Nob","floor":10,"turns":1},{"damage":0,"enemies":"Lagavulin","floor":11,"turns":1},{"damage":0,"enemies":"3 Sentries","floor":13,"turns":1},{"damage":0,"enemies":"Cultist","floor":14,"turns":1},{"damage":0,"enemies":"The Guardian","floor":16,"turns":1},{"damage":0,"enemies":"Shell Parasite","floor":18,"turns":1},{"damage":0,"enemies":"2 Thieves","floor":21,"turns":1},{"damage":0,"enemies":"Snecko","floor":22,"turns":1},{"damage":0,"enemies":"Gremlin Leader","floor":23,"turns":1},{"damage":0,"enemies":"Slavers","floor":24,"turns":1},{"damage":0,"enemies":"Book of Stabbing","floor":27,"turns":1},{"damage":0,"enemies":"Slavers","floor":29,"turns":1},{"damage":0,"enemies":"Shelled Parasite and Fungi","floor":30,"turns":1},{"damage":0,"enemies":"Snake Plant","floor":31,"turns":1},{"damage":0,"enemies":"Automaton","floor":33,"turns":1},{"damage":0,"enemies":"3 Darklings","floor":35,"turns":1},{"damage":0,"enemies":"Orb Walker","floor":36,"turns":1},{"damage":0,"enemies":"Mind Bloom Boss Battle","floor":37,"turns":1},{"damage":0,"enemies":"Transient","floor":39,"turns":1},{"damage":0,"enemies":"Giant Head","floor":40,"turns":1},{"damage":0,"enemies":"Nemesis","floor":42,"turns":1},{"damage":0,"enemies":"3 Darklings","floor":44,"turns":1},{"damage":0,"enemies":"Jaw Worm Horde","floor":45,"turns":1},{"damage":0,"enemies":"Spire Growth","floor":46,"turns":1},{"damage":0,"enemies":"Giant Head","floor":47,"turns":1},{"damage":0,"enemies":"Nemesis","floor":48,"turns":1},{"damage":0,"enemies":"Donu and Deca","floor":50,"turns":1},{"damage":0,"enemies":"Awakened One","floor":51,"turns":2},{"damage":0,"enemies":"Shield and Spear","floor":55,"turns":1},{"damage":0,"enemies":"The Heart","floor":56,"turns":4}],"seed_played":"-148344063291478654","potions_obtained":[{"floor":1,"key":"GamblersBrew"},{"floor":3,"key":"Block Potion"},{"floor":5,"key":"LiquidBronze"},{"floor":7,"key":"ColorlessPotion"},{"floor":12,"key":"EssenceOfSteel"},{"floor":1,"key":"Ancient Potion"},{"floor":4,"key":"Fruit Juice"},{"floor":4,"key":"Fruit Juice"},{"floor":4,"key":"Fire Potion"},{"floor":4,"key":"Explosive Potion"},{"floor":4,"key":"BlessingOfTheForge"},{"floor":14,"key":"CunningPotion"},{"floor":16,"key":"DistilledChaos"},{"floor":18,"key":"Dexterity Potion"},{"floor":21,"key":"SneckoOil"},{"floor":22,"key":"ColorlessPotion"},{"floor":24,"key":"GamblersBrew"},{"floor":27,"key":"Block Potion"},{"floor":30,"key":"Ancient Potion"},{"floor":31,"key":"Weak Potion"}],"is_trial":false,"path_per_floor":["M","?","M","M","M","E","M","E","T","E","$","E","T","?","R","M","T","?","$","?","E","R","?","T","E","E","R","E","M","R","B",null,"M","T","$","M","M","E","E","$","T","E","R","E","M","M","R","B",null,"M","M","?","?","M","E","R","E","T","M","M","M","E","E","R","B","B",null,"R","$","E","B",null],"character_chosen":"THE_SILENT","items_purchased":["Toxic Egg 2","Reflex+1","MerchantsRug","PreservedInsect","TheAbacus","Diplopia","SteamSale","CaptainsWheel","ClockworkSouvenir","YumHeart","Vajra","Sundial","Frozen Eye","WingedGreaves","Anchor","MealTicket","NineVolt","DeadEye","Regal Pillow","Lantern","PillsDrop","Sling","Prepared+1","Blue Candle","The Specimen","TwistedFunnel","Medical Kit","Prayer Wheel","GnawedLeaf","Mercury Hourglass","Kunai","Flash of Steel","Fruit Juice","Centennial Puzzle","Void","Toolbox","OrangePellets","BelialBook","BookofShadows","Membership Card","InkBottle","Matryoshka","CeramicFish","Whetstone","Flash of Steel","Unceasing Top","Tiny Chest","Torii","Nunchaku","BookOfRevelations","TheBattery","Blood Vial","Happy Flower","HowToJump","Potion Belt","HandDrill","Akabeko","Juzu Bracelet","Orichalcum","Molten Egg 2","BFFS","Toy Ornithopter","Mummified Hand","Strawberry","Lee\u0027s Waffle","TheBible","DoctorsRemote","GuppysTail","Habit","Bag of Marbles","Gremlin Horn","Chemical X","Letter Opener","TheBean","Pantograph","Oddly Smooth Stone","Bag of Preparation","SalivaCoin","GuppysHead","Singing Bowl","Omamori","DeathBook","Orrery","Shuriken","BlankCard","Bronze Scales","Pen Nib","Lizard Tail","SharpPlug","Dream Catcher","Ancient Tea Set","Paper Crane","Chaos","Shovel","Cracked Core","Succubus","Paper Frog","JudasShadow","Turnip","Darkstone Periapt","Pear","MoneyPower","WristBlade","Incubus","BloodDonationMachine","RottenBaby","D4","Runic Capacitor","White Beast Statue","HornCleat","FossilizedHelix","DataDisk","Runic Pyramid","Magic Flower","Tough Bandages","MomsKnife","Flash of Steel+1","Backflip+1","Frozen Egg 2","D6","Snake Skull","Tactician+1","Blur+1","UnicornStump","Boot","PokeGo","StrikeDummy","TuHaoJin","Runic Cube","War Paint","Tingsha","Calipers","NineLifeCat","MegaBlast","Question Card","Mark of Pain","Symbiotic Virus","EdensBlessing","Nuclear Battery","Pandora\u0027s Box","Leech","Pocketwatch","Ninja Scroll","SacredBark","Peace Pipe","Ice Cream","Inserter","Red Skull","Ginger","Charon\u0027s Ashes","ForgetMeNow","Ornamental Fan","Strange Spoon","Dead Branch","Damocles","Circlet","Circlet","Circlet","Circlet","Thread and Needle","Gambling Chip","Cauldron","Du-Vu Doll","GuppysCollar","PunchingBag","Diplopia","BookOfRevelations","PrismaticShard","Art of War","Whetstone","TungstenRod","Circlet","Circlet","Circlet","Circlet","Orrery","GuppysHairball","Damocles","Damocles","Damocles","Circlet","Circlet","Circlet","Lee\u0027s Waffle","AttackPotion","FairyPotion","GhostInAJar","SkillPotion","FearPotion"],"campfire_rested":0,"item_purchase_floors":[0,0,0,0,0,0,0,0,0,0,0,0,0,0,0,0,0,0,0,0,0,0,0,0,0,0,0,0,0,0,0,0,0,0,0,0,0,0,0,0,0,0,0,0,0,0,0,0,0,0,0,0,0,0,0,0,0,0,0,0,0,0,0,0,0,0,0,0,0,0,0,0,0,0,0,0,0,0,0,0,0,0,0,0,0,0,0,0,0,0,0,0,0,0,0,0,0,0,0,0,0,0,0,0,0,0,0,0,0,0,0,0,0,0,0,0,0,0,0,0,0,0,0,0,0,0,0,0,0,0,0,0,0,0,0,0,0,0,0,0,0,0,0,0,0,0,0,0,0,0,0,0,0,0,0,0,11,11,11,4,4,4,17,17,17,17,20,20,20,20,20,20,20,20,20,25,34,34,34,34,54,54,54,54,54,54,54,54,54],"current_hp_per_floor":[41,41,50,59,68,83,92,104,109,121,121,133,143,145,149,149,149,169,110,115,115,120,120,125,131,141,146,156,159,197,161,179,179,179,188,200,215,227,237,242,254,259,271,280,292,297,299,259,283,307,334,334,358,385,390,417,422,446,455,459,461,463,463,463,463,463,463,470,472,472],"gold":2230,"neow_bonus":"","is_daily":false,"chose_seed":false,"campfire_upgraded":0,"win_rate":0.0,"timestamp":1609554528,"path_taken":["M","?","M","M","M","E","M","E","T","E","$","E","?","?","R","M","?","?","$","?","E","R","?","T","E","E","R","E","M","R","BOSS","M","?","?","M","M","E","E","$","T","E","R","E","M","M","R","BOSS","M","M","?","?","M","E","R","E","T","M","M","M","E","E","R","BOSS","BOSS","R","$","E","BOSS"],"items_purchased_type":["Relic","Card","Relic","Relic","Relic","Relic","Relic","Relic","Relic","Relic","Relic","Relic","Relic","Relic","Relic","Relic","Relic","Relic","Relic","Relic","Relic","Relic","Card","Relic","Relic","Relic","Relic","Relic","Relic","Relic","Relic","Card","Potion","Relic","Card","Relic","Relic","Relic","Relic","Relic","Relic","Relic","Relic","Relic","Card","Relic","Relic","Relic","Relic","Relic","Relic","Relic","Relic","Relic","Relic","Relic","Relic","Relic","Relic","Relic","Relic","Relic","Relic","Relic","Relic","Relic","Relic","Relic","Relic","Relic","Relic","Relic","Relic","Relic","Relic","Relic","Relic","Relic","Relic","Relic","Relic","Relic","Relic","Relic","Relic","Relic","Relic","Relic","Relic","Relic","Relic","Relic","Card","Relic","Relic","Relic","Relic","Relic","Relic","Relic","Relic","Relic","Relic","Relic","Relic","Relic","Relic","Relic","Relic","Relic","Relic","Relic","Relic","Relic","Relic","Relic","Card","Card","Relic","Relic","Relic","Card","Card","Relic","Relic","Relic","Relic","Relic","Relic","Relic","Relic","Relic","Relic","Relic","Relic","Relic","Relic","Relic","Relic","Relic","Relic","Relic","Relic","Relic","Relic","Relic","Relic","Relic","Relic","Relic","Relic","Relic","Relic","Relic","Relic","Undefined","Undefined","Undefined","Undefined","Relic","Relic","Relic","Relic","Relic","Relic","Relic","Relic","Relic","Relic","Relic","Relic","Undefined","Undefined","Undefined","Undefined","Relic","Relic","Relic","Relic","Relic","Undefined","Undefined","Undefined","Relic","Potion","Potion","Potion","Potion","Potion"],"build_version":"2020-12-18","purchased_purges":14,"victory":true,"max_hp_per_floor":[41,41,50,59,68,83,92,104,109,121,121,133,143,145,149,149,149,169,169,171,171,176,176,178,181,188,190,197,197,197,161,179,179,179,188,200,215,227,237,242,254,259,271,280,292,297,299,259,283,307,334,334,358,385,390,417,422,446,455,459,461,463,463,463,463,463,463,470,472,472],"card_choices":[{"not_picked":[],"picked":"EpicFetus","floor":0},{"not_picked":["Quick Slash+1","PiercingWail+1","Bullet Time+1"],"picked":"Singing Bowl","floor":0},{"not_picked":["Bomb","Predator+1","Dodge and Roll+1"],"picked":"Singing Bowl","floor":0},{"not_picked":["Leg Sweep+1","Deflect+1","Prepared+1"],"picked":"Singing Bowl","floor":0},{"not_picked":["Distraction+1","Accuracy","Poisoned Stab+1"],"picked":"Singing Bowl","floor":0},{"not_picked":["Prepared+1","Noxious Fumes","Caltrops"],"picked":"Singing Bowl","floor":0},{"not_picked":["Bouncing Flask+1","Dagger Throw+1","Deflect+1","Flying Knee+1"],"picked":"Singing Bowl","floor":1},{"not_picked":["Outmaneuver+1","Predator+1","Riddle With Holes+1","Prepared+1"],"picked":"Singing Bowl","floor":1},{"not_picked":["Glass Knife+1","Bomb","Deadly Poison+1","Backflip+1"],"picked":"Singing Bowl","floor":3},{"not_picked":["Bomb","Catalyst+1","Prepared+1","Acrobatics+1"],"picked":"Singing Bowl","floor":3},{"not_picked":["Dodge and Roll+1","Well Laid Plans+1","Distraction+1","Bane+1"],"picked":"Singing Bowl","floor":4},{"not_picked":["Dagger Spray+1","Acrobatics+1","Blade Dance+1","Underhanded Strike+1"],"picked":"Singing Bowl","floor":4},{"not_picked":["Noxious Fumes+1","Bane+1","Underhanded Strike+1","Flying Knee+1"],"picked":"Singing Bowl","floor":5},{"not_picked":["Underhanded Strike+1","Bullet Time+1","Masterful Stab+1","Bomb"],"picked":"Singing Bowl","floor":5},{"not_picked":["All Out Attack+1","Heel Hook+1","Prepared+1","Bomb"],"picked":"Singing Bowl","floor":6},{"not_picked":["Expertise+1","Underhanded Strike+1","Skewer+1","Quick Slash+1"],"picked":"Singing Bowl","floor":7},{"not_picked":["Choke+1","Dagger Throw+1","Slice+1","Bomb"],"picked":"Singing Bowl","floor":7},{"not_picked":["Outmaneuver+1","Quick Slash+1","Bane+1","Expertise+1"],"picked":"Singing Bowl","floor":8},{"not_picked":["Bomb","Night Terror+1","Backflip+1","Reflex+1"],"picked":"Singing Bowl","floor":10},{"not_picked":["Blur+1","Concentrate+1","Bane+1","Well Laid Plans+1"],"picked":"Singing Bowl","floor":12},{"not_picked":["Skewer+1","Outmaneuver+1","Backflip+1","Terror+1"],"picked":"Singing Bowl","floor":14},{"not_picked":["PiercingWail+1","Storm of Steel+1","Sucker Punch+1","Dodge and Roll+1"],"picked":"Singing Bowl","floor":1},{"not_picked":["Underhanded Strike+1","Choke+1","Cloak And Dagger+1","Flying Knee+1"],"picked":"Singing Bowl","floor":1},{"not_picked":["Skewer+1","Quick Slash+1","Bouncing Flask+1","Underhanded Strike+1"],"picked":"Singing Bowl","floor":6},{"not_picked":["Crippling Poison+1","Reflex+1","Blade Dance+1","Grand Finale+1"],"picked":"Singing Bowl","floor":10},{"not_picked":["Dagger Spray+1","Underhanded Strike+1","Flying Knee+1"],"picked":"A Thousand Cuts+1","floor":11},{"not_picked":["Bouncing Flask+1","Quick Slash+1","Acrobatics+1","All Out Attack+1"],"picked":"Singing Bowl","floor":13},{"not_picked":["Catalyst+1","Endless Agony+1","Escape Plan+1","Bouncing Flask+1"],"picked":"Singing Bowl","floor":14},{"not_picked":["Dodge and Roll+1","Slice+1","Underhanded Strike+1","Finisher+1"],"picked":"Singing Bowl","floor":14},{"not_picked":["Storm of Steel+1","Night Terror+1","Venomology+1"],"picked":"After Image+1","floor":16},{"not_picked":["Slice+1","Prepared+1","Catalyst+1","Unload+1"],"picked":"Singing Bowl","floor":18},{"not_picked":["Flying Knee+1","Crippling Poison+1","Acrobatics+1","Choke+1"],"picked":"Singing Bowl","floor":18},{"not_picked":["Protect+1","Inflame+1","JustLucky+1","Compile Driver+1"],"picked":"Singing Bowl","floor":21},{"not_picked":["Seek+1","Perfected Strike+1","Blind+1","Bandage Up+1"],"picked":"Singing Bowl","floor":21},{"not_picked":["Caltrops+1","Sweeping Beam+1","Deep Breath+1","Wild Strike+1"],"picked":"Singing Bowl","floor":22},{"not_picked":["Conclude+1","Leap+1","Reprogram+1","Calculated Gamble+1"],"picked":"Singing Bowl","floor":22},{"not_picked":["Dash+1","Accuracy+1","Jack Of All Trades+1","EmptyBody+1"],"picked":"Singing Bowl","floor":23},{"not_picked":["Disarm+1","Caltrops+1","Evolve+1","Double Energy+1"],"picked":"Singing Bowl","floor":24},{"not_picked":["Hello World+1","Blasphemy+1","BowlingBash+1","FollowUp+1"],"picked":"Singing Bowl","floor":25},{"not_picked":["PathToVictory+1","Heatsinks+1","Shrug It Off+1","Magnetism+1"],"picked":"Singing Bowl","floor":25},{"not_picked":["Blood for Blood+1","Iron Wave+1","Second Wind+1","Forethought+1"],"picked":"Singing Bowl","floor":25},{"not_picked":["Shrug It Off+1","FlyingSleeves+1","Blur+1","Consecrate+1"],"picked":"Singing Bowl","floor":25},{"not_picked":["FollowUp+1","JustLucky+1","Flying Knee+1","SashWhip+1"],"picked":"Singing Bowl","floor":25},{"not_picked":["Crescendo+1","SashWhip+1","Bandage Up+1","Caltrops+1"],"picked":"Singing Bowl","floor":27},{"not_picked":["Dodge and Roll+1","BettingIsNotGood+1","Prepared+1","Shrug It Off+1"],"picked":"Singing Bowl","floor":29},{"not_picked":["Sanctity+1","Blur+1","Infinite Blades+1","Deadly Poison+1"],"picked":"Singing Bowl","floor":30},{"not_picked":["PathToVictory+1","Tactician+1","Ball Lightning+1","Headbutt+1"],"picked":"Singing Bowl","floor":30},{"not_picked":["Clothesline+1","Pray+1","ClearTheMind+1","Capacitor+1"],"picked":"Singing Bowl","floor":31},{"not_picked":["Loop+1","Darkness+1","Dagger Spray+1","Bloodletting+1"],"picked":"Singing Bowl","floor":31},{"not_picked":["Transmutation+1","A Thousand Cuts+1","Creative AI+1","Die Die Die+1"],"picked":"Singing Bowl","floor":33},{"not_picked":["Stack+1","Whirlwind+1","Good Instincts+1","Leap+1"],"picked":"Singing Bowl","floor":35},{"not_picked":["Havoc+1","Dagger Throw+1","Melter+1","Forethought+1"],"picked":"Singing Bowl","floor":35},{"not_picked":["Wild Strike+1","Anger+1","Well Laid Plans+1","FTL+1"],"picked":"Singing Bowl","floor":36},{"not_picked":["Cleave+1","Perfected Strike+1","Clash+1","Blade Dance+1"],"picked":"Singing Bowl","floor":36},{"not_picked":["FearNoEvil+1","Good Instincts+1","Inflame+1","Combust+1"],"picked":"Singing Bowl","floor":37},{"not_picked":["Barrage+1","LikeWater+1","Omniscience+1","SandsOfTime+1"],"picked":"Singing Bowl","floor":39},{"not_picked":["Wild Strike+1","LikeWater+1","Blade Dance+1","Sweeping Beam+1"],"picked":"Singing Bowl","floor":39},{"not_picked":["Calculated Gamble+1","Panacea+1","Body Slam+1","Flame Barrier+1"],"picked":"Singing Bowl","floor":40},{"not_picked":["Chill+1","Cleave+1","Biased Cognition+1","Apotheosis+1"],"picked":"Singing Bowl","floor":42},{"not_picked":["Undo+1","Purity+1","Bandage Up+1","Vengeance+1"],"picked":"Singing Bowl","floor":44},{"not_picked":["Warcry+1","Streamline+1","Prepared+1","FlyingSleeves+1"],"picked":"Singing Bowl","floor":44},{"not_picked":["Havoc+1","Swivel+1","Dagger Spray+1","Thunder Strike+1"],"picked":"Singing Bowl","floor":45},{"not_picked":["Enlightenment+1","Acrobatics+1","Slice+1","Discovery+1"],"picked":"Singing Bowl","floor":45},{"not_picked":["Masterful Stab+1","Turbo+1","Finisher+1","Wild Strike+1"],"picked":"Singing Bowl","floor":46},{"not_picked":["Rip and Tear+1","Pommel Strike+1","Crescendo+1","Battle Trance+1"],"picked":"Singing Bowl","floor":46},{"not_picked":["Unload+1","Dagger Spray+1","Evolve+1","Pommel Strike+1"],"picked":"Singing Bowl","floor":47},{"not_picked":["Uppercut+1","Storm+1","Go for the Eyes+1","Stack+1"],"picked":"Singing Bowl","floor":48},{"not_picked":["ClearTheMind+1","Barrage+1","Evaluate+1","Good Instincts+1"],"picked":"Singing Bowl","floor":55}],"player_experience":584966,"relics_obtained":[{"floor":1,"key":"Circlet"},{"floor":3,"key":"Circlet"},{"floor":4,"key":"Circlet"},{"floor":5,"key":"Circlet"},{"floor":6,"key":"Circlet"},{"floor":6,"key":"Circlet"},{"floor":7,"key":"Circlet"},{"floor":8,"key":"Circlet"},{"floor":8,"key":"Circlet"},{"floor":9,"key":"Circlet"},{"floor":10,"key":"Circlet"},{"floor":10,"key":"Circlet"},{"floor":12,"key":"Circlet"},{"floor":12,"key":"Circlet"},{"floor":13,"key":"Circlet"},{"floor":13,"key":"Circlet"},{"floor":14,"key":"Odd Mushroom"},{"floor":14,"key":"Circlet"},{"floor":1,"key":"Incense Burner"},{"floor":2,"key":"Ninja Scroll"},{"floor":6,"key":"SatanicBible"},{"floor":6,"key":"AnarchistCookbook"},{"floor":7,"key":"Meat on the Bone"},{"floor":9,"key":"Bottled Lightning"},{"floor":10,"key":"MawBank"},{"floor":10,"key":"Eternal Feather"},{"floor":11,"key":"Smiling Mask"},{"floor":11,"key":"Bottled Flame"},{"floor":12,"key":"Strawberry"},{"floor":13,"key":"GuppysPaw"},{"floor":13,"key":"The Courier"},{"floor":14,"key":"Bird Faced Urn"},{"floor":15,"key":"Potion Belt"},{"floor":18,"key":"Mango"},{"floor":19,"key":"StoneCalendar"},{"floor":21,"key":"Circlet"},{"floor":22,"key":"Circlet"},{"floor":23,"key":"Circlet"},{"floor":23,"key":"Circlet"},{"floor":24,"key":"Circlet"},{"floor":24,"key":"Circlet"},{"floor":26,"key":"Circlet"},{"floor":27,"key":"Circlet"},{"floor":27,"key":"Circlet"},{"floor":28,"key":"Circlet"},{"floor":29,"key":"Circlet"},{"floor":29,"key":"Circlet"},{"floor":30,"key":"Circlet"},{"floor":31,"key":"Circlet"},{"floor":32,"key":"Circlet"},{"floor":35,"key":"Circlet"},{"floor":35,"key":"Circlet"},{"floor":35,"key":"Circlet"},{"floor":35,"key":"Circlet"},{"floor":36,"key":"Circlet"},{"floor":36,"key":"Circlet"},{"floor":36,"key":"Circlet"},{"floor":36,"key":"Circlet"},{"floor":37,"key":"Circlet"},{"floor":37,"key":"Circlet"},{"floor":37,"key":"Circlet"},{"floor":37,"key":"Circlet"},{"floor":37,"key":"Circlet"},{"floor":39,"key":"Circlet"},{"floor":39,"key":"Circlet"},{"floor":39,"key":"Circlet"},{"floor":39,"key":"Circlet"},{"floor":40,"key":"Circlet"},{"floor":40,"key":"Circlet"},{"floor":40,"key":"Circlet"},{"floor":40,"key":"Circlet"},{"floor":40,"key":"Circlet"},{"floor":41,"key":"Circlet"},{"floor":42,"key":"Circlet"},{"floor":42,"key":"Circlet"},{"floor":42,"key":"Circlet"},{"floor":42,"key":"Circlet"},{"floor":42,"key":"Circlet"},{"floor":43,"key":"Circlet"},{"floor":44,"key":"Circlet"},{"floor":44,"key":"Circlet"},{"floor":44,"key":"Circlet"},{"floor":44,"key":"Circlet"},{"floor":45,"key":"Circlet"},{"floor":45,"key":"Circlet"},{"floor":45,"key":"Circlet"},{"floor":45,"key":"Circlet"},{"floor":46,"key":"Circlet"},{"floor":46,"key":"Circlet"},{"floor":46,"key":"Circlet"},{"floor":46,"key":"Circlet"},{"floor":47,"key":"Circlet"},{"floor":47,"key":"Circlet"},{"floor":47,"key":"Circlet"},{"floor":47,"key":"Circlet"},{"floor":48,"key":"Circlet"},{"floor":48,"key":"Circlet"},{"floor":48,"key":"Circlet"},{"floor":48,"key":"Circlet"},{"floor":49,"key":"Circlet"},{"floor":53,"key":"Circlet"},{"floor":55,"key":"Circlet"},{"floor":55,"key":"Circlet"},{"floor":55,"key":"Circlet"},{"floor":55,"key":"Circlet"}],"event_choices":[{"damage_healed":0,"gold_gain":0,"cards_transformed":["Backflip"],"player_choice":"Change","damage_taken":0,"max_hp_gain":0,"max_hp_loss":0,"event_name":"Living Wall","floor":2,"gold_loss":0,"cards_obtained":["Tools of the Trade"]},{"damage_healed":0,"gold_gain":0,"player_choice":"Fought Mushrooms","damage_taken":0,"max_hp_gain":0,"max_hp_loss":0,"event_name":"Mushrooms","floor":14,"gold_loss":0},{"damage_healed":0,"gold_gain":0,"cards_transformed":["Tools of the Trade"],"player_choice":"Change","damage_taken":0,"max_hp_gain":0,"max_hp_loss":0,"event_name":"Living Wall","floor":3,"gold_loss":0,"cards_obtained":["Calculated Gamble"]},{"damage_healed":0,"gold_gain":0,"player_choice":"Take Damage","damage_taken":59,"relics_obtained":["Golden Idol"],"max_hp_gain":0,"max_hp_loss":0,"event_name":"Golden Idol","floor":5,"gold_loss":0},{"damage_healed":0,"gold_gain":0,"player_choice":"Donut","damage_taken":0,"max_hp_gain":5,"max_hp_loss":0,"event_name":"Big Fish","floor":8,"gold_loss":0},{"damage_healed":0,"gold_gain":0,"player_choice":"Fight","damage_taken":0,"max_hp_gain":0,"max_hp_loss":0,"event_name":"MindBloom","floor":37,"gold_loss":0}],"is_beta":true,"boss_relics":[{"not_picked":["Runic Dome","HoveringKite"],"picked":"MagicMushroom"},{"not_picked":[]},{"not_picked":["ChampionBelt","Astrolabe"],"picked":"Ring of the Serpent"},{"not_picked":[]}],"items_purged_floors":[0,0,0,0,0,0,0,0,0,0,0,0,0,0],"is_endless":false,"potions_floor_spawned":[1,3,5,7,12,1,14,16,18,21,22,24,27,30,31,33],"ascension_level":20}}