{"host":"vhikgave70uorr7d","time":1609578696,"event":{"mods":["AchievementEnabler","Act Like it!","Ascension Reborn","Ascension Unlocker","BaseMod","Beaked The Cultist","Better Altar","Better Match","Better Note","Better Sensory Stone","Better Skull","Better Third Choice","BetterRewards","ChefMod","Colored Powertips","Custom Start","Defuse TimeMaze Blight","Downfall","Elementarium","Energized Spire","GifTheSpireLib","Hermit","Hero for Fun","Highlight Path","Hubris","Infinite Spire","JesterMod","Menagerie","Mimic Mod","Minty Spire (QoL Compilation)","MostiFishMod","Permanent Neow","Pikachu Mod","Quick Restart","Rare Cards Sparkle","Relic Filter","Remove Card Discount Mod","Replay The Spire","Retaliation","Shade Mod","Shedinja","Small Relic Pack","Spicy Shops","StSLib","Swap Starting Deck Mod","Td1madao Mod","The Accelerator","The Alterego","The Animator","The Bladedancer","The Blue Laboratory","The Bug Knight","The Construct","The Cursed","The Disciple","The Hayseed","The Hierophant","The Mystic","The Necromancer","The Runesmith","The Servant 0.9.4","The Vixen","The Wild Card","TheFirefly","TheSwordswoman","TheVacant","Transform Curses"],"gold_per_floor":[116,136,155,155,171,200,267,267,293,39,101,115,115,129,129,228,228,246,48,98,112,67,67,129,129,129,149,160,236,236,303,303,419,419,463,505,555,656,713,713,763,813,897,947,39,107,182,266,266,266],"floor_reached":51,"playtime":3188,"items_purged":["Deflect","Deflect","Acrobatics","Outmaneuver","Deadly Poison","Deadly Poison","Deflect","MostiFishMod:ThornCasing"],"score":1007,"play_id":"ffdd0237-5153-4978-a137-027e9177814b","local_time":"20210102041136","is_ascension_mode":false,"campfire_choices":[{"data":"Venomology","floor":8,"key":"SMITH"},{"data":"Outmaneuver","floor":13,"key":"SMITH"},{"floor":15,"key":"REST"},{"data":"infinitespire:Neurotoxin","floor":23,"key":"SMITH"},{"data":"Noxious Fumes","floor":25,"key":"SMITH"},{"floor":32,"key":"REST"},{"data":"Catalyst","floor":40,"key":"SMITH"}],"circlet_count":0,"master_deck":["Poisoned Stab+1","Poisoned Stab+1","Poisoned Stab+1","Poisoned Stab+1","Venomology+1","Outmaneuver+1","Toxin Wave+1","Tools of the Trade+1","Poisoned Stab+1","Poisoned Stab+1","infinitespire:Neurotoxin+1","Quick Slash+1","Noxious Fumes+1","Poisoned Stab+1","Catalyst+1","Bouncing Flask","Poisoned Stab+1","Acrobatics","Catalyst+1","Escape Plan+1","infinitespire:FutureSight+1","Replay:Bag of Tricks","MostiFishMod:PoisonShield+1","Poisoned Stab+1","hubris:SlightOfHand"],"relics":["Ring of the Snake","DaveBox","SynthV:TestCard","SsserpentHead","hubris:AncientText","Replay:Bottled Eggs","Anchor","Guide Book","ChiXiaoBlade","Replay:Baseball","TwistedFunnel","Bottled Flame","Lee\u0027s Waffle","Chameleon Ring","Potion Belt","infinitespire:EvilPickle","relicPack:KazumaCape","relicPack:AllForOne","hubris:Potato","Orichalcum","relicPack:WeightedSword","SentryEyes","HandDrill"],"acts_visited":["Exordium","TheCity","TheBeyond"],"potions_floor_usage":[6,7,11,12,16,16,16,16,16,16,16,16,16,18,27,28,28,33,33,33,33,33,36,38,38,46,46,46,46,46,46,46,46,46,46,46,46,46,46,50,50,50,50,50,50,50,50,50,50,50,50,50,50,50,50,50],"damage_taken":[{"damage":1,"enemies":"2 Louse","floor":1,"turns":2},{"damage":0,"enemies":"Cultist","floor":2,"turns":3},{"damage":7,"enemies":"Jaw Worm","floor":3,"turns":3},{"damage":0,"enemies":"Large Slime","floor":5,"turns":4},{"damage":24,"enemies":"Lagavulin","floor":6,"turns":5},{"damage":0,"enemies":"Gremlin Gang","floor":7,"turns":4},{"damage":0,"enemies":"Exordium Thugs","floor":11,"turns":3},{"damage":0,"enemies":"Large Slime","floor":12,"turns":3},{"damage":0,"enemies":"2 Fungi Beasts","floor":14,"turns":2},{"damage":24,"enemies":"Hexaghost","floor":16,"turns":3},{"damage":0,"enemies":"Spheric Guardian","floor":18,"turns":2},{"damage":19,"enemies":"3 Byrds","floor":21,"turns":3},{"damage":18,"enemies":"3 Cultists","floor":24,"turns":3},{"damage":0,"enemies":"Sentry and Sphere","floor":27,"turns":3},{"damage":0,"enemies":"Snake Plant","floor":28,"turns":2},{"damage":6,"enemies":"Shelled Parasite and Fungi","floor":31,"turns":2},{"damage":26,"enemies":"Pondfish","floor":33,"turns":4},{"damage":0,"enemies":"3 Darklings","floor":35,"turns":2},{"damage":0,"enemies":"3 Shapes","floor":36,"turns":1},{"damage":16,"enemies":"Writhing Mass","floor":38,"turns":3},{"damage":1,"enemies":"Sphere and 2 Shapes","floor":39,"turns":2},{"damage":4,"enemies":"Transient","floor":43,"turns":3},{"damage":0,"enemies":"Transient","floor":44,"turns":2},{"damage":0,"enemies":"Transient","floor":46,"turns":2},{"damage":0,"enemies":"Jaw Worm Horde","floor":47,"turns":2},{"damage":0,"enemies":"3 Darklings","floor":48,"turns":1},{"damage":0,"enemies":"Donu and Deca","floor":50,"turns":2}],"seed_played":"1460589952205050518","potions_obtained":[{"floor":3,"key":"LifebloodPotion"},{"floor":7,"key":"blueLaboratory:LouseDecoction"},{"floor":12,"key":"FearPotion"},{"floor":16,"key":"Swift Potion"},{"floor":18,"key":"EntropicBrew"},{"floor":20,"key":"blueLaboratory:ImpenetrablePotion"},{"floor":20,"key":"Ancient Potion"},{"floor":20,"key":"blueLaboratory:BottleOfVodka"},{"floor":28,"key":"sneckomod:MuddlingPotion"},{"floor":30,"key":"Adrenaline Potion"},{"floor":30,"key":"blueLaboratory:BottledHope"},{"floor":33,"key":"infinitespire:BlackPotion"},{"floor":36,"key":"PowerPotion"},{"floor":47,"key":"Toxic Potion"},{"floor":49,"key":"blueLaboratory:LouseDecoction"},{"floor":49,"key":"SpeedPotion"}],"is_trial":false,"path_per_floor":["M","M","M","?","M","E","M","R","T","$","M","M","R","M","R","B",null,"M","$","?","M","$","R","M","R","T","M","M","T","R","M","R","B",null,"M","M","?","M","M","R","?","?","MIM","?","$","M","M","M","R","B",null],"character_chosen":"THE_SILENT","items_purchased":["Poisoned Stab","Guide Book","Noxious Fumes","Poisoned Stab","Replay:Baseball","TwistedFunnel","Bottled Flame","Lee\u0027s Waffle","Orichalcum","relicPack:WeightedSword","SentryEyes","LiquidMemories","MostiFishMod:ThornCasing","HandDrill"],"campfire_rested":2,"item_purchase_floors":[10,10,19,19,19,22,22,22,45,45,45,45,45,45],"current_hp_per_floor":[52,52,45,45,45,21,35,35,35,35,35,35,35,35,50,26,53,53,53,53,34,60,60,42,42,42,42,42,42,42,36,54,28,60,60,60,60,44,43,43,28,28,24,24,24,24,24,24,24,27],"gold":266,"neow_bonus":"","is_daily":false,"chose_seed":false,"campfire_upgraded":5,"win_rate":0.0,"timestamp":1609578696,"path_taken":["M","M","M","?","M","E","?","R","T","$","?","M","R","M","R","BOSS","M","$","?","M","$","R","?","R","T","M","M","?","R","?","R","BOSS","M","M","?","M","M","R","?","?","MIM","?","?","M","M","M","R","BOSS"],"items_purchased_type":["Card","Relic","Card","Card","Relic","Relic","Relic","Relic","Relic","Relic","Relic","Potion","Card","Relic"],"build_version":"2020-12-22","purchased_purges":8,"victory":true,"max_hp_per_floor":[53,53,53,53,53,53,53,53,53,53,53,53,53,53,53,53,53,53,53,53,53,60,60,60,60,60,60,60,60,60,60,60,60,60,60,60,60,60,60,60,60,60,60,60,60,60,60,60,60,63],"card_choices":[{"not_picked":["Blade Dance","Prepared"],"picked":"Outmaneuver","floor":1},{"not_picked":["Fluid Movement","Tactician","PiercingWail","Reflex"],"picked":"Acrobatics","floor":2},{"not_picked":["Poisoned Stab","Leg Sweep","Slice","hubris:Sniper"],"picked":"Toxin Wave","floor":3},{"not_picked":["Sneak Up","Outmaneuver","ReplayTheSpireMod:Scrap Shanks","Bane"],"picked":"Tools of the Trade","floor":5},{"not_picked":["MostiFishMod:ShivMaster","Sneak Up","Leg Sweep","Quick Slash"],"picked":"Outmaneuver","floor":6},{"not_picked":["Flying Knee","MostiFishMod:PerfectParry","Deflect","Acrobatics"],"picked":"Deadly Poison","floor":7},{"not_picked":["Dagger Spray","Deflect","Quick Slash","MostiFishMod:InvigoratingSolution"],"picked":"MostiFishMod:FullyArmed","floor":11},{"not_picked":["Deadly Poison","MostiFishMod:PerfectParry","Bane","Underhanded Strike","Dagger Throw"],"picked":"SKIP","floor":12},{"not_picked":["Sucker Punch","Dodge and Roll","Slice","Flying Knee"],"picked":"Poisoned Stab","floor":14},{"not_picked":["Glass Knife","MostiFishMod:Neurotoxin","ReplayTheSpireMod:From All Sides","MostiFishMod:AdrenalineArouse"],"picked":"infinitespire:Neurotoxin","floor":16},{"not_picked":["ReplayTheSpireMod:Shiv Toss+1","Prepared","Dodge and Roll","MostiFishMod:PoisonShield"],"picked":"Quick Slash+1","floor":18},{"not_picked":["Acrobatics+1","Dagger Spray+1","Eviscerate+1","Caltrops"],"picked":"Catalyst+1","floor":21},{"not_picked":["Bane","Unload","MostiFishMod:PerfectParry","Dagger Throw","Masterful Stab"],"picked":"SKIP","floor":24},{"not_picked":["Riddle With Holes","Slice","ReplayTheSpireMod:Shiv Toss","Prepared+1","MostiFishMod:PerfectParry"],"picked":"SKIP","floor":27},{"not_picked":["ReplayTheSpireMod:Exploit Weakness","Hidden Blade","Blade Dance","hubris:Counter"],"picked":"Bouncing Flask","floor":28},{"not_picked":["hubris:Counter","hubris:Sniper","Hidden Blade","Quick Slash","hubris:SlightOfHand"],"picked":"SKIP","floor":31},{"not_picked":["Phantasmal Killer","Wraith Form v2","A Thousand Cuts","Die Die Die"],"picked":"MostiFishMod:FullyArmed","floor":33},{"not_picked":["Dagger Spray+1","Choke+1","Riddle With Holes+1","Cloak And Dagger"],"picked":"Poisoned Stab","floor":35},{"not_picked":["Deadly Poison+1","Distraction+1","Blur","Flechettes"],"picked":"Acrobatics","floor":36},{"not_picked":["Dagger Spray+1","Prepared","Poisoned Stab","Cloak And Dagger"],"picked":"Catalyst","floor":38},{"not_picked":["Predator","Backflip","Draining Mist","ReplayTheSpireMod:The Works"],"picked":"Escape Plan+1","floor":39},{"not_picked":["ReplayTheSpireMod:??????????????????????","infinitespire:Punishment"],"picked":"infinitespire:FutureSight","floor":41},{"not_picked":["Backflip+1","Blur","MostiFishMod:PerfectParry","Outmaneuver"],"picked":"Replay:Bag of Tricks","floor":43},{"not_picked":["Deadly Poison+1","Footwork","Crippling Poison","hubris:Sniper+1"],"picked":"MostiFishMod:PoisonShield+1","floor":46},{"not_picked":["Acrobatics","ReplayTheSpireMod:The Works+1","Tactician+1","Phantasmal Killer"],"picked":"Poisoned Stab","floor":47},{"not_picked":["Accuracy+1","MostiFishMod:PreservedThorns+1","Heel Hook+1","Underhanded Strike"],"picked":"hubris:SlightOfHand","floor":48}],"player_experience":344271,"relics_obtained":[{"floor":1,"key":"SynthV:TestCard"},{"floor":6,"key":"hubris:AncientText"},{"floor":9,"key":"Anchor"},{"floor":26,"key":"Chameleon Ring"},{"floor":29,"key":"Potion Belt"},{"floor":43,"key":"hubris:Potato"}],"event_choices":[{"damage_healed":0,"gold_gain":0,"player_choice":"Trade","damage_taken":0,"relics_obtained":["SsserpentHead"],"max_hp_gain":0,"max_hp_loss":0,"event_name":"FaceTrader","floor":4,"gold_loss":0},{"damage_healed":0,"gold_gain":0,"player_choice":"Got Potions","damage_taken":0,"max_hp_gain":0,"max_hp_loss":0,"event_name":"Lab","floor":20,"gold_loss":0}],"is_beta":false,"boss_relics":[{"not_picked":["Sozu","Replay:Bronze Core"],"picked":"ChiXiaoBlade"},{"not_picked":["ReplayTheSpireMod:SealedPack","HaiYi:Twilight"],"picked":"relicPack:KazumaCape"}],"items_purged_floors":[10,10,10,10,10,10,19,45],"is_endless":false,"potions_floor_spawned":[3,6,7,12,16,18,28,33,36,44,47],"ascension_level":0}}