{"host":"hfxp6ue4pvwo3fit","time":1609583692,"event":{"mods":["AchievementEnabler","BaseMod","Colored Map","Colored Powertips","Highlight Path","Minty Spire (QoL Compilation)","Relic Stats","StSLib","SuperFastMode"],"gold_per_floor":[113,113,32,32,43,43,72,21,45,70,90,90,124,139,139,237,237,253,253,253,122,142,142,186,186,239,269,317,317,317],"floor_reached":29,"playtime":774,"items_purged":["Shame"],"score":608,"play_id":"7b4abd19-b193-4cd7-a187-7eb947e46559","local_time":"20210102043452","is_ascension_mode":true,"campfire_choices":[{"data":"Zap","floor":6,"key":"SMITH"},{"data":"Beam Cell","floor":15,"key":"SMITH"},{"data":"Fission","floor":23,"key":"SMITH"},{"floor":25,"key":"REST"}],"circlet_count":0,"master_deck":["AscendersBane","Strike_B","Strike_B","Strike_B","Strike_B","Defend_B","Defend_B","Defend_B","Defend_B","Zap+1","Dualcast","Conserve Battery","Compile Driver","Cold Snap","Ball Lightning","Go for the Eyes","Beam Cell+1","Coolheaded","Glacier","Biased Cognition","Barrage","Fission+1","Tempest","Leap","Genetic Algorithm","Hologram"],"relics":["Cracked Core","NeowsBlessing","Blue Candle","Centennial Puzzle","Regal Pillow","Bronze Scales","Golden Idol","Turnip","Inserter","Tiny Chest","CeramicFish","Akabeko","Ornamental Fan"],"acts_visited":["Exordium","TheCity"],"potions_floor_usage":[16,16,24,27],"damage_taken":[{"damage":0,"enemies":"Small Slimes","floor":1,"turns":1},{"damage":0,"enemies":"Cultist","floor":5,"turns":1},{"damage":0,"enemies":"3 Sentries","floor":7,"turns":1},{"damage":14,"enemies":"Lagavulin","floor":10,"turns":6},{"damage":7,"enemies":"Jaw Worm","floor":11,"turns":2},{"damage":12,"enemies":"3 Sentries","floor":13,"turns":6},{"damage":4,"enemies":"Blue Slaver","floor":14,"turns":3},{"damage":9,"enemies":"The Guardian","floor":16,"turns":9},{"damage":12,"enemies":"Shell Parasite","floor":18,"turns":5},{"damage":4,"enemies":"3 Byrds","floor":22,"turns":2},{"damage":15,"enemies":"Book of Stabbing","floor":24,"turns":5},{"damage":35,"enemies":"Shelled Parasite and Fungi","floor":27,"turns":6},{"damage":16,"enemies":"Slavers","floor":28,"turns":5},{"damage":6,"enemies":"Centurion and Healer","floor":29,"turns":1}],"seed_played":"-8336638403014043643","potions_obtained":[{"floor":1,"key":"Dexterity Potion"},{"floor":7,"key":"SmokeBomb"},{"floor":13,"key":"Strength Potion"},{"floor":14,"key":"Energy Potion"},{"floor":24,"key":"ColorlessPotion"},{"floor":28,"key":"FearPotion"}],"is_trial":false,"path_per_floor":["M","?","$","$","M","R","E","$","T","E","M","?","E","M","R","B",null,"M","?","?","$","M","R","E","R","T","M","E","M"],"character_chosen":"DEFECT","items_purchased":["Compile Driver","Cold Snap","Beam Cell","PowerPotion"],"campfire_rested":1,"item_purchase_floors":[3,3,8,21],"current_hp_per_floor":[64,64,64,64,64,64,64,64,64,50,43,43,31,27,27,18,53,41,41,41,41,37,37,22,56,56,21,5,0,0],"gold":317,"neow_bonus":"THREE_ENEMY_KILL","is_daily":false,"chose_seed":false,"campfire_upgraded":3,"win_rate":0.0,"timestamp":1609583692,"path_taken":["M","?","?","$","M","R","E","$","T","E","M","?","E","M","R","BOSS","M","?","?","$","M","R","E","R","T","M","E","M"],"items_purchased_type":["Card","Card","Card","Potion"],"build_version":"2020-12-22","purchased_purges":1,"victory":false,"max_hp_per_floor":[71,71,71,71,71,71,71,71,71,71,71,64,64,64,64,64,64,64,64,64,64,64,64,64,64,64,64,64,64,64],"relic_stats":{"Centennial Puzzle":[30],"Regal Pillow":15,"Inserter":[12],"counters":[14,53],"Golden Idol":56,"Ornamental Fan":[0],"Blue Candle":[0],"Bronze Scales":[197],"CeramicFish":27,"Tiny Chest":0,"Turnip":[8],"obtain_stats":[{"Regal Pillow":9,"Inserter":17,"NeowsBlessing":0,"Golden Idol":12,"Blue Candle":2,"CeramicFish":24,"Akabeko":26,"Centennial Puzzle":7,"Ornamental Fan":28,"Bronze Scales":10,"Tiny Chest":20,"Turnip":13,"Cracked Core":0},{"Regal Pillow":3,"Inserter":8,"NeowsBlessing":0,"Golden Idol":5,"Blue Candle":1,"CeramicFish":11,"Akabeko":11,"Centennial Puzzle":3,"Ornamental Fan":13,"Bronze Scales":4,"Tiny Chest":9,"Turnip":6,"Cracked Core":0},{"Regal Pillow":3,"Inserter":29,"NeowsBlessing":0,"Golden Idol":11,"Blue Candle":1,"CeramicFish":41,"Akabeko":41,"Centennial Puzzle":3,"Ornamental Fan":52,"Bronze Scales":9,"Tiny Chest":34,"Turnip":17,"Cracked Core":0}]},"card_choices":[{"not_picked":["Fusion","Recycle"],"picked":"Conserve Battery","floor":1},{"not_picked":["Turbo","Cold Snap"],"picked":"Ball Lightning","floor":5},{"not_picked":["Sweeping Beam","Conserve Battery"],"picked":"Go for the Eyes","floor":7},{"not_picked":["Go for the Eyes","Leap"],"picked":"Coolheaded","floor":10},{"not_picked":["Hello World","Beam Cell"],"picked":"Glacier","floor":11},{"not_picked":["Rip and Tear","Chill"],"picked":"Biased Cognition","floor":13},{"not_picked":["Consume","Beam Cell"],"picked":"Barrage","floor":14},{"not_picked":["Hyperbeam","All For One"],"picked":"Fission","floor":16},{"not_picked":["Compile Driver","Coolheaded"],"picked":"Tempest","floor":18},{"not_picked":["Coolheaded","Heatsinks","Redo"],"picked":"SKIP","floor":22},{"not_picked":["Steam Power","Reprogram"],"picked":"Leap","floor":24},{"not_picked":["Aggregate","Hello World"],"picked":"Genetic Algorithm","floor":27},{"not_picked":["Redo","Melter"],"picked":"Hologram","floor":28}],"player_experience":461171,"relics_obtained":[{"floor":7,"key":"Centennial Puzzle"},{"floor":9,"key":"Regal Pillow"},{"floor":10,"key":"Bronze Scales"},{"floor":13,"key":"Turnip"},{"floor":24,"key":"CeramicFish"},{"floor":26,"key":"Akabeko"},{"floor":28,"key":"Ornamental Fan"}],"event_choices":[{"damage_healed":0,"gold_gain":0,"player_choice":"Gave Potion","damage_taken":0,"relics_obtained":["Blue Candle"],"max_hp_gain":0,"max_hp_loss":0,"event_name":"WeMeetAgain","floor":2,"gold_loss":0},{"damage_healed":0,"gold_gain":0,"player_choice":"Lose Max HP","damage_taken":0,"relics_obtained":["Golden Idol"],"max_hp_gain":0,"max_hp_loss":7,"event_name":"Golden Idol","floor":12,"gold_loss":0},{"damage_healed":0,"gold_gain":0,"player_choice":"Ignored","damage_taken":0,"max_hp_gain":0,"max_hp_loss":0,"event_name":"Ghosts","floor":19,"gold_loss":0},{"damage_healed":0,"gold_gain":0,"player_choice":"Stole Relic","damage_taken":0,"relics_obtained":["Tiny Chest"],"max_hp_gain":0,"max_hp_loss":0,"event_name":"Addict","floor":20,"gold_loss":0,"cards_obtained":["Shame"]}],"is_beta":false,"boss_relics":[{"not_picked":["Empty Cage","Philosopher\u0027s Stone"],"picked":"Inserter"}],"items_purged_floors":[21],"is_endless":false,"potions_floor_spawned":[1,7,13,14,24,28],"killed_by":"Centurion and Healer","ascension_level":20}}