{"host":"bjzqjr1ycgj8gt55","time":1609567478,"event":{"mods":["BaseMod","Better Altar","Better Match","Better Sensory Stone","Better Skull","Better Third Choice","Better Vampires","Block Reminder","Colored Map","Colored Powertips","Downfall","GifTheSpireLib","Hermit","Infinite Spire","Minty Spire (QoL Compilation)","Rare Cards Sparkle","Red Circlet Mod","Spicy Shops","StSLib","Waifu the Spire","everything is the same but u backflip on backflip","slay the spire mod where everything is the same but ironclad has a cowboy hat"],"gold_per_floor":[135,169,222,222,274,274,314,398,398,398,398,398],"floor_reached":11,"playtime":287,"items_purged":[],"score":98,"play_id":"805362af-8283-4dc4-88e7-4efc2164e90f","local_time":"20210102000438","is_ascension_mode":true,"campfire_choices":[{"data":"HandOfGreed","floor":6,"key":"SMITH"}],"circlet_count":0,"master_deck":["Strike_R","Strike_R","Strike_R","Strike_R","Strike_R","Defend_R","Defend_R","Defend_R","Defend_R","Bash","HandOfGreed+1","Clothesline","True Grit","Spot Weakness+1","Carnage","Headbutt","Flame Barrier"],"relics":["Burning Blood","Guardian:PocketSentry","Ornamental Fan"],"acts_visited":["Exordium"],"potions_floor_usage":[],"damage_taken":[{"damage":6,"enemies":"2 Louse","floor":1,"turns":2},{"damage":0,"enemies":"Jaw Worm","floor":2,"turns":3},{"damage":0,"enemies":"Small Slimes","floor":3,"turns":4},{"damage":21,"enemies":"Exordium Wildlife","floor":5,"turns":7},{"damage":22,"enemies":"Exordium Thugs","floor":7,"turns":3},{"damage":28,"enemies":"3 Sentries","floor":8,"turns":6},{"damage":11,"enemies":"Gremlin Nob","floor":11,"turns":2}],"seed_played":"-993097278591419451","potions_obtained":[{"floor":1,"key":"sneckomod:MuddlingPotion"},{"floor":7,"key":"LiquidBronze"}],"is_trial":false,"path_per_floor":["M","M","M","?","M","R","M","E","T","?","E"],"character_chosen":"IRONCLAD","items_purchased":[],"campfire_rested":0,"item_purchase_floors":[],"current_hp_per_floor":[51,57,63,63,48,48,32,10,10,10,0,0],"gold":398,"neow_bonus":"RANDOM_COLORLESS_2","is_daily":false,"chose_seed":false,"campfire_upgraded":1,"win_rate":0.0,"timestamp":1609567478,"path_taken":["M","M","M","?","M","R","M","E","T","?","E"],"items_purchased_type":[],"build_version":"2020-12-22","purchased_purges":0,"victory":false,"max_hp_per_floor":[80,80,80,80,80,80,80,80,80,80,80,80],"card_choices":[{"not_picked":["Magnetism","Mayhem"],"picked":"HandOfGreed","floor":0},{"not_picked":["Twin Strike","Perfected Strike"],"picked":"Clothesline","floor":1},{"not_picked":["Pommel Strike","Rampage"],"picked":"True Grit","floor":2},{"not_picked":["infinitespire:OneForAll","Uppercut"],"picked":"Spot Weakness","floor":3},{"not_picked":["Thunderclap","Rupture"],"picked":"Carnage","floor":5},{"not_picked":["Armaments","Thunderclap"],"picked":"Headbutt","floor":7},{"not_picked":["Iron Wave","Shrug It Off"],"picked":"Flame Barrier","floor":8}],"player_experience":154493,"relics_obtained":[{"floor":8,"key":"Guardian:PocketSentry"},{"floor":9,"key":"Ornamental Fan"}],"event_choices":[{"damage_healed":0,"gold_gain":0,"player_choice":"Grow","damage_taken":0,"max_hp_gain":0,"max_hp_loss":0,"event_name":"Living Wall","floor":10,"gold_loss":0,"cards_upgraded":["Spot Weakness"]}],"is_beta":false,"boss_relics":[],"items_purged_floors":[],"is_endless":false,"potions_floor_spawned":[1,7],"killed_by":"Gremlin Nob","ascension_level":6}}