{"host":"qgrlfjrqk9z96gfi","time":1609627567,"event":{"mods":["BaseMod","Block Reminder","Colored Map","DeckTracker","Minty Spire (QoL Compilation)"],"gold_per_floor":[112,37,53,53,53,53,89,104,104,28,44,1,39,54,54,148,148,169,187,187,23,23,23,56,56,56,56,56,80,80,98,98,98,98],"floor_reached":33,"playtime":797,"items_purged":["Strike_G"],"score":596,"play_id":"a24c8d73-a4d4-4c58-a0c7-f98280a12be2","local_time":"20210102124607","is_ascension_mode":true,"campfire_choices":[{"data":"Blade Dance","floor":6.0,"key":"SMITH"},{"data":"Noxious Fumes","floor":15.0,"key":"SMITH"},{"floor":23,"key":"REST"},{"data":"Accuracy","floor":25,"key":"SMITH"},{"data":"Terror","floor":27,"key":"SMITH"},{"data":"Ghostly","floor":32,"key":"SMITH"}],"circlet_count":0,"master_deck":["AscendersBane","Strike_G","Strike_G","Strike_G","Defend_G","Defend_G","Defend_G","Defend_G","Defend_G","Survivor","Neutralize","Blade Dance+1","Backstab","Bouncing Flask","Noxious Fumes+1","Malaise","Accuracy+1","Acrobatics","PiercingWail","After Image","Cloak And Dagger","Terror+1","Blade Dance","Ghostly+1","Ghostly","Ghostly","Phantasmal Killer"],"relics":["Ring of the Snake","NeowsBlessing","Golden Idol","Tough Bandages","Peace Pipe","Centennial Puzzle","WristBlade","MutagenicStrength","Incense Burner","Letter Opener"],"acts_visited":["Exordium","TheCity"],"potions_floor_usage":[24,24],"damage_taken":[{"damage":0.0,"enemies":"Small Slimes","floor":1.0,"turns":1.0},{"damage":0.0,"enemies":"Jaw Worm","floor":3.0,"turns":1.0},{"damage":0.0,"enemies":"Lagavulin","floor":7.0,"turns":1.0},{"damage":0.0,"enemies":"2 Louse","floor":8.0,"turns":4.0},{"damage":11.0,"enemies":"Large Slime","floor":11.0,"turns":6.0},{"damage":1.0,"enemies":"3 Sentries","floor":13.0,"turns":5.0},{"damage":7.0,"enemies":"3 Louse","floor":14.0,"turns":3.0},{"damage":13.0,"enemies":"The Guardian","floor":16.0,"turns":10.0},{"damage":10.0,"enemies":"Chosen","floor":18.0,"turns":5.0},{"damage":15.0,"enemies":"Shell Parasite","floor":19.0,"turns":3.0},{"damage":7,"enemies":"Gremlin Leader","floor":24,"turns":4},{"damage":0,"enemies":"Centurion and Healer","floor":29,"turns":4},{"damage":4,"enemies":"Snake Plant","floor":31,"turns":4},{"damage":28,"enemies":"Automaton","floor":33,"turns":6}],"seed_played":"-4185732283357280474","potions_obtained":[{"floor":3.0,"key":"SteroidPotion"},{"floor":7.0,"key":"BlessingOfTheForge"},{"floor":16.0,"key":"Swift Potion"},{"floor":18.0,"key":"SpeedPotion"},{"floor":19.0,"key":"Strength Potion"}],"is_trial":false,"path_per_floor":["M","?","M","?","$","R","E","M","T","$","M","$","E","M","R","B",null,"M","M","?","$","?","R","E","R","T","R","?","M","?","M","R","B"],"character_chosen":"THE_SILENT","items_purchased":["Noxious Fumes","Accuracy","Terror"],"campfire_rested":1,"item_purchase_floors":[10,12,21],"current_hp_per_floor":[59,59,59,59,59,59,59,59,59,59,48,48,47,40,40,27,52,42,27,27,27,27,45,38,38,38,38,30,30,30,26,26,0,0],"gold":98,"neow_bonus":"THREE_ENEMY_KILL","is_daily":false,"chose_seed":false,"campfire_upgraded":5,"win_rate":0.0,"timestamp":1609627567,"path_taken":["M","?","M","?","?","R","E","M","T","$","M","$","E","M","R","BOSS","M","M","?","$","?","R","E","R","T","R","?","M","?","M","R","BOSS"],"items_purchased_type":["Card","Card","Card"],"build_version":"2020-12-22","purchased_purges":1,"victory":false,"max_hp_per_floor":[66,66,66,60,60,60,60,60,60,60,60,60,60,60,60,60,60,60,60,60,60,60,60,60,60,60,60,30,30,30,30,30,30,30],"card_choices":[{"not_picked":["Catalyst","Underhanded Strike"],"picked":"Blade Dance","floor":1.0},{"not_picked":["Acrobatics","Sucker Punch"],"picked":"Backstab","floor":3.0},{"not_picked":["Calculated Gamble","Quick Slash"],"picked":"Bouncing Flask","floor":7.0},{"not_picked":["Choke","Riddle With Holes","Underhanded Strike"],"picked":"SKIP","floor":8.0},{"not_picked":["Prepared","Slice"],"picked":"Malaise","floor":11.0},{"not_picked":["Underhanded Strike","Riddle With Holes"],"picked":"Acrobatics","floor":13.0},{"not_picked":["Underhanded Strike","Dagger Throw"],"picked":"PiercingWail","floor":14.0},{"not_picked":["Phantasmal Killer","Storm of Steel"],"picked":"After Image","floor":16.0},{"not_picked":["Quick Slash","Expertise"],"picked":"Cloak And Dagger","floor":18.0},{"not_picked":["Outmaneuver","Flying Knee","Cloak And Dagger"],"picked":"SKIP","floor":19.0},{"not_picked":["Riddle With Holes","Masterful Stab"],"picked":"Blade Dance","floor":24},{"not_picked":["Poisoned Stab+1","Dagger Throw","Heel Hook"],"picked":"SKIP","floor":29},{"not_picked":["Outmaneuver+1","Bane"],"picked":"Phantasmal Killer","floor":31}],"player_experience":952815,"relics_obtained":[{"floor":7.0,"key":"Tough Bandages"},{"floor":9.0,"key":"Peace Pipe"},{"floor":13.0,"key":"Centennial Puzzle"},{"floor":24,"key":"Incense Burner"},{"floor":26,"key":"Letter Opener"}],"event_choices":[{"cards_removed":["Strike_G"],"damage_healed":0.0,"max_hp_gain":0.0,"max_hp_loss":0.0,"gold_gain":0.0,"event_name":"The Cleric","player_choice":"Card Removal","floor":2.0,"gold_loss":75.0,"damage_taken":0.0},{"damage_healed":0.0,"max_hp_gain":0.0,"max_hp_loss":6.0,"gold_gain":0.0,"event_name":"Golden Idol","player_choice":"Lose Max HP","floor":4.0,"gold_loss":0.0,"damage_taken":0.0,"relics_obtained":["Golden Idol"]},{"damage_healed":0.0,"max_hp_gain":0.0,"max_hp_loss":0.0,"gold_gain":0.0,"event_name":"Beggar","player_choice":"Ignored","floor":20.0,"gold_loss":0.0,"damage_taken":0.0},{"damage_healed":0,"gold_gain":0,"player_choice":"Inject Mutagens","damage_taken":0,"relics_obtained":["MutagenicStrength"],"max_hp_gain":0,"max_hp_loss":0,"event_name":"Drug Dealer","floor":22,"gold_loss":0},{"damage_healed":0,"gold_gain":0,"player_choice":"Became a Ghost","damage_taken":0,"max_hp_gain":0,"max_hp_loss":30,"event_name":"Ghosts","floor":28,"gold_loss":0,"cards_obtained":["Ghostly","Ghostly","Ghostly"]},{"damage_healed":0,"gold_gain":0,"player_choice":"Ignored","damage_taken":0,"max_hp_gain":0,"max_hp_loss":0,"event_name":"The Mausoleum","floor":30,"gold_loss":0}],"is_beta":false,"boss_relics":[{"not_picked":["Sozu","Ring of the Serpent"],"picked":"WristBlade"}],"items_purged_floors":[21],"is_endless":false,"potions_floor_spawned":[3,7,11,16,18,19],"killed_by":"Automaton","ascension_level":20}}