{"host":"yo9wwslrag05lh37","time":1609579983,"event":{"mods":["AchievementEnabler","BaseMod","Block Reminder","Colored Map","Colored Powertips","GifTheSpireLib","HexUI Lib","Highlight Path","Minty Spire (QoL Compilation)","Rare Cards Sparkle","Relic Stats","StSLib","everything is the same but u backflip on backflip"],"gold_per_floor":[117,134,154,154,172,172,198,212,237,272,272,286,286,286,286,360,360,372,372,372,419,419,419,43,54,77,77,77,93,93,121,121,197,197,214,233,508,70,89,120,120,132,132,132,159,159,176,206,206,206,206,206,206,72,107,107],"floor_reached":57,"playtime":4003,"items_purged":["Searing Blow","Headbutt","Pommel Strike"],"score":2990,"play_id":"a6e4cc64-7986-4dd2-8f9b-ff9247d590eb","local_time":"20210102103303","is_ascension_mode":true,"campfire_choices":[{"data":"Whirlwind","floor":6.0,"key":"SMITH"},{"floor":11.0,"key":"REST"},{"data":"True Grit","floor":13.0,"key":"SMITH"},{"floor":15.0,"key":"REST"},{"data":"Feel No Pain","floor":23.0,"key":"SMITH"},{"data":"Barricade","floor":28.0,"key":"SMITH"},{"data":"Berserk","floor":32.0,"key":"SMITH"},{"data":"Dark Embrace","floor":41.0,"key":"SMITH"},{"data":"Feel No Pain","floor":44.0,"key":"SMITH"},{"floor":46.0,"key":"RECALL"},{"data":"Evolve","floor":49.0,"key":"SMITH"},{"data":"Burning Pact","floor":53,"key":"SMITH"}],"circlet_count":0,"master_deck":["AscendersBane","Bash","Whirlwind+1","Power Through","Evolve+1","Barricade+1","Burning Pact+1","True Grit+1","Dropkick+1","Sentinel","Berserk+1","Power Through","Battle Trance","Double Tap+1","Pommel Strike","Fiend Fire+1","Feel No Pain+1","Finesse+1","Dark Embrace+1","Clothesline+1","Body Slam+1","Feel No Pain+1","Shrug It Off","Feed","Disarm+1","Fire Breathing","Feel No Pain"],"relics":["Burning Blood","Lantern","Smiling Mask","Bag of Preparation","Dream Catcher","Omamori","Pandora\u0027s Box","Tiny Chest","MealTicket","War Paint","Mummified Hand","Blue Candle","Black Star","Ornamental Fan","TungstenRod","Akabeko","Shuriken","Whetstone","White Beast Statue","Regal Pillow","Dead Branch","Ginger"],"acts_visited":["Exordium","TheCity","TheBeyond","TheEnding"],"potions_floor_usage":[56,56],"damage_taken":[{"damage":5.0,"enemies":"2 Louse","floor":1.0,"turns":3.0},{"damage":12.0,"enemies":"Small Slimes","floor":2.0,"turns":3.0},{"damage":14.0,"enemies":"Jaw Worm","floor":3.0,"turns":4.0},{"damage":8.0,"enemies":"Exordium Wildlife","floor":5.0,"turns":4.0},{"damage":32.0,"enemies":"Gremlin Nob","floor":7.0,"turns":4.0},{"damage":14.0,"enemies":"3 Louse","floor":8.0,"turns":3.0},{"damage":7.0,"enemies":"3 Sentries","floor":10.0,"turns":4.0},{"damage":15.0,"enemies":"Large Slime","floor":12.0,"turns":6.0},{"damage":5.0,"enemies":"Slime Boss","floor":16.0,"turns":10.0},{"damage":2.0,"enemies":"3 Byrds","floor":18.0,"turns":3.0},{"damage":1.0,"enemies":"Spheric Guardian","floor":19.0,"turns":2.0},{"damage":0.0,"enemies":"Chosen and Byrds","floor":25.0,"turns":6.0},{"damage":0.0,"enemies":"Snecko","floor":29.0,"turns":6.0},{"damage":29.0,"enemies":"Book of Stabbing","floor":31.0,"turns":5.0},{"damage":21.0,"enemies":"Automaton","floor":33.0,"turns":13.0},{"damage":0.0,"enemies":"Orb Walker","floor":35.0,"turns":3.0},{"damage":0.0,"enemies":"3 Darklings","floor":36.0,"turns":6.0},{"damage":0.0,"enemies":"4 Shapes","floor":39.0,"turns":6.0},{"damage":15.0,"enemies":"Reptomancer","floor":40.0,"turns":9.0},{"damage":0.0,"enemies":"Spire Growth","floor":42.0,"turns":7.0},{"damage":0.0,"enemies":"Giant Head","floor":45.0,"turns":6.0},{"damage":0.0,"enemies":"3 Darklings","floor":47.0,"turns":1.0},{"damage":0.0,"enemies":"Nemesis","floor":48.0,"turns":5.0},{"damage":17,"enemies":"Time Eater","floor":50,"turns":8},{"damage":42,"enemies":"Donu and Deca","floor":51,"turns":7},{"damage":0,"enemies":"Shield and Spear","floor":55,"turns":5},{"damage":10,"enemies":"The Heart","floor":56,"turns":11}],"seed_played":"-8443298531224107382","potions_obtained":[{"floor":2.0,"key":"Strength Potion"},{"floor":3.0,"key":"ColorlessPotion"},{"floor":10.0,"key":"SmokeBomb"},{"floor":12.0,"key":"HeartOfIron"},{"floor":25.0,"key":"Energy Potion"},{"floor":31.0,"key":"DuplicationPotion"}],"is_trial":false,"path_per_floor":["M","M","M","?","M","R","E","M","T","E","R","M","R","?","R","B",null,"M","M","?","T","?","R","$","M","T","?","R","M","T","E","R","B",null,"M","M","?","$","M","E","R","M","T","R","E","R","M","E","R","B","B",null,"R","$","E","B",null],"character_chosen":"IRONCLAD","items_purchased":["Finesse","MealTicket","PowerPotion","Feel No Pain","Ornamental Fan","Shrug It Off","LiquidBronze"],"campfire_rested":2,"item_purchase_floors":[24,24,24,38,38,38,54],"current_hp_per_floor":[69,63,55,48,46,46,20,12,12,11,33,24,24,6,28,29,64,68,73,52,52,52,52,52,58,58,58,58,64,64,41,41,26,67,73,79,79,80,80,71,71,80,80,80,83,83,83,83,83,72,36,71,71,83,83,79],"gold":107,"neow_bonus":"RANDOM_COMMON_RELIC","is_daily":false,"chose_seed":false,"campfire_upgraded":9,"win_rate":0.0,"timestamp":1609579983,"path_taken":["M","M","M","?","M","R","E","M","T","E","R","M","R","?","R","BOSS","M","M","?","?","?","R","$","M","T","?","R","?","?","E","R","BOSS","M","M","?","$","M","E","R","?","T","R","E","R","M","E","R","BOSS","BOSS","R","$","E","BOSS"],"items_purchased_type":["Card","Relic","Potion","Card","Relic","Card","Potion"],"build_version":"2020-12-22","purchased_purges":3,"victory":true,"max_hp_per_floor":[75,75,75,75,75,75,75,75,75,75,75,75,75,75,75,75,75,75,75,80,80,80,80,80,80,80,80,80,80,80,80,80,80,80,80,80,80,80,80,80,80,83,83,83,83,83,83,83,83,83,83,83,83,83,83,83],"relic_stats":{"Regal Pillow":0,"counters":[27,150],"Blue Candle":[0],"Dead Branch":[68],"Bag of Preparation":[42],"Whetstone":["Fiend Fire","Dropkick"],"Ginger":[2],"War Paint":["Finesse","Double Tap"],"Smiling Mask":150,"Burning Blood":135,"Dream Catcher":2,"Mummified Hand":[107],"Ornamental Fan":[108],"Shuriken":[15],"Pandora\u0027s Box":["Searing Blow","Power Through","Battle Trance","Headbutt","Pommel Strike","Double Tap","Pommel Strike","Fiend Fire"],"Tiny Chest":1,"MealTicket":13,"Black Star":4,"obtain_stats":[{"Lantern":0,"Regal Pillow":48,"Blue Candle":31,"Dead Branch":55,"Bag of Preparation":9,"Omamori":14,"Whetstone":45,"Ginger":55,"War Paint":26,"Smiling Mask":7,"Burning Blood":0,"Akabeko":40,"White Beast Statue":48,"Dream Catcher":10,"Mummified Hand":30,"Ornamental Fan":38,"Shuriken":45,"Pandora\u0027s Box":17,"Tiny Chest":21,"MealTicket":24,"Black Star":34,"TungstenRod":40},{"Lantern":0,"Regal Pillow":23,"Blue Candle":14,"Dead Branch":26,"Bag of Preparation":6,"Omamori":8,"Whetstone":21,"Ginger":26,"War Paint":12,"Smiling Mask":5,"Burning Blood":0,"Akabeko":19,"White Beast Statue":23,"Dream Catcher":7,"Mummified Hand":13,"Ornamental Fan":17,"Shuriken":21,"Pandora\u0027s Box":9,"Tiny Chest":11,"MealTicket":11,"Black Star":15,"TungstenRod":19},{"Lantern":0,"Regal Pillow":119,"Blue Candle":63,"Dead Branch":139,"Bag of Preparation":21,"Omamori":31,"Whetstone":113,"Ginger":139,"War Paint":52,"Smiling Mask":18,"Burning Blood":0,"Akabeko":100,"White Beast Statue":119,"Dream Catcher":25,"Mummified Hand":58,"Ornamental Fan":85,"Shuriken":113,"Pandora\u0027s Box":41,"Tiny Chest":46,"MealTicket":46,"Black Star":76,"TungstenRod":100}],"TungstenRod":13},"card_choices":[{"not_picked":["Cleave","Blood for Blood"],"picked":"Whirlwind","floor":1.0},{"not_picked":["Wild Strike","Perfected Strike","Cleave"],"picked":"SKIP","floor":2.0},{"not_picked":["Heavy Blade","Twin Strike"],"picked":"Power Through","floor":3.0},{"not_picked":["True Grit","Heavy Blade"],"picked":"Evolve","floor":5.0},{"not_picked":["Clothesline","Body Slam"],"picked":"Combust","floor":7.0},{"not_picked":["Sword Boomerang","Power Through"],"picked":"Barricade","floor":8.0},{"not_picked":["Thunderclap","Dark Embrace"],"picked":"Burning Pact","floor":10.0},{"not_picked":["Wild Strike","Sword Boomerang"],"picked":"True Grit","floor":11.0},{"not_picked":["Clash","Warcry"],"picked":"Dropkick","floor":12.0},{"not_picked":["Iron Wave","Flex"],"picked":"Sentinel","floor":15.0},{"not_picked":["Barricade","Limit Break"],"picked":"Berserk","floor":16.0},{"not_picked":["Flex","Perfected Strike","Warcry"],"picked":"SKIP","floor":18.0},{"not_picked":["Bloodletting","Twin Strike","Cleave"],"picked":"SKIP","floor":25.0},{"not_picked":["Bloodletting","Twin Strike","Cleave"],"picked":"SKIP","floor":25.0},{"not_picked":["Flex","Perfected Strike","Anger"],"picked":"SKIP","floor":29.0},{"not_picked":["Perfected Strike","Havoc"],"picked":"Dark Embrace","floor":31.0},{"not_picked":["Havoc","Perfected Strike+1"],"picked":"Clothesline+1","floor":35.0},{"not_picked":["Armaments","Shrug It Off"],"picked":"Body Slam+1","floor":36.0},{"not_picked":["Perfected Strike","Warcry"],"picked":"Feed","floor":39.0},{"not_picked":["True Grit","Combust","Warcry"],"picked":"SKIP","floor":40.0},{"not_picked":["Uppercut","Thunderclap+1"],"picked":"Disarm+1","floor":42.0},{"not_picked":["Armaments","Power Through","Carnage"],"picked":"SKIP","floor":45.0},{"not_picked":["Armaments","Uppercut"],"picked":"Fire Breathing","floor":47.0},{"not_picked":["Immolate","Thunderclap","Bloodletting+1"],"picked":"SKIP","floor":48.0},{"not_picked":["Warcry","Pommel Strike"],"picked":"Feel No Pain","floor":55}],"player_experience":1444104,"relics_obtained":[{"floor":7.0,"key":"Smiling Mask"},{"floor":9.0,"key":"Bag of Preparation"},{"floor":10.0,"key":"Dream Catcher"},{"floor":21.0,"key":"Tiny Chest"},{"floor":26.0,"key":"War Paint"},{"floor":30.0,"key":"Mummified Hand"},{"floor":31.0,"key":"Blue Candle"},{"floor":40.0,"key":"TungstenRod"},{"floor":40.0,"key":"Akabeko"},{"floor":45.0,"key":"Shuriken"},{"floor":45.0,"key":"Whetstone"},{"floor":48.0,"key":"White Beast Statue"},{"floor":48.0,"key":"Regal Pillow"},{"floor":55,"key":"Dead Branch"},{"floor":55,"key":"Ginger"}],"event_choices":[{"cards_removed":["Strike_R"],"damage_healed":0.0,"max_hp_gain":0.0,"max_hp_loss":0.0,"gold_gain":0.0,"event_name":"Golden Wing","player_choice":"Card Removal","floor":4.0,"gold_loss":0.0,"damage_taken":7.0},{"damage_healed":0.0,"max_hp_gain":0.0,"max_hp_loss":0.0,"gold_gain":0.0,"event_name":"Scrap Ooze","player_choice":"Success","floor":14.0,"gold_loss":0.0,"damage_taken":18.0,"relics_obtained":["Omamori"]},{"damage_healed":0.0,"max_hp_gain":5.0,"max_hp_loss":0.0,"gold_gain":0.0,"event_name":"Forgotten Altar","player_choice":"Shed Blood","floor":20.0,"gold_loss":0.0,"damage_taken":26.0},{"damage_healed":0.0,"max_hp_gain":0.0,"max_hp_loss":0.0,"gold_gain":0.0,"event_name":"The Library","player_choice":"Read","floor":22.0,"gold_loss":0.0,"damage_taken":0.0,"cards_obtained":["Feel No Pain"]},{"cards_removed":["Combust"],"damage_healed":0.0,"max_hp_gain":0.0,"max_hp_loss":0.0,"gold_gain":0.0,"event_name":"Purifier","player_choice":"Purged","floor":27.0,"gold_loss":0.0,"damage_taken":0.0},{"damage_healed":0.0,"max_hp_gain":0.0,"max_hp_loss":0.0,"gold_gain":275.0,"event_name":"Golden Shrine","player_choice":"Desecrate","floor":37.0,"gold_loss":0.0,"damage_taken":0.0,"cards_obtained":["Regret"]}],"is_beta":false,"boss_relics":[{"not_picked":["Fusion Hammer","Black Blood"],"picked":"Pandora\u0027s Box"},{"not_picked":["Mark of Pain","Astrolabe"],"picked":"Black Star"}],"items_purged_floors":[24,38,54],"is_endless":false,"potions_floor_spawned":[2,3,10,12,19,25,31,35,40,42,55],"ascension_level":20}}