{"host":"5fasz840ryq7obdf","time":1609610204,"event":{"mods":["AchievementEnabler","BaseMod","Bestiary","Better Altar","Better Skull","Better Third Choice","BetterRewards","Block Reminder","Colored Powertips","Curses Come First","Highlight Path","Minty Spire (QoL Compilation)","Quick Restart","Relic Sorter","Relic Stats","Replay The Spire","Shop Mod","Spicy Shops","StSLib","SuperFastMode","ojb\u0027s Better Paths Mod","ojb\u0027s Info Mod"],"gold_per_floor":[143,153,11,49,85,141,192,192,239,289,331,369,369,427,427,529,529,570,570,329,345,345,345,405,441,441,441,494,494,530,582,582,685,685,726,651,209,236,271,326,403,455,455,480,554,599,654,654,654,654,679,679,679,258,287,287],"floor_reached":57,"playtime":3752,"items_purged":["Strike_P","Defend_P","Defend_P","Pride","Strike_P","SignatureMove"],"score":3733,"play_id":"8bccc044-e9e2-4eee-9aa7-612aa8547c4f","local_time":"20210102175644","is_ascension_mode":true,"campfire_choices":[{"data":"Apotheosis","floor":15.0,"key":"SMITH"},{"floor":23.0,"key":"RECALL"},{"floor":27.0,"key":"REST"},{"floor":29.0,"key":"REST"},{"floor":49,"key":"DIG"},{"floor":53,"key":"REST"}],"circlet_count":0,"master_deck":["AscendersBane","Defend_P","Defend_P","Eruption","Vigilance","TalkToTheHand","TalkToTheHand","Fasting2","Wireheading","Ragnarok","Fasting2+1","Tantrum","FlurryOfBlows","HandOfGreed","JustLucky","ThirdEye","EmptyBody","JustLucky","WreathOfFlame","Apotheosis+1","Protect","CutThroughFate","Adaptation","FlurryOfBlows","Crescendo","Weave+1","SpiritShield","FlurryOfBlows+1","Pot Of Greed","Pot Of Greed","Pot Of Greed","DeusExMachina","EmptyBody+1","DeceiveReality","Alpha","Pot Of Greed","ClearTheMind","CrushJoints","Scrawl","EmptyBody","BattleHymn+1","Fasting2+1","TalkToTheHand+1","Sanctity+1","EmptyBody+1","LikeWater+1","Bandage Up+1","Prostrate+1","Pot Of Greed+1","DeceiveReality+1"],"relics":["PureWater","Pen Nib","TeardropLocket","Membership Card","WingedGreaves","Akabeko","Replay:Purple Gloves","ReplayTheSpireMod:Shallot","Happy Flower","CloakClasp","ClockworkSouvenir","GoldenEye","Replay:Kaleidoscope","HandDrill","Bag of Marbles","Orrery","Bottled Lightning","Gremlin Horn","MealTicket","ReplayTheSpireMod:Ring of Exchange","ReplayTheSpireMod:Ring of Addiction","Potion Belt","SacredBark","Tiny Chest","Bag of Preparation","Ice Cream","Fusion Hammer","Garlic","Vajra","TungstenRod","Calipers","Grinning Jar","Art of War","Bottled Flame","Replay:Towering Pillar of Hats","StrikeDummy","ChewingGum","Replay:Ringing Soul","Lantern","Sling","Boot","Frozen Egg 2","Toxic Egg 2","Iron Hammer","Turnip","Thread and Needle","Anchor","Replay:Bottled Steam","Simple Rune","Whetstone","Strawberry"],"acts_visited":["Exordium","TheCity","TheBeyond","TheEnding"],"potions_floor_usage":[35,40,46,47,50,56],"damage_taken":[{"damage":0.0,"enemies":"2 Louse","floor":1.0,"turns":2.0},{"damage":0.0,"enemies":"Jaw Worm","floor":2.0,"turns":2.0},{"damage":0.0,"enemies":"Cultist","floor":4.0,"turns":2.0},{"damage":0.0,"enemies":"Looter","floor":5.0,"turns":3.0},{"damage":6.0,"enemies":"3 Sentries","floor":6.0,"turns":5.0},{"damage":0.0,"enemies":"Lagavulin","floor":7.0,"turns":3.0},{"damage":0.0,"enemies":"3 Sentries","floor":10.0,"turns":2.0},{"damage":0.0,"enemies":"Exordium Thugs","floor":11.0,"turns":2.0},{"damage":0.0,"enemies":"2 Fungi Beasts","floor":12.0,"turns":2.0},{"damage":0.0,"enemies":"Gremlin Nob","floor":14.0,"turns":1.0},{"damage":1.0,"enemies":"The Guardian","floor":16.0,"turns":3.0},{"damage":0.0,"enemies":"Spheric Guardian","floor":18.0,"turns":3.0},{"damage":0.0,"enemies":"Slavers","floor":24.0,"turns":2.0},{"damage":0.0,"enemies":"Chosen","floor":25.0,"turns":3.0},{"damage":0.0,"enemies":"Book of Stabbing","floor":28.0,"turns":2.0},{"damage":0.0,"enemies":"Snecko","floor":30.0,"turns":3.0},{"damage":0.0,"enemies":"Gremlin Leader","floor":31.0,"turns":3.0},{"damage":0.0,"enemies":"Champ","floor":33.0,"turns":3.0},{"damage":0,"enemies":"Orb Walker","floor":35,"turns":1},{"damage":0,"enemies":"3 Darklings","floor":39,"turns":4},{"damage":0,"enemies":"R_Hoarder","floor":40,"turns":2},{"damage":0,"enemies":"Nemesis","floor":42,"turns":3},{"damage":0,"enemies":"R_Hoarder","floor":44,"turns":3},{"damage":0,"enemies":"2 Orb Walkers","floor":45,"turns":2},{"damage":0,"enemies":"4 Shapes","floor":46,"turns":2},{"damage":0,"enemies":"Giant Head","floor":47,"turns":4},{"damage":0,"enemies":"Replay:Hell Engine","floor":50,"turns":3},{"damage":0,"enemies":"Donu and Deca","floor":51,"turns":3},{"damage":19,"enemies":"Shield and Spear","floor":55,"turns":3},{"damage":2,"enemies":"The Heart","floor":56,"turns":7}],"seed_played":"-7023024087025022269","potions_obtained":[{"floor":4.0,"key":"SteroidPotion"},{"floor":5.0,"key":"FairyPotion"},{"floor":7.0,"key":"LifebloodPotion"},{"floor":8.0,"key":"Regen Potion"},{"floor":8.0,"key":"Fire Potion"},{"floor":14.0,"key":"FearPotion"},{"floor":25.0,"key":"LiquidMemories"},{"floor":30.0,"key":"Swift Potion"},{"floor":33.0,"key":"Adrenaline Potion"},{"floor":42,"key":"BottledMiracle"},{"floor":46,"key":"FairyPotion"},{"floor":47,"key":"DuplicationPotion"}],"is_trial":false,"path_per_floor":["M","M","$","M","M","E","E","?","T","E","M","M","T","E","R","B",null,"M","?","$","?","T","R","E","M","T","R","E","R","M","E","R","B",null,"M","?","$","T","M","E","T","E","T","E","?","M","E","?","R","B","B",null,"R","$","E","B",null],"character_chosen":"WATCHER","items_purchased":["TeardropLocket","TalkToTheHand","Fasting2","Membership Card","Wireheading","Akabeko","Ragnarok","Fasting2+1","ReplayTheSpireMod:Shallot","Happy Flower","Tantrum","FlurryOfBlows","ClockworkSouvenir","HandOfGreed","HandDrill","Bag of Marbles","Orrery","Apotheosis","Bottled Lightning","Garlic","Vajra","TungstenRod","CrushJoints","BottledMiracle","Replay:Ringing Soul","Lantern","Sling","Simple Rune","EmptyBody+1","LikeWater+1","Bandage Up+1","Whetstone","SpeedPotion","Prostrate+1"],"campfire_rested":3,"item_purchase_floors":[0,0,0,0,0,0,0,0,0,0,0,0,0,0,0,0,0,0,3,20,20,20,37,37,37,37,37,54,54,54,54,54,54,54],"current_hp_per_floor":[19,19,19,19,19,13,13,13,13,13,13,13,13,13,13,12,51,51,51,62,42,42,42,42,42,42,58,56,56,56,56,54,54,54,54,54,54,54,55,58,58,61,61,62,65,65,68,68,68,68,68,68,68,69,60,64],"gold":287,"neow_bonus":"","is_daily":false,"chose_seed":false,"campfire_upgraded":1,"win_rate":0.0,"timestamp":1609610204,"path_taken":["M","M","$","M","M","E","E","?","T","E","M","M","?","E","R","BOSS","M","?","$","?","?","R","E","?","T","R","E","R","M","E","R","BOSS","M","?","$","?","M","E","?","E","T","E","?","M","E","?","R","BOSS","BOSS","R","$","E","BOSS"],"items_purchased_type":["Relic","Card","Card","Relic","Card","Relic","Card","Card","Relic","Relic","Card","Card","Relic","Card","Relic","Relic","Relic","Card","Relic","Relic","Relic","Relic","Card","Potion","Relic","Relic","Relic","Relic","Card","Card","Card","Relic","Potion","Card"],"build_version":"2020-12-22","purchased_purges":6,"victory":true,"max_hp_per_floor":[68,68,68,68,68,68,68,68,68,68,68,66,66,66,64,64,64,62,62,62,60,60,60,58,58,58,58,56,56,56,56,54,54,54,54,54,54,54,55,58,58,61,61,62,65,65,68,68,68,68,68,68,68,69,79,79],"relic_stats":{"Happy Flower":[27],"Gremlin Horn":[18,18],"counters":[88,326],"Pen Nib":[10],"CloakClasp":[197],"Bag of Preparation":[47],"Whetstone":["Weave","TalkToTheHand"],"GoldenEye":[276],"Boot":[7],"MealTicket":11,"Tiny Chest":2,"Turnip":[2],"HandDrill":[54],"Art of War":[1],"obtain_stats":[{"Ice Cream":14,"Calipers":21,"Gremlin Horn":6,"Vajra":20,"Whetstone":54,"Bottled Tornado":26,"Sling":37,"Boot":38,"Ring of Searing":44,"Sozu":34,"Replay:Ringing Soul":37,"Centennial Puzzle":45,"Strawberry":55,"MealTicket":7,"Fusion Hammer":17,"Iron Hammer":43,"Replay:Bottled Flurry":45,"HandDrill":0,"Replay:Wax Seal":20,"Toxic Egg 2":41,"Replay:Bottled Steam":49,"Happy Flower":0,"ReplayTheSpireMod:CursedCoin":2,"Counterbalance":48,"Dead Branch":47,"ReplayTheSpireMod:Ring of Addiction":8,"Oddly Smooth Stone":9,"Pen Nib":42,"Replay:Kaleidoscope":0,"War Paint":41,"Akabeko":0,"SlaversCollar":17,"Bottled Flame":26,"ReplayTheSpireMod:Shallot":0,"Shuriken":55,"Pandora\u0027s Box":0,"Molten Egg 2":6,"Simple Rune":54,"Grinning Jar":22,"StrikeDummy":31,"Meat on the Bone":0,"ReplayTheSpireMod:Ring of Exchange":8,"Lantern":29,"SacredBark":8,"Replay:Purple Gloves":0,"Painkiller Herb":17,"StoneCalendar":11,"CloakClasp":0,"Bag of Preparation":10,"TeardropLocket":0,"Replay:Mystery Machine":23,"Ancient Tea Set":24,"Pet Ghost":8,"ClockworkSouvenir":39,"Replay:Bandana":0,"Nunchaku":0,"Tiny Chest":31,"WingedGreaves":0,"Red Mask":19,"Ring of Panic":44,"Potion Belt":8,"ReplayTheSpireMod:Ninjato":6,"Replay:Towering Pillar of Hats":28,"Thread and Needle":36,"PreservedInsect":14,"Frozen Egg 2":40,"GoldenEye":30,"White Beast Statue":11,"Mercury Hourglass":9,"Cauldron":20,"CaptainsWheel":27,"Anchor":0,"Pondfish Scales":54,"Orrery":37,"ChewingGum":34,"Turnip":44,"Bag of Marbles":26,"Snack Pack":31,"Garlic":20,"Art of War":24,"Membership Card":54,"Bottled Lightning":3,"PureWater":0,"TungstenRod":20},{"Ice Cream":68,"Calipers":70,"Gremlin Horn":63,"Vajra":70,"Whetstone":86,"Bottled Tornado":42,"Sling":77,"Boot":77,"Ring of Searing":23,"Sozu":17,"Replay:Ringing Soul":77,"Centennial Puzzle":52,"Strawberry":87,"MealTicket":64,"Fusion Hammer":69,"Iron Hammer":80,"Replay:Bottled Flurry":24,"HandDrill":27,"Replay:Wax Seal":11,"Toxic Egg 2":79,"Replay:Bottled Steam":84,"Happy Flower":58,"ReplayTheSpireMod:CursedCoin":28,"Counterbalance":25,"Dead Branch":53,"ReplayTheSpireMod:Ring of Addiction":64,"Oddly Smooth Stone":32,"Pen Nib":80,"Replay:Kaleidoscope":58,"War Paint":22,"Akabeko":58,"SlaversCollar":36,"Bottled Flame":72,"ReplayTheSpireMod:Shallot":58,"Shuriken":57,"Pandora\u0027s Box":0,"Molten Egg 2":31,"Simple Rune":86,"Grinning Jar":70,"StrikeDummy":75,"Meat on the Bone":27,"ReplayTheSpireMod:Ring of Exchange":64,"Lantern":43,"SacredBark":64,"Replay:Purple Gloves":58,"Painkiller Herb":9,"StoneCalendar":33,"CloakClasp":58,"Bag of Preparation":65,"TeardropLocket":58,"Replay:Mystery Machine":40,"Ancient Tea Set":14,"Pet Ghost":32,"ClockworkSouvenir":48,"Replay:Bandana":27,"Nunchaku":27,"Tiny Chest":44,"WingedGreaves":58,"Red Mask":11,"Ring of Panic":23,"Potion Belt":64,"ReplayTheSpireMod:Ninjato":4,"Replay:Towering Pillar of Hats":73,"Thread and Needle":47,"PreservedInsect":35,"Frozen Egg 2":79,"GoldenEye":43,"White Beast Statue":5,"Mercury Hourglass":4,"Cauldron":11,"CaptainsWheel":15,"Anchor":27,"Pondfish Scales":56,"Orrery":19,"ChewingGum":45,"Turnip":81,"Bag of Marbles":14,"Snack Pack":16,"Garlic":70,"Art of War":71,"Membership Card":56,"Bottled Lightning":60,"PureWater":0,"TungstenRod":70},{"Ice Cream":267,"Calipers":273,"Gremlin Horn":257,"Vajra":273,"Whetstone":316,"Bottled Tornado":158,"Sling":290,"Boot":290,"Ring of Searing":97,"Sozu":69,"Replay:Ringing Soul":290,"Centennial Puzzle":197,"Strawberry":319,"MealTicket":260,"Fusion Hammer":270,"Iron Hammer":299,"Replay:Bottled Flurry":101,"HandDrill":118,"Replay:Wax Seal":42,"Toxic Egg 2":296,"Replay:Bottled Steam":310,"Happy Flower":243,"ReplayTheSpireMod:CursedCoin":120,"Counterbalance":103,"Dead Branch":202,"ReplayTheSpireMod:Ring of Addiction":260,"Oddly Smooth Stone":131,"Pen Nib":299,"Replay:Kaleidoscope":243,"War Paint":93,"Akabeko":243,"SlaversCollar":143,"Bottled Flame":278,"ReplayTheSpireMod:Shallot":243,"Shuriken":234,"Pandora\u0027s Box":0,"Molten Egg 2":128,"Simple Rune":316,"Grinning Jar":273,"StrikeDummy":286,"Meat on the Bone":118,"ReplayTheSpireMod:Ring of Exchange":260,"Lantern":159,"SacredBark":260,"Replay:Purple Gloves":243,"Painkiller Herb":36,"StoneCalendar":133,"CloakClasp":243,"Bag of Preparation":262,"TeardropLocket":243,"Replay:Mystery Machine":153,"Ancient Tea Set":55,"Pet Ghost":131,"ClockworkSouvenir":175,"Replay:Bandana":118,"Nunchaku":118,"Tiny Chest":161,"WingedGreaves":243,"Red Mask":42,"Ring of Panic":97,"Potion Belt":260,"ReplayTheSpireMod:Ninjato":16,"Replay:Towering Pillar of Hats":280,"Thread and Needle":173,"PreservedInsect":138,"Frozen Egg 2":296,"GoldenEye":159,"White Beast Statue":21,"Mercury Hourglass":16,"Cauldron":42,"CaptainsWheel":59,"Anchor":118,"Pondfish Scales":229,"Orrery":76,"ChewingGum":169,"Turnip":302,"Bag of Marbles":55,"Snack Pack":63,"Garlic":273,"Art of War":275,"Membership Card":229,"Bottled Lightning":247,"PureWater":0,"TungstenRod":273}],"TungstenRod":6},"card_choices":[{"not_picked":["FollowUp","EmptyFist"],"picked":"JustLucky","floor":0.0},{"not_picked":["Sanctity","BowlingBash"],"picked":"ThirdEye","floor":0.0},{"not_picked":["EmptyFist","Halt"],"picked":"EmptyBody","floor":0.0},{"not_picked":["Replay:DivineShield","Replay:ManipulateFuture"],"picked":"JustLucky","floor":0.0},{"not_picked":["Establishment","WheelKick"],"picked":"WreathOfFlame","floor":0.0},{"not_picked":["SashWhip","Tantrum"],"picked":"Protect","floor":1.0},{"not_picked":["FlyingSleeves","Consecrate"],"picked":"CutThroughFate","floor":2.0},{"not_picked":["Evaluate","FlyingSleeves"],"picked":"Adaptation","floor":4.0},{"not_picked":["FlyingSleeves","BattleHymn","ClearTheMind"],"picked":"SKIP","floor":5.0},{"not_picked":["Evaluate","WheelKick","InnerPeace"],"picked":"SKIP","floor":6.0},{"not_picked":["BattleHymn","Brilliance","CarveReality"],"picked":"SKIP","floor":7.0},{"not_picked":["Replay:ManipulateFuture","PathToVictory"],"picked":"FlurryOfBlows","floor":10.0},{"not_picked":["ForeignInfluence","Prostrate","Meditate"],"picked":"SKIP","floor":11.0},{"not_picked":["EmptyMind","Prostrate"],"picked":"Crescendo","floor":12.0},{"not_picked":["ForeignInfluence","Establishment"],"picked":"Weave","floor":14.0},{"not_picked":["Replay:AllIn","LessonLearned"],"picked":"SpiritShield","floor":16.0},{"not_picked":["ForeignInfluence","Halt"],"picked":"FlurryOfBlows+1","floor":18.0},{"not_picked":["Consecrate","BowlingBash"],"picked":"DeusExMachina","floor":24.0},{"not_picked":["Replay:BluntJabs","Halt"],"picked":"EmptyBody+1","floor":25.0},{"not_picked":["FollowUp","Tantrum","Replay:DivineShield"],"picked":"SKIP","floor":28.0},{"not_picked":["Prostrate","WindmillStrike+1"],"picked":"DeceiveReality","floor":30.0},{"not_picked":["Judgement","WindmillStrike","Replay:ManipulateFuture"],"picked":"SKIP","floor":31.0},{"not_picked":["DeusExMachina","Blasphemy"],"picked":"Alpha","floor":33.0},{"not_picked":["Replay:AtTheReady+1","Replay:Hum"],"picked":"ClearTheMind","floor":35},{"not_picked":["EmptyMind+1","Crescendo"],"picked":"Scrawl","floor":39},{"not_picked":["Replay:AtTheReady","EmptyFist"],"picked":"EmptyBody","floor":40},{"not_picked":["EmptyFist","DeusExMachina+1"],"picked":"BattleHymn+1","floor":42},{"not_picked":["Replay:AtTheReady+1","Evaluate+1"],"picked":"Fasting2+1","floor":44},{"not_picked":["ReachHeaven","SignatureMove"],"picked":"TalkToTheHand","floor":45},{"not_picked":["Replay:DivineShield+1","FearNoEvil","JustLucky"],"picked":"SKIP","floor":46},{"not_picked":["EmptyFist+1","Evaluate+1"],"picked":"Sanctity+1","floor":47},{"not_picked":["Worship+1","Judgement+1"],"picked":"DeceiveReality+1","floor":55}],"player_experience":1373832,"relics_obtained":[{"floor":6.0,"key":"Gremlin Horn"},{"floor":7.0,"key":"MealTicket"},{"floor":8.0,"key":"ReplayTheSpireMod:Ring of Exchange"},{"floor":8.0,"key":"ReplayTheSpireMod:Ring of Addiction"},{"floor":8.0,"key":"Potion Belt"},{"floor":8.0,"key":"SacredBark"},{"floor":9.0,"key":"Tiny Chest"},{"floor":10.0,"key":"Bag of Preparation"},{"floor":14.0,"key":"Ice Cream"},{"floor":21.0,"key":"Calipers"},{"floor":22.0,"key":"Grinning Jar"},{"floor":24.0,"key":"Art of War"},{"floor":26.0,"key":"Bottled Flame"},{"floor":28.0,"key":"Replay:Towering Pillar of Hats"},{"floor":31.0,"key":"StrikeDummy"},{"floor":38,"key":"Boot"},{"floor":40,"key":"Frozen Egg 2"},{"floor":41,"key":"Toxic Egg 2"},{"floor":42,"key":"Pen Nib"},{"floor":43,"key":"Iron Hammer"},{"floor":44,"key":"Turnip"},{"floor":45,"key":"Thread and Needle"},{"floor":47,"key":"Anchor"},{"floor":49,"key":"Replay:Bottled Steam"},{"floor":55,"key":"Strawberry"}],"event_choices":[{"damage_healed":0.0,"max_hp_gain":0.0,"max_hp_loss":0.0,"gold_gain":0.0,"event_name":"Vampires","player_choice":"Ignored","floor":19.0,"gold_loss":0.0,"damage_taken":0.0},{"cards_removed":["Strike_P"],"damage_healed":0,"gold_gain":0,"player_choice":"Single Remove","damage_taken":0,"max_hp_gain":0,"max_hp_loss":0,"event_name":"Designer","floor":36,"gold_loss":75},{"damage_healed":0,"gold_gain":0,"player_choice":"Fight","damage_taken":0,"max_hp_gain":0,"max_hp_loss":0,"event_name":"Mysterious Sphere","floor":45,"gold_loss":0},{"damage_healed":0,"gold_gain":0,"player_choice":"Full Heal","damage_taken":0,"max_hp_gain":0,"max_hp_loss":0,"event_name":"Wheel of Change","floor":48,"gold_loss":0}],"is_beta":false,"boss_relics":[{"not_picked":["Replay:Ancient Bell","Frozen Eye"],"picked":"Fusion Hammer"},{"not_picked":["Astrolabe","Chemical X"],"picked":"ChewingGum"}],"items_purged_floors":[0,0,0,20,37,54],"is_endless":false,"potions_floor_spawned":[4,5,7,10,14,25,30,33,42,45,46,47,55],"ascension_level":20}}