{"host":"nqsrckqog5ia9mbo","time":1609590643,"event":{"mods":["AchievementEnabler","BaseMod","Colored Map","Highlight Path","Minty Spire (QoL Compilation)"],"gold_per_floor":[113,131,131,150,150,150,181,181,208,232,255,298,298,298,298],"floor_reached":14,"playtime":1334,"items_purged":[],"score":120,"play_id":"941230e6-ee38-458e-856d-48346d21eb22","local_time":"20210102133043","is_ascension_mode":true,"campfire_choices":[{"data":"Spot Weakness","floor":6,"key":"SMITH"},{"data":"Uppercut","floor":8,"key":"SMITH"}],"circlet_count":0,"master_deck":["Strike_R","Strike_R","Strike_R","Strike_R","Strike_R","Defend_R","Defend_R","Defend_R","Defend_R","Bash","Headbutt","Pommel Strike","Spot Weakness+1","Uppercut+1","Shockwave","Body Slam"],"relics":["Burning Blood","Golden Idol","Boot","Vajra","FossilizedHelix","Omamori"],"acts_visited":["Exordium"],"potions_floor_usage":[12],"damage_taken":[{"damage":5,"enemies":"Small Slimes","floor":1,"turns":5},{"damage":2,"enemies":"Jaw Worm","floor":2,"turns":3},{"damage":6,"enemies":"2 Louse","floor":4,"turns":3},{"damage":40,"enemies":"3 Sentries","floor":7,"turns":8},{"damage":14,"enemies":"Lots of Slimes","floor":10,"turns":3},{"damage":8,"enemies":"3 Louse","floor":11,"turns":2},{"damage":22,"enemies":"Lagavulin","floor":12,"turns":6},{"damage":32,"enemies":"3 Sentries","floor":14,"turns":6}],"seed_played":"-7766673223712864194","potions_obtained":[{"floor":2,"key":"BloodPotion"},{"floor":4,"key":"FearPotion"},{"floor":12,"key":"SpeedPotion"}],"is_trial":false,"path_per_floor":["M","M","?","M","?","R","E","R","T","M","M","E","?","E"],"character_chosen":"IRONCLAD","items_purchased":[],"campfire_rested":0,"item_purchase_floors":[],"current_hp_per_floor":[88,88,93,93,70,70,36,36,36,28,26,28,28,0,0],"gold":298,"neow_bonus":"TEN_PERCENT_HP_BONUS","is_daily":false,"chose_seed":false,"campfire_upgraded":2,"win_rate":0.0,"timestamp":1609590643,"path_taken":["M","M","?","M","?","R","E","R","T","?","M","E","?","E"],"items_purchased_type":[],"build_version":"2020-12-22","purchased_purges":0,"victory":false,"max_hp_per_floor":[88,88,93,93,93,93,93,93,93,93,93,93,93,93,93],"card_choices":[{"not_picked":["Thunderclap","Rage"],"picked":"Headbutt","floor":1},{"not_picked":["Sword Boomerang","Sever Soul"],"picked":"Pommel Strike","floor":2},{"not_picked":["Clothesline","Infernal Blade"],"picked":"Spot Weakness","floor":4},{"not_picked":["Perfected Strike","Dark Embrace"],"picked":"Uppercut","floor":7},{"not_picked":["Evolve","Entrench"],"picked":"Shockwave","floor":10},{"not_picked":["Evolve","Dark Embrace"],"picked":"Body Slam","floor":11},{"not_picked":["Clash","Armaments","Clothesline"],"picked":"SKIP","floor":12}],"player_experience":71987,"relics_obtained":[{"floor":7,"key":"Boot"},{"floor":9,"key":"Vajra"},{"floor":12,"key":"FossilizedHelix"}],"event_choices":[{"damage_healed":0,"gold_gain":0,"player_choice":"Donut","damage_taken":0,"max_hp_gain":5,"max_hp_loss":0,"event_name":"Big Fish","floor":3,"gold_loss":0},{"damage_healed":0,"gold_gain":0,"player_choice":"Take Damage","damage_taken":23,"relics_obtained":["Golden Idol"],"max_hp_gain":0,"max_hp_loss":0,"event_name":"Golden Idol","floor":5,"gold_loss":0},{"damage_healed":0,"gold_gain":0,"player_choice":"Gave Potion","damage_taken":0,"relics_obtained":["Omamori"],"max_hp_gain":0,"max_hp_loss":0,"event_name":"WeMeetAgain","floor":13,"gold_loss":0}],"is_beta":false,"boss_relics":[],"items_purged_floors":[],"is_endless":false,"potions_floor_spawned":[2,4,12],"killed_by":"3 Sentries","ascension_level":4}}