{"host":"drnpqbb4x5efsqxz","time":1609567920,"event":{"mods":["ATMod(°¢èªMod)","Act Like it!","BaseMod","Card Forge","Colored Powertips","Minty Spire (QoL Compilation)","MostiFishMod","Pale of the Ancients","Shop Mod","StSLib","óô»ðÖ¸ÄÏ"],"gold_per_floor":[142,154,165,165,182,196,196,227,227,258,759,759,787,805,237,336,336,350,350,368,368,383,410,410,443,522,535,547,575,588,503,34,133,133,166,166,176,176,187,222,627,143,168,184,202,229,0,1336,742,742,753,771,771,4,545,584,120,747,747,747],"floor_reached":61,"playtime":5271,"items_purged":["Strike_R","Strike_R","Strike_R","Defend_R","Defend_R","Strike_R+1","Armaments+1","Defend_R+1","Defend_R+1","Double Tap+1"],"score":2721,"play_id":"495506da-6fd4-4c43-98ca-c5cbfbae85e4","local_time":"20210102141200","is_ascension_mode":true,"campfire_choices":[{"floor":7.0,"key":"RECALL"},{"data":"Berserk","floor":24.0,"key":"SMITH"}],"circlet_count":0,"master_deck":["AscendersBane","Bash+1","AT_FamilyPortrait+1","AT_BodySlamDance+1","AT_GerminateFire+1","Seeing Red+1","Shrug It Off+1","AT_EssenceShift+1","Disarm+1","Disarm+1","AT_ShrugMaster+1","AT_IchimonjiDouble+1","Shrug It Off+1","Dark Embrace+1","AT_Dispersion+1","Thunderclap+1","Limit Break+1","Shockwave+1","Armaments+1","Berserk+1","Limit Break+1","Burning Pact+1","Berserk+1","MostiFishMod:HellRitual+1","Panacea+1","MostiFishMod:ButterFly+1","Jack Of All Trades+1","Bloodletting+1","Madness+1","Madness+1","Sentinel+1","True Grit+1","Feel No Pain+1","Entrench+1","Entrench+1","AT_ShrugMaster+1","Feel No Pain+1","AT_IchimonjiDouble+1","MostiFishMod:ButterFly+1","Panacea+1","AT_CaressingTears+1","AT_PowerWithin+1"],"relics":["Hammer of Thor","Seething Fire","Anvil of the Gods","DaveBox","AT_ATBox","DianDianMeat","AT_TrinityForce","SynthV:TestCard","PreservedInsect","Lantern","Ice Cream","Letter Opener","BirthdayGift-Icosahedron","Eternal Feather","Oddly Smooth Stone","MerchantsRug","ImprovedEquipment","Smiling Mask","Anchor","Toolbox","FeatherPendant","Mercury Hourglass","Toxic Egg 2","Thread and Needle","TungstenRod","ChiLing","Chi","Ling","Red Skull","Darkstone Periapt","Snecko Eye","Pantograph","Dodecahedron","Ornamental Fan","Whetstone","AT_SunfireAegis","TheAbacus","MealTicket","Centennial Puzzle","AT_ImmortalShieldbow","Red Mask","StoneCalendar","Boot","Orrery","AT_BladeRuinedKing","Blood Vial","Medical Kit","paleoftheancients:Timepiece","paleoftheancients:KeyRelic","Coffee Dripper","Gremlin Horn","paleoftheancients:SoulOfTheShowman","HandDrill","HornCleat","Bottled Tornado","Membership Card","White Beast Statue","AT_DeathDance","Incense Burner","Charon\u0027s Ashes","Chemical X","PrismaticShard","Orichalcum","Shuriken"],"acts_visited":["Exordium","TheCity","TheBeyond","TheBeyond"],"potions_floor_usage":[42,56,56],"damage_taken":[{"damage":0.0,"enemies":"2 Louse","floor":1.0,"turns":2.0},{"damage":0.0,"enemies":"Small Slimes","floor":2.0,"turns":4.0},{"damage":0.0,"enemies":"Cultist","floor":3.0,"turns":2.0},{"damage":0.0,"enemies":"Blue Slaver","floor":5.0,"turns":1.0},{"damage":9.0,"enemies":"Red Slaver","floor":6.0,"turns":3.0},{"damage":10.0,"enemies":"3 Sentries","floor":8.0,"turns":3.0},{"damage":0.0,"enemies":"Gremlin Nob","floor":10.0,"turns":2.0},{"damage":0.0,"enemies":"Lagavulin","floor":13.0,"turns":6.0},{"damage":0.0,"enemies":"2 Fungi Beasts","floor":14.0,"turns":1.0},{"damage":0.0,"enemies":"Hexaghost","floor":16.0,"turns":8.0},{"damage":0.0,"enemies":"Spheric Guardian","floor":18.0,"turns":1.0},{"damage":0.0,"enemies":"3 Byrds","floor":20.0,"turns":1.0},{"damage":0.0,"enemies":"Shelled Parasite and Fungi","floor":22.0,"turns":1.0},{"damage":0.0,"enemies":"Book of Stabbing","floor":23.0,"turns":2.0},{"damage":0.0,"enemies":"Slavers","floor":25.0,"turns":2.0},{"damage":0.0,"enemies":"Snecko","floor":27.0,"turns":1.0},{"damage":0.0,"enemies":"3 Cultists","floor":28.0,"turns":1.0},{"damage":0.0,"enemies":"Gremlin Leader","floor":29.0,"turns":3.0},{"damage":0.0,"enemies":"Sentry and Sphere","floor":30.0,"turns":1.0},{"damage":0.0,"enemies":"Automaton","floor":33.0,"turns":2.0},{"damage":0,"enemies":"Orb Walker","floor":35,"turns":1},{"damage":0,"enemies":"3 Darklings","floor":37,"turns":1},{"damage":0,"enemies":"Spire Growth","floor":39,"turns":2},{"damage":0,"enemies":"Nemesis","floor":40,"turns":1},{"damage":0,"enemies":"Writhing Mass","floor":44,"turns":1},{"damage":0,"enemies":"Maw","floor":45,"turns":2},{"damage":0,"enemies":"Giant Head","floor":46,"turns":2},{"damage":0,"enemies":"Awakened One","floor":50,"turns":3},{"damage":0,"enemies":"Awakened One","floor":51,"turns":2},{"damage":0,"enemies":"Awakened One","floor":52,"turns":1},{"damage":6,"enemies":"Awakened One","floor":56,"turns":2},{"damage":0,"enemies":"paleoftheancients:N","floor":60,"turns":4}],"seed_played":"3291066751069945053","potions_obtained":[{"floor":2.0,"key":"BlessingOfTheForge"},{"floor":5.0,"key":"AttackPotion"},{"floor":10.0,"key":"CultistPotion"},{"floor":13.0,"key":"PowerPotion"},{"floor":16.0,"key":"DuplicationPotion"},{"floor":37,"key":"Regen Potion"},{"floor":39,"key":"BloodPotion"},{"floor":44,"key":"AttackPotion"},{"floor":51,"key":"PowerPotion"},{"floor":53,"key":"HeartOfIron"},{"floor":56,"key":"Block Potion"}],"is_trial":false,"path_per_floor":["M","M","M","?","M","M","R","E","T","E","R","?","E","M","R","B",null,"M","?","M","?","M","E","R","E","T","M","M","E","M","?","R","B",null,"M","?","M","?","M","E","R","$","T","M","M","E","?","$","R","B","M","M","?","$","R","M","R","$","?","B",null],"character_chosen":"IRONCLAD","items_purchased":["BirthdayGift-Icosahedron","Eternal Feather","Oddly Smooth Stone","MerchantsRug","Fruit Juice","AT_ShrugMaster","Smiling Mask","Anchor","Toolbox","Dark Embrace","ChiLing","Red Skull","Darkstone Periapt","Dodecahedron","Ornamental Fan","Whetstone","AT_SunfireAegis","TheAbacus","MealTicket","StoneCalendar","Boot","Orrery","AT_BladeRuinedKing","Blood Vial","Medical Kit","MostiFishMod:ButterFly","HandDrill","HornCleat","Bottled Tornado","Panacea+1","Membership Card","White Beast Statue","AT_DeathDance","Incense Burner","Charon\u0027s Ashes","Chemical X","AT_CaressingTears+1","PrismaticShard","AT_PowerWithin","Orichalcum","Shuriken"],"campfire_rested":0,"item_purchase_floors":[11,11,11,11,11,11,15,15,15,15,32,32,32,41,41,41,42,42,42,48,48,48,49,49,49,49,54,54,54,54,55,55,55,57,57,57,57,58,58,58,58],"current_hp_per_floor":[73,75,78,82,87,91,91,89,89,98,113,85,97,110,135,150,180,181,212,230,230,249,275,275,295,295,316,316,338,338,338,338,361,361,361,427,455,455,456,487,508,550,550,581,613,646,646,826,865,865,865,865,865,905,905,903,946,988,988,988],"gold":747,"neow_bonus":"BOSS_RELIC","is_daily":false,"chose_seed":false,"campfire_upgraded":1,"win_rate":0.0,"timestamp":1609567920,"path_taken":["M","M","M","?","M","M","R","E","T","E","R","?","E","M","R","BOSS","M","?","?","?","?","E","R","E","T","M","M","E","M","?","R","BOSS","BOSS","M","?","M","?","M","E","R","$","T","M","M","E","?","?","R","BOSS","M","M","?","$","R","M","R","$","?","BOSS"],"items_purchased_type":["Relic","Relic","Relic","Relic","Potion","Card","Relic","Relic","Relic","Card","Relic","Relic","Relic","Relic","Relic","Relic","Relic","Relic","Relic","Relic","Relic","Relic","Relic","Relic","Relic","Card","Relic","Relic","Relic","Card","Relic","Relic","Relic","Relic","Relic","Relic","Card","Relic","Card","Relic","Relic"],"build_version":"2020-12-22","purchased_purges":10,"victory":true,"max_hp_per_floor":[81,83,86,90,95,108,108,116,116,125,140,140,151,163,176,190,190,190,221,238,238,256,275,275,295,295,316,316,338,338,338,338,361,361,361,436,463,520,520,550,550,550,550,581,613,646,646,826,865,865,865,865,865,905,905,905,946,988,988,988],"card_choices":[{"not_picked":["Sword Boomerang","Uppercut"],"picked":"AT_BodySlamDance","floor":1.0},{"not_picked":["AT_BodySlamDance","Iron Wave","Headbutt","Searing Blow"],"picked":"AT_GerminateFire","floor":2.0},{"not_picked":["Anger","Twin Strike","Clothesline","Dual Wield"],"picked":"Armaments","floor":3.0},{"not_picked":["Infernal Blade","Cleave","Clothesline","Thunderclap"],"picked":"Seeing Red","floor":5.0},{"not_picked":["Pommel Strike","Battle Trance","Thunderclap","Perfected Strike"],"picked":"Shrug It Off","floor":6.0},{"not_picked":["Power Through","Pummel","Entrench","Bloodletting"],"picked":"Disarm","floor":8.0},{"not_picked":["AT_IchimonjiDouble","Whirlwind","MostiFishMod:FlyOverUtopia","Body Slam"],"picked":"Disarm","floor":10.0},{"not_picked":["Whirlwind","Warcry","Body Slam","Pommel Strike"],"picked":"AT_IchimonjiDouble","floor":13.0},{"not_picked":["Blood for Blood","Body Slam","Heavy Blade","Wild Strike"],"picked":"Shrug It Off","floor":14.0},{"not_picked":["MostiFishMod:NewArrival","Immolate","Exhume","MostiFishMod:FireWorks"],"picked":"AT_Dispersion","floor":16.0},{"not_picked":["Warcry","Heavy Blade","Battle Trance","Combust+1","Dropkick"],"picked":"SKIP","floor":18.0},{"not_picked":["Twin Strike","Infernal Blade","AT_DrawKnifeCut","Dual Wield+1"],"picked":"Shockwave","floor":20.0},{"not_picked":["Cleave","Iron Wave+1","Shrug It Off","Thunderclap"],"picked":"Armaments+1","floor":22.0},{"not_picked":["Clothesline","Wild Strike","Havoc+1","Cleave"],"picked":"Berserk","floor":23.0},{"not_picked":["Cleave","AT_ShrugMaster","Twin Strike+1","Warcry"],"picked":"Limit Break","floor":25.0},{"not_picked":["Dropkick+1","Havoc+1","Sentinel+1","Headbutt"],"picked":"Burning Pact+1","floor":27.0},{"not_picked":["Pommel Strike","Anger","Perfected Strike","Rupture","Headbutt"],"picked":"SKIP","floor":28.0},{"not_picked":["Blood for Blood","Clothesline","Second Wind+1","Hemokinesis"],"picked":"Berserk","floor":29.0},{"not_picked":["Sentinel+1","Body Slam","Warcry+1","AT_BodySlamDance+1","Pummel+1"],"picked":"SKIP","floor":30.0},{"not_picked":["MostiFishMod:DarkDeal+1","AT_Dispersion","MostiFishMod:RainCloud","Double Tap+1"],"picked":"MostiFishMod:HellRitual+1","floor":33},{"not_picked":["Havoc+1","Headbutt","Pommel Strike","AT_DrawKnifeCut+1","Wild Strike+1"],"picked":"SKIP","floor":35},{"not_picked":["Forethought+1","Dark Shackles+1","AT_Homeward+1","Purity+1"],"picked":"Panacea+1","floor":36},{"not_picked":["MostiFishMod:SupremeArchaeology+1","Enlightenment+1","AT_EmpoweredMortalDraw","Trip+1"],"picked":"MostiFishMod:ButterFly","floor":36},{"not_picked":["Trip+1","MostiFishMod:BrokenBlackCloak+1","Blind+1","Secret Technique+1"],"picked":"Jack Of All Trades+1","floor":36},{"not_picked":["AT_BodySlamDance+1","Warcry+1","Dropkick+1","Whirlwind"],"picked":"Bloodletting+1","floor":37},{"not_picked":["Heavy Blade","AT_GerminateFire+1","Body Slam","Shrug It Off+1","Twin Strike"],"picked":"SKIP","floor":39},{"not_picked":["Shrug It Off+1","MostiFishMod:NewArrival+1","AT_GerminateFire+1","Rage+1"],"picked":"Sentinel+1","floor":40},{"not_picked":["Sword Boomerang+1","Cleave","Wild Strike","Shrug It Off+1"],"picked":"True Grit+1","floor":44},{"not_picked":["Armaments+1","Sword Boomerang+1","Inflame","Whirlwind"],"picked":"Feel No Pain+1","floor":45},{"not_picked":["Blood for Blood+1","Hemokinesis","Battle Trance+1","Perfected Strike"],"picked":"Entrench+1","floor":46},{"not_picked":["Iron Wave","Armaments+1","Sword Boomerang","Anger"],"picked":"Entrench+1","floor":48},{"not_picked":["Thunderclap","Shrug It Off+1","AT_CaressingTears+1","Wild Strike"],"picked":"AT_ShrugMaster+1","floor":48},{"not_picked":["Pummel+1","Shrug It Off+1","Battle Trance+1","Twin Strike"],"picked":"Feel No Pain+1","floor":48},{"not_picked":["Bloodletting+1","Hemokinesis","Reckless Charge+1","AT_GerminateFire+1"],"picked":"Double Tap+1","floor":48},{"not_picked":["Uppercut","Sword Boomerang","Wild Strike+1","Carnage"],"picked":"AT_IchimonjiDouble+1","floor":48},{"not_picked":["Twin Strike","Perfected Strike+1","AT_DrawKnifeCut+1","Flex+1","Clothesline"],"picked":"SKIP","floor":51},{"not_picked":["MostiFishMod:PerfectStrikeMKII","Shockwave+1","Thunderclap","Shrug It Off+1","Anger"],"picked":"SKIP","floor":52},{"not_picked":["Clash+1","AT_IchimonjiDouble+1","Twin Strike","Thunderclap+1","Perfected Strike+1"],"picked":"SKIP","floor":56}],"player_experience":269318,"relics_obtained":[{"floor":1.0,"key":"SynthV:TestCard"},{"floor":8.0,"key":"Lantern"},{"floor":10.0,"key":"Letter Opener"},{"floor":13.0,"key":"ImprovedEquipment"},{"floor":23.0,"key":"Mercury Hourglass"},{"floor":25.0,"key":"War Paint"},{"floor":26.0,"key":"Toxic Egg 2"},{"floor":29.0,"key":"Thread and Needle"},{"floor":40,"key":"Pantograph"},{"floor":43,"key":"Centennial Puzzle"},{"floor":46,"key":"AT_ImmortalShieldbow"},{"floor":51,"key":"paleoftheancients:SoulOfTheShowman"},{"floor":56,"key":"paleoftheancients:SoulOfTheBandit"}],"event_choices":[{"damage_healed":0.0,"max_hp_gain":0.0,"max_hp_loss":0.0,"gold_gain":0.0,"event_name":"Big Fish","player_choice":"Box","floor":4.0,"gold_loss":0.0,"damage_taken":0.0,"relics_obtained":["PreservedInsect"],"cards_obtained":["Regret"]},{"damage_healed":0.0,"max_hp_gain":0.0,"max_hp_loss":0.0,"gold_gain":0.0,"event_name":"Shining Light","player_choice":"Entered Light","floor":12.0,"gold_loss":0.0,"damage_taken":28.0,"cards_upgraded":["Disarm","Defend_R"]},{"damage_healed":0.0,"max_hp_gain":0.0,"max_hp_loss":0.0,"gold_gain":0.0,"event_name":"Match and Keep!","player_choice":"2 cards matched","floor":19.0,"gold_loss":0.0,"damage_taken":0.0,"cards_obtained":["Thunderclap","Limit Break"]},{"damage_healed":0.0,"max_hp_gain":0.0,"max_hp_loss":0.0,"gold_gain":0.0,"event_name":"Upgrade Shrine","player_choice":"Upgraded","floor":21.0,"gold_loss":0.0,"damage_taken":0.0,"cards_upgraded":["Limit Break"]},{"damage_healed":0.0,"max_hp_gain":0.0,"max_hp_loss":0.0,"gold_gain":0.0,"event_name":"Addict","player_choice":"Obtained Relic","floor":31.0,"gold_loss":85.0,"damage_taken":0.0,"relics_obtained":["TungstenRod"]},{"damage_healed":0,"gold_gain":0,"player_choice":"Memory 3","damage_taken":10,"max_hp_gain":0,"max_hp_loss":0,"event_name":"SensoryStone","floor":36,"gold_loss":0},{"damage_healed":0,"gold_gain":0,"player_choice":"Embrace Madness","damage_taken":58,"max_hp_gain":0,"max_hp_loss":0,"event_name":"Winding Halls","floor":38,"gold_loss":0,"cards_obtained":["Madness","Madness"]},{"damage_healed":0,"gold_gain":0,"player_choice":"Paid","damage_taken":0,"relics_obtained":["Red Mask"],"max_hp_gain":0,"max_hp_loss":0,"event_name":"Tomb of Lord Red Mask","floor":47,"gold_loss":229},{"damage_healed":0,"gold_gain":0,"player_choice":"Got Potions","damage_taken":0,"max_hp_gain":0,"max_hp_loss":0,"event_name":"Lab","floor":53,"gold_loss":0}],"is_beta":false,"boss_relics":[{"not_picked":["EE1DDrone","Astrolabe"],"picked":"FeatherPendant"},{"not_picked":["JellyFishMachine","Runic Cube"],"picked":"Snecko Eye"}],"items_purged_floors":[11,15,41,42,48,49,54,55,57,58],"is_endless":false,"potions_floor_spawned":[2,5,10,13,14,16,25,27,29,30,37,39,44,51,56],"ascension_level":11}}