{"host":"os9owiyb0rak6c8n","time":1609617987,"event":{"mods":["AchievementEnabler","BaseMod","Beaked The Cultist","Better Third Choice","Block Reminder","Colored Map","Colored Powertips","Dio Mod","Minty Spire (QoL Compilation)","Robot Space Explorer","Spicy Shops","StSLib","The Death Knight","The Dragon Tamer"],"gold_per_floor":[113,128,128,128,128,168,168,168,168],"floor_reached":8,"playtime":248,"items_purged":[],"score":68,"play_id":"b23c8d92-77de-44bb-a2ba-e73a59284d4e","local_time":"20210102210627","is_ascension_mode":true,"campfire_choices":[{"floor":7,"key":"REST"}],"circlet_count":0,"master_deck":["DeathKnight:Strike_DeathKnight","DeathKnight:Strike_DeathKnight","DeathKnight:Strike_DeathKnight","DeathKnight:Strike_DeathKnight","DeathKnight:Strike_DeathKnight","DeathKnight:Defend_DeathKnight","DeathKnight:Defend_DeathKnight","DeathKnight:Defend_DeathKnight","DeathKnight:Defend_DeathKnight","DeathKnight:Defend_DeathKnight","DeathKnight:RuneTap","DeathKnight:RuneStrike","DeathKnight:DeathCoil","DeathKnight:BloodBoil","DeathKnight:Marrowrend","DeathKnight:HartStrike"],"relics":["DeathKnight:BrokenRuneblade","Golden Idol","Happy Flower"],"acts_visited":["Exordium"],"potions_floor_usage":[6],"damage_taken":[{"damage":3,"enemies":"Jaw Worm","floor":1,"turns":4},{"damage":6,"enemies":"Small Slimes","floor":2,"turns":4},{"damage":45,"enemies":"3 Sentries","floor":6,"turns":11},{"damage":9,"enemies":"Gremlin Nob","floor":8,"turns":3}],"seed_played":"-849134261139850257","potions_obtained":[{"floor":1,"key":"Swift Potion"}],"is_trial":false,"path_per_floor":["M","M","?","?","$","E","R","E"],"character_chosen":"DEATH_KNIGHT","items_purchased":[],"campfire_rested":1,"item_purchase_floors":[],"current_hp_per_floor":[72,66,66,48,48,3,25,16,16],"gold":168,"neow_bonus":"THREE_CARDS","is_daily":false,"chose_seed":false,"campfire_upgraded":0,"win_rate":0.0,"timestamp":1609617987,"path_taken":["M","M","?","?","$","E","R","E"],"items_purchased_type":[],"build_version":"2020-12-22","purchased_purges":0,"victory":false,"max_hp_per_floor":[75,75,75,75,75,75,75,75,75],"card_choices":[{"not_picked":["DeathKnight:ShatteringStrikes","DeathKnight:ThirstingStrike"],"picked":"DeathKnight:DeathCoil","floor":0},{"not_picked":["DeathKnight:DeathStrike","DeathKnight:DeathRune"],"picked":"DeathKnight:BloodBoil","floor":1},{"not_picked":["DeathKnight:RunicCorruption","DeathKnight:DeathGrip"],"picked":"DeathKnight:Marrowrend","floor":2},{"not_picked":["DeathKnight:Rot","DeathKnight:DeathGrip"],"picked":"DeathKnight:HartStrike","floor":6}],"player_experience":537514,"relics_obtained":[{"floor":6,"key":"Happy Flower"}],"event_choices":[{"damage_healed":0,"gold_gain":0,"player_choice":"Leave","damage_taken":0,"max_hp_gain":0,"max_hp_loss":0,"event_name":"The Cleric","floor":3,"gold_loss":0},{"damage_healed":0,"gold_gain":0,"player_choice":"Take Damage","damage_taken":18,"relics_obtained":["Golden Idol"],"max_hp_gain":0,"max_hp_loss":0,"event_name":"Golden Idol","floor":4,"gold_loss":0}],"is_beta":false,"boss_relics":[],"items_purged_floors":[],"is_endless":false,"potions_floor_spawned":[1],"killed_by":"Gremlin Nob","ascension_level":5}}