{"host":"wzyx1a6f41w36f2j","time":1609598378,"event":{"mods":["BaseMod","Googly Eyes","Highlight Path","Minty Spire (QoL Compilation)","Quick Restart","StSLib","The IronCluck"],"gold_per_floor":[117,127,127,127,139,139,169,169,195,195,213,223,257,275,275,376,376,393,357,371,371,286,313,330,330,330,359,377,377,406,406,406],"floor_reached":31,"playtime":1411,"items_purged":[],"score":320,"play_id":"bd6fe0d8-28f7-448a-855c-d918a44f5b6e","local_time":"20210102163938","is_ascension_mode":true,"campfire_choices":[{"floor":6,"key":"REST"},{"data":"Armaments","floor":15,"key":"SMITH"},{"floor":25,"key":"REST"},{"floor":29,"key":"REST"}],"circlet_count":0,"master_deck":["Strike_R","Strike_R","Strike_R","Strike_R","Strike_R","Defend_R","Defend_R","Defend_R","Defend_R+1","Bash","Whirlwind+1","Sword Boomerang","Iron Wave+1","Barricade","Infernal Blade","Heavy Blade","Armaments+1","Impervious","Cleave+1","Whirlwind","Infernal Blade","Reaper","Body Slam","Armaments+1","Ghostly Armor","Shrug It Off","Flame Barrier"],"relics":["Burning Blood","NeowsBlessing","Vajra","Boot","Question Card","Black Star","Happy Flower","Juzu Bracelet","Dream Catcher","PreservedInsect","Toy Ornithopter","Calipers","Matryoshka","InkBottle"],"acts_visited":["Exordium","TheCity"],"potions_floor_usage":[10,14,24,28],"damage_taken":[{"damage":0,"enemies":"Small Slimes","floor":1,"turns":1},{"damage":0,"enemies":"Cultist","floor":2,"turns":1},{"damage":0,"enemies":"2 Louse","floor":5,"turns":1},{"damage":20,"enemies":"Gremlin Nob","floor":7,"turns":4},{"damage":0,"enemies":"Looter","floor":11,"turns":3},{"damage":17,"enemies":"Exordium Thugs","floor":12,"turns":4},{"damage":13,"enemies":"3 Sentries","floor":13,"turns":5},{"damage":7,"enemies":"Blue Slaver","floor":14,"turns":2},{"damage":91,"enemies":"Hexaghost","floor":16,"turns":15},{"damage":10,"enemies":"Chosen","floor":18,"turns":6},{"damage":16,"enemies":"Shell Parasite","floor":20,"turns":6},{"damage":31,"enemies":"Gremlin Leader","floor":23,"turns":6},{"damage":37,"enemies":"Snecko","floor":24,"turns":5},{"damage":34,"enemies":"Slavers","floor":27,"turns":3},{"damage":26,"enemies":"Snake Plant","floor":28,"turns":6},{"damage":21,"enemies":"Book of Stabbing","floor":30,"turns":6},{"damage":24,"enemies":"Centurion and Healer","floor":31,"turns":5}],"seed_played":"-2277295400766373871","potions_obtained":[{"floor":1,"key":"DuplicationPotion"},{"floor":2,"key":"Strength Potion"},{"floor":10,"key":"BloodPotion"},{"floor":10,"key":"FairyPotion"},{"floor":10,"key":"Fire Potion"},{"floor":14,"key":"BloodPotion"},{"floor":23,"key":"Strength Potion"},{"floor":24,"key":"Fruit Juice"},{"floor":30,"key":"FearPotion"}],"is_trial":false,"path_per_floor":["M","M","?","$","M","R","E","?","T","?","M","M","E","M","R","B",null,"M","$","M","?","?","E","M","R","T","E","M","R","E","M"],"character_chosen":"IRONCLAD","items_purchased":["Whirlwind"],"campfire_rested":3,"item_purchase_floors":[19],"current_hp_per_floor":[80,80,80,80,80,80,66,50,50,66,72,61,54,69,69,13,80,76,76,66,66,66,41,20,45,45,32,23,48,33,9,9],"gold":406,"neow_bonus":"THREE_ENEMY_KILL","is_daily":false,"chose_seed":false,"campfire_upgraded":1,"win_rate":0.0,"timestamp":1609598378,"path_taken":["M","M","?","$","?","R","E","?","T","?","M","M","E","?","R","BOSS","M","$","M","?","?","E","M","R","T","E","M","R","E","M"],"items_purchased_type":["Card"],"build_version":"2020-12-22","purchased_purges":0,"victory":false,"max_hp_per_floor":[80,80,80,80,80,80,80,80,80,80,80,80,80,80,80,80,80,80,80,80,80,80,80,85,85,85,85,85,85,85,85,85],"card_choices":[{"not_picked":["Dropkick","Power Through"],"picked":"Whirlwind","floor":1},{"not_picked":["Wild Strike","Pommel Strike"],"picked":"Sword Boomerang","floor":2},{"not_picked":["Wild Strike","Dropkick"],"picked":"Iron Wave","floor":5},{"not_picked":["Second Wind","Hemokinesis"],"picked":"Barricade","floor":7},{"not_picked":["Pummel","Power Through","Twin Strike"],"picked":"SKIP","floor":11},{"not_picked":["Sever Soul","Havoc"],"picked":"Infernal Blade","floor":12},{"not_picked":["Bloodletting","Wild Strike"],"picked":"Heavy Blade","floor":13},{"not_picked":["Infernal Blade","Shrug It Off","Disarm"],"picked":"Armaments","floor":14},{"not_picked":["Reaper","Offering","Bludgeon"],"picked":"Impervious","floor":16},{"not_picked":["Armaments","Dual Wield","Headbutt"],"picked":"Cleave+1","floor":18},{"not_picked":["Uppercut+1","Dark Embrace","Shockwave"],"picked":"Infernal Blade","floor":20},{"not_picked":["Headbutt","Flex+1","Clothesline+1"],"picked":"Reaper","floor":23},{"not_picked":["Twin Strike","Anger+1","Seeing Red","Evolve"],"picked":"SKIP","floor":24},{"not_picked":["Thunderclap","Clothesline","Armaments"],"picked":"Body Slam","floor":25},{"not_picked":["Exhume","Second Wind","Inflame"],"picked":"Armaments+1","floor":27},{"not_picked":["Twin Strike+1","Combust+1","Carnage"],"picked":"Ghostly Armor","floor":28},{"not_picked":["Clothesline","Heavy Blade","Bloodletting"],"picked":"Shrug It Off","floor":29},{"not_picked":["Battle Trance","Sentinel+1","Heavy Blade+1"],"picked":"Flame Barrier","floor":30}],"player_experience":50883,"relics_obtained":[{"floor":7,"key":"Vajra"},{"floor":9,"key":"Boot"},{"floor":13,"key":"Question Card"},{"floor":23,"key":"Juzu Bracelet"},{"floor":23,"key":"Dream Catcher"},{"floor":26,"key":"PreservedInsect"},{"floor":27,"key":"Toy Ornithopter"},{"floor":27,"key":"Calipers"},{"floor":30,"key":"Matryoshka"},{"floor":30,"key":"InkBottle"}],"event_choices":[{"damage_healed":0,"gold_gain":0,"player_choice":"Forge","damage_taken":0,"max_hp_gain":0,"max_hp_loss":0,"event_name":"Accursed Blacksmith","floor":3,"gold_loss":0,"cards_upgraded":["Whirlwind"]},{"damage_healed":0,"gold_gain":0,"player_choice":"Entered Light","damage_taken":16,"max_hp_gain":0,"max_hp_loss":0,"event_name":"Shining Light","floor":8,"gold_loss":0,"cards_upgraded":["Defend_R","Iron Wave"]},{"damage_healed":0,"gold_gain":0,"player_choice":"Got Potions","damage_taken":0,"max_hp_gain":0,"max_hp_loss":0,"event_name":"Lab","floor":10,"gold_loss":0},{"damage_healed":0,"gold_gain":0,"player_choice":"Ignored","damage_taken":0,"max_hp_gain":0,"max_hp_loss":0,"event_name":"Vampires","floor":21,"gold_loss":0},{"damage_healed":0,"gold_gain":0,"player_choice":"Obtained Relic","damage_taken":0,"relics_obtained":["Happy Flower"],"max_hp_gain":0,"max_hp_loss":0,"event_name":"Addict","floor":22,"gold_loss":85}],"is_beta":false,"boss_relics":[{"not_picked":["Cursed Key","Empty Cage"],"picked":"Black Star"}],"items_purged_floors":[],"is_endless":false,"potions_floor_spawned":[1,2,12,13,14,23,24,30],"killed_by":"Centurion and Healer","ascension_level":1}}