{"host":"w9yruvs4bqht6bhw","time":1609611709,"event":{"mods":["BaseMod","Colored Powertips","Minty Spire (QoL Compilation)"],"gold_per_floor":[119,119,119,119,131,143,186,211,249,281,327,357,389,417,429,537,549,573,605,617,629,82,113,126,126,126,145,45,58,68,80,80,80,80],"floor_reached":33,"playtime":1220,"items_purged":["Rupture+1","Defend_R"],"score":404,"play_id":"05038348-9579-43e6-ac02-8b533738d784","local_time":"20210102132149","is_ascension_mode":true,"campfire_choices":[{"floor":6,"key":"REST"},{"floor":15,"key":"REST"},{"data":"Perfected Strike","floor":25,"key":"SMITH"},{"floor":32,"key":"REST"}],"circlet_count":0,"master_deck":["Strike_R+1","Strike_R+1","Defend_R","Defend_R","Bash+1","Headbutt","Pommel Strike","Perfected Strike+1","Flex","Pommel Strike","Ghostly Armor","Feed","Impervious+1","Feed+1","Wild Strike","Wild Strike+1","Wild Strike","Shrug It Off","Perfected Strike","Ghostly Armor","Warcry+1","Shrug It Off+1"],"relics":["Burning Blood","Red Skull","MawBank","Anchor","Vajra","Bottled Flame","Astrolabe","Mercury Hourglass","Tiny Chest","Question Card","Blue Candle"],"acts_visited":["Exordium","TheCity"],"potions_floor_usage":[11,11,16,16,23,23,31,33,33],"damage_taken":[{"damage":1,"enemies":"2 Louse","floor":1,"turns":3},{"damage":24,"enemies":"Gremlin Nob","floor":7,"turns":4},{"damage":0,"enemies":"Small Slimes","floor":8,"turns":3},{"damage":2,"enemies":"Jaw Worm","floor":10,"turns":3},{"damage":20,"enemies":"3 Sentries","floor":11,"turns":4},{"damage":0,"enemies":"Large Slime","floor":12,"turns":4},{"damage":14,"enemies":"Exordium Thugs","floor":13,"turns":4},{"damage":3,"enemies":"Blue Slaver","floor":14,"turns":2},{"damage":43,"enemies":"Hexaghost","floor":16,"turns":8},{"damage":0,"enemies":"Chosen","floor":18,"turns":5},{"damage":51,"enemies":"Spheric Guardian","floor":19,"turns":6},{"damage":33,"enemies":"Slavers","floor":23,"turns":5},{"damage":22,"enemies":"Centurion and Healer","floor":24,"turns":5},{"damage":9,"enemies":"Snake Plant","floor":27,"turns":4},{"damage":0,"enemies":"3 Cultists","floor":29,"turns":4},{"damage":2,"enemies":"Cultist and Chosen","floor":30,"turns":5},{"damage":10,"enemies":"Snake Plant","floor":31,"turns":3},{"damage":79,"enemies":"Champ","floor":33,"turns":11}],"seed_played":"-34325146770384075","potions_obtained":[{"floor":1,"key":"FairyPotion"},{"floor":7,"key":"SkillPotion"},{"floor":10,"key":"Swift Potion"},{"floor":12,"key":"GamblersBrew"},{"floor":14,"key":"Weak Potion"},{"floor":21,"key":"SteroidPotion"},{"floor":21,"key":"SteroidPotion"},{"floor":24,"key":"EssenceOfSteel"},{"floor":27,"key":"BlessingOfTheForge"},{"floor":31,"key":"Dexterity Potion"}],"is_trial":false,"path_per_floor":["M","?","?","?","?","R","E","M","T","M","E","M","M","M","R","B",null,"M","M","?","?","$","E","M","R","T","M","$","M","M","M","R","B"],"character_chosen":"IRONCLAD","items_purchased":["Mercury Hourglass","Shrug It Off","Perfected Strike","Tiny Chest"],"campfire_rested":3,"item_purchase_floors":[22,22,22,22],"current_hp_per_floor":[77,77,70,58,42,66,48,54,54,58,44,50,42,45,69,32,68,74,29,29,29,29,9,30,30,30,27,27,33,41,37,66,0,0],"gold":80,"neow_bonus":"RANDOM_COMMON_RELIC","is_daily":false,"chose_seed":false,"campfire_upgraded":1,"win_rate":0.0,"timestamp":1609611709,"path_taken":["M","?","?","?","?","R","E","M","T","M","E","M","M","M","R","BOSS","M","M","?","?","$","E","?","R","T","M","$","M","M","M","R","BOSS"],"items_purchased_type":["Relic","Card","Card","Relic"],"build_version":"2020-12-22","purchased_purges":2,"victory":false,"max_hp_per_floor":[80,80,80,80,80,80,80,80,80,80,80,80,80,80,80,80,80,80,80,80,80,80,87,94,94,94,94,94,94,98,98,98,98,98],"card_choices":[{"not_picked":["Sentinel","Sever Soul","Bloodletting"],"picked":"SKIP","floor":1},{"not_picked":["Dropkick","Shockwave"],"picked":"Headbutt","floor":7},{"not_picked":["Warcry","Sword Boomerang"],"picked":"Pommel Strike","floor":8},{"not_picked":["Twin Strike","Seeing Red"],"picked":"Perfected Strike","floor":10},{"not_picked":["Carnage","Corruption","Flex"],"picked":"SKIP","floor":11},{"not_picked":["Carnage","Corruption"],"picked":"Flex","floor":11},{"not_picked":["Body Slam","Perfected Strike","Evolve"],"picked":"SKIP","floor":12},{"not_picked":["Warcry","Whirlwind"],"picked":"Pommel Strike","floor":13},{"not_picked":["Thunderclap","Second Wind"],"picked":"Ghostly Armor","floor":14},{"not_picked":["Corruption","Brutality"],"picked":"Feed","floor":16},{"not_picked":["Clothesline","Seeing Red"],"picked":"Wild Strike","floor":18},{"not_picked":["Fire Breathing","Power Through"],"picked":"Wild Strike+1","floor":19},{"not_picked":["Pummel","Havoc","Anger+1"],"picked":"SKIP","floor":23},{"not_picked":["Anger","True Grit","Body Slam+1","Armaments"],"picked":"SKIP","floor":24},{"not_picked":["Pommel Strike+1","Exhume","True Grit"],"picked":"Ghostly Armor","floor":27},{"not_picked":["Flame Barrier","Cleave","Clash"],"picked":"Warcry+1","floor":29},{"not_picked":["Warcry+1","Cleave","Battle Trance"],"picked":"Shrug It Off+1","floor":30},{"not_picked":["Anger","Armaments","Entrench","Power Through"],"picked":"SKIP","floor":31}],"player_experience":257193,"relics_obtained":[{"floor":7,"key":"Anchor"},{"floor":9,"key":"Vajra"},{"floor":11,"key":"Bottled Flame"},{"floor":23,"key":"Question Card"},{"floor":26,"key":"Blue Candle"}],"event_choices":[{"damage_healed":0,"gold_gain":0,"player_choice":"Grow","damage_taken":0,"max_hp_gain":0,"max_hp_loss":0,"event_name":"Living Wall","floor":2,"gold_loss":0,"cards_upgraded":["Bash"]},{"cards_removed":["Defend_R"],"damage_healed":0,"gold_gain":0,"player_choice":"Card Removal","damage_taken":7,"max_hp_gain":0,"max_hp_loss":0,"event_name":"Golden Wing","floor":3,"gold_loss":0},{"damage_healed":0,"gold_gain":0,"player_choice":"Success","damage_taken":12,"relics_obtained":["MawBank"],"max_hp_gain":0,"max_hp_loss":0,"event_name":"Scrap Ooze","floor":4,"gold_loss":0},{"damage_healed":0,"gold_gain":0,"player_choice":"Entered Light","damage_taken":16,"max_hp_gain":0,"max_hp_loss":0,"event_name":"Shining Light","floor":5,"gold_loss":0,"cards_upgraded":["Strike_R","Strike_R"]},{"damage_healed":0,"gold_gain":0,"player_choice":"Read","damage_taken":0,"max_hp_gain":0,"max_hp_loss":0,"event_name":"The Library","floor":20,"gold_loss":0,"cards_obtained":["Wild Strike"]},{"damage_healed":0,"gold_gain":0,"player_choice":"Got Potions","damage_taken":0,"max_hp_gain":0,"max_hp_loss":0,"event_name":"Lab","floor":21,"gold_loss":0}],"is_beta":false,"boss_relics":[{"not_picked":["Runic Cube","Coffee Dripper"],"picked":"Astrolabe"}],"items_purged_floors":[22,28],"is_endless":false,"potions_floor_spawned":[1,7,10,12,14,24,27,31],"killed_by":"Champ","ascension_level":7}}