{"host":"tl8jdqk9pnwb74j1","time":1609584851,"event":{"mods":["BaseMod","BetterRewards","Custom Start","Minty Spire (QoL Compilation)","Shop Mod","StSLib","SuperFastMode"],"gold_per_floor":[367,327,6,16,14,28,28,28,28,39,58,58,333,348,348,449,449,461,475,492,492,492],"floor_reached":21,"playtime":731,"items_purged":["Pain","Strike_R"],"score":239,"play_id":"47acd19e-4223-4986-b538-de0be2b21035","local_time":"20210102185411","is_ascension_mode":true,"campfire_choices":[{"data":"Body Slam","floor":7.0,"key":"SMITH"},{"data":"Armaments","floor":12.0,"key":"SMITH"},{"data":"Berserk","floor":15.0,"key":"SMITH"}],"circlet_count":0,"master_deck":["Strike_R","Strike_R","Strike_R","Strike_R","Defend_R","Defend_R","Defend_R","Defend_R","Bash","Shrug It Off","Body Slam+1","Armaments+1","Battle Trance","Berserk+1","Shrug It Off","Regret","Offering","Burning Pact+1","Berserk"],"relics":["Burning Blood","Membership Card","MerchantsRug","Vajra","HornCleat","Velvet Choker"],"acts_visited":["Exordium","TheCity"],"potions_floor_usage":[],"damage_taken":[{"damage":8.0,"enemies":"2 Louse","floor":1.0,"turns":3.0},{"damage":1.0,"enemies":"Cultist","floor":4.0,"turns":3.0},{"damage":3.0,"enemies":"Jaw Worm","floor":6.0,"turns":4.0},{"damage":0.0,"enemies":"2 Fungi Beasts","floor":10.0,"turns":4.0},{"damage":8.0,"enemies":"Exordium Thugs","floor":14.0,"turns":4.0},{"damage":42.0,"enemies":"The Guardian","floor":16.0,"turns":9.0},{"damage":2.0,"enemies":"Shell Parasite","floor":18.0,"turns":4.0},{"damage":7.0,"enemies":"Spheric Guardian","floor":19.0,"turns":3.0},{"damage":52.0,"enemies":"3 Cultists","floor":20.0,"turns":8.0},{"damage":33,"enemies":"Cultist and Chosen","floor":21,"turns":5}],"seed_played":"-6969613296036185003","potions_obtained":[{"floor":2.0,"key":"FearPotion"},{"floor":2.0,"key":"Dexterity Potion"},{"floor":2.0,"key":"FairyPotion"},{"floor":4.0,"key":"Energy Potion"},{"floor":6.0,"key":"SpeedPotion"},{"floor":10.0,"key":"Weak Potion"},{"floor":19.0,"key":"Regen Potion"}],"is_trial":false,"path_per_floor":["M","?","$","M","$","M","R","?","T","M","$","R","?","M","R","B",null,"M","M","M","M"],"character_chosen":"IRONCLAD","items_purchased":["Membership Card","Body Slam","Armaments","MerchantsRug","Vajra","Battle Trance"],"campfire_rested":0,"item_purchase_floors":[3,3,3,3,3,5],"current_hp_per_floor":[70,70,70,75,75,78,78,75,75,80,80,80,80,78,78,42,71,75,74,42,9,9],"gold":492,"neow_bonus":"TWO_FIFTY_GOLD","is_daily":false,"chose_seed":false,"campfire_upgraded":3,"win_rate":0.0,"timestamp":1609584851,"path_taken":["M","?","$","M","$","?","R","?","T","M","$","R","?","M","R","BOSS","M","M","M","M"],"items_purchased_type":["Relic","Card","Card","Relic","Relic","Card"],"build_version":"2020-12-22","purchased_purges":2,"victory":false,"max_hp_per_floor":[80,80,80,80,80,80,80,80,80,80,80,80,80,80,80,80,80,80,80,80,80,80],"card_choices":[{"not_picked":["Reckless Charge","Headbutt"],"picked":"Shrug It Off","floor":1.0},{"not_picked":["Sword Boomerang","Perfected Strike","Thunderclap"],"picked":"SKIP","floor":4.0},{"not_picked":["Searing Blow","Clothesline"],"picked":"Berserk","floor":6.0},{"not_picked":["Reckless Charge","Pommel Strike"],"picked":"Shrug It Off","floor":10.0},{"not_picked":["Iron Wave","Fire Breathing","Bludgeon"],"picked":"SKIP","floor":14.0},{"not_picked":["Feed","Juggernaut"],"picked":"Offering","floor":16.0},{"not_picked":["Twin Strike","Whirlwind","Thunderclap"],"picked":"SKIP","floor":18.0},{"not_picked":["Reckless Charge","Warcry"],"picked":"Burning Pact+1","floor":19.0},{"not_picked":["Clash","Iron Wave+1"],"picked":"Berserk","floor":20.0}],"player_experience":952052,"relics_obtained":[{"floor":9.0,"key":"Regal Pillow"}],"event_choices":[{"damage_healed":0.0,"max_hp_gain":0.0,"max_hp_loss":0.0,"gold_gain":0.0,"event_name":"The Woman in Blue","player_choice":"Bought 3 Potions","floor":2.0,"gold_loss":0.0,"damage_taken":0.0},{"damage_healed":0.0,"max_hp_gain":0.0,"max_hp_loss":0.0,"gold_gain":0.0,"event_name":"Scrap Ooze","player_choice":"Success","floor":8.0,"gold_loss":0.0,"damage_taken":3.0,"relics_obtained":["HornCleat"]},{"damage_healed":0.0,"max_hp_gain":0.0,"max_hp_loss":0.0,"gold_gain":275.0,"event_name":"Golden Shrine","player_choice":"Desecrate","floor":13.0,"gold_loss":0.0,"damage_taken":0.0,"cards_obtained":["Regret"]}],"is_beta":false,"boss_relics":[{"not_picked":["Runic Dome","SacredBark"],"picked":"Velvet Choker"}],"items_purged_floors":[3,11],"is_endless":false,"potions_floor_spawned":[4,6,10,19],"killed_by":"Cultist and Chosen","ascension_level":8}}