{"host":"h4lp0eeso8a0ssq0","time":1609557602,"event":{"mods":["2.2 Compatiblity","AchievementEnabler","BaseMod","CapriCore","Colored Map","Lobotomy","Minty Spire (QoL Compilation)","StSLib","SuperFastMode"],"gold_per_floor":[116,128,128,128,128,128,144,144,191,209,222,222,241,166,166,262,262,278,203,0,0,0,0],"floor_reached":22,"playtime":298,"items_purged":["Defend_P"],"score":174,"play_id":"55c1d573-ccd6-4c3f-80b2-3f1626887aae","local_time":"20210102122002","is_ascension_mode":false,"campfire_choices":[{"data":"Eruption","floor":6.0,"key":"SMITH"},{"data":"Vigilance","floor":12.0,"key":"SMITH"},{"data":"Strike_P","floor":15.0,"key":"SMITH"}],"circlet_count":0,"master_deck":["Strike_P","Strike_P+1","Strike_P+1","Defend_P","Defend_P+1","Defend_P","Eruption+1","Vigilance+1"],"relics":["VioletLotus"],"acts_visited":["Exordium","TheCity"],"potions_floor_usage":[],"damage_taken":[{"damage":4.0,"enemies":"Jaw Worm","floor":1.0,"turns":4.0},{"damage":0.0,"enemies":"2 Louse","floor":2.0,"turns":3.0},{"damage":0.0,"enemies":"Small Slimes","floor":7.0,"turns":2.0},{"damage":3.0,"enemies":"Exordium Wildlife","floor":10.0,"turns":2.0},{"damage":11.0,"enemies":"Red Slaver","floor":11.0,"turns":5.0},{"damage":1.0,"enemies":"Exordium Thugs","floor":13.0,"turns":3.0},{"damage":39.0,"enemies":"Slime Boss","floor":16.0,"turns":10.0},{"damage":11.0,"enemies":"Spheric Guardian","floor":18.0,"turns":5.0}],"seed_played":"4620185616983284102","potions_obtained":[{"floor":1.0,"key":"Explosive Potion"},{"floor":7.0,"key":"SkillPotion"},{"floor":13.0,"key":"SpeedPotion"}],"is_trial":false,"path_per_floor":["M","M","?","?","?","R","M","?","T","M","M","R","M","$","R","B",null,"M","?","?","$","?"],"character_chosen":"WATCHER","items_purchased":[],"campfire_rested":0,"item_purchase_floors":[],"current_hp_per_floor":[68,68,73,73,58,58,58,58,58,55,44,44,43,43,43,4,77,66,66,66,66,66,66],"gold":0,"neow_bonus":"BOSS_RELIC","is_daily":false,"chose_seed":false,"campfire_upgraded":3,"win_rate":0.0,"timestamp":1609557602,"path_taken":["M","M","?","?","?","R","M","?","T","M","?","R","M","?","R","BOSS","M","?","?","?","?"],"items_purchased_type":[],"build_version":"2020-12-22","purchased_purges":1,"victory":false,"max_hp_per_floor":[72,72,77,77,77,77,77,77,77,77,77,77,77,77,77,77,77,77,77,77,77,77,77],"card_choices":[{"not_picked":["Nirvana","CutThroughFate","ForeignInfluence"],"picked":"SKIP","floor":1.0},{"not_picked":["ClearTheMind","ReachHeaven","EmptyFist"],"picked":"SKIP","floor":2.0},{"not_picked":["FollowUp","Wallop","DeceiveReality"],"picked":"SKIP","floor":7.0},{"not_picked":["ThirdEye","InnerPeace","Evaluate"],"picked":"SKIP","floor":10.0},{"not_picked":["FlyingSleeves","JustLucky","FollowUp"],"picked":"SKIP","floor":11.0},{"not_picked":["ClearTheMind","FlurryOfBlows","Meditate"],"picked":"SKIP","floor":13.0},{"not_picked":["Halt","JustLucky","Pray"],"picked":"SKIP","floor":18.0}],"player_experience":26018,"relics_obtained":[],"event_choices":[{"damage_healed":0.0,"max_hp_gain":5.0,"max_hp_loss":0.0,"gold_gain":0.0,"event_name":"Big Fish","player_choice":"Donut","floor":3.0,"gold_loss":0.0,"damage_taken":0.0},{"damage_healed":0.0,"max_hp_gain":0.0,"max_hp_loss":0.0,"gold_gain":0.0,"event_name":"Golden Idol","player_choice":"Ignored","floor":4.0,"gold_loss":0.0,"damage_taken":0.0},{"damage_healed":0.0,"max_hp_gain":0.0,"max_hp_loss":0.0,"gold_gain":0.0,"event_name":"Shining Light","player_choice":"Entered Light","floor":5.0,"gold_loss":0.0,"damage_taken":15.0,"cards_upgraded":["Defend_P","Strike_P"]},{"damage_healed":0.0,"max_hp_gain":0.0,"max_hp_loss":0.0,"gold_gain":0.0,"event_name":"Scrap Ooze","player_choice":"Fled","floor":8.0,"gold_loss":0.0,"damage_taken":0.0},{"cards_removed":["Strike_P"],"damage_healed":0.0,"max_hp_gain":0.0,"max_hp_loss":0.0,"gold_gain":0.0,"event_name":"Beggar","player_choice":"Gave Gold","floor":19.0,"gold_loss":75.0,"damage_taken":0.0},{"damage_healed":0,"gold_gain":0,"player_choice":"Paid Fearfully","damage_taken":0,"max_hp_gain":0,"max_hp_loss":0,"event_name":"Masked Bandits","floor":20,"gold_loss":203}],"is_beta":false,"boss_relics":[{"not_picked":[]}],"items_purged_floors":[14],"is_endless":false,"potions_floor_spawned":[1,7,13],"ascension_level":0}}