{"host":"g01l53quoe6lrer0","time":1609602285,"event":{"mods":["2.2 Compatiblity","AchievementEnabler","BaseMod","Colored Map","Highlight Path","Keyboard Shortcuts","Minty Spire (QoL Compilation)","Permanent Neow","Quick Restart","StSLib","SuperFastMode","everything is the same but u backflip on backflip"],"gold_per_floor":[113,63,82,101,120,154,209,209,209,235,247,278,290,302,314,326,326],"floor_reached":16,"playtime":1176,"items_purged":[],"score":102,"play_id":"33fe5c86-ee2a-4846-af56-4a7a7963b119","local_time":"20210103004445","is_ascension_mode":false,"campfire_choices":[{"data":"Dash","floor":8,"key":"SMITH"},{"data":"Dagger Throw","floor":13,"key":"SMITH"},{"data":"PiercingWail","floor":15,"key":"SMITH"}],"circlet_count":0,"master_deck":["Strike_G","Strike_G","Strike_G","Defend_G","Defend_G","Defend_G","Defend_G","Defend_G","Survivor","Neutralize+1","Backstab","PiercingWail+1","Dagger Throw+1","Dash+1","Acrobatics","Tactician"],"relics":["Ring of the Snake","Anchor","Singing Bowl","MawBank"],"acts_visited":["Exordium"],"potions_floor_usage":[12,16],"damage_taken":[{"damage":0,"enemies":"2 Louse","floor":1,"turns":3},{"damage":0,"enemies":"Jaw Worm","floor":3,"turns":3},{"damage":0,"enemies":"Small Slimes","floor":4,"turns":4},{"damage":0,"enemies":"3 Louse","floor":5,"turns":4},{"damage":12,"enemies":"3 Sentries","floor":6,"turns":11},{"damage":10,"enemies":"3 Sentries","floor":7,"turns":9},{"damage":0,"enemies":"Blue Slaver","floor":10,"turns":3},{"damage":4,"enemies":"Large Slime","floor":12,"turns":7},{"damage":40,"enemies":"Slime Boss","floor":16,"turns":10}],"seed_played":"-2585589335675571874","potions_obtained":[{"floor":1,"key":"CunningPotion"},{"floor":5,"key":"Energy Potion"},{"floor":6,"key":"Strength Potion"}],"is_trial":false,"path_per_floor":["M","?","M","M","M","E","?","R","T","M","?","M","R","?","R","B"],"character_chosen":"THE_SILENT","items_purchased":[],"campfire_rested":0,"item_purchase_floors":[],"current_hp_per_floor":[70,70,70,70,70,58,50,50,50,50,43,39,39,39,39,0,0],"gold":326,"neow_bonus":"UPGRADE_CARD","is_daily":false,"chose_seed":false,"campfire_upgraded":3,"win_rate":0.0,"timestamp":1609602285,"path_taken":["M","?","M","M","M","E","?","R","T","?","?","M","R","?","R","BOSS"],"items_purchased_type":[],"build_version":"2020-12-22","purchased_purges":0,"victory":false,"max_hp_per_floor":[70,70,70,70,70,70,72,72,72,72,72,72,72,72,72,72,72],"card_choices":[{"not_picked":["PiercingWail","Distraction"],"picked":"Backstab","floor":1},{"not_picked":["Heel Hook","Expertise"],"picked":"PiercingWail","floor":3},{"not_picked":["Poisoned Stab","Heel Hook"],"picked":"Dagger Throw","floor":4},{"not_picked":["Deadly Poison","Riddle With Holes"],"picked":"Dash","floor":5},{"not_picked":["Slice","Sucker Punch","Dagger Throw"],"picked":"SKIP","floor":6},{"not_picked":["Deflect","Flechettes","Deadly Poison"],"picked":"Singing Bowl","floor":7},{"not_picked":["Deadly Poison","Well Laid Plans"],"picked":"Acrobatics","floor":10},{"not_picked":["Caltrops","Dagger Spray"],"picked":"Tactician","floor":12}],"player_experience":28692,"relics_obtained":[{"floor":6,"key":"Anchor"},{"floor":7,"key":"Singing Bowl"},{"floor":9,"key":"MawBank"}],"event_choices":[{"cards_removed":["Strike_G"],"damage_healed":0,"gold_gain":0,"player_choice":"Card Removal","damage_taken":0,"max_hp_gain":0,"max_hp_loss":0,"event_name":"The Cleric","floor":2,"gold_loss":50},{"damage_healed":0,"gold_gain":30,"player_choice":"Searched \u00272\u0027 times","damage_taken":0,"max_hp_gain":0,"max_hp_loss":0,"event_name":"Dead Adventurer","floor":7,"gold_loss":0},{"cards_removed":["Strike_G"],"damage_healed":0,"gold_gain":0,"player_choice":"Card Removal","damage_taken":7,"max_hp_gain":0,"max_hp_loss":0,"event_name":"Golden Wing","floor":11,"gold_loss":0},{"damage_healed":0,"gold_gain":0,"player_choice":"Ignored","damage_taken":0,"max_hp_gain":0,"max_hp_loss":0,"event_name":"Liars Game","floor":14,"gold_loss":0}],"is_beta":false,"boss_relics":[],"items_purged_floors":[],"is_endless":false,"potions_floor_spawned":[1,5,6,10],"killed_by":"Slime Boss","ascension_level":0}}