{"host":"lhth1efayex2023z","time":1609551656,"event":{"mods":["BaseMod","Colored Map","Googly Eyes","Minty Spire (QoL Compilation)","StSLib"],"gold_per_floor":[114,289,289,300,316,316,350,350,374,399,419,419,444,7,7,84,84,94,119,119,39,55,55,71,71,71],"floor_reached":25,"playtime":935,"items_purged":["Doubt"],"score":345,"play_id":"4ec469da-58d7-44c2-9bd7-0725c06cd028","local_time":"20210101184056","is_ascension_mode":true,"campfire_choices":[{"data":"Body Slam","floor":6,"key":"SMITH"},{"floor":8,"key":"REST"},{"data":"Armaments","floor":12,"key":"SMITH"},{"floor":15,"key":"REST"},{"data":"Entrench","floor":23,"key":"SMITH"}],"circlet_count":0,"master_deck":["AscendersBane","Strike_R","Strike_R","Defend_R","Defend_R","Defend_R","Bash","Twin Strike","Body Slam+1","Uppercut","Twin Strike","Armaments+1","Battle Trance","Juggernaut","Shrug It Off","Barricade","Warcry+1","Body Slam","Rampage","Entrench+1"],"relics":["Burning Blood","Happy Flower","Anchor","HornCleat","Nunchaku","Oddly Smooth Stone","SlaversCollar","Red Mask"],"acts_visited":["Exordium","TheCity"],"potions_floor_usage":[7,10,22],"damage_taken":[{"damage":3.0,"enemies":"2 Louse","floor":1.0,"turns":4.0},{"damage":7,"enemies":"Jaw Worm","floor":4,"turns":3},{"damage":22,"enemies":"Small Slimes","floor":5,"turns":4},{"damage":30,"enemies":"Gremlin Nob","floor":7,"turns":6},{"damage":35,"enemies":"3 Sentries","floor":10,"turns":9},{"damage":0,"enemies":"2 Fungi Beasts","floor":11,"turns":3},{"damage":13,"enemies":"The Guardian","floor":16,"turns":13},{"damage":11,"enemies":"Shell Parasite","floor":18,"turns":7},{"damage":39,"enemies":"Masked Bandits","floor":19,"turns":7},{"damage":18,"enemies":"3 Byrds","floor":22,"turns":8},{"damage":14,"enemies":"Snake Plant","floor":24,"turns":5},{"damage":18,"enemies":"Book of Stabbing","floor":25,"turns":3}],"seed_played":"-4962011823326205527","potions_obtained":[{"floor":5,"key":"Block Potion"},{"floor":7,"key":"GamblersBrew"},{"floor":10,"key":"FearPotion"},{"floor":19,"key":"SteroidPotion"}],"is_trial":false,"path_per_floor":["M","?","?","M","M","R","E","R","T","E","M","R","T","$","R","B",null,"M","?","?","$","M","R","M","E"],"character_chosen":"IRONCLAD","items_purchased":["Juggernaut","Oddly Smooth Stone","Shrug It Off","Entrench"],"campfire_rested":2,"item_purchase_floors":[14,14,14,21],"current_hp_per_floor":[54,54,59,58,42,42,18,43,43,14,20,20,20,20,45,38,73,68,35,35,35,23,23,15,0,0],"gold":71,"neow_bonus":"REMOVE_TWO","is_daily":false,"chose_seed":false,"campfire_upgraded":3,"win_rate":0.0,"timestamp":1609551656,"path_taken":["M","?","?","M","M","R","E","R","T","E","M","R","?","$","R","BOSS","M","?","?","$","M","R","M","E"],"items_purchased_type":["Card","Relic","Card","Card"],"build_version":"2020-12-22","purchased_purges":1,"victory":false,"max_hp_per_floor":[80,80,85,85,85,85,85,85,85,85,85,85,85,85,85,85,85,85,85,85,85,85,85,85,85,85],"card_choices":[{"not_picked":["Disarm","Intimidate"],"picked":"Twin Strike","floor":1.0},{"not_picked":["Carnage","Twin Strike"],"picked":"Body Slam","floor":4},{"not_picked":["Sword Boomerang","Flex"],"picked":"Uppercut","floor":5},{"not_picked":["Disarm","Carnage"],"picked":"Twin Strike","floor":7},{"not_picked":["Feel No Pain","Sword Boomerang"],"picked":"Armaments","floor":10},{"not_picked":["Feel No Pain","Iron Wave"],"picked":"Battle Trance","floor":11},{"not_picked":["Double Tap","Corruption"],"picked":"Barricade","floor":16},{"not_picked":["Infernal Blade","Armaments","Shockwave"],"picked":"SKIP","floor":18},{"not_picked":["Evolve","Shrug It Off"],"picked":"Warcry+1","floor":19},{"not_picked":["Twin Strike","Warcry","Dual Wield"],"picked":"SKIP","floor":22},{"not_picked":["Clothesline","Infernal Blade+1","Pommel Strike"],"picked":"SKIP","floor":24}],"player_experience":441827,"relics_obtained":[{"floor":7,"key":"Happy Flower"},{"floor":9,"key":"Anchor"},{"floor":10,"key":"HornCleat"},{"floor":13,"key":"Nunchaku"},{"floor":19,"key":"Red Mask"}],"event_choices":[{"damage_healed":0.0,"max_hp_gain":0.0,"max_hp_loss":0.0,"gold_gain":175.0,"event_name":"Liars Game","player_choice":"AGREE","floor":2.0,"gold_loss":0.0,"damage_taken":0.0,"cards_obtained":["Doubt"]},{"damage_healed":0,"gold_gain":0,"player_choice":"Donut","damage_taken":0,"max_hp_gain":5,"max_hp_loss":0,"event_name":"Big Fish","floor":3,"gold_loss":0},{"damage_healed":0,"gold_gain":0,"player_choice":"Fought Bandits","damage_taken":0,"max_hp_gain":0,"max_hp_loss":0,"event_name":"Masked Bandits","floor":19,"gold_loss":0},{"damage_healed":0,"gold_gain":0,"cards_transformed":["Strike_R","Strike_R"],"player_choice":"Became Test Subject","damage_taken":0,"max_hp_gain":0,"max_hp_loss":0,"event_name":"Drug Dealer","floor":20,"gold_loss":0,"cards_obtained":["Body Slam","Rampage"]}],"is_beta":false,"boss_relics":[{"not_picked":["Runic Pyramid","Empty Cage"],"picked":"SlaversCollar"}],"items_purged_floors":[14],"is_endless":false,"potions_floor_spawned":[5,7,10,19],"killed_by":"Book of Stabbing","ascension_level":13}}