{"host":"y89x8uui45kcjy42","time":1609587256,"event":{"mods":["2.2 Compatiblity","BaseMod","CapriCore","Colored Map","Colored Powertips","Custom Start","Friendly Minions","Keyboard Shortcuts","Minty Spire (QoL Compilation)","Relic Stats","Slay the Relics Exporter","StSLib","SuperFastMode"],"gold_per_floor":[114,124,141,141,208,208,208],"floor_reached":6,"playtime":169,"items_purged":[],"score":76,"play_id":"31e75d31-f69f-443e-a740-16776b486fa2","local_time":"20210102203416","is_ascension_mode":true,"campfire_choices":[],"circlet_count":0,"master_deck":["AscendersBane","Strike_B","Strike_B","Strike_B","Strike_B","Defend_B","Defend_B","Defend_B","Defend_B","Zap","Dualcast","Seek","Sweeping Beam","Heatsinks","Compile Driver","Leap"],"relics":["Cracked Core","SsserpentHead"],"acts_visited":["Exordium"],"potions_floor_usage":[6],"damage_taken":[{"damage":6,"enemies":"Jaw Worm","floor":1,"turns":4},{"damage":1,"enemies":"Cultist","floor":2,"turns":3},{"damage":11,"enemies":"2 Louse","floor":3,"turns":3},{"damage":12,"enemies":"2 Fungi Beasts","floor":5,"turns":2},{"damage":35,"enemies":"3 Sentries","floor":6,"turns":4}],"seed_played":"-5554183377877142533","potions_obtained":[{"floor":5,"key":"PowerPotion"}],"is_trial":false,"path_per_floor":["M","M","M","?","M","E"],"character_chosen":"DEFECT","items_purchased":[],"campfire_rested":0,"item_purchase_floors":[],"current_hp_per_floor":[58,57,46,46,34,0,0],"gold":208,"neow_bonus":"ONE_RANDOM_RARE_CARD","is_daily":false,"chose_seed":false,"campfire_upgraded":0,"win_rate":0.0,"timestamp":1609587256,"path_taken":["M","M","M","?","?","E"],"items_purchased_type":[],"build_version":"2020-12-22","purchased_purges":0,"victory":false,"max_hp_per_floor":[71,71,71,71,71,71,71],"relic_stats":{"SsserpentHead":50,"counters":[5,16],"obtain_stats":[{"SsserpentHead":4,"Cracked Core":0},{"SsserpentHead":3,"Cracked Core":0},{"SsserpentHead":10,"Cracked Core":0}]},"card_choices":[{"not_picked":["Go for the Eyes","Streamline"],"picked":"Sweeping Beam","floor":1},{"not_picked":["Turbo","Sweeping Beam","Heatsinks"],"picked":"SKIP","floor":2},{"not_picked":["Turbo","Sweeping Beam"],"picked":"Heatsinks","floor":2},{"not_picked":["Go for the Eyes","Compile Driver","Streamline"],"picked":"SKIP","floor":3},{"not_picked":["Go for the Eyes","Streamline"],"picked":"Compile Driver","floor":3},{"not_picked":["Conserve Battery","Recycle"],"picked":"Leap","floor":5}],"player_experience":541672,"relics_obtained":[],"event_choices":[{"damage_healed":0,"gold_gain":0,"player_choice":"Trade","damage_taken":0,"relics_obtained":["SsserpentHead"],"max_hp_gain":0,"max_hp_loss":0,"event_name":"FaceTrader","floor":4,"gold_loss":0}],"is_beta":false,"boss_relics":[],"items_purged_floors":[],"is_endless":false,"potions_floor_spawned":[5],"killed_by":"3 Sentries","ascension_level":20}}