{"host":"yo9wwslrag05lh37","time":1609556771,"event":{"mods":["AchievementEnabler","BaseMod","Block Reminder","Colored Map","Colored Powertips","GifTheSpireLib","HexUI Lib","Highlight Path","Minty Spire (QoL Compilation)","Rare Cards Sparkle","Relic Stats","StSLib","everything is the same but u backflip on backflip"],"gold_per_floor":[363,383,401,414,489,489,20,20,20,40,50,85,98,109,109,212,212,226,11,30,30,43,76,76,103,151,160,188,72,72,103,103,211,211,240,240,240,303,47,47,83,83,138,158,167,389,430,489,489,489,489,489,251,294,294],"floor_reached":56,"playtime":3452,"items_purged":["Strike_P","Strike_P","Strike_P","Defend_P","Defend_P"],"score":1627,"play_id":"6814d005-8049-4a6b-874f-d9720f322915","local_time":"20210102040611","is_ascension_mode":true,"campfire_choices":[{"data":"Eruption","floor":6.0,"key":"SMITH"},{"data":"SashWhip","floor":15.0,"key":"SMITH"},{"data":"Crescendo","floor":24.0,"key":"SMITH"},{"floor":27.0,"key":"REST"},{"data":"Vault","floor":30.0,"key":"SMITH"},{"data":"Wallop","floor":32.0,"key":"SMITH"},{"data":"CutThroughFate","floor":40.0,"key":"SMITH"},{"data":"MentalFortress","floor":42.0,"key":"SMITH"},{"floor":45.0,"key":"REST"},{"floor":49.0,"key":"RECALL"},{"floor":52.0,"key":"DIG"}],"circlet_count":0,"master_deck":["Strike_P+1","Defend_P","Defend_P","Eruption+1","Vigilance","Conclude","BowlingBash+1","Crescendo+1","MentalFortress+1","Wireheading+1","Adaptation+1","SashWhip+1","Vault+1","BattleHymn+1","Halt","InnerPeace","Nirvana+1","Wallop+1","Establishment+1","CutThroughFate+1","TalkToTheHand+1","Nirvana+1","ClearTheMind+1","LikeWater+1","CrushJoints+1","WaveOfTheHand+1","FearNoEvil+1","Halt"],"relics":["PureWater","Anchor","Frozen Egg 2","Mummified Hand","HornCleat","VioletLotus","Membership Card","Bag of Marbles","CeramicFish","Dream Catcher","Incense Burner","Red Mask","Runic Pyramid","Shovel","Lizard Tail","Shuriken","Darkstone Periapt","CloakClasp","Bottled Flame","Whetstone","Happy Flower","Sundial"],"acts_visited":["Exordium","TheCity","TheBeyond","TheEnding"],"potions_floor_usage":[55,55,55],"damage_taken":[{"damage":5.0,"enemies":"Jaw Worm","floor":1.0,"turns":6.0},{"damage":0.0,"enemies":"Small Slimes","floor":2.0,"turns":2.0},{"damage":0.0,"enemies":"Cultist","floor":3.0,"turns":2.0},{"damage":0.0,"enemies":"2 Fungi Beasts","floor":4.0,"turns":2.0},{"damage":0.0,"enemies":"Lagavulin","floor":8.0,"turns":4.0},{"damage":0.0,"enemies":"Looter","floor":10.0,"turns":2.0},{"damage":6.0,"enemies":"Blue Slaver","floor":11.0,"turns":2.0},{"damage":0.0,"enemies":"Gremlin Nob","floor":12.0,"turns":2.0},{"damage":0.0,"enemies":"Exordium Wildlife","floor":13.0,"turns":2.0},{"damage":0.0,"enemies":"Looter","floor":14.0,"turns":2.0},{"damage":29.0,"enemies":"Hexaghost","floor":16.0,"turns":10.0},{"damage":3.0,"enemies":"Spheric Guardian","floor":18.0,"turns":3.0},{"damage":0.0,"enemies":"Shell Parasite","floor":20.0,"turns":4.0},{"damage":0.0,"enemies":"Centurion and Healer","floor":22.0,"turns":4.0},{"damage":0.0,"enemies":"Gremlin Leader","floor":23.0,"turns":6.0},{"damage":30.0,"enemies":"Slavers","floor":25.0,"turns":2.0},{"damage":0.0,"enemies":"Book of Stabbing","floor":28.0,"turns":5.0},{"damage":0.0,"enemies":"Masked Bandits","floor":31.0,"turns":3.0},{"damage":13.0,"enemies":"Automaton","floor":33.0,"turns":8.0},{"damage":16.0,"enemies":"3 Darklings","floor":35.0,"turns":6.0},{"damage":8.0,"enemies":"2 Orb Walkers","floor":38.0,"turns":6.0},{"damage":6.0,"enemies":"Nemesis","floor":41.0,"turns":6.0},{"damage":3.0,"enemies":"Orb Walker","floor":44.0,"turns":4.0},{"damage":2.0,"enemies":"Reptomancer","floor":47.0,"turns":3.0},{"damage":0.0,"enemies":"Mind Bloom Boss Battle","floor":48.0,"turns":9.0},{"damage":12.0,"enemies":"Donu and Deca","floor":50.0,"turns":8.0},{"damage":39.0,"enemies":"Shield and Spear","floor":54.0,"turns":6.0},{"damage":48,"enemies":"The Heart","floor":55,"turns":10}],"seed_played":"-570711082406630287","potions_obtained":[{"floor":1.0,"key":"EntropicBrew"},{"floor":2.0,"key":"SmokeBomb"},{"floor":12.0,"key":"Regen Potion"},{"floor":16.0,"key":"Ancient Potion"},{"floor":20.0,"key":"BottledMiracle"},{"floor":21.0,"key":"LiquidMemories"},{"floor":23.0,"key":"Strength Potion"},{"floor":33.0,"key":"ColorlessPotion"},{"floor":38.0,"key":"Dexterity Potion"},{"floor":47.0,"key":"Ambrosia"}],"is_trial":false,"path_per_floor":["M","M","M","M","?","R","$","E","T","M","M","E","M","M","R","B",null,"M","$","M","?","M","E","R","E","T","R","E","$","R","?","R","B",null,"M","?","?","?","$","R","E","R","T","M","R","?","E","?","R","B",null,"R","$","E","B",null],"character_chosen":"WATCHER","items_purchased":["Anchor","Frozen Egg 2","Membership Card","BattleHymn+1","Nirvana+1","Wallop","Nirvana+1","Lizard Tail","Whetstone","Happy Flower"],"campfire_rested":2,"item_purchase_floors":[7,7,19,19,29,29,39,39,53,53],"current_hp_per_floor":[42,42,42,42,31,31,31,31,31,31,25,25,25,25,25,1,54,51,51,51,51,51,51,51,21,21,42,42,42,42,42,42,29,61,45,45,45,37,37,37,31,31,31,28,49,49,47,47,47,35,63,63,63,24,12],"gold":294,"neow_bonus":"TWO_FIFTY_GOLD","is_daily":false,"chose_seed":false,"campfire_upgraded":7,"win_rate":0.0,"timestamp":1609556771,"path_taken":["M","M","M","M","?","R","$","E","T","M","M","E","M","M","R","BOSS","M","$","M","?","?","E","R","E","T","R","E","$","R","?","R","BOSS","M","?","?","?","$","R","E","R","T","?","R","?","E","?","R","BOSS","R","$","E","BOSS"],"items_purchased_type":["Relic","Relic","Relic","Card","Card","Card","Card","Relic","Relic","Relic"],"build_version":"2020-12-22","purchased_purges":5,"victory":true,"max_hp_per_floor":[72,72,72,72,72,72,72,72,72,72,72,72,72,72,72,72,72,72,72,72,72,72,72,72,72,72,72,72,72,72,72,72,72,72,72,72,72,72,72,72,72,72,72,72,72,72,72,72,72,72,72,72,72,72,72],"relic_stats":{"Darkstone Periapt":0,"Happy Flower":[5],"counters":[28,129],"CeramicFish":117,"CloakClasp":[90],"Whetstone":["BowlingBash","Strike_P"],"Dream Catcher":2,"Lizard Tail":36,"Shovel":1,"Mummified Hand":[111],"Shuriken":[20],"Sundial":[2],"VioletLotus":[26],"obtain_stats":[{"Darkstone Periapt":47,"Happy Flower":53,"CeramicFish":25,"Incense Burner":28,"CloakClasp":48,"Whetstone":53,"Frozen Egg 2":7,"Anchor":7,"Dream Catcher":26,"Lizard Tail":39,"Bottled Flame":52,"HornCleat":12,"Shovel":38,"Mummified Hand":9,"Shuriken":41,"Sundial":54,"VioletLotus":17,"Bag of Marbles":23,"Red Mask":31,"Membership Card":19,"PureWater":0,"Runic Pyramid":34},{"Darkstone Periapt":24,"Happy Flower":26,"CeramicFish":16,"Incense Burner":17,"CloakClasp":25,"Whetstone":26,"Frozen Egg 2":4,"Anchor":4,"Dream Catcher":16,"Lizard Tail":21,"Bottled Flame":26,"HornCleat":8,"Shovel":21,"Mummified Hand":5,"Shuriken":22,"Sundial":27,"VioletLotus":11,"Bag of Marbles":15,"Red Mask":18,"Membership Card":12,"PureWater":0,"Runic Pyramid":19},{"Darkstone Periapt":96,"Happy Flower":113,"CeramicFish":55,"Incense Burner":60,"CloakClasp":105,"Whetstone":113,"Frozen Egg 2":12,"Anchor":12,"Dream Catcher":55,"Lizard Tail":83,"Bottled Flame":113,"HornCleat":22,"Shovel":83,"Mummified Hand":16,"Shuriken":89,"Sundial":119,"VioletLotus":36,"Bag of Marbles":53,"Red Mask":63,"Membership Card":39,"PureWater":0,"Runic Pyramid":71}]},"card_choices":[{"not_picked":["TalkToTheHand","Evaluate"],"picked":"Conclude","floor":1.0},{"not_picked":["ThirdEye","Protect"],"picked":"BowlingBash","floor":2.0},{"not_picked":["Prostrate","BowlingBash"],"picked":"Crescendo","floor":3.0},{"not_picked":["Weave","SignatureMove"],"picked":"MentalFortress","floor":4.0},{"not_picked":["BowlingBash","Crescendo","Worship"],"picked":"SKIP","floor":10.0},{"not_picked":["SashWhip","Conclude","Fasting2+1"],"picked":"SKIP","floor":11.0},{"not_picked":["SashWhip","Conclude","Fasting2+1"],"picked":"SKIP","floor":11.0},{"not_picked":["Ragnarok","Collect"],"picked":"Wireheading+1","floor":12.0},{"not_picked":["EmptyBody","Prostrate"],"picked":"Adaptation+1","floor":13.0},{"not_picked":["FollowUp","CrushJoints"],"picked":"SashWhip","floor":14.0},{"not_picked":["MasterReality+1","Alpha"],"picked":"Vault","floor":16.0},{"not_picked":["JustLucky+1","FollowUp","Protect"],"picked":"SKIP","floor":18.0},{"not_picked":["PathToVictory+1","Protect+1"],"picked":"Halt","floor":20.0},{"not_picked":["CrushJoints","Halt","Protect+1"],"picked":"SKIP","floor":22.0},{"not_picked":["JustLucky+1","PathToVictory+1"],"picked":"Weave","floor":23.0},{"not_picked":["Blasphemy","CutThroughFate","Alpha"],"picked":"SKIP","floor":25.0},{"not_picked":["Blasphemy","CutThroughFate","Alpha"],"picked":"SKIP","floor":25.0},{"not_picked":["PathToVictory","FollowUp"],"picked":"InnerPeace","floor":27.0},{"not_picked":["SignatureMove","WreathOfFlame+1","Collect"],"picked":"SKIP","floor":28.0},{"not_picked":["ConjureBlade","Vault"],"picked":"Establishment+1","floor":33.0},{"not_picked":["Prostrate","Worship"],"picked":"CutThroughFate","floor":35.0},{"not_picked":["Crescendo","CarveReality"],"picked":"TalkToTheHand+1","floor":38.0},{"not_picked":["LikeWater+1","ThirdEye+1"],"picked":"ClearTheMind+1","floor":41.0},{"not_picked":["SandsOfTime+1","Fasting2+1"],"picked":"LikeWater+1","floor":44.0},{"not_picked":["Protect","DeceiveReality+1"],"picked":"CrushJoints+1","floor":45.0},{"not_picked":["ForeignInfluence","Swivel+1"],"picked":"WaveOfTheHand+1","floor":47.0},{"not_picked":["Protect+1","CutThroughFate+1"],"picked":"FearNoEvil+1","floor":48.0},{"not_picked":["PathToVictory","BowlingBash+1"],"picked":"Halt","floor":54.0}],"player_experience":1433380,"relics_obtained":[{"floor":9.0,"key":"Mummified Hand"},{"floor":12.0,"key":"HornCleat"},{"floor":23.0,"key":"Bag of Marbles"},{"floor":25.0,"key":"CeramicFish"},{"floor":26.0,"key":"Dream Catcher"},{"floor":28.0,"key":"Incense Burner"},{"floor":31.0,"key":"Red Mask"},{"floor":38.0,"key":"Shovel"},{"floor":41.0,"key":"Shuriken"},{"floor":47.0,"key":"Darkstone Periapt"},{"floor":48.0,"key":"CloakClasp"},{"floor":52.0,"key":"Bottled Flame"},{"floor":54.0,"key":"Sundial"}],"event_choices":[{"damage_healed":0.0,"max_hp_gain":0.0,"max_hp_loss":0.0,"gold_gain":75.0,"event_name":"World of Goop","player_choice":"Gather Gold","floor":5.0,"gold_loss":0.0,"damage_taken":11.0},{"damage_healed":0.0,"max_hp_gain":0.0,"max_hp_loss":0.0,"gold_gain":0.0,"event_name":"Lab","player_choice":"Got Potions","floor":21.0,"gold_loss":0.0,"damage_taken":0.0},{"damage_healed":0.0,"max_hp_gain":0.0,"max_hp_loss":0.0,"gold_gain":0.0,"event_name":"Masked Bandits","player_choice":"Fought Bandits","floor":31.0,"gold_loss":0.0,"damage_taken":0.0},{"cards_removed":["Weave"],"damage_healed":0.0,"max_hp_gain":0.0,"max_hp_loss":0.0,"gold_gain":0.0,"event_name":"Falling","player_choice":"Removed Attack","floor":36.0,"gold_loss":0.0,"damage_taken":0.0},{"damage_healed":0.0,"max_hp_gain":0.0,"max_hp_loss":0.0,"gold_gain":0.0,"event_name":"SensoryStone","player_choice":"Memory 1","floor":37.0,"gold_loss":0.0,"damage_taken":0.0},{"damage_healed":0.0,"max_hp_gain":0.0,"max_hp_loss":0.0,"gold_gain":0.0,"event_name":"Mysterious Sphere","player_choice":"Fight","floor":38.0,"gold_loss":0.0,"damage_taken":0.0},{"damage_healed":0.0,"max_hp_gain":0.0,"max_hp_loss":0.0,"gold_gain":222.0,"event_name":"Tomb of Lord Red Mask","player_choice":"Wore Mask","floor":46.0,"gold_loss":0.0,"damage_taken":0.0},{"damage_healed":0.0,"max_hp_gain":0.0,"max_hp_loss":0.0,"gold_gain":0.0,"event_name":"MindBloom","player_choice":"Fight","floor":48.0,"gold_loss":0.0,"damage_taken":0.0}],"is_beta":false,"boss_relics":[{"not_picked":["Fusion Hammer","Cursed Key"],"picked":"VioletLotus"},{"not_picked":["Empty Cage","SacredBark"],"picked":"Runic Pyramid"}],"items_purged_floors":[7,19,29,39,53],"is_endless":false,"potions_floor_spawned":[1,2,8,12,16,20,22,23,33,38,47,54],"ascension_level":6}}