{"host":"64h6jdpsiwrne03s","time":1609584520,"event":{"mods":["Act Like it!","BaseMod","Bestiary","Colored Powertips","Gensokyo","Marisa£®ÏF”Í°°ƒß¿Ì…≥£©","Minty Spire (QoL Compilation)","Reimu£®≤©¿ˆ¡È√Œ£©","Remilia£®¿Ÿ√◊¿Ú—«£©","RumiaBox-¬∂√◊Ê´µƒ…Ò√ÿ∫–◊”","StSLib","The Servant 0.9.4","Youmu£®ªÍ∆«—˝√Œ£©"],"gold_per_floor":[16,16,29,1,12,39,39,222,245,245,245],"floor_reached":10,"playtime":733,"items_purged":[],"score":104,"play_id":"11baf979-b381-442a-93c1-38b6517a3bb4","local_time":"20210102184840","is_ascension_mode":true,"campfire_choices":[{"data":"Free:ReiMu","floor":7.0,"key":"SMITH"}],"circlet_count":0,"master_deck":["AscendersBane","Strike_Lin:ReiMu","Strike_Lin:ReiMu","Strike_Lin:ReiMu","Strike_Lin:ReiMu","Defend_Lin:ReiMu","Defend_Lin:ReiMu","Defend_Lin:ReiMu","Defend_Lin:ReiMu","NB:ReiMu","Stagnation:ReiMu","Free:ReiMu+1","OctopathBindingBorder2:ReiMu","PrayRite:ReiMu","FoulBorder2:ReiMu","TightArray:ReiMu"],"relics":["FlyPower:ReiMu","Bronze Scales","Ancient Tea Set"],"acts_visited":["Gensokyo:Gensokyo"],"potions_floor_usage":[],"damage_taken":[{"damage":2.0,"enemies":"Gensokyo:2_Kodama","floor":1.0,"turns":6.0},{"damage":7.0,"enemies":"Gensokyo:3_Fairies","floor":3.0,"turns":5.0},{"damage":0.0,"enemies":"Gensokyo:Python","floor":5.0,"turns":5.0},{"damage":23.0,"enemies":"Gensokyo:Cirno","floor":6.0,"turns":6.0},{"damage":9.0,"enemies":"Gensokyo:Aya","floor":8.0,"turns":7.0},{"damage":19,"enemies":"Gensokyo:Cirno","floor":10,"turns":4}],"seed_played":"-5733058848277870764","potions_obtained":[{"floor":3.0,"key":"SpeedPotion"},{"floor":5.0,"key":"Explosive Potion"},{"floor":6.0,"key":"ColorlessPotion"}],"is_trial":false,"path_per_floor":["M","?","M","COS","M","E","R","E","T","E"],"character_chosen":"REIMU","items_purchased":[],"campfire_rested":0,"item_purchase_floors":[],"current_hp_per_floor":[57,57,50,50,50,27,27,18,18,0,0],"gold":245,"neow_bonus":"THREE_RARE_CARDS","is_daily":false,"chose_seed":false,"campfire_upgraded":1,"win_rate":0.0,"timestamp":1609584520,"path_taken":["M","?","?","COS","M","E","R","E","T","E"],"items_purchased_type":[],"build_version":"2020-12-22","purchased_purges":0,"victory":false,"max_hp_per_floor":[65,65,65,65,65,65,65,65,65,65,65],"card_choices":[{"not_picked":["Dreaming:ReiMu","KamiRite:ReiMu"],"picked":"Free:ReiMu","floor":0.0},{"not_picked":["EmergencyTakeOff:ReiMu","SafetyPray:ReiMu"],"picked":"OctopathBindingBorder2:ReiMu","floor":1.0},{"not_picked":["SafetyPray:ReiMu","LearningPray:ReiMu"],"picked":"PrayRite:ReiMu","floor":2.0},{"not_picked":["CareerPray:ReiMu","SpreadBorder2:ReiMu"],"picked":"FoulBorder2:ReiMu","floor":3.0},{"not_picked":["SafetyPray:ReiMu","OrbThrow:ReiMu","PayForSelf:ReiMu"],"picked":"SKIP","floor":5.0},{"not_picked":["Gathering:ReiMu","SpiritualOutbreak2:ReiMu"],"picked":"TightArray:ReiMu","floor":6.0},{"not_picked":["Intuition:ReiMu","Conquer:ReiMu","Enchanting:ReiMu"],"picked":"SKIP","floor":8.0}],"player_experience":352814,"relics_obtained":[{"floor":6.0,"key":"Bronze Scales"},{"floor":8.0,"key":"Ancient Tea Set"}],"event_choices":[],"is_beta":false,"boss_relics":[],"items_purged_floors":[],"is_endless":false,"potions_floor_spawned":[3,5,6],"killed_by":"Gensokyo:Cirno","ascension_level":10}}