{"host":"Alvar","time":1609583769,"event":{"mods":["AchievementEnabler","BaseMod","Minty Spire (QoL Compilation)","StSLib"],"gold_per_floor":[118,136,136,136,136,167,178,210,235,235,245,245,245,245],"floor_reached":13,"playtime":312,"items_purged":[],"score":230,"play_id":"1318605f-8183-4eb5-a7ba-0e49afe604a8","local_time":"20210102173609","is_ascension_mode":true,"campfire_choices":[{"data":"Defragment","floor":10,"key":"SMITH"}],"circlet_count":0,"master_deck":["AscendersBane","Strike_B","Strike_B","Strike_B","Defend_B","Defend_B","Defend_B","Defend_B","Zap","Dualcast","FTL","Defragment+1","All For One","Sweeping Beam","Defragment+1","Turbo"],"relics":["Cracked Core","NeowsBlessing","Akabeko","Nunchaku","Art of War","Tiny Chest"],"acts_visited":["Exordium"],"potions_floor_usage":[8,13],"damage_taken":[{"damage":0,"enemies":"Jaw Worm","floor":1,"turns":1},{"damage":0,"enemies":"Small Slimes","floor":2,"turns":1},{"damage":0,"enemies":"Gremlin Nob","floor":6,"turns":1},{"damage":0,"enemies":"Cultist","floor":7,"turns":3},{"damage":19,"enemies":"3 Sentries","floor":8,"turns":5},{"damage":6,"enemies":"Exordium Thugs","floor":11,"turns":4},{"damage":20,"enemies":"Lagavulin","floor":13,"turns":5}],"seed_played":"-1288998876504541542","potions_obtained":[{"floor":6,"key":"Fire Potion"},{"floor":7,"key":"BlessingOfTheForge"},{"floor":11,"key":"Energy Potion"}],"is_trial":false,"path_per_floor":["M","M","?","?","?","E","M","E","T","R","M","?","E"],"character_chosen":"DEFECT","items_purchased":[],"campfire_rested":0,"item_purchase_floors":[],"current_hp_per_floor":[64,64,57,57,62,62,62,43,43,43,37,19,0,0],"gold":245,"neow_bonus":"THREE_ENEMY_KILL","is_daily":false,"chose_seed":false,"campfire_upgraded":1,"win_rate":0.0,"timestamp":1609583769,"path_taken":["M","M","?","?","?","E","M","E","T","R","M","?","E"],"items_purchased_type":[],"build_version":"2020-12-18","purchased_purges":0,"victory":false,"max_hp_per_floor":[71,71,71,71,76,76,76,76,76,76,76,76,76,76],"card_choices":[{"not_picked":["Barrage","Recycle"],"picked":"FTL","floor":1},{"not_picked":["Redo","Go for the Eyes"],"picked":"Defragment","floor":2},{"not_picked":["Recycle","Steam Power"],"picked":"All For One","floor":6},{"not_picked":["Leap","Recycle"],"picked":"Sweeping Beam","floor":7},{"not_picked":["Go for the Eyes","Turbo"],"picked":"Defragment","floor":8},{"not_picked":["Rip and Tear","Consume"],"picked":"Turbo","floor":11}],"player_experience":764327,"relics_obtained":[{"floor":6,"key":"Akabeko"},{"floor":8,"key":"Nunchaku"},{"floor":9,"key":"Art of War"}],"event_choices":[{"cards_removed":["Strike_B"],"damage_healed":0,"gold_gain":0,"player_choice":"Card Removal","damage_taken":7,"max_hp_gain":0,"max_hp_loss":0,"event_name":"Golden Wing","floor":3,"gold_loss":0},{"damage_healed":0,"gold_gain":0,"player_choice":"Grow","damage_taken":0,"max_hp_gain":0,"max_hp_loss":0,"event_name":"Living Wall","floor":4,"gold_loss":0,"cards_upgraded":["Defragment"]},{"damage_healed":0,"gold_gain":0,"player_choice":"Donut","damage_taken":0,"max_hp_gain":5,"max_hp_loss":0,"event_name":"Big Fish","floor":5,"gold_loss":0},{"damage_healed":0,"gold_gain":0,"player_choice":"Success","damage_taken":18,"relics_obtained":["Tiny Chest"],"max_hp_gain":0,"max_hp_loss":0,"event_name":"Scrap Ooze","floor":12,"gold_loss":0}],"is_beta":true,"boss_relics":[],"items_purged_floors":[],"is_endless":false,"potions_floor_spawned":[6,7,11],"killed_by":"Lagavulin","ascension_level":19}}