{"host":"vhikgave70uorr7d","time":1609617091,"event":{"mods":["AchievementEnabler","Act Like it!","Ascension Reborn","Ascension Unlocker","BaseMod","Beaked The Cultist","Better Altar","Better Match","Better Note","Better Sensory Stone","Better Skull","Better Third Choice","BetterRewards","ChefMod","Colored Powertips","Custom Start","Defuse TimeMaze Blight","Downfall","Elementarium","Energized Spire","GifTheSpireLib","Hermit","Hero for Fun","Highlight Path","Hubris","Infinite Spire","JesterMod","Menagerie","Mimic Mod","Minty Spire (QoL Compilation)","MostiFishMod","Permanent Neow","Pikachu Mod","Quick Restart","Rare Cards Sparkle","Relic Filter","Remove Card Discount Mod","Replay The Spire","Retaliation","Shade Mod","Shedinja","Small Relic Pack","Spicy Shops","StSLib","Swap Starting Deck Mod","Td1madao Mod","The Accelerator","The Alterego","The Animator","The Bladedancer","The Blue Laboratory","The Bug Knight","The Construct","The Cursed","The Disciple","The Hayseed","The Hierophant","The Mystic","The Necromancer","The Runesmith","The Servant 0.9.4","The Vixen","The Wild Card","TheFirefly","TheSwordswoman","TheVacant","Transform Curses"],"gold_per_floor":[110,128,142,157,70,70,80,80,126,140,140,140,156,167,167,167,167],"floor_reached":16,"playtime":805,"items_purged":["Stack","Stack","Zap","Skim"],"score":121,"play_id":"03653125-f069-477b-8705-1e2387488fff","local_time":"20210102145131","is_ascension_mode":false,"campfire_choices":[{"data":"Thunder Strike","floor":6,"key":"SMITH"},{"floor":12,"key":"REST"},{"data":"Double Energy","floor":15,"key":"SMITH"}],"circlet_count":0,"master_deck":["Ball Lightning","Ball Lightning","Ball Lightning","Ball Lightning","Thunder Strike+1","Stack","Stack","ReplayTheSpireMod:Calculation Training","FIFO Queue+1","Ball Lightning","Loop","Double Energy+1","Redo","Skim","Redo"],"relics":["Cracked Core","DaveBox","FeatherPendant","SynthV:TestCard","Bronze Scales","Ice Cream","Bottled Lightning"],"acts_visited":["Exordium"],"potions_floor_usage":[16,16],"damage_taken":[{"damage":0,"enemies":"Cultist","floor":1,"turns":1},{"damage":0,"enemies":"Jaw Worm","floor":2,"turns":1},{"damage":0,"enemies":"2 Louse","floor":3,"turns":1},{"damage":0,"enemies":"Exordium Wildlife","floor":4,"turns":1},{"damage":0,"enemies":"Red Slaver","floor":7,"turns":1},{"damage":10,"enemies":"Blue Slaver","floor":10,"turns":2},{"damage":12,"enemies":"3 Louse","floor":13,"turns":2},{"damage":11,"enemies":"Exordium Wildlife","floor":14,"turns":3},{"damage":0,"enemies":"The Guardian","floor":16,"turns":2}],"seed_played":"-5182289747786973100","potions_obtained":[{"floor":4,"key":"CultistPotion"},{"floor":10,"key":"ColorlessPotion"},{"floor":14,"key":"blueLaboratory:EmptyBottle"}],"is_trial":false,"path_per_floor":["M","M","M","M","$","R","M","?","T","M","M","R","M","M","R","B"],"character_chosen":"DEFECT","items_purchased":["Loop"],"campfire_rested":1,"item_purchase_floors":[5],"current_hp_per_floor":[38,38,38,38,38,38,38,38,38,28,28,50,38,27,27,27,27],"gold":167,"neow_bonus":"","is_daily":false,"chose_seed":false,"campfire_upgraded":2,"win_rate":0.0,"timestamp":1609617091,"path_taken":["M","?","M","M","$","R","M","?","T","M","M","R","?","M","R","BOSS"],"items_purchased_type":["Card"],"build_version":"2020-12-22","purchased_purges":4,"victory":false,"max_hp_per_floor":[75,75,75,75,75,75,75,75,75,75,75,75,75,75,75,75,75],"card_choices":[{"not_picked":["Beam Cell","Chill"],"picked":"ReplayTheSpireMod:Calculation Training","floor":1},{"not_picked":["Reprogram","Leap","Panic Button","Turbo"],"picked":"FIFO Queue","floor":2},{"not_picked":["Redo","Go for the Eyes","hubris:PowerSurge","MostiFishMod:GoodWordForIt"],"picked":"Ball Lightning","floor":3},{"not_picked":["Undo","Turbo","Steam","hubris:PowerSurge"],"picked":"Skim","floor":4},{"not_picked":["Hologram","Gash","Auto Shields","Cold Snap"],"picked":"Double Energy","floor":7},{"not_picked":["ReplaySolidLightProjector","Compile Driver","Scrape","Rebound"],"picked":"Redo","floor":10},{"not_picked":["Ball Lightning","Leap","Beam Cell","Steam Power"],"picked":"Skim","floor":13},{"not_picked":["Barrage","Capacitor","Rebound","Conserve Battery"],"picked":"Redo","floor":14}],"player_experience":360404,"relics_obtained":[{"floor":1,"key":"SynthV:TestCard"},{"floor":9,"key":"Bronze Scales"}],"event_choices":[{"damage_healed":0,"gold_gain":0,"player_choice":"Upgraded","damage_taken":0,"max_hp_gain":0,"max_hp_loss":0,"event_name":"Upgrade Shrine","floor":8,"gold_loss":0,"cards_upgraded":["FIFO Queue"]}],"is_beta":false,"boss_relics":[],"items_purged_floors":[5,5,5,5],"is_endless":false,"potions_floor_spawned":[4,10,14],"killed_by":"The Guardian","ascension_level":0}}