{"host":"o5jvvi5yapo90aia","time":1609594419,"event":{"mods":["BaseMod","CapriCore","Minty Spire (QoL Compilation)","MostiFishMod","Prisma Mod","Spicy Shops","StSLib","TestMod","The Immortal","Yakumo Yukari mod","【人物mod】游戏王New YuGiOh mod","【功能Mod】Neow奖励"],"gold_per_floor":[115,128,128,147,164,164,196,196,196,216,228,228,261,261,261,344,344,363,363,288,288,288,328,156,187,187,205,205,243,262,300,300,375,375,388,402,425,448,448,448,781,781,806,839,858,468,487,500,500,504,508,508,508,58,100,109],"floor_reached":57,"playtime":3350,"items_purged":["Defend_R","Defend_R"],"score":3854,"play_id":"51146864-46ce-4e0c-aebb-db449f899ee7","local_time":"20210102213339","is_ascension_mode":true,"campfire_choices":[{"data":"Strike_R","floor":6.0,"key":"PURGE"},{"data":"Strike_R","floor":8.0,"key":"PURGE"},{"data":"Strike_R","floor":12.0,"key":"PURGE"},{"data":"Strike_R","floor":15.0,"key":"PURGE"},{"floor":32.0,"key":"RECALL"},{"data":"Strike_R","floor":40,"key":"PURGE"},{"data":"Defend_R","floor":49,"key":"PURGE"},{"data":"christmas-Famine","floor":53,"key":"PURGE"}],"circlet_count":0,"master_deck":["AscendersBane","Bash","Impervious","MostiFishMod:CullingBlade","Necronomicurse","Limit Break","Dropkick","Entrench+1"],"relics":["DaveBox","testmod-TestBox","PatriotShield","ChiXiaoBlade","testmod-GiftOfSatan","Pantograph","testmod-RealStoneCalender","Darkstone Periapt","xbg","Necronomicon","Dream Catcher","testmod-Charity","Bronze Scales","testmod-Justice","testmod-AssaultLearning","Turnip","testmod-Fanaticism","Old Coin","Centennial Puzzle","Singing Bowl","Membership Card","Sundial","Bag of Preparation","Vajra","Mercury Hourglass","Brimstone","Gremlin Horn","testmod-Hope"],"acts_visited":["Exordium","TheCity","TheBeyond","TheEnding"],"potions_floor_usage":[],"damage_taken":[{"damage":0.0,"enemies":"Cultist","floor":1.0,"turns":1.0},{"damage":0.0,"enemies":"Jaw Worm","floor":2.0,"turns":1.0},{"damage":0.0,"enemies":"Small Slimes","floor":4.0,"turns":5.0},{"damage":0.0,"enemies":"Blue Slaver","floor":5.0,"turns":1.0},{"damage":0.0,"enemies":"Lagavulin","floor":7.0,"turns":3.0},{"damage":0.0,"enemies":"3 Louse","floor":10.0,"turns":7.0},{"damage":0.0,"enemies":"Looter","floor":11.0,"turns":2.0},{"damage":0.0,"enemies":"3 Sentries","floor":13.0,"turns":8.0},{"damage":0.0,"enemies":"Slime Boss","floor":16.0,"turns":2.0},{"damage":0.0,"enemies":"Spheric Guardian","floor":18.0,"turns":1.0},{"damage":0.0,"enemies":"Slavers","floor":23.0,"turns":2.0},{"damage":0.0,"enemies":"Book of Stabbing","floor":25.0,"turns":1.0},{"damage":0.0,"enemies":"Chosen","floor":27.0,"turns":1.0},{"damage":0.0,"enemies":"Slavers","floor":29.0,"turns":1.0},{"damage":0.0,"enemies":"Centurion and Healer","floor":30.0,"turns":2.0},{"damage":0.0,"enemies":"Gremlin Leader","floor":31.0,"turns":2.0},{"damage":0.0,"enemies":"Collector","floor":33.0,"turns":1.0},{"damage":0,"enemies":"3 Darklings","floor":35,"turns":2},{"damage":0,"enemies":"Orb Walker","floor":36,"turns":1},{"damage":0,"enemies":"3 Darklings","floor":37,"turns":1},{"damage":4,"enemies":"4 Shapes","floor":38,"turns":2},{"damage":0,"enemies":"Reptomancer","floor":41,"turns":1},{"damage":0,"enemies":"Giant Head","floor":44,"turns":2},{"damage":0,"enemies":"Spire Growth","floor":45,"turns":1},{"damage":0,"enemies":"3 Darklings","floor":47,"turns":1},{"damage":0,"enemies":"Maw","floor":48,"turns":1},{"damage":0,"enemies":"Donu and Deca","floor":50,"turns":2},{"damage":0,"enemies":"Awakened One","floor":51,"turns":2},{"damage":0,"enemies":"Shield and Spear","floor":55,"turns":2},{"damage":85,"enemies":"The Heart","floor":56,"turns":4}],"seed_played":"2554541037542387057","potions_obtained":[{"floor":2.0,"key":"Swift Potion"},{"floor":7.0,"key":"PowerPotion"},{"floor":13.0,"key":"testmod-TestPotion"},{"floor":27.0,"key":"PowerPotion"}],"is_trial":false,"path_per_floor":["M","M","?","M","M","R","E","R","T","M","M","R","E","?","R","B",null,"M","?","$","?","?","E","$","E","T","M","$","E","M","E","R","B",null,"M","M","M","M","?","R","E","?","T","E","M","$","M","M","R","B","B",null,"R","$","E","B",null],"character_chosen":"IRONCLAD","items_purchased":["testmod-Charity","Membership Card","Sundial","Bag of Preparation","Vajra","Mercury Hourglass","Brimstone","Gremlin Horn"],"campfire_rested":0,"item_purchase_floors":[24,46,46,46,54,54,54,54],"current_hp_per_floor":[69,70,70,85,85,85,90,90,90,107,112,112,127,116,116,127,127,132,91,91,76,76,94,94,96,96,98,98,109,125,168,168,170,170,179,186,188,197,197,197,203,193,194,203,207,207,211,215,215,221,227,227,227,227,236,235],"gold":109,"neow_bonus":"BOSS_RELIC","is_daily":false,"chose_seed":false,"campfire_upgraded":0,"win_rate":0.0,"timestamp":1609594419,"path_taken":["M","M","?","?","M","R","E","R","T","?","M","R","E","?","R","BOSS","M","?","$","?","?","E","?","E","T","M","$","E","M","E","R","BOSS","M","M","M","M","?","R","E","?","T","E","M","$","M","M","R","BOSS","BOSS","R","$","E","BOSS"],"items_purchased_type":["Relic","Relic","Relic","Relic","Relic","Relic","Relic","Relic"],"build_version":"2020-12-22","purchased_purges":2,"victory":true,"max_hp_per_floor":[75,75,75,85,85,85,90,90,90,107,112,112,127,127,127,127,127,132,137,137,143,143,143,143,145,145,147,147,154,161,168,168,170,170,179,186,188,200,200,200,203,193,194,203,207,207,211,215,215,221,227,227,227,227,236,237],"card_choices":[{"not_picked":["Warcry","Reckless Charge","Clothesline"],"picked":"SKIP","floor":1.0},{"not_picked":["Iron Wave","Havoc","Anger"],"picked":"SKIP","floor":2.0},{"not_picked":["Wild Strike","Ghostly Armor","MostiFishMod:#F4004"],"picked":"SKIP","floor":4.0},{"not_picked":["Sentinel","MostiFishMod:#F4004","Warcry"],"picked":"SKIP","floor":5.0},{"not_picked":["christmas-Death","christmas-War"],"picked":"christmas-Famine","floor":5.0},{"not_picked":["Sentinel","MostiFishMod:#F4004","Warcry"],"picked":"SKIP","floor":5.0},{"not_picked":["Inflame","Spot Weakness","Whirlwind"],"picked":"SKIP","floor":7.0},{"not_picked":["Power Through","Iron Wave","Whirlwind"],"picked":"SKIP","floor":10.0},{"not_picked":["Sever Soul","Pommel Strike","Wild Strike"],"picked":"SKIP","floor":11.0},{"not_picked":["Sentinel","Shrug It Off"],"picked":"Impervious","floor":13.0},{"not_picked":["Fiend Fire","Limit Break"],"picked":"MostiFishMod:CullingBlade","floor":16.0},{"not_picked":["Wild Strike","Anger","Headbutt+1"],"picked":"SKIP","floor":18.0},{"not_picked":["Dropkick","Rampage","Perfected Strike"],"picked":"SKIP","floor":23.0},{"not_picked":["Metallicize","Iron Wave","Clash"],"picked":"SKIP","floor":25.0},{"not_picked":["Anger","Flame Barrier","Thunderclap"],"picked":"SKIP","floor":27.0},{"not_picked":["Intimidate","Immolate","Cleave"],"picked":"SKIP","floor":29.0},{"not_picked":["Searing Blow","Whirlwind","Anger"],"picked":"SKIP","floor":30.0},{"not_picked":["Barricade","Cleave","Twin Strike+1"],"picked":"SKIP","floor":31.0},{"not_picked":["Feed","MostiFishMod:ChineseTea"],"picked":"Limit Break","floor":33.0},{"not_picked":["Shrug It Off","Battle Trance","Perfected Strike+1"],"picked":"SKIP","floor":35},{"not_picked":["Clash","Headbutt","MostiFishMod:BrandingRite"],"picked":"SKIP","floor":36},{"not_picked":["Clothesline","Anger","Rupture+1"],"picked":"SKIP","floor":37},{"not_picked":["Iron Wave+1","Bloodletting+1","Inflame"],"picked":"SKIP","floor":38},{"not_picked":["Iron Wave","Perfected Strike"],"picked":"Dropkick","floor":39},{"not_picked":["Rampage+1","Hemokinesis"],"picked":"Entrench+1","floor":39},{"not_picked":["Wild Strike","Armaments","Heavy Blade+1"],"picked":"SKIP","floor":41},{"not_picked":["Headbutt","Blood for Blood","Iron Wave"],"picked":"Singing Bowl","floor":44},{"not_picked":["Iron Wave","Havoc","Rage"],"picked":"Singing Bowl","floor":45},{"not_picked":["Second Wind","Power Through","Shrug It Off"],"picked":"Singing Bowl","floor":47},{"not_picked":["Headbutt+1","Iron Wave","Wild Strike"],"picked":"Singing Bowl","floor":48},{"not_picked":["Blood for Blood","Clash+1","Cleave"],"picked":"Singing Bowl","floor":55}],"player_experience":1371322,"relics_obtained":[{"floor":7.0,"key":"Pantograph"},{"floor":13.0,"key":"testmod-RealStoneCalender"},{"floor":21.0,"key":"Necronomicon"},{"floor":23.0,"key":"Dream Catcher"},{"floor":25.0,"key":"Bronze Scales"},{"floor":26.0,"key":"testmod-Justice"},{"floor":29.0,"key":"testmod-AssaultLearning"},{"floor":31.0,"key":"Turnip"},{"floor":41,"key":"Old Coin"},{"floor":43,"key":"Centennial Puzzle"},{"floor":44,"key":"Singing Bowl"},{"floor":55,"key":"testmod-Hope"}],"event_choices":[{"damage_healed":0.0,"max_hp_gain":0.0,"max_hp_loss":0.0,"gold_gain":0.0,"event_name":"Match and Keep!","player_choice":"0 cards matched","floor":3.0,"gold_loss":0.0,"damage_taken":0.0,"cards_obtained":[]},{"damage_healed":0.0,"max_hp_gain":0.0,"max_hp_loss":0.0,"gold_gain":0.0,"event_name":"Scrap Ooze","player_choice":"Success","floor":14.0,"gold_loss":0.0,"damage_taken":11.0,"relics_obtained":["Darkstone Periapt"]},{"damage_healed":0.0,"max_hp_gain":5.0,"max_hp_loss":0.0,"gold_gain":0.0,"event_name":"Forgotten Altar","player_choice":"Shed Blood","floor":19.0,"gold_loss":0.0,"damage_taken":46.0},{"damage_healed":0.0,"max_hp_gain":0.0,"max_hp_loss":0.0,"gold_gain":0.0,"event_name":"Cursed Tome","player_choice":"Obtained Book","floor":21.0,"gold_loss":0.0,"damage_taken":21.0},{"cards_removed":["Defend_R"],"damage_healed":0.0,"max_hp_gain":0.0,"max_hp_loss":0.0,"gold_gain":0.0,"event_name":"Back to Basics","player_choice":"Elegance","floor":22.0,"gold_loss":0.0,"damage_taken":0.0},{"damage_healed":0,"gold_gain":0,"player_choice":"Swap Relic","damage_taken":0,"relics_obtained":["Orrery"],"max_hp_gain":0,"max_hp_loss":0,"event_name":"给自己的盒子","floor":39,"relics_lost":["Orrery"],"gold_loss":0},{"damage_healed":0,"gold_gain":0,"player_choice":"Max HP","damage_taken":0,"max_hp_gain":0,"max_hp_loss":10,"event_name":"Winding Halls","floor":42,"gold_loss":0}],"is_beta":false,"boss_relics":[{"not_picked":["Runic Dome","Tiny House"],"picked":"xbg"},{"not_picked":["Pandora\u0027s Box","testmod-StringDisintegrator"],"picked":"testmod-Fanaticism"}],"items_purged_floors":[20,46],"is_endless":false,"potions_floor_spawned":[2,7,13,23,27,30,35,36,41,47],"ascension_level":20}}