{"host":"p4yrwepmrl4g8pul","time":1609590396,"event":{"mods":["Act Like it!","BaseMod","BetterRewards","Colored Map","Custom Start","Gensokyo","Marisa£®ÏF”Í°°ƒß¿Ì…≥£©","Minty Spire (QoL Compilation)","Quick Restart","Rare Cards Sparkle","Reimu£®≤©¿ˆ¡È√Œ£©","Remilia£®¿Ÿ√◊¿Ú—«£©","Remove Card Discount Mod","Shop Mod","StSLib","The Jungle"],"gold_per_floor":[112,24,24,41,53,86,86,106,129,178,192,227,54,68,68,68,68],"floor_reached":16,"playtime":697,"items_purged":["Stack","Stack","Cold Snap","Stack","Stack","Metallicize","Defragment","Tempest","Havoc","Twin Strike","Havoc","Chaos","Doom and Gloom","Hologram","Hello World","Iron Wave","Havoc","Heavy Blade","Perfected Strike","Barrage","Undo","Barrage","Anger","Chill","Steam","Pommel Strike","Genetic Algorithm","Anger","Redo","Streamline","Power Through","Inflame","Carnage","Streamline","Wild Strike","Pommel Strike","Flame Barrier","Headbutt","Warcry","Gash","Twin Strike","True Grit","Body Slam","Evolve"],"score":224,"play_id":"40c6b315-ed2a-491e-b097-a3c2de2baf55","local_time":"20210102202636","daily_mods":["Insanity","Blue Cards","DeadlyEvents"],"is_ascension_mode":true,"campfire_choices":[{"data":"Armaments","floor":7.0,"key":"SMITH"},{"data":"Conserve Battery","floor":15,"key":"SMITH"}],"circlet_count":0,"master_deck":["AscendersBane","Melter","Flame Barrier+1","Pommel Strike","Armaments+1","Sword Boomerang","Sweeping Beam","Conserve Battery+1","Conserve Battery+1"],"relics":["Burning Blood","Centennial Puzzle","Lantern","Smiling Mask","Oddly Smooth Stone","War Paint"],"acts_visited":["Exordium"],"potions_floor_usage":[],"damage_taken":[{"damage":0.0,"enemies":"Cultist","floor":1.0,"turns":3.0},{"damage":5.0,"enemies":"Jaw Worm","floor":4.0,"turns":3.0},{"damage":1.0,"enemies":"Small Slimes","floor":5.0,"turns":3.0},{"damage":41.0,"enemies":"Lagavulin","floor":6.0,"turns":7.0},{"damage":5.0,"enemies":"Exordium Wildlife","floor":8.0,"turns":4.0},{"damage":0.0,"enemies":"Large Slime","floor":11.0,"turns":4.0},{"damage":3.0,"enemies":"3 Sentries","floor":12.0,"turns":5.0},{"damage":3,"enemies":"Gremlin Gang","floor":14,"turns":3},{"damage":3,"enemies":"The Guardian","floor":16,"turns":7}],"seed_played":"-321127237497404014","potions_obtained":[{"floor":6.0,"key":"DuplicationPotion"},{"floor":8.0,"key":"Strength Potion"},{"floor":12.0,"key":"BloodPotion"}],"is_trial":true,"path_per_floor":["M","$","?","M","M","E","R","M","T","T","M","E","$","M","R","B"],"character_chosen":"IRONCLAD","items_purchased":["War Paint"],"campfire_rested":0,"item_purchase_floors":[13],"current_hp_per_floor":[74,74,74,75,75,40,40,41,41,41,47,50,50,53,53,50,50],"gold":68,"neow_bonus":"","is_daily":false,"chose_seed":false,"campfire_upgraded":2,"win_rate":0.0,"timestamp":1609590396,"path_taken":["M","$","?","?","M","E","R","M","T","?","M","?","$","M","R","BOSS"],"items_purchased_type":["Relic"],"build_version":"2020-12-22","purchased_purges":44,"victory":false,"max_hp_per_floor":[75,75,75,75,75,75,75,75,75,75,75,75,75,75,75,75,75],"card_choices":[{"not_picked":["Seeing Red","Warcry"],"picked":"Genetic Algorithm","floor":1.0},{"not_picked":["White Noise","Barrage","Havoc"],"picked":"SKIP","floor":4.0},{"not_picked":["Sweeping Beam","Infernal Blade","Barrage"],"picked":"SKIP","floor":5.0},{"not_picked":["Clothesline","Beam Cell"],"picked":"Conserve Battery","floor":6.0},{"not_picked":["Sword Boomerang","Infernal Blade","Static Discharge"],"picked":"SKIP","floor":8.0},{"not_picked":["Body Slam","Beam Cell","Perfected Strike"],"picked":"SKIP","floor":11.0},{"not_picked":["BootSequence","Redo","True Grit"],"picked":"SKIP","floor":12.0},{"not_picked":["BootSequence","Redo","True Grit"],"picked":"SKIP","floor":12.0},{"not_picked":["Tempest","Perfected Strike","Thunderclap"],"picked":"SKIP","floor":14}],"player_experience":767559,"relics_obtained":[{"floor":6.0,"key":"Centennial Puzzle"},{"floor":9.0,"key":"Lantern"},{"floor":10.0,"key":"Smiling Mask"},{"floor":12.0,"key":"Oddly Smooth Stone"}],"event_choices":[{"damage_healed":0.0,"max_hp_gain":0.0,"max_hp_loss":0.0,"gold_gain":0.0,"event_name":"Transmorgrifier","player_choice":"Ignored","floor":3.0,"gold_loss":0.0,"damage_taken":0.0}],"is_beta":false,"boss_relics":[],"items_purged_floors":[2,2,2,2,2,2,2,2,2,2,2,2,2,2,2,2,2,2,2,2,2,2,2,2,2,2,2,2,2,2,2,2,2,2,2,2,2,2,2,2,2,2,2,2],"is_endless":false,"potions_floor_spawned":[6,8,12,14],"killed_by":"The Guardian","ascension_level":20}}