{"host":"w2kjv12xyhtt0cv2","time":1609600884,"event":{"mods":["Act Like it!","BaseMod","Colored Map","Friendly Minions","Gensokyo","Highlight Path","Hubris","Kiyohime（清姬）","Marisa（F雨　魔理沙）","Minty Spire (QoL Compilation)","Quick Restart","Reimu（博丽灵梦）","Relic Stats","Replay The Spire","RumiaBox-露米娅的神秘盒子","Shop Mod","Spicy Shops","StSLib","The Cursed","The Servant 0.9.4","UnlockEverythingMod","Waifu the Spire","[功能]功能增强和修复MOD","vexMod","【功能Mod】Neow奖励","【遗物卡牌】REMEMod","没有小屋子和绿帽子啦"],"gold_per_floor":[116,135,154,154,154,188,286,286,286],"floor_reached":8,"playtime":293,"items_purged":[],"score":62,"play_id":"146ac1cc-d459-4b98-9c90-51649d9e8a6d","local_time":"20210102232124","is_ascension_mode":true,"campfire_choices":[],"circlet_count":0,"master_deck":["KiyohimeMod:Strike","KiyohimeMod:Strike","KiyohimeMod:Strike","KiyohimeMod:Strike","KiyohimeMod:Defend","KiyohimeMod:Defend","KiyohimeMod:Track","KiyohimeMod:FlameKiss","KiyohimeMod:Shapeshift","Corruption","KiyohimeMod:FiringTheFirstArrow","KiyohimeMod:EatSoul","KiyohimeMod:FacelessMoon","KiyohimeMod:BeElegant"],"relics":["KiyohimeMod:FireDragon","REME_ComplimentaryCards","Smiling Mask","hubris:TenFootPole"],"acts_visited":["Exordium"],"potions_floor_usage":[],"damage_taken":[{"damage":2.0,"enemies":"Cultist","floor":1.0,"turns":3.0},{"damage":9.0,"enemies":"Jaw Worm","floor":2.0,"turns":2.0},{"damage":0.0,"enemies":"Small Slimes","floor":3.0,"turns":3.0},{"damage":9.0,"enemies":"Lagavulin","floor":6.0,"turns":4.0},{"damage":20,"enemies":"3 Sentries","floor":8,"turns":3}],"seed_played":"7461961056967189314","potions_obtained":[{"floor":2.0,"key":"Reflective Coating"},{"floor":6.0,"key":"FearPotion"}],"is_trial":false,"path_per_floor":["M","M","M","$","?","E","?","E"],"character_chosen":"Kiyohime","items_purchased":[],"campfire_rested":0,"item_purchase_floors":[],"current_hp_per_floor":[58,49,49,49,42,33,18,0,0],"gold":286,"neow_bonus":"RANDOM_EVENT","is_daily":false,"chose_seed":false,"campfire_upgraded":0,"win_rate":0.0,"timestamp":1609600884,"path_taken":["M","M","?","$","?","E","?","E"],"items_purchased_type":[],"build_version":"2020-12-22","purchased_purges":0,"victory":false,"max_hp_per_floor":[60,60,60,60,60,60,60,60,60],"relic_stats":{"counters":[5,15],"Smiling Mask":0,"obtain_stats":[{"KiyohimeMod:FireDragon":0,"hubris:TenFootPole":7,"Smiling Mask":6,"REME_ComplimentaryCards":0},{"KiyohimeMod:FireDragon":0,"hubris:TenFootPole":4,"Smiling Mask":4,"REME_ComplimentaryCards":0},{"KiyohimeMod:FireDragon":0,"hubris:TenFootPole":12,"Smiling Mask":12,"REME_ComplimentaryCards":0}]},"card_choices":[{"not_picked":["KiyohimeMod:FirstPremonition","KiyohimeMod:BlueBlackKey"],"picked":"KiyohimeMod:EatSoul","floor":1.0},{"not_picked":["KiyohimeMod:FormalCraft","KiyohimeMod:HotSpringOfTheMoon","KiyohimeMod:LimitedZeroOver"],"picked":"SKIP","floor":2.0},{"not_picked":["KiyohimeMod:BlueBlackKey","KiyohimeMod:EatSoul","KiyohimeMod:RedBlackKey"],"picked":"SKIP","floor":3.0},{"not_picked":["KiyohimeMod:Berserker","KiyohimeMod:SteelTraining"],"picked":"KiyohimeMod:FacelessMoon","floor":6.0},{"not_picked":["KiyohimeMod:WaterTurn","KiyohimeMod:BlueBlackKey"],"picked":"KiyohimeMod:BeElegant","floor":7}],"player_experience":96578,"relics_obtained":[{"floor":6.0,"key":"Smiling Mask"},{"floor":7,"key":"hubris:TenFootPole"}],"event_choices":[{"damage_healed":0.0,"max_hp_gain":0.0,"max_hp_loss":0.0,"gold_gain":0.0,"cards_transformed":["KiyohimeMod:Defend"],"event_name":"Living Wall","player_choice":"Change","floor":0.0,"gold_loss":0.0,"damage_taken":0.0,"cards_obtained":["KiyohimeMod:FiringTheFirstArrow"]},{"cards_removed":["KiyohimeMod:Defend"],"damage_healed":0.0,"max_hp_gain":0.0,"max_hp_loss":0.0,"gold_gain":0.0,"event_name":"Golden Wing","player_choice":"Card Removal","floor":5.0,"gold_loss":0.0,"damage_taken":7.0}],"is_beta":false,"boss_relics":[],"items_purged_floors":[],"is_endless":false,"potions_floor_spawned":[2,6],"killed_by":"3 Sentries","ascension_level":2}}