{"host":"baymyijz6sxaqj5s","time":1609599102,"event":{"mods":["AchievementEnabler","BaseMod","Colored Map","Colored Powertips","DeckTracker","Highlight Path","KOR Keyword Fix","Keyboard Shortcuts","Minty Spire (QoL Compilation)","Quick Restart","StSLib","SuperFastMode"],"gold_per_floor":[115,125,142,92,104,104,119,119,142,142,211,231,231,250,250,250,250],"floor_reached":16,"playtime":316,"items_purged":[],"score":103,"play_id":"993ade39-0b70-4d64-a58a-f9474baff433","local_time":"20210102235142","is_ascension_mode":true,"campfire_choices":[{"data":"Armaments","floor":6,"key":"SMITH"},{"data":"Bash","floor":8,"key":"SMITH"},{"data":"Twin Strike","floor":10,"key":"SMITH"},{"floor":15,"key":"REST"}],"circlet_count":0,"master_deck":["Strike_R","Strike_R","Strike_R","Strike_R","Defend_R","Defend_R","Defend_R","Defend_R","Bash+1","Twin Strike+1","Armaments+1","Heavy Blade","Shrug It Off"],"relics":["Burning Blood","Happy Flower"],"acts_visited":["Exordium"],"potions_floor_usage":[12,14],"damage_taken":[{"damage":6,"enemies":"Cultist","floor":1,"turns":4},{"damage":8,"enemies":"Jaw Worm","floor":2,"turns":4},{"damage":7,"enemies":"2 Louse","floor":3,"turns":4},{"damage":21,"enemies":"Looter","floor":5,"turns":4},{"damage":3,"enemies":"2 Fungi Beasts","floor":7,"turns":3},{"damage":14,"enemies":"Lots of Slimes","floor":12,"turns":6},{"damage":7,"enemies":"Looter","floor":14,"turns":3},{"damage":99,"enemies":"The Guardian","floor":16,"turns":14}],"seed_played":"741096587489585743","potions_obtained":[{"floor":1,"key":"Fire Potion"},{"floor":2,"key":"GamblersBrew"},{"floor":3,"key":"Swift Potion"}],"is_trial":false,"path_per_floor":["M","M","M","?","M","R","M","R","T","R","?","M","$","M","R","B"],"character_chosen":"IRONCLAD","items_purchased":[],"campfire_rested":1,"item_purchase_floors":[],"current_hp_per_floor":[88,86,85,85,70,70,73,73,73,73,73,65,65,64,88,0,0],"gold":250,"neow_bonus":"TEN_PERCENT_HP_BONUS","is_daily":false,"chose_seed":false,"campfire_upgraded":3,"win_rate":0.0,"timestamp":1609599102,"path_taken":["M","M","M","?","M","R","M","R","T","R","?","M","$","M","R","BOSS"],"items_purchased_type":[],"build_version":"2020-12-22","purchased_purges":0,"victory":false,"max_hp_per_floor":[88,88,88,88,88,88,88,88,88,88,88,88,88,88,88,88,88],"card_choices":[{"not_picked":["Dual Wield","Hemokinesis","True Grit"],"picked":"SKIP","floor":1},{"not_picked":["Pommel Strike","Anger"],"picked":"Twin Strike","floor":2},{"not_picked":["Perfected Strike","Bludgeon","Hemokinesis"],"picked":"SKIP","floor":3},{"not_picked":["Twin Strike","Rage"],"picked":"Armaments","floor":5},{"not_picked":["Feel No Pain","Flex","Anger"],"picked":"SKIP","floor":7},{"not_picked":["Cleave","Anger"],"picked":"Heavy Blade","floor":12},{"not_picked":["Blood for Blood","Ghostly Armor"],"picked":"Shrug It Off","floor":14}],"player_experience":293433,"relics_obtained":[{"floor":9,"key":"Happy Flower"}],"event_choices":[{"cards_removed":["Strike_R"],"damage_healed":0,"gold_gain":0,"player_choice":"Card Removal","damage_taken":0,"max_hp_gain":0,"max_hp_loss":0,"event_name":"The Cleric","floor":4,"gold_loss":50},{"damage_healed":0,"gold_gain":69,"player_choice":"Gained Gold","damage_taken":0,"max_hp_gain":0,"max_hp_loss":0,"event_name":"Golden Wing","floor":11,"gold_loss":0}],"is_beta":false,"boss_relics":[],"items_purged_floors":[],"is_endless":false,"potions_floor_spawned":[1,2,3],"killed_by":"The Guardian","ascension_level":2}}