{"host":"65a95dzim48ko8ke","time":1609574121,"event":{"mods":["BaseMod","Better Third Choice","Colored Powertips","MarisaÅiñ∂âJÅ@ñÇóùçπÅj","Minty Spire (QoL Compilation)","Quick Restart","Rare Cards Sparkle","Spicy Shops","StSLib"],"gold_per_floor":[111,121,121,140,1,48,48,61,61,12,12,44,84,97,97,97,97],"floor_reached":16,"playtime":1019,"items_purged":[],"score":140,"play_id":"5800bd88-99f0-40b7-a734-8e379f3fb3a3","local_time":"20210102165521","is_ascension_mode":true,"campfire_choices":[{"data":"Panacea","floor":7.0,"key":"SMITH"},{"data":"MysteriousBeam","floor":11.0,"key":"SMITH"},{"data":"BigCrunch","floor":15,"key":"SMITH"}],"circlet_count":0,"master_deck":["Strike_MRS","Defend_MRS","Defend_MRS","Defend_MRS","Defend_MRS","MasterSpark","UpSweep","Singularity","EarthLightRay","SuperPerseids","WitchOfGreed","Panacea+1","MagicAbsorber","PowerUp","MysteriousBeam+1","FairyDestructionRay","DarkMatter","BigCrunch+1"],"relics":["MiniHakkero","StrikeDummy","Letter Opener","White Beast Statue"],"acts_visited":["Exordium"],"potions_floor_usage":[13,16],"damage_taken":[{"damage":0.0,"enemies":"Cultist","floor":1.0,"turns":3.0},{"damage":3.0,"enemies":"Small Slimes","floor":2.0,"turns":3.0},{"damage":2.0,"enemies":"Jaw Worm","floor":4.0,"turns":3.0},{"damage":20.0,"enemies":"Lagavulin","floor":6.0,"turns":5.0},{"damage":5.0,"enemies":"Looter","floor":8.0,"turns":4.0},{"damage":18.0,"enemies":"Large Slime","floor":12.0,"turns":4.0},{"damage":3,"enemies":"3 Sentries","floor":13,"turns":6},{"damage":7,"enemies":"Exordium Wildlife","floor":14,"turns":3},{"damage":39,"enemies":"The Guardian","floor":16,"turns":6}],"seed_played":"-2077862212994017705","potions_obtained":[{"floor":1.0,"key":"EntropicBrew"},{"floor":6.0,"key":"BottledSpark"},{"floor":12.0,"key":"SteroidPotion"},{"floor":13,"key":"AttackPotion"},{"floor":14,"key":"SkillPotion"}],"is_trial":false,"path_per_floor":["M","M","?","M","$","E","R","M","T","$","R","M","E","M","R","B"],"character_chosen":"MARISA","items_purchased":["WitchOfGreed","Panacea","MysteriousBeam"],"campfire_rested":0,"item_purchase_floors":[5,5,10],"current_hp_per_floor":[68,65,65,67,67,51,51,50,50,50,50,36,37,34,34,0,0],"gold":97,"neow_bonus":"REMOVE_TWO","is_daily":false,"chose_seed":false,"campfire_upgraded":3,"win_rate":0.0,"timestamp":1609574121,"path_taken":["M","?","?","?","$","E","R","M","T","?","R","M","E","M","R","BOSS"],"items_purchased_type":["Card","Card","Card"],"build_version":"2020-12-22","purchased_purges":0,"victory":false,"max_hp_per_floor":[68,68,68,68,68,68,68,68,68,68,68,68,68,68,68,68,68],"card_choices":[{"not_picked":["Occultation","UnstableBomb"],"picked":"Singularity","floor":1.0},{"not_picked":["GalacticHalo","DoubleSpark"],"picked":"EarthLightRay","floor":2.0},{"not_picked":["WitchLeyline","PropBag"],"picked":"SuperPerseids","floor":4.0},{"not_picked":["ShootingEcho","GalacticHalo"],"picked":"MagicAbsorber","floor":6.0},{"not_picked":["ShootTheMoon","UnstableBomb"],"picked":"PowerUp","floor":8.0},{"not_picked":["ShootingEcho","MysteriousBeam"],"picked":"FairyDestructionRay","floor":12.0},{"not_picked":["PulseMagic","GravityBeat"],"picked":"DarkMatter","floor":13},{"not_picked":["6A","GasGiant"],"picked":"BigCrunch","floor":14}],"player_experience":333535,"relics_obtained":[{"floor":6.0,"key":"StrikeDummy"},{"floor":9.0,"key":"Letter Opener"},{"floor":13,"key":"White Beast Statue"}],"event_choices":[{"cards_removed":["Strike_MRS"],"damage_healed":0.0,"max_hp_gain":0.0,"max_hp_loss":0.0,"gold_gain":0.0,"event_name":"Bonfire Elementals","player_choice":"Offered Basic","floor":3.0,"gold_loss":0.0,"damage_taken":0.0}],"is_beta":false,"boss_relics":[],"items_purged_floors":[],"is_endless":false,"potions_floor_spawned":[1,6,14],"killed_by":"The Guardian","ascension_level":5}}