{"host":"37dk0reb6x0du8wx","time":1609588175,"event":{"mods":["BaseMod","Colored Map","DeckTracker","Minty Spire (QoL Compilation)","Quick Restart","StSLib","The Dragon Tamer"],"gold_per_floor":[117,135,60,60,235,235,235,235,235,235,247,309,309,88,88,191,241,255,267,167,186,186,186,186],"floor_reached":23,"playtime":543,"items_purged":["Strike_B","Strike_B"],"score":195,"play_id":"95112f9d-396c-443e-b6a2-279bb3aa90cd","local_time":"20210102204935","is_ascension_mode":true,"campfire_choices":[{"data":"Zap","floor":6,"key":"SMITH"},{"data":"Darkness","floor":8,"key":"SMITH"},{"floor":13,"key":"REST"},{"data":"Capacitor","floor":15,"key":"SMITH"}],"circlet_count":0,"master_deck":["Strike_B","Defend_B","Defend_B","Defend_B","Defend_B","Zap+1","Dualcast+1","Darkness+1","Ball Lightning","Doubt","Machine Learning","Capacitor+1","Conserve Battery","Chill","Melter"],"relics":["Cracked Core","NeowsBlessing","Art of War","Juzu Bracelet","Blue Candle","ClockworkSouvenir","Tiny House","MutagenicStrength"],"acts_visited":["Exordium","TheCity"],"potions_floor_usage":[],"damage_taken":[{"damage":0,"enemies":"Cultist","floor":1,"turns":1},{"damage":0,"enemies":"2 Louse","floor":2,"turns":1},{"damage":0,"enemies":"Small Slimes","floor":11,"turns":1},{"damage":25,"enemies":"3 Sentries","floor":12,"turns":6},{"damage":44,"enemies":"Hexaghost","floor":16,"turns":9},{"damage":28,"enemies":"Shell Parasite","floor":18,"turns":6},{"damage":6,"enemies":"Spheric Guardian","floor":19,"turns":3},{"damage":40,"enemies":"Snecko","floor":21,"turns":6},{"damage":30,"enemies":"Gremlin Leader","floor":23,"turns":3}],"seed_played":"-3853882945813045100","potions_obtained":[{"floor":1,"key":"LiquidBronze"},{"floor":17,"key":"SneckoOil"},{"floor":18,"key":"AttackPotion"}],"is_trial":false,"path_per_floor":["M","M","$","T","?","R","?","R","T","?","M","?","R","$","R","B",null,"M","M","$","M","?","E"],"character_chosen":"DEFECT","items_purchased":["ClockworkSouvenir","Capacitor"],"campfire_rested":1,"item_purchase_floors":[14,14],"current_hp_per_floor":[75,75,75,75,75,75,75,75,75,68,68,43,65,65,65,21,80,52,46,46,6,6,0,0],"gold":186,"neow_bonus":"THREE_ENEMY_KILL","is_daily":false,"chose_seed":false,"campfire_upgraded":3,"win_rate":0.0,"timestamp":1609588175,"path_taken":["M","M","$","?","?","R","?","R","T","?","M","?","R","$","R","BOSS","M","M","$","M","?","E"],"items_purchased_type":["Relic","Card"],"build_version":"2020-12-22","purchased_purges":2,"victory":false,"max_hp_per_floor":[75,75,75,75,75,75,75,75,75,75,75,75,75,75,75,75,80,80,80,80,80,80,80,80],"card_choices":[{"not_picked":["Doom and Gloom","Chill"],"picked":"Darkness","floor":1},{"not_picked":["Steam","Stack"],"picked":"Ball Lightning","floor":2},{"not_picked":["Hologram","Reprogram","Hello World"],"picked":"SKIP","floor":11},{"not_picked":["Gash","Turbo"],"picked":"Conserve Battery","floor":17},{"not_picked":["Conserve Battery+1","Beam Cell+1"],"picked":"Chill","floor":18},{"not_picked":["Steam","Reboot"],"picked":"Melter","floor":19},{"not_picked":["Fusion","Stack","Go for the Eyes+1"],"picked":"SKIP","floor":21}],"player_experience":117148,"relics_obtained":[{"floor":4,"key":"Art of War"},{"floor":9,"key":"Juzu Bracelet"},{"floor":12,"key":"Blue Candle"}],"event_choices":[{"damage_healed":0,"gold_gain":175,"player_choice":"AGREE","damage_taken":0,"max_hp_gain":0,"max_hp_loss":0,"event_name":"Liars Game","floor":5,"gold_loss":0,"cards_obtained":["Doubt"]},{"damage_healed":0,"gold_gain":0,"player_choice":"1 cards matched","damage_taken":0,"max_hp_gain":0,"max_hp_loss":0,"event_name":"Match and Keep!","floor":7,"gold_loss":0,"cards_obtained":["Machine Learning"]},{"cards_removed":["Strike_B"],"damage_healed":0,"gold_gain":0,"player_choice":"Card Removal","damage_taken":7,"max_hp_gain":0,"max_hp_loss":0,"event_name":"Golden Wing","floor":10,"gold_loss":0},{"damage_healed":0,"gold_gain":0,"player_choice":"Searched \u00272\u0027 times","damage_taken":0,"max_hp_gain":0,"max_hp_loss":0,"event_name":"Dead Adventurer","floor":12,"gold_loss":0},{"damage_healed":0,"gold_gain":0,"player_choice":"Inject Mutagens","damage_taken":0,"relics_obtained":["MutagenicStrength"],"max_hp_gain":0,"max_hp_loss":0,"event_name":"Drug Dealer","floor":22,"gold_loss":0}],"is_beta":false,"boss_relics":[{"not_picked":["Cursed Key","Coffee Dripper"],"picked":"Tiny House"}],"items_purged_floors":[3,20],"is_endless":false,"potions_floor_spawned":[1,18,19],"killed_by":"Gremlin Leader","ascension_level":2}}