{"host":"7t8rqoeeopyy0nh0","time":1609579513,"event":{"mods":["AchievementEnabler","BaseMod","Better Third Choice","BetterRewards","Colored Map","Colored Powertips","Conspire","Downfall","Hubris","Infinite Spire","Minty Spire (QoL Compilation)","Permanent Neow","Quick Restart","Rare Cards Sparkle","Replay The Spire","StSLib","The Jungle"],"gold_per_floor":[118,118,138,138,153,153,193,42,42,63,47,47,47,63,63,63,63],"floor_reached":16,"playtime":534,"items_purged":[],"score":188,"play_id":"a3b000cb-c81d-4d19-943b-ff044ea56981","local_time":"20210102042513","is_ascension_mode":true,"campfire_choices":[{"floor":6,"key":"REST"},{"floor":12,"key":"REST"},{"data":"Dagger Spray","floor":15,"key":"SMITH"}],"circlet_count":0,"master_deck":["AscendersBane","Strike_G","Strike_G","Strike_G","Strike_G","Strike_G","Defend_G","Defend_G","Defend_G","Defend_G","Defend_G","Survivor","Neutralize+1","Injury","Dagger Throw","Dagger Spray+1","Crippling Poison","Wraith Form v2","PiercingWail"],"relics":["Ring of the Snake","Durian","Golden Idol","Ice Cream","Vajra","Pear"],"acts_visited":["Exordium"],"potions_floor_usage":[11,16,16],"damage_taken":[{"damage":0,"enemies":"2 Louse","floor":1,"turns":4},{"damage":9,"enemies":"Small Slimes","floor":3,"turns":5},{"damage":4,"enemies":"Cultist","floor":5,"turns":5},{"damage":28,"enemies":"Gremlin Nob","floor":7,"turns":5},{"damage":3,"enemies":"Looter","floor":10,"turns":4},{"damage":13,"enemies":"Exordium Thugs","floor":11,"turns":4},{"damage":3,"enemies":"3 Louse","floor":14,"turns":3},{"damage":47,"enemies":"Hexaghost","floor":16,"turns":14}],"seed_played":"-3932526978263954648","potions_obtained":[{"floor":5,"key":"Dexterity Potion"},{"floor":10,"key":"PowerPotion"},{"floor":13,"key":"LifebloodPotion"},{"floor":14,"key":"BlessingOfTheForge"}],"is_trial":false,"path_per_floor":["M","?","M","?","M","R","E","$","T","M","M","R","?","M","R","B"],"character_chosen":"THE_SILENT","items_purchased":["Vajra"],"campfire_rested":2,"item_purchase_floors":[8],"current_hp_per_floor":[50,50,41,41,37,59,31,31,41,38,25,50,50,47,47,0,0],"gold":63,"neow_bonus":"ONE_RARE_RELIC","is_daily":false,"chose_seed":false,"campfire_upgraded":1,"win_rate":0.0,"timestamp":1609579513,"path_taken":["M","?","M","?","M","R","E","$","T","M","?","R","?","M","R","BOSS"],"items_purchased_type":["Relic"],"build_version":"2020-12-22","purchased_purges":0,"victory":false,"max_hp_per_floor":[75,75,75,75,75,75,75,75,85,85,85,85,85,85,85,85,85],"card_choices":[{"not_picked":["Escape Plan","ReplayTheSpireMod:Scrap Shanks","Accuracy"],"picked":"SKIP","floor":1},{"not_picked":["Deadly Poison","Fluid Movement"],"picked":"Dagger Throw","floor":3},{"not_picked":["Concentrate","Prepared"],"picked":"Dagger Spray","floor":5},{"not_picked":["Deflect","Distraction"],"picked":"Crippling Poison","floor":7},{"not_picked":["conspire:DoublingDagger","Outmaneuver"],"picked":"Wraith Form v2","floor":10},{"not_picked":["Escape Plan","hubris:SlightOfHand","Dagger Spray"],"picked":"SKIP","floor":11},{"not_picked":["Hidden Blade","Dagger Throw"],"picked":"PiercingWail","floor":14}],"player_experience":371747,"relics_obtained":[{"floor":7,"key":"Ice Cream"},{"floor":9,"key":"Pear"}],"event_choices":[{"damage_healed":0,"gold_gain":0,"player_choice":"Take Wound","damage_taken":0,"relics_obtained":["Golden Idol"],"max_hp_gain":0,"max_hp_loss":0,"event_name":"Golden Idol","floor":2,"gold_loss":0,"cards_obtained":["Injury"]},{"damage_healed":0,"gold_gain":0,"player_choice":"Upgraded","damage_taken":0,"max_hp_gain":0,"max_hp_loss":0,"event_name":"Upgrade Shrine","floor":4,"gold_loss":0,"cards_upgraded":["Neutralize"]},{"damage_healed":0,"gold_gain":0,"player_choice":"Got Potions","damage_taken":0,"max_hp_gain":0,"max_hp_loss":0,"event_name":"Lab","floor":13,"gold_loss":0}],"is_beta":false,"boss_relics":[],"items_purged_floors":[],"is_endless":false,"potions_floor_spawned":[5,10,14],"killed_by":"Hexaghost","ascension_level":12}}