{"host":"fjaupvxe7fzqrf4j","time":1609569422,"event":{"mods":["ATMod(°¢èªMod)","BaseMod","Minty Spire (QoL Compilation)","StSLib"],"gold_per_floor":[119,44,44,44,44,80,123,164,164,204,247,283,321,427,427,545,545,591,591,172,222,222,336,430,544,568,636,745,810,929,989,989,1107,1107,1147,1147,1242,891,604,672,737,846,846,910,425,538,651,707,707,832,857,857,857,325,409,434],"floor_reached":57,"playtime":1249,"items_purged":["Blade Dance","AT_WindFlip","Prepared","Dagger Throw","Tools of the Trade"],"score":5040,"play_id":"0df92055-0205-49e1-b9fb-0f0ae0cdb339","local_time":"20210102143702","daily_mods":["SealedDeck","Heirloom","Time Dilation","Flight","Elite Swarm"],"is_ascension_mode":true,"campfire_choices":[{"data":"AT_KingSlayer","floor":15,"key":"SMITH"},{"data":"Prepared","floor":32,"key":"SMITH"},{"floor":49,"key":"RECALL"},{"data":"Adrenaline","floor":53,"key":"SMITH"}],"circlet_count":0,"master_deck":["AscendersBane","Dodge and Roll+1","AT_ShadowStep+1","Prepared+1","Tactician+1","Acrobatics+1","Backflip+1","Grand Finale","AT_KingSlayer+1","Adrenaline+1","After Image","Master of Strategy","Panacea+1","AT_WaterDrop"],"relics":["Ring of the Snake","AT_ATBox","StoneCalendar","Golden Idol","AT_BladeRuinedKing","AT_SilvercatRing","Gremlin Horn","Mercury Hourglass","Letter Opener","AT_MibuBalloonWealth","Singing Bowl","Runic Dome","TungstenRod","Regal Pillow","Bag of Preparation","PreservedInsect","Orichalcum","Boot","Pocketwatch","Torii","AT_ChloranthyRing","Sozu","Membership Card","Pantograph","Ornamental Fan","Blood Vial","MealTicket","Omamori","Meat on the Bone","AT_BellowingDragoncrestRing","AT_SunfireAegis","PrismaticShard","Bronze Scales","Bottled Tornado","FossilizedHelix","Tough Bandages","AT_DeathDance","AT_ForceNature","Oddly Smooth Stone","HandDrill","Mummified Hand"],"acts_visited":["Exordium","TheCity","TheBeyond","TheEnding"],"potions_floor_usage":[56,56],"damage_taken":[{"damage":0.0,"enemies":"Small Slimes","floor":1.0,"turns":1.0},{"damage":0.0,"enemies":"Gremlin Nob","floor":6.0,"turns":1.0},{"damage":0.0,"enemies":"3 Sentries","floor":7.0,"turns":1.0},{"damage":0.0,"enemies":"Lagavulin","floor":8.0,"turns":1.0},{"damage":0.0,"enemies":"3 Sentries","floor":10.0,"turns":1.0},{"damage":0,"enemies":"Lagavulin","floor":11,"turns":2},{"damage":0,"enemies":"3 Sentries","floor":12,"turns":1},{"damage":0,"enemies":"Lagavulin","floor":13,"turns":2},{"damage":0,"enemies":"3 Sentries","floor":14,"turns":1},{"damage":0,"enemies":"Hexaghost","floor":16,"turns":1},{"damage":0,"enemies":"Shell Parasite","floor":18,"turns":1},{"damage":0,"enemies":"Gremlin Leader","floor":23,"turns":1},{"damage":0,"enemies":"3 Byrds","floor":24,"turns":1},{"damage":0,"enemies":"Slavers","floor":25,"turns":1},{"damage":0,"enemies":"Book of Stabbing","floor":27,"turns":1},{"damage":0,"enemies":"Slavers","floor":28,"turns":1},{"damage":0,"enemies":"Book of Stabbing","floor":29,"turns":1},{"damage":0,"enemies":"Slavers","floor":30,"turns":1},{"damage":0,"enemies":"Book of Stabbing","floor":31,"turns":1},{"damage":0,"enemies":"Automaton","floor":33,"turns":1},{"damage":0,"enemies":"Orb Walker","floor":35,"turns":1},{"damage":0,"enemies":"3 Shapes","floor":37,"turns":1},{"damage":0,"enemies":"Giant Head","floor":40,"turns":1},{"damage":0,"enemies":"Nemesis","floor":41,"turns":1},{"damage":0,"enemies":"Reptomancer","floor":42,"turns":1},{"damage":0,"enemies":"Giant Head","floor":44,"turns":1},{"damage":0,"enemies":"Reptomancer","floor":46,"turns":1},{"damage":0,"enemies":"2 Orb Walkers","floor":47,"turns":1},{"damage":0,"enemies":"Nemesis","floor":48,"turns":1},{"damage":0,"enemies":"Awakened One","floor":50,"turns":2},{"damage":0,"enemies":"Time Eater","floor":51,"turns":1},{"damage":0,"enemies":"Shield and Spear","floor":55,"turns":1},{"damage":0,"enemies":"The Heart","floor":56,"turns":4}],"seed_played":"4365245888897852539","potions_obtained":[{"floor":6.0,"key":"DuplicationPotion"},{"floor":7.0,"key":"SkillPotion"},{"floor":13,"key":"GamblersBrew"},{"floor":16,"key":"PowerPotion"}],"is_trial":true,"path_per_floor":["M","?","?","?","$","E","E","E","T","E","E","E","E","E","R","B",null,"M","?","$","?","?","E","M","E","T","E","E","E","E","E","R","B",null,"M","?","M","$","$","E","E","E","T","E","$","E","?","E","R","B","B",null,"R","$","E","B",null],"character_chosen":"THE_SILENT","items_purchased":["TungstenRod","Membership Card","Pantograph","Ornamental Fan","Blood Vial","Master of Strategy","PrismaticShard","Bronze Scales","Bottled Tornado","AT_ForceNature","Oddly Smooth Stone","Panacea","HandDrill","Tools of the Trade"],"campfire_rested":0,"item_purchase_floors":[20,38,38,39,39,45,45,45,45,54,54,54,54,54],"current_hp_per_floor":[59,59,36,36,36,36,36,36,36,36,36,36,36,38,38,38,61,63,63,63,63,63,65,67,69,69,71,73,75,77,79,79,81,86,88,88,90,90,90,94,96,98,98,100,100,102,104,106,106,106,106,106,106,106,106,106],"gold":434,"neow_bonus":"","is_daily":false,"chose_seed":false,"campfire_upgraded":3,"win_rate":0.0,"timestamp":1609569422,"path_taken":["M","?","?","?","$","E","E","E","T","E","E","E","E","E","R","BOSS","M","?","$","?","?","E","?","E","T","E","E","E","E","E","R","BOSS","M","?","?","$","$","E","E","E","T","E","$","E","?","E","R","BOSS","BOSS","R","$","E","BOSS"],"items_purchased_type":["Relic","Relic","Relic","Relic","Relic","Card","Relic","Relic","Relic","Relic","Relic","Card","Relic","Card"],"build_version":"2020-12-22","purchased_purges":5,"victory":true,"max_hp_per_floor":[66,66,66,66,66,66,66,66,66,66,66,66,66,68,68,68,68,70,70,70,70,70,72,74,76,76,78,80,82,84,86,86,88,88,90,90,92,92,92,94,96,98,98,100,100,102,104,106,106,106,106,106,106,106,106,106],"card_choices":[{"not_picked":["AT_WindFlip","Deflect"],"picked":"Backflip","floor":1.0},{"not_picked":["Die Die Die","Burst","Malaise"],"picked":"SKIP","floor":6.0},{"not_picked":["A Thousand Cuts","AT_MyraUnstableElement"],"picked":"Grand Finale","floor":7.0},{"not_picked":["Glass Knife","After Image"],"picked":"AT_KingSlayer","floor":8.0},{"not_picked":["Grand Finale","Storm of Steel","Bullet Time"],"picked":"SKIP","floor":10},{"not_picked":["Corpse Explosion","Wraith Form v2"],"picked":"Adrenaline","floor":11},{"not_picked":["AT_EssenceShift","Corpse Explosion","Doppelganger"],"picked":"SKIP","floor":12},{"not_picked":["Glass Knife","Envenom","AT_MyraUnstableElement"],"picked":"SKIP","floor":13},{"not_picked":["Bullet Time","Phantasmal Killer","Grand Finale"],"picked":"Singing Bowl","floor":14},{"not_picked":["Unload","Doppelganger"],"picked":"After Image","floor":16},{"not_picked":["Tactician","Catalyst","Dash"],"picked":"Singing Bowl","floor":18},{"not_picked":["Burst","Envenom","Adrenaline"],"picked":"Singing Bowl","floor":23},{"not_picked":["Calculated Gamble","PiercingWail","Eviscerate"],"picked":"Singing Bowl","floor":24},{"not_picked":["Adrenaline","Grand Finale","Venomology"],"picked":"Singing Bowl","floor":25},{"not_picked":["AT_MyraUnstableElement","Malaise","Unload"],"picked":"Singing Bowl","floor":27},{"not_picked":["AT_KingSlayer","Unload","Tools of the Trade"],"picked":"Singing Bowl","floor":28},{"not_picked":["Envenom","Wraith Form v2","Tools of the Trade"],"picked":"Singing Bowl","floor":29},{"not_picked":["Venomology","After Image","Die Die Die"],"picked":"Singing Bowl","floor":30},{"not_picked":["Unload","Corpse Explosion","A Thousand Cuts"],"picked":"Singing Bowl","floor":31},{"not_picked":["Die Die Die","Corpse Explosion","Night Terror"],"picked":"Singing Bowl","floor":33},{"not_picked":["Dagger Throw","Blade Dance","Endless Agony+1"],"picked":"Singing Bowl","floor":35},{"not_picked":["Leg Sweep","Dagger Throw+1","AT_WindFlip"],"picked":"Singing Bowl","floor":37},{"not_picked":["Night Terror","Wraith Form v2","Bullet Time"],"picked":"Singing Bowl","floor":40},{"not_picked":["Adrenaline","Storm of Steel","Grand Finale"],"picked":"Singing Bowl","floor":41},{"not_picked":["After Image","Doppelganger","Tools of the Trade"],"picked":"Singing Bowl","floor":42},{"not_picked":["Tools of the Trade","AT_MyraUnstableElement","Venomology"],"picked":"Singing Bowl","floor":44},{"not_picked":["Demon Form","Omniscience","Berserk"],"picked":"Singing Bowl","floor":46},{"not_picked":["Doom and Gloom","Sword Boomerang+1","Thunderclap"],"picked":"Singing Bowl","floor":47},{"not_picked":["Sadistic Nature","Omniscience","Glass Knife"],"picked":"Singing Bowl","floor":48},{"not_picked":["AT_MachinaRedman","DevaForm"],"picked":"AT_WaterDrop","floor":55}],"player_experience":323031,"relics_obtained":[{"floor":6.0,"key":"AT_BladeRuinedKing"},{"floor":7.0,"key":"AT_SilvercatRing"},{"floor":8.0,"key":"Gremlin Horn"},{"floor":11,"key":"Mercury Hourglass"},{"floor":12,"key":"Letter Opener"},{"floor":13,"key":"AT_MibuBalloonWealth"},{"floor":14,"key":"Singing Bowl"},{"floor":23,"key":"Regal Pillow"},{"floor":25,"key":"Bag of Preparation"},{"floor":26,"key":"PreservedInsect"},{"floor":27,"key":"Orichalcum"},{"floor":28,"key":"Boot"},{"floor":29,"key":"Pocketwatch"},{"floor":30,"key":"Torii"},{"floor":31,"key":"AT_ChloranthyRing"},{"floor":40,"key":"MealTicket"},{"floor":41,"key":"Omamori"},{"floor":42,"key":"Meat on the Bone"},{"floor":43,"key":"AT_BellowingDragoncrestRing"},{"floor":44,"key":"AT_SunfireAegis"},{"floor":46,"key":"FossilizedHelix"},{"floor":47,"key":"Tough Bandages"},{"floor":48,"key":"AT_DeathDance"},{"floor":55,"key":"Mummified Hand"}],"event_choices":[{"cards_removed":["AT_WindFlip"],"damage_healed":0.0,"max_hp_gain":0.0,"max_hp_loss":0.0,"gold_gain":0.0,"event_name":"The Cleric","player_choice":"Card Removal","floor":2.0,"gold_loss":75.0,"damage_taken":0.0},{"damage_healed":0.0,"max_hp_gain":0.0,"max_hp_loss":0.0,"gold_gain":0.0,"event_name":"Golden Idol","player_choice":"Take Damage","floor":3.0,"gold_loss":0.0,"damage_taken":23.0,"relics_obtained":["Golden Idol"]},{"damage_healed":0.0,"max_hp_gain":0.0,"max_hp_loss":0.0,"gold_gain":0.0,"event_name":"Living Wall","player_choice":"Grow","floor":4.0,"gold_loss":0.0,"damage_taken":0.0,"cards_upgraded":["Tactician"]},{"damage_healed":0,"gold_gain":0,"player_choice":"Ignored","damage_taken":0,"max_hp_gain":0,"max_hp_loss":0,"event_name":"Ghosts","floor":19,"gold_loss":0},{"damage_healed":0,"gold_gain":50,"player_choice":"Stole From Cult","damage_taken":0,"max_hp_gain":0,"max_hp_loss":0,"event_name":"Nest","floor":21,"gold_loss":0},{"damage_healed":0,"gold_gain":0,"player_choice":"Ignored","damage_taken":0,"max_hp_gain":0,"max_hp_loss":0,"event_name":"Vampires","floor":22,"gold_loss":0},{"damage_healed":0,"gold_gain":0,"player_choice":"Got Potions","damage_taken":0,"max_hp_gain":0,"max_hp_loss":0,"event_name":"Lab","floor":36,"gold_loss":0},{"damage_healed":0,"gold_gain":0,"player_choice":"Fight","damage_taken":0,"max_hp_gain":0,"max_hp_loss":0,"event_name":"Mysterious Sphere","floor":47,"gold_loss":0}],"is_beta":false,"boss_relics":[{"not_picked":["Busted Crown","SlaversCollar"],"picked":"Runic Dome"},{"not_picked":["WristBlade","Philosopher\u0027s Stone"],"picked":"Sozu"}],"items_purged_floors":[20,38,39,45,54],"is_endless":false,"potions_floor_spawned":[6,7,12,13,14,16,24,28,31,33,37,40,46,48],"ascension_level":20}}