{"host":"mytek2nu1hrzdnew","time":1609629469,"event":{"mods":["Aspiration","BaseMod","Conspire","Evolution","GifTheSpireLib","Gold Saver","Hubris","Minty Spire (QoL Compilation)","Replay The Spire","StSLib","Stuff the Spire","Uncapped"],"gold_per_floor":[705,385,385,81,81,114,129,154,204,223,223,240,254,289,289,391,391,407,418,67,67,167,198,198,227,227,256,256,276,43,54,54,153,153,165,358,358,288,288,288,316,328,353,384,394,394,167,200,200,200],"floor_reached":51,"playtime":1958,"items_purged":["Compile Driver","Defend_B","hubris:Envy","Compile Driver"],"score":1232,"play_id":"17ffeba2-bbda-4532-9633-ac795d097c5d","local_time":"20210102181749","is_ascension_mode":true,"campfire_choices":[{"data":"Zap","floor":11,"key":"SMITH"},{"data":"Seeing Red","floor":15,"key":"SMITH"},{"data":"Fission","floor":24,"key":"SMITH"},{"data":"Double Energy","floor":28,"key":"SMITH"},{"data":"Creative AI","floor":40,"key":"SMITH"},{"data":"Electrodynamics","floor":46,"key":"SMITH"},{"data":"Beam Cell","floor":49,"key":"SMITH"}],"circlet_count":0,"master_deck":["Compile Driver","Conserve Battery","Conserve Battery","Defend_B","Zap+1","Ball Lightning","Bash","Rip and Tear","ReplayGash","Ball Lightning","Gash","Seeing Red+1","Fission+1","Go for the Eyes+1","Beam Cell+1","Double Energy+1","Electrodynamics+1","Flash of Steel","Creative AI+1","Loop+1","StuffTheSpire:Coldhearted+1","Ball Lightning","Redo+1","Consume+1","BootSequence+1","ReplayGash"],"relics":["EVO:Axolotl","aspiration:Nostalgia","Burning Blood","StuffTheSpire:Rhapsscallions","Iron Core","Magic Flower","Chameleon Ring","conspire:BottledYoYo","PreservedInsect","Carrot","aspiration:Stellarator","aspiration:SeaSaltIceCream","Unceasing Top","aspiration:HatOfInfinitePower","StuffTheSpire:ColdMirror","Eternal Feather","ClockworkSouvenir","hubris:VirtuousBlindfold","ReplayTheSpireMod:CursedCoin","hubris:Towel","Potion Belt","Happy Flower","aspiration:StickyExplosives_weak","Replay:Baseball"],"acts_visited":["Exordium","TheCity","TheBeyond"],"potions_floor_usage":[13,27,31,33,38,50,50],"damage_taken":[{"damage":0,"enemies":"Small Slimes","floor":1,"turns":3},{"damage":26,"enemies":"Lagavulin","floor":6,"turns":4},{"damage":0,"enemies":"Jaw Worm","floor":7,"turns":3},{"damage":8,"enemies":"Gremlin Nob","floor":8,"turns":3},{"damage":8,"enemies":"2 Louse","floor":10,"turns":3},{"damage":1,"enemies":"Blue Slaver","floor":12,"turns":2},{"damage":0,"enemies":"Lots of Slimes","floor":13,"turns":2},{"damage":0,"enemies":"Lagavulin","floor":14,"turns":2},{"damage":0,"enemies":"Slime Boss","floor":16,"turns":3},{"damage":5,"enemies":"Shell Parasite","floor":18,"turns":2},{"damage":0,"enemies":"Chosen","floor":19,"turns":2},{"damage":27,"enemies":"Slavers","floor":23,"turns":2},{"damage":18,"enemies":"Gremlin Leader","floor":25,"turns":3},{"damage":2,"enemies":"Book of Stabbing","floor":27,"turns":2},{"damage":0,"enemies":"Snecko","floor":29,"turns":2},{"damage":0,"enemies":"3 Cultists","floor":31,"turns":1},{"damage":3,"enemies":"Champ","floor":33,"turns":3},{"damage":0,"enemies":"3 Darklings","floor":35,"turns":1},{"damage":0,"enemies":"Reptomancer","floor":41,"turns":2},{"damage":0,"enemies":"3 Shapes","floor":42,"turns":1},{"damage":0,"enemies":"Giant Head","floor":44,"turns":2},{"damage":0,"enemies":"Writhing Mass","floor":45,"turns":2},{"damage":0,"enemies":"Nemesis","floor":48,"turns":3},{"damage":0,"enemies":"conspire:OrnateMirror","floor":50,"turns":2}],"seed_played":"-7934644997473363660","potions_obtained":[{"floor":7,"key":"PotionOfCapacity"},{"floor":12,"key":"LifebloodPotion"},{"floor":16,"key":"LiquidBronze"},{"floor":19,"key":"Explosive Potion"},{"floor":29,"key":"PotionOfCapacity"},{"floor":35,"key":"SkillPotion"},{"floor":44,"key":"Elixir"}],"is_trial":false,"path_per_floor":["M","$","?","$","?","E","M","E","T","M","R","M","M","E","R","B",null,"M","M","$","?","?","E","R","E","T","E","R","M","$","M","R","B",null,"M","?","?","$","?","R","E","M","T","E","M","R","$","E","R","B",null],"character_chosen":"DEFECT","items_purchased":["StuffTheSpire:Rhapsscallions","Magic Flower","aspiration:SeaSaltIceCream","ClockworkSouvenir","Flash of Steel","ReplayTheSpireMod:CursedCoin","Fruit Juice","ReplayGash"],"campfire_rested":0,"item_purchase_floors":[2,4,20,30,30,38,38,47],"current_hp_per_floor":[75,81,81,81,86,69,78,79,79,80,80,86,86,86,86,86,86,86,86,86,86,86,68,68,59,59,66,75,84,84,86,86,86,86,86,65,74,81,81,93,93,93,93,93,93,93,93,93,93,93],"gold":200,"neow_bonus":"NOSTALGIA","is_daily":false,"chose_seed":false,"campfire_upgraded":7,"win_rate":0.0,"timestamp":1609629469,"path_taken":["M","$","?","$","?","E","M","E","T","M","R","M","M","E","R","BOSS","M","M","$","?","?","E","R","E","T","E","R","M","$","M","R","BOSS","M","?","?","$","?","R","E","M","T","E","M","R","$","E","R","BOSS"],"items_purchased_type":["Relic","Relic","Relic","Relic","Card","Relic","Potion","Card"],"build_version":"2020-12-22","purchased_purges":4,"victory":true,"max_hp_per_floor":[75,81,81,81,86,86,86,86,86,86,86,86,86,86,86,86,86,86,86,86,86,86,86,86,86,86,86,86,86,86,86,86,86,86,86,86,86,93,93,93,93,93,93,93,93,93,93,93,93,93],"card_choices":[{"not_picked":["Streamline","Double Energy"],"picked":"Ball Lightning","floor":1},{"not_picked":["Clash","Iron Wave","Compile Driver"],"picked":"SKIP","floor":6},{"not_picked":["Sweeping Beam","Headbutt"],"picked":"Rip and Tear","floor":7},{"not_picked":["BasicCrystalCard","Sweeping Beam"],"picked":"ReplayGash","floor":8},{"not_picked":["Rebound","Warcry"],"picked":"Ball Lightning","floor":10},{"not_picked":["Fusion","conspire:SharedLibrary"],"picked":"Gash","floor":12},{"not_picked":["conspire:SharedLibrary","Turbo","Steam"],"picked":"SKIP","floor":13},{"not_picked":["Offering","ReplayTheSpireMod:Muscle Training"],"picked":"Seeing Red","floor":14},{"not_picked":["Thunder Strike","Juggernaut"],"picked":"Fission","floor":16},{"not_picked":["StuffTheSpire:NuclearReactor","StuffTheSpire:Plugnplay"],"picked":"Go for the Eyes+1","floor":18},{"not_picked":["StuffTheSpire:ShieldGenerator+1","Auto Shields+1"],"picked":"Beam Cell","floor":19},{"not_picked":["Time Bomb","Redo","Coolheaded"],"picked":"SKIP","floor":23},{"not_picked":["Beam Cell","Go for the Eyes+1"],"picked":"Double Energy","floor":25},{"not_picked":["StuffTheSpire:Synthwave+1","Conserve Battery+1"],"picked":"Electrodynamics","floor":27},{"not_picked":["Redo","Cold Snap+1","Rebound"],"picked":"SKIP","floor":29},{"not_picked":["Leap","Melter","ReplayTheSpireMod:Omega Cannon"],"picked":"SKIP","floor":31},{"not_picked":["Echo Form","Thunder Strike"],"picked":"Creative AI","floor":33},{"not_picked":["StuffTheSpire:ShieldGenerator","Coolheaded"],"picked":"Loop+1","floor":35},{"not_picked":["BasicCrystalCard+1","StuffTheSpire:LoadUp"],"picked":"StuffTheSpire:Coldhearted+1","floor":36},{"not_picked":["StuffTheSpire:ShieldGenerator+1","Steam Power+1"],"picked":"Ball Lightning","floor":41},{"not_picked":["Time Bomb+1","Streamline+1"],"picked":"Redo+1","floor":42},{"not_picked":["ReplayRNGCard","Undo+1"],"picked":"Consume+1","floor":44},{"not_picked":["Skim+1","Leap"],"picked":"BootSequence+1","floor":45},{"not_picked":["Streamline","Skim","Stack+1"],"picked":"SKIP","floor":48}],"player_experience":1006755,"relics_obtained":[{"floor":6,"key":"Chameleon Ring"},{"floor":8,"key":"conspire:BottledYoYo"},{"floor":9,"key":"PreservedInsect"},{"floor":14,"key":"Carrot"},{"floor":23,"key":"aspiration:HatOfInfinitePower"},{"floor":26,"key":"StuffTheSpire:ColdMirror"},{"floor":27,"key":"Eternal Feather"},{"floor":41,"key":"Potion Belt"},{"floor":43,"key":"Happy Flower"},{"floor":44,"key":"aspiration:StickyExplosives_weak"},{"floor":48,"key":"Replay:Baseball"}],"event_choices":[{"damage_healed":0,"gold_gain":0,"player_choice":"Donut","damage_taken":0,"max_hp_gain":5,"max_hp_loss":0,"event_name":"Big Fish","floor":5,"gold_loss":0},{"damage_healed":0,"gold_gain":100,"player_choice":"Pray","damage_taken":0,"max_hp_gain":0,"max_hp_loss":0,"event_name":"Golden Shrine","floor":22,"gold_loss":0},{"damage_healed":0,"gold_gain":0,"player_choice":"Ignored","damage_taken":0,"max_hp_gain":0,"max_hp_loss":0,"event_name":"Transmorgrifier","floor":32,"gold_loss":0}],"is_beta":false,"boss_relics":[{"not_picked":["conspire:SlowCooker","Calling Bell"],"picked":"aspiration:Stellarator"},{"not_picked":["Coffee Dripper","hubris:GrandSneckoEye"],"picked":"hubris:VirtuousBlindfold"}],"items_purged_floors":[2,20,38,47],"is_endless":false,"potions_floor_spawned":[7,10,12,16,18,19,29,31,35,44],"ascension_level":3}}