{"host":"co1ulnwz1h4zjs22","time":1609615150,"event":{"mods":["Act Like it!","Aspiration","BaseMod","Bestiary","BetterRewards","Colored Powertips","Conspire","Curses Come First","Energized Spire","Friendly Minions","GifTheSpireLib","Googly Eyes","Hubris","Jorbs\u0027s Wanderer Trilogy","Minty Spire (QoL Compilation)","Replay The Spire","Shop Mod","StSLib","The Dragon Tamer","The Forsaken","The IronCluck","The Marked","Waifu the Spire","everything is the same but u backflip on backflip","slay the spire mod where everything is the same but ironclad has a cowboy hat"],"gold_per_floor":[114,114,133,15,29,29,56,68,68,68,68,81,98,125,125,230,230,242,242,242,242,257,257,257,257],"floor_reached":24,"playtime":2573,"items_purged":[],"score":196,"play_id":"05d769ec-1d7d-46fe-9afd-7195538866cd","local_time":"20210102141910","is_ascension_mode":false,"campfire_choices":[{"data":"theMarked:SoldierOfQuellstein","floor":6,"key":"SMITH"},{"data":"theMarked:ElementalBlade","floor":23,"key":"SMITH"}],"circlet_count":0,"master_deck":["theMarked:Strike","theMarked:Strike","theMarked:Strike","theMarked:Defend","theMarked:Defend","theMarked:Defend","theMarked:Defend","theMarked:SoldierOfQuellstein+1","theMarked:ElementalBlade+1","theMarked:Indomitable+1","theMarked:GodGivenPower","theMarked:ParalyzingBlade","theMarked:EmpowerWeapon+1","theMarked:EmpowerWeapon","theMarked:BindingBlade"],"relics":["theMarked:ArtifactOfAir","Mercury Hourglass","Juzu Bracelet","aspiration:ChemicalBlood","Replay:WaspNest","hubris:Backtick","conspire:InfiniteJournal"],"acts_visited":["Exordium","TheCity"],"potions_floor_usage":[14,16,22,22,24,24],"damage_taken":[{"damage":3,"enemies":"Small Slimes","floor":1,"turns":3},{"damage":0,"enemies":"Cultist","floor":3,"turns":4},{"damage":3,"enemies":"Jaw Worm","floor":5,"turns":3},{"damage":5,"enemies":"conspire:MimicChest","floor":7,"turns":6},{"damage":0,"enemies":"Exordium Wildlife","floor":8,"turns":4},{"damage":4,"enemies":"Gremlin Gang","floor":12,"turns":3},{"damage":6,"enemies":"Exordium Thugs","floor":13,"turns":4},{"damage":7,"enemies":"3 Sentries","floor":14,"turns":7},{"damage":20,"enemies":"The Guardian","floor":16,"turns":9},{"damage":27,"enemies":"2 Thieves","floor":18,"turns":3},{"damage":24,"enemies":"Chosen","floor":22,"turns":6},{"damage":31,"enemies":"Book of Stabbing","floor":24,"turns":3}],"seed_played":"-8812540648194132265","potions_obtained":[{"floor":5,"key":"EssenceOfSteel"},{"floor":7,"key":"Block Potion"},{"floor":8,"key":"EssenceOfSteel"}],"is_trial":false,"path_per_floor":["M","?","M","?","M","R","?","M","T","$","?","M","M","E","R","B",null,"M","?","?","?","M","R","E"],"character_chosen":"THE_DEFAULT","items_purchased":[],"campfire_rested":0,"item_purchase_floors":[],"current_hp_per_floor":[67,67,67,67,64,64,59,59,59,59,59,55,49,42,63,43,70,43,43,43,43,19,19,0,0],"gold":257,"neow_bonus":"REMOVE_CARD","is_daily":false,"chose_seed":false,"campfire_upgraded":2,"win_rate":0.0,"timestamp":1609615150,"path_taken":["M","?","?","?","?","R","?","M","T","?","?","M","M","E","R","BOSS","M","?","?","?","M","R","E"],"items_purchased_type":[],"build_version":"2020-12-22","purchased_purges":0,"victory":false,"max_hp_per_floor":[70,70,70,70,70,70,70,70,70,70,70,70,70,70,70,70,70,70,70,70,70,70,70,70,70],"card_choices":[{"not_picked":["theMarked:Parkour","theMarked:ContemptForTheProud","theMarked:Seal"],"picked":"SKIP","floor":1},{"not_picked":["theMarked:EmpowerWeapon","theMarked:WastefulAttack"],"picked":"theMarked:ElementalBlade","floor":3},{"not_picked":["theMarked:ResourceFulStrike","theMarked:ElectricStrings"],"picked":"theMarked:Indomitable","floor":5},{"not_picked":["theMarked:ParalyzingBlade","theMarked:SwordAndMagic"],"picked":"theMarked:GodGivenPower","floor":7},{"not_picked":["theMarked:WastefulAttack","theMarked:Levitate"],"picked":"theMarked:ParalyzingBlade","floor":8},{"not_picked":["theMarked:BanishingStrike","theMarked:Improvise"],"picked":"theMarked:EmpowerWeapon","floor":12},{"not_picked":["theMarked:Seal","theMarked:Overthink","theMarked:Improvise"],"picked":"SKIP","floor":13},{"not_picked":["theMarked:SuspiciousRaven","theMarked:ReduceFriction"],"picked":"theMarked:EmpowerWeapon","floor":14},{"not_picked":["theMarked:FavorableWinds","theMarked:SummonStrength"],"picked":"theMarked:BindingBlade","floor":16},{"not_picked":["theMarked:Opportunist","theMarked:SelfDefenseTraining","theMarked:WastefulAttack"],"picked":"SKIP","floor":18},{"not_picked":["theMarked:Aftermath","theMarked:EmpowerWeapon","theMarked:Frustration"],"picked":"SKIP","floor":22}],"player_experience":396603,"relics_obtained":[{"floor":7,"key":"Juzu Bracelet"},{"floor":9,"key":"aspiration:ChemicalBlood"},{"floor":14,"key":"Replay:WaspNest"}],"event_choices":[{"cards_removed":["theMarked:Strike"],"damage_healed":0,"gold_gain":0,"player_choice":"Purged","damage_taken":0,"max_hp_gain":0,"max_hp_loss":0,"event_name":"Purifier","floor":2,"gold_loss":0},{"damage_healed":0,"gold_gain":0,"player_choice":"Paid Gold","damage_taken":0,"relics_obtained":["Mercury Hourglass"],"max_hp_gain":0,"max_hp_loss":0,"event_name":"WeMeetAgain","floor":4,"gold_loss":118},{"damage_healed":0,"gold_gain":0,"player_choice":"Forge","damage_taken":0,"max_hp_gain":0,"max_hp_loss":0,"event_name":"Accursed Blacksmith","floor":11,"gold_loss":0,"cards_upgraded":["theMarked:Indomitable"]},{"damage_healed":0,"gold_gain":0,"player_choice":"0 cards matched","damage_taken":0,"max_hp_gain":0,"max_hp_loss":0,"event_name":"Match and Keep!","floor":21,"gold_loss":0,"cards_obtained":[]}],"is_beta":false,"boss_relics":[{"not_picked":["hubris:RunicObelisk","aspiration:WatcherSkillbook"],"picked":"hubris:Backtick"}],"items_purged_floors":[],"is_endless":false,"potions_floor_spawned":[5,7,8,13],"killed_by":"Book of Stabbing","ascension_level":0}}