{"host":"q3i87yx2dgqr54co","time":1609629573,"event":{"mods":["BaseMod","Block Reminder","Colored Map","Colored Powertips","DeckTracker","Highlight Path","Minty Spire (QoL Compilation)","Permanent Neow","Potionbrewer","Quick Restart","Relic Sorter","Relic Stats","StSLib","The Bug Knight","The Gatherer","The Sage"],"gold_per_floor":[110,124,139,151,161,195,213,32,32,32,50,68,103,123,123,224,224,209,234,247,261,16,16,44,44,44,44,73,85,197,226,238,352,364,392,420,442,504,527,571,598,610,622,634,646,658,690,722,734,746,758,770,32,62,62],"floor_reached":56,"playtime":11578,"items_purged":[],"score":1297,"play_id":"d22b8d74-47db-4af2-ab44-f08d1c921ec5","local_time":"20210102181933","is_ascension_mode":false,"campfire_choices":[{"floor":10.0,"key":"REST"},{"floor":15.0,"key":"REST"},{"floor":23.0,"key":"REST"},{"floor":25.0,"key":"RECALL"},{"floor":27.0,"key":"REST"},{"floor":32.0,"key":"REST"},{"floor":44,"key":"REST"},{"floor":49,"key":"REST"},{"floor":52,"key":"REST"}],"circlet_count":0,"master_deck":["potionbrewer:PotionbrewerStrike","potionbrewer:PotionbrewerStrike","potionbrewer:PotionbrewerStrike","potionbrewer:PotionbrewerStrike","potionbrewer:PotionbrewerDefend","potionbrewer:PotionbrewerDefend","potionbrewer:PotionbrewerDefend","potionbrewer:PotionbrewerDefend","potionbrewer:Collect","potionbrewer:ChemicalSpill","potionbrewer:IronFlesh","potionbrewer:MicrobeSpray","potionbrewer:LeftoverSpecimen","potionbrewer:Discombobulate","potionbrewer:FuelCell","potionbrewer:Prototype","potionbrewer:FlareUp","potionbrewer:Prototype","potionbrewer:HazardousMaterials","potionbrewer:WizBang","potionbrewer:Backhand","potionbrewer:RefinedProcess","potionbrewer:AnotherRound","potionbrewer:DigDeep","potionbrewer:Prototype","potionbrewer:ChokingPowder+1","potionbrewer:ChoosePotion","potionbrewer:BalancedFormula","potionbrewer:Prototype","potionbrewer:Smack+1","potionbrewer:ResearchResults","potionbrewer:PrivateReserves","potionbrewer:Shovel+1","potionbrewer:Prototype","potionbrewer:ChoosePotion","potionbrewer:Prototype","potionbrewer:Shovel+1","potionbrewer:Prototype","potionbrewer:LeftoverSpecimen","potionbrewer:Prototype","potionbrewer:Prototype","potionbrewer:CrossReference+1","potionbrewer:Prototype","potionbrewer:ChokingPowder","potionbrewer:PortableLab","Master of Strategy","potionbrewer:DigDeep","potionbrewer:ChoosePotion"],"relics":["potionbrewer:PotionKit","Torii","Lantern","Black Star","Red Mask","Tiny Chest","MawBank","Mummified Hand","Fusion Hammer","FossilizedHelix","Incense Burner","White Beast Statue","PreservedInsect","Letter Opener","Nunchaku","potionbrewer:ToyAutogyro","Blue Candle"],"acts_visited":["Exordium","TheCity","TheBeyond","TheEnding"],"potions_floor_usage":[42,47,47,50,50,50,50,54,55,55,55,55],"damage_taken":[{"damage":1.0,"enemies":"Jaw Worm","floor":1.0,"turns":5.0},{"damage":0.0,"enemies":"2 Louse","floor":2.0,"turns":6.0},{"damage":0.0,"enemies":"Cultist","floor":3.0,"turns":4.0},{"damage":1.0,"enemies":"Large Slime","floor":4.0,"turns":8.0},{"damage":0.0,"enemies":"3 Louse","floor":5.0,"turns":1.0},{"damage":30.0,"enemies":"Lagavulin","floor":6.0,"turns":14.0},{"damage":6.0,"enemies":"Blue Slaver","floor":7.0,"turns":4.0},{"damage":0.0,"enemies":"2 Fungi Beasts","floor":11.0,"turns":4.0},{"damage":3.0,"enemies":"Lots of Slimes","floor":12.0,"turns":7.0},{"damage":1.0,"enemies":"HollowMod:MossKnight","floor":13.0,"turns":4.0},{"damage":1.0,"enemies":"Large Slime","floor":14.0,"turns":4.0},{"damage":10.0,"enemies":"Hexaghost","floor":16.0,"turns":9.0},{"damage":8.0,"enemies":"2 Thieves","floor":18.0,"turns":4.0},{"damage":17.0,"enemies":"Masked Bandits","floor":19.0,"turns":5.0},{"damage":18.0,"enemies":"3 Byrds","floor":20.0,"turns":6.0},{"damage":5.0,"enemies":"Centurion and Healer","floor":21.0,"turns":5.0},{"damage":3.0,"enemies":"Shelled Parasite and Fungi","floor":24.0,"turns":4.0},{"damage":53.0,"enemies":"Gremlin Leader","floor":28.0,"turns":8.0},{"damage":1.0,"enemies":"Cultist and Chosen","floor":31.0,"turns":5.0},{"damage":31.0,"enemies":"Champ","floor":33.0,"turns":9.0},{"damage":11.0,"enemies":"Orb Walker","floor":35.0,"turns":3.0},{"damage":0.0,"enemies":"3 Darklings","floor":36.0,"turns":4.0},{"damage":16.0,"enemies":"Spire Growth","floor":37.0,"turns":5.0},{"damage":0.0,"enemies":"Mind Bloom Boss Battle","floor":38.0,"turns":5.0},{"damage":0.0,"enemies":"Transient","floor":39.0,"turns":5.0},{"damage":29.0,"enemies":"HollowMod:StalkingDevout","floor":40.0,"turns":6.0},{"damage":1.0,"enemies":"Maw","floor":41.0,"turns":7.0},{"damage":0,"enemies":"Reptomancer","floor":42,"turns":2},{"damage":11,"enemies":"Jaw Worm Horde","floor":47,"turns":6},{"damage":0,"enemies":"4 Shapes","floor":48,"turns":6},{"damage":5,"enemies":"Time Eater","floor":50,"turns":12},{"damage":0,"enemies":"Shield and Spear","floor":54,"turns":2},{"damage":47,"enemies":"The Heart","floor":55,"turns":8}],"seed_played":"-7218614992077992547","potions_obtained":[{"floor":3.0,"key":"Dexterity Potion"},{"floor":4.0,"key":"potionbrewer:AcidPotion"},{"floor":7.0,"key":"potionbrewer:AcidPotion"},{"floor":12.0,"key":"Weak Potion"},{"floor":16.0,"key":"potionbrewer:DiscountPotion"},{"floor":19.0,"key":"potionbrewer:ToxicPotion"},{"floor":24.0,"key":"Block Potion"},{"floor":31.0,"key":"FearPotion"},{"floor":33.0,"key":"potionbrewer:QuicksilverPotion"},{"floor":36.0,"key":"ColorlessPotion"},{"floor":37.0,"key":"Block Potion"},{"floor":40.0,"key":"DuplicationPotion"},{"floor":41.0,"key":"BlessingOfTheForge"},{"floor":47,"key":"potionbrewer:NoxiousPotion"},{"floor":48,"key":"Explosive Potion"},{"floor":54,"key":"DistilledChaos"}],"is_trial":false,"path_per_floor":["M","M","M","M","M","E","M","$","T","R","M","M","E","M","R","B",null,"M","?","M","M","$","R","M","R","T","R","E","$","?","M","R","B",null,"M","M","M","?","M","E","M","E","T","R","T","?","M","M","R","B",null,"R","$","E","B",null],"character_chosen":"POTIONBREWER","items_purchased":["potionbrewer:HazardousMaterials","potionbrewer:WizBang","potionbrewer:Backhand","potionbrewer:ResearchResults","potionbrewer:AcidCloud","potionbrewer:AcidPotion","potionbrewer:ChokingPowder","Fire Potion","potionbrewer:InfectionPotion","potionbrewer:PortableLab","Energy Potion","Nunchaku","Master of Strategy","potionbrewer:DigDeep"],"campfire_rested":8,"item_purchase_floors":[8,8,8,22,22,22,53,53,53,53,53,53,53,53],"current_hp_per_floor":[74,74,74,73,73,43,37,37,37,59,59,56,55,54,75,65,75,67,50,32,27,27,49,46,46,46,68,15,15,15,14,36,5,75,64,64,48,48,48,19,18,18,18,40,40,40,29,29,51,46,75,75,75,75,28],"gold":62,"neow_bonus":"ONE_RANDOM_RARE_CARD","is_daily":false,"chose_seed":false,"campfire_upgraded":0,"win_rate":0.0,"timestamp":1609629573,"path_taken":["M","M","M","M","M","E","M","$","T","R","M","M","E","M","R","BOSS","M","?","M","M","$","R","M","R","T","R","E","$","?","?","R","BOSS","M","M","M","?","M","E","M","E","T","R","?","?","M","M","R","BOSS","R","$","E","BOSS"],"items_purchased_type":["Card","Card","Card","Card","Card","Potion","Card","Potion","Potion","Card","Potion","Relic","Card","Card"],"build_version":"2020-12-22","purchased_purges":0,"victory":true,"max_hp_per_floor":[75,75,75,75,75,75,75,75,75,75,75,75,75,75,75,75,75,75,75,75,75,75,75,75,75,75,75,75,75,75,75,75,75,75,75,75,75,75,75,75,75,75,75,75,75,75,75,75,75,75,75,75,75,75,75],"relic_stats":{"Nunchaku":[2],"Torii":58,"counters":[33,186],"Mummified Hand":[22],"Blue Candle":[0],"Tiny Chest":1,"PreservedInsect":68,"Black Star":4,"Letter Opener":[89],"MawBank":300,"obtain_stats":[{"Lantern":13,"Torii":6,"Blue Candle":54,"PreservedInsect":43,"Incense Burner":40,"Letter Opener":45,"potionbrewer:ToyAutogyro":54,"MawBank":28,"White Beast Statue":40,"potionbrewer:PotionKit":0,"Nunchaku":53,"Mummified Hand":28,"Tiny Chest":26,"Fusion Hammer":34,"Black Star":17,"Red Mask":19,"FossilizedHelix":38},{"Lantern":10,"Torii":6,"Blue Candle":32,"PreservedInsect":28,"Incense Burner":26,"Letter Opener":28,"potionbrewer:ToyAutogyro":32,"MawBank":18,"White Beast Statue":26,"potionbrewer:PotionKit":0,"Nunchaku":31,"Mummified Hand":18,"Tiny Chest":17,"Fusion Hammer":20,"Black Star":12,"Red Mask":14,"FossilizedHelix":24},{"Lantern":57,"Torii":38,"Blue Candle":178,"PreservedInsect":153,"Incense Burner":144,"Letter Opener":153,"potionbrewer:ToyAutogyro":178,"MawBank":102,"White Beast Statue":144,"potionbrewer:PotionKit":0,"Nunchaku":176,"Mummified Hand":102,"Tiny Chest":94,"Fusion Hammer":116,"Black Star":70,"Red Mask":79,"FossilizedHelix":133}]},"card_choices":[{"not_picked":["potionbrewer:VolatileSolution","potionbrewer:LabAccident"],"picked":"potionbrewer:MicrobeSpray","floor":1.0},{"not_picked":["potionbrewer:FortifiedSerum","potionbrewer:Refill"],"picked":"potionbrewer:LeftoverSpecimen","floor":2.0},{"not_picked":["potionbrewer:TimeBomb","potionbrewer:Refill"],"picked":"potionbrewer:Discombobulate","floor":3.0},{"not_picked":["potionbrewer:Smokescreen","potionbrewer:Smack"],"picked":"potionbrewer:FuelCell","floor":4.0},{"not_picked":["potionbrewer:PortableLab","potionbrewer:Biohazard","potionbrewer:FlareUp"],"picked":"potionbrewer:Prototype","floor":5.0},{"not_picked":["potionbrewer:Biohazard","potionbrewer:Smack"],"picked":"potionbrewer:FlareUp","floor":6.0},{"not_picked":["potionbrewer:ChemicalWeapons","potionbrewer:LabJournal","potionbrewer:OneTwoPunch"],"picked":"potionbrewer:Prototype","floor":7.0},{"not_picked":["potionbrewer:Refill","potionbrewer:Biohazard"],"picked":"potionbrewer:RefinedProcess","floor":11.0},{"not_picked":["potionbrewer:Toxicity","potionbrewer:CausticBarrier"],"picked":"potionbrewer:AnotherRound","floor":12.0},{"not_picked":["potionbrewer:LabAccident","potionbrewer:AnotherRound"],"picked":"potionbrewer:DigDeep","floor":13.0},{"not_picked":["potionbrewer:Contingency","potionbrewer:BlindingMist","potionbrewer:Refill"],"picked":"potionbrewer:Prototype","floor":14.0},{"not_picked":["potionbrewer:Hoarder","potionbrewer:BeatDown"],"picked":"potionbrewer:BottomlessFlask","floor":16.0},{"not_picked":["potionbrewer:VolatileSolution","potionbrewer:BlindingSpray"],"picked":"potionbrewer:ChokingPowder+1","floor":18.0},{"not_picked":["potionbrewer:DigDeep+1","potionbrewer:PrivateReserves","potionbrewer:Prototype"],"picked":"potionbrewer:BalancedFormula","floor":19.0},{"not_picked":["potionbrewer:Toxicity","potionbrewer:FortifiedSerum","potionbrewer:TestFormula"],"picked":"potionbrewer:Prototype","floor":20.0},{"not_picked":["potionbrewer:VolatileSolution","potionbrewer:BlindingSpray"],"picked":"potionbrewer:Smack+1","floor":21.0},{"not_picked":["potionbrewer:AcidCloud","potionbrewer:Smack"],"picked":"potionbrewer:PrivateReserves","floor":24.0},{"not_picked":["potionbrewer:Brandish","potionbrewer:TestSubject"],"picked":"potionbrewer:Shovel+1","floor":28.0},{"not_picked":["potionbrewer:ResearchResults","potionbrewer:Spark","potionbrewer:MicrobeSpray"],"picked":"potionbrewer:Prototype","floor":31.0},{"not_picked":["potionbrewer:PotentialEnergy","potionbrewer:AlchemistForm"],"picked":"potionbrewer:BottomlessFlask","floor":33.0},{"not_picked":["potionbrewer:Smokescreen+1","potionbrewer:DigDeep","potionbrewer:Fuel"],"picked":"potionbrewer:Prototype","floor":35.0},{"not_picked":["potionbrewer:Smokescreen","potionbrewer:VolatileSolution"],"picked":"potionbrewer:Shovel+1","floor":36.0},{"not_picked":["potionbrewer:FlashPowder","potionbrewer:FortifiedSerum","potionbrewer:EmptyBottle"],"picked":"potionbrewer:Prototype","floor":37.0},{"not_picked":["potionbrewer:Shovel+1","potionbrewer:WizBang+1"],"picked":"potionbrewer:LeftoverSpecimen","floor":38.0},{"not_picked":["potionbrewer:Toxicity","potionbrewer:FlashPowder","potionbrewer:Contingency"],"picked":"potionbrewer:Prototype","floor":39.0},{"not_picked":["potionbrewer:IronFist","potionbrewer:HazardousWaste","potionbrewer:Refill","potionbrewer:Prototype"],"picked":"SKIP","floor":40.0},{"not_picked":["potionbrewer:Refill","potionbrewer:Shovel","potionbrewer:BlindingSpray+1"],"picked":"potionbrewer:Prototype","floor":41.0},{"not_picked":["potionbrewer:Biohazard+1","potionbrewer:VolatileSolution","potionbrewer:Prototype"],"picked":"potionbrewer:CrossReference+1","floor":47},{"not_picked":["potionbrewer:Toxicity+1","potionbrewer:UnstableFormula+1","potionbrewer:FlashPowder"],"picked":"potionbrewer:Prototype","floor":48},{"not_picked":["potionbrewer:Spark","potionbrewer:FlashPowder+1","potionbrewer:Prototype"],"picked":"potionbrewer:BottomlessFlask","floor":54}],"player_experience":114115,"relics_obtained":[{"floor":6.0,"key":"Torii"},{"floor":13.0,"key":"Lantern"},{"floor":19.0,"key":"Red Mask"},{"floor":26.0,"key":"Tiny Chest"},{"floor":28.0,"key":"MawBank"},{"floor":28.0,"key":"Mummified Hand"},{"floor":38.0,"key":"FossilizedHelix"},{"floor":40.0,"key":"Incense Burner"},{"floor":40.0,"key":"White Beast Statue"},{"floor":43,"key":"PreservedInsect"},{"floor":45,"key":"Letter Opener"},{"floor":54,"key":"potionbrewer:ToyAutogyro"},{"floor":54,"key":"Blue Candle"}],"event_choices":[{"damage_healed":0.0,"max_hp_gain":0.0,"max_hp_loss":0.0,"gold_gain":0.0,"event_name":"Masked Bandits","player_choice":"Fought Bandits","floor":19.0,"gold_loss":0.0,"damage_taken":0.0},{"damage_healed":0.0,"max_hp_gain":0.0,"max_hp_loss":0.0,"gold_gain":100.0,"event_name":"Golden Shrine","player_choice":"Pray","floor":30.0,"gold_loss":0.0,"damage_taken":0.0},{"damage_healed":0.0,"max_hp_gain":0.0,"max_hp_loss":0.0,"gold_gain":0.0,"event_name":"MindBloom","player_choice":"Fight","floor":38.0,"gold_loss":0.0,"damage_taken":0.0},{"cards_removed":["potionbrewer:AcidCloud"],"damage_healed":0,"gold_gain":0,"player_choice":"Removed Skill","damage_taken":0,"max_hp_gain":0,"max_hp_loss":0,"event_name":"Falling","floor":46,"gold_loss":0}],"is_beta":false,"boss_relics":[{"not_picked":["Calling Bell","SlaversCollar"],"picked":"Black Star"},{"not_picked":["Runic Pyramid","Snecko Eye"],"picked":"Fusion Hammer"}],"items_purged_floors":[],"is_endless":false,"potions_floor_spawned":[3,4,7,12,16,19,24,31,33,36,37,40,41,42,47,48,54],"ascension_level":0}}