{"host":"2461dio7vetlq1z3","time":1609627946,"event":{"mods":["2.2 Compatiblity","AchievementEnabler","Aspiration","BaseMod","Better Third Choice","Friendly Minions","Hubris","Minty Spire (QoL Compilation)","Relic Stats","Replay The Spire","Spicy Shops","StSLib","Waifu the Spire"],"gold_per_floor":[112,112,137,150,19,19,19,57,57,57,83,83,126,126,161,176,176,176,176],"floor_reached":18,"playtime":492,"items_purged":["hubris:Despair"],"score":256,"play_id":"5212362f-4122-412e-88dc-e0c77b78c7e8","local_time":"20210102235226","is_ascension_mode":true,"campfire_choices":[{"floor":9,"key":"REST"},{"floor":12,"key":"REST"},{"floor":14,"key":"REST"},{"floor":17,"key":"REST"}],"circlet_count":0,"master_deck":["AscendersBane","Strike_B","Strike_B","Strike_B","Strike_B","Defend_B","Defend_B","Defend_B","Defend_B","Zap","Dualcast","ReplayGash","Go for the Eyes","Genetic Algorithm","Gash","Ball Lightning","hubris:Lust","Ball Lightning","Defragment"],"relics":["Cracked Core","Lizard Tail","Golden Idol","Blue Candle","ReplayTheSpireMod:Ring of Challenge","Ring of Hypnosis","hubris:SlimyHat","hubris:OldNail","Cables"],"acts_visited":["Exordium"],"potions_floor_usage":[8,8],"damage_taken":[{"damage":5,"enemies":"2 Louse","floor":1,"turns":3},{"damage":2,"enemies":"Jaw Worm","floor":3,"turns":3},{"damage":4,"enemies":"Small Slimes","floor":4,"turns":4},{"damage":49,"enemies":"Gremlin Nob","floor":8,"turns":5},{"damage":39,"enemies":"3 Sentries","floor":13,"turns":8},{"damage":46,"enemies":"Gremlin Nob","floor":15,"turns":4},{"damage":18,"enemies":"Gremlin Gang","floor":16,"turns":3},{"damage":0,"enemies":"The Guardian","floor":18,"turns":1}],"seed_played":"2663314288834524317","potions_obtained":[{"floor":1,"key":"Weak Potion"},{"floor":3,"key":"Block Potion"}],"is_trial":false,"path_per_floor":["M","?","M","M","$","PTL","PTL","E","R","?","T","R","E","R","E","M","R","B"],"character_chosen":"DEFECT","items_purchased":["Gash"],"campfire_rested":4,"item_purchase_floors":[5],"current_hp_per_floor":[59,59,57,53,53,53,53,4,23,23,23,42,3,22,32,14,33,33,33],"gold":176,"neow_bonus":"ONE_RARE_RELIC","is_daily":false,"chose_seed":false,"campfire_upgraded":0,"win_rate":0.0,"timestamp":1609627946,"path_taken":["M","?","M","M","$","PTL","PTL","E","R","?","T","R","E","R","E","?","R","BOSS"],"items_purchased_type":["Card"],"build_version":"2020-12-22","purchased_purges":1,"victory":false,"max_hp_per_floor":[71,64,64,64,64,64,64,64,64,64,64,64,64,64,64,64,64,64,64],"relic_stats":{"Lizard Tail":32,"counters":[8,30],"Golden Idol":35,"Blue Candle":[0],"obtain_stats":[{"Lizard Tail":0,"Ring of Hypnosis":10,"Golden Idol":2,"Blue Candle":8,"hubris:SlimyHat":11,"ReplayTheSpireMod:Ring of Challenge":10,"Cracked Core":0,"hubris:OldNail":13,"Cables":15},{"Lizard Tail":0,"Ring of Hypnosis":4,"Golden Idol":1,"Blue Candle":4,"hubris:SlimyHat":4,"ReplayTheSpireMod:Ring of Challenge":4,"Cracked Core":0,"hubris:OldNail":5,"Cables":6},{"Lizard Tail":0,"Ring of Hypnosis":15,"Golden Idol":3,"Blue Candle":15,"hubris:SlimyHat":15,"ReplayTheSpireMod:Ring of Challenge":15,"Cracked Core":0,"hubris:OldNail":23,"Cables":27}],"Cables":[3,3,0,0,0]},"card_choices":[{"not_picked":["Hello World","FTL"],"picked":"ReplayGash","floor":1},{"not_picked":["Darkness","Streamline"],"picked":"Go for the Eyes","floor":3},{"not_picked":["Gash","Force Field"],"picked":"Genetic Algorithm","floor":4},{"not_picked":["Lockon","Redo"],"picked":"Ball Lightning","floor":8},{"not_picked":["Go for the Eyes","Streamline"],"picked":"Ball Lightning","floor":13},{"not_picked":["Stack","Lockon"],"picked":"Defragment","floor":15},{"not_picked":["Aggregate","Streamline","ReplayTheSpireMod:Reroute Power"],"picked":"SKIP","floor":16}],"player_experience":1026795,"relics_obtained":[{"floor":8,"key":"Blue Candle"},{"floor":10,"key":"ReplayTheSpireMod:Ring of Challenge"},{"floor":10,"key":"Ring of Hypnosis"},{"floor":11,"key":"hubris:SlimyHat"},{"floor":13,"key":"hubris:OldNail"},{"floor":15,"key":"Cables"}],"event_choices":[{"damage_healed":0,"gold_gain":0,"player_choice":"Lose Max HP","damage_taken":0,"relics_obtained":["Golden Idol"],"max_hp_gain":0,"max_hp_loss":7,"event_name":"Golden Idol","floor":2,"gold_loss":0}],"is_beta":false,"boss_relics":[],"items_purged_floors":[5],"is_endless":false,"potions_floor_spawned":[1,3,4],"killed_by":"The Guardian","ascension_level":20}}