{"host":"kjehzzhcyp0nyrrl","time":1609601221,"event":{"mods":["AchievementEnabler","BaseMod","Custom Start","Hermit","Keyboard Shortcuts","Koishi","Minty Spire (QoL Compilation)","StSLib","SuperFastMode","The Dragon Tamer","The Gatherer","everything is the same but u backflip on backflip"],"gold_per_floor":[111,122,22,97,23,50,50,0,51,51,62,62,88,99,99,196,196,179,278,278,278,278,278,292,292,319,29,29,55,55,73,73,73,73],"floor_reached":33,"playtime":609,"items_purged":["Strike_G"],"score":294,"play_id":"9bd2902d-d65d-407f-bc91-3ee656c8f0bf","local_time":"20210103002701","is_ascension_mode":false,"campfire_choices":[{"data":"Tactician","floor":7.0,"key":"SMITH"},{"data":"Eviscerate","floor":10.0,"key":"SMITH"},{"data":"Terror","floor":15.0,"key":"SMITH"},{"data":"Acrobatics","floor":23,"key":"SMITH"},{"data":"Underhanded Strike","floor":25,"key":"SMITH"},{"data":"Masterful Stab","floor":28,"key":"SMITH"},{"floor":32,"key":"REST"}],"circlet_count":0,"master_deck":["Strike_G","Strike_G","Strike_G","Defend_G","Defend_G","Defend_G","Survivor","Neutralize","Heel Hook","Eviscerate+1","Acrobatics+1","Tactician+1","Deflect","Underhanded Strike+1","Masterful Stab+1","Terror+1","Grand Finale","Dash+1","Backflip"],"relics":["Ring of the Snake","NeowsBlessing","Omamori","Question Card","Sozu","White Beast Statue","Art of War","Tough Bandages","Eternal Feather"],"acts_visited":["Exordium","TheCity"],"potions_floor_usage":[],"damage_taken":[{"damage":0.0,"enemies":"2 Louse","floor":1.0,"turns":1.0},{"damage":0.0,"enemies":"Jaw Worm","floor":2.0,"turns":1.0},{"damage":0.0,"enemies":"Lagavulin","floor":6.0,"turns":1.0},{"damage":0.0,"enemies":"Small Slimes","floor":11.0,"turns":2.0},{"damage":4.0,"enemies":"Gremlin Nob","floor":13.0,"turns":3.0},{"damage":0.0,"enemies":"Looter","floor":14.0,"turns":1.0},{"damage":16.0,"enemies":"Slime Boss","floor":16.0,"turns":11.0},{"damage":13.0,"enemies":"2 Thieves","floor":18.0,"turns":4.0},{"damage":0,"enemies":"Shell Parasite","floor":24,"turns":2},{"damage":45,"enemies":"Slavers","floor":29,"turns":8},{"damage":0,"enemies":"Centurion and Healer","floor":31,"turns":4},{"damage":43,"enemies":"Champ","floor":33,"turns":10}],"seed_played":"1936765685248191838","potions_obtained":[{"floor":1.0,"key":"BlessingOfTheForge"},{"floor":2.0,"key":"CunningPotion"},{"floor":6.0,"key":"Strength Potion"},{"floor":14.0,"key":"EssenceOfSteel"}],"is_trial":false,"path_per_floor":["M","M","$","?","$","E","R","?","T","R","M","?","E","M","R","B",null,"M","?","?","?","?","R","M","R","T","$","R","E","$","M","R","B"],"character_chosen":"THE_SILENT","items_purchased":["Acrobatics","Tactician","Tough Bandages"],"campfire_rested":1,"item_purchase_floors":[3,5,27],"current_hp_per_floor":[70,70,70,59,59,59,59,59,59,59,59,52,48,48,48,32,70,57,57,57,57,57,57,57,57,57,57,57,12,12,12,42,0,0],"gold":73,"neow_bonus":"THREE_ENEMY_KILL","is_daily":false,"chose_seed":false,"campfire_upgraded":6,"win_rate":0.0,"timestamp":1609601221,"path_taken":["M","M","$","?","$","E","R","?","T","R","M","?","E","M","R","BOSS","M","?","?","?","?","R","M","R","T","$","R","E","?","M","R","BOSS"],"items_purchased_type":["Card","Card","Relic"],"build_version":"2020-12-22","purchased_purges":1,"victory":false,"max_hp_per_floor":[70,70,70,70,70,70,70,70,70,70,70,70,70,70,70,70,70,70,70,70,70,70,70,70,70,70,70,70,70,70,70,70,70,70],"card_choices":[{"not_picked":["Distraction","Prepared"],"picked":"Heel Hook","floor":1.0},{"not_picked":["Sucker Punch","Dodge and Roll"],"picked":"Eviscerate","floor":2.0},{"not_picked":["Blade Dance","Endless Agony"],"picked":"Deflect","floor":6.0},{"not_picked":["Noxious Fumes","Heel Hook"],"picked":"Underhanded Strike","floor":11.0},{"not_picked":["Blade Dance","Slice"],"picked":"Masterful Stab","floor":13.0},{"not_picked":["Cloak And Dagger","Dash","Catalyst"],"picked":"Terror","floor":14.0},{"not_picked":["Night Terror","Unload","Venomology"],"picked":"Grand Finale","floor":16.0},{"not_picked":["Flying Knee","Deadly Poison+1","Expertise+1","Heel Hook+1"],"picked":"SKIP","floor":18.0},{"not_picked":["Sucker Punch","Terror","Accuracy+1"],"picked":"Dash+1","floor":24},{"not_picked":["Dodge and Roll","Choke","Flying Knee"],"picked":"Backflip","floor":29},{"not_picked":["Endless Agony","Poisoned Stab+1","Envenom","Flying Knee"],"picked":"SKIP","floor":31}],"player_experience":386083,"relics_obtained":[{"floor":6.0,"key":"Omamori"},{"floor":13.0,"key":"Question Card"},{"floor":26,"key":"Art of War"},{"floor":29,"key":"Eternal Feather"}],"event_choices":[{"damage_healed":0.0,"max_hp_gain":0.0,"max_hp_loss":0.0,"gold_gain":75.0,"event_name":"World of Goop","player_choice":"Gather Gold","floor":4.0,"gold_loss":0.0,"damage_taken":11.0},{"cards_removed":["Defend_G"],"damage_healed":0.0,"max_hp_gain":0.0,"max_hp_loss":0.0,"gold_gain":0.0,"event_name":"The Cleric","player_choice":"Card Removal","floor":8.0,"gold_loss":50.0,"damage_taken":0.0},{"cards_removed":["Strike_G"],"damage_healed":0.0,"max_hp_gain":0.0,"max_hp_loss":0.0,"gold_gain":0.0,"event_name":"Golden Wing","player_choice":"Card Removal","floor":12.0,"gold_loss":0.0,"damage_taken":7.0},{"damage_healed":0.0,"max_hp_gain":0.0,"max_hp_loss":0.0,"gold_gain":99.0,"event_name":"Nest","player_choice":"Stole From Cult","floor":19.0,"gold_loss":0.0,"damage_taken":0.0},{"cards_removed":["Defend_G"],"damage_healed":0.0,"max_hp_gain":0.0,"max_hp_loss":0.0,"gold_gain":0.0,"event_name":"Back to Basics","player_choice":"Elegance","floor":20.0,"gold_loss":0.0,"damage_taken":0.0},{"damage_healed":0,"gold_gain":0,"player_choice":"Ignored","damage_taken":0,"max_hp_gain":0,"max_hp_loss":0,"event_name":"Cursed Tome","floor":21,"gold_loss":0},{"damage_healed":0,"gold_gain":0,"player_choice":"Opened","damage_taken":0,"relics_obtained":["White Beast Statue"],"max_hp_gain":0,"max_hp_loss":0,"event_name":"The Mausoleum","floor":22,"gold_loss":0,"cards_obtained":["Writhe"]}],"is_beta":false,"boss_relics":[{"not_picked":["Astrolabe","Black Star"],"picked":"Sozu"}],"items_purged_floors":[3],"is_endless":false,"potions_floor_spawned":[1,2,6,14,18,24,29,31],"killed_by":"Champ","ascension_level":0}}