{"host":"40f49r155zsx8eqk","time":1609615279,"event":{"mods":["AchievementEnabler","Aspiration","BaseMod","Googly Eyes","Minty Spire (QoL Compilation)","Relic Sorter","Replay The Spire","StSLib","The Gatherer"],"gold_per_floor":[111,129,149,99,99,99,131,131,131,131,156,180,197,225,225,329,329,342,328,345,165,185,220,220,220,301,301,316,316,335,366,366,469,469,480,480,480,480,44,55,70,89,89,15,15,15,15,27,27,27,27,27],"floor_reached":53,"playtime":2436,"items_purged":["Regret","Writhe"],"score":779,"play_id":"f26c209c-6082-4a1e-9068-dc921cc8ef36","local_time":"20210102222119","is_ascension_mode":true,"metric_token":608,"campfire_choices":[{"data":"Gatherer:Transmute","floor":6,"key":"SMITH"},{"data":"Gatherer:Centralize","floor":10,"key":"SMITH"},{"floor":15,"key":"REST"},{"floor":24,"key":"REST"},{"floor":27,"key":"REST"},{"floor":32,"key":"REST"},{"floor":45,"key":"REST"},{"floor":49,"key":"REST"},{"data":"ReplayTheSpireMod:Necrogeddon","floor":51,"key":"SMITH"}],"circlet_count":0,"master_deck":["Gatherer:Strike_Gatherer","Gatherer:Strike_Gatherer","Gatherer:Strike_Gatherer","Gatherer:Defend_Gatherer","Gatherer:Defend_Gatherer","Gatherer:Defend_Gatherer","Gatherer:Defend_Gatherer","Gatherer:Defend_Gatherer","Gatherer:Centralize+1","Gatherer:FlowerWhip","Gatherer:Transmute+1","Gatherer:FlamingBottle","Gatherer:BambuSword","Gatherer:RecoveryHerb+1","Gatherer:WoolGloves","Gatherer:ScherryThrow","Gatherer:TacticalStrike+1","Gatherer:QuickSynthesis","Gatherer:MindSearch","Gatherer:AcidicSpray+1","Gatherer:Liquidism","Gatherer:Liquidism","Gatherer:Misfortune","Gatherer:GlowingPlant","Gatherer:Shadow+1","Gatherer:Light","Gatherer:TacticalStrike","Gatherer:Liquidism+1","Gatherer:RecipeChange","Gatherer:Pollute","Gatherer:Examine","Gatherer:Liquidism","Gatherer:QuickSynthesis","Gatherer:Duplicator","Gatherer:EnergyBasket","ReplayTheSpireMod:Necrogeddon+1","Master of Strategy","Thinking Ahead"],"relics":["Gatherer:AlchemyBag","TungstenRod","InkBottle","Singing Bowl","CaptainsWheel","Question Card","BranchBurnRelic","SlaversCollar","ReplayTheSpireMod:CursedCoin","Whetstone","Bottled Lightning","Nilry\u0027s Codex","Replay:Mystery Machine","aspiration:PoetsPen_weak","Iron Hammer","Gremlin Horn"],"acts_visited":["Exordium","TheCity","TheBeyond"],"potions_floor_usage":[13,13,14,16,22,23,33,40,52,52],"damage_taken":[{"damage":0,"enemies":"Cultist","floor":1,"turns":3},{"damage":0,"enemies":"2 Louse","floor":2,"turns":2},{"damage":0,"enemies":"Small Slimes","floor":3,"turns":3},{"damage":0,"enemies":"Gremlin Nob","floor":7,"turns":1},{"damage":20,"enemies":"3 Sentries","floor":11,"turns":7},{"damage":0,"enemies":"Looter","floor":13,"turns":1},{"damage":5,"enemies":"Lagavulin","floor":14,"turns":3},{"damage":26,"enemies":"Hexaghost","floor":16,"turns":7},{"damage":5,"enemies":"Spheric Guardian","floor":18,"turns":4},{"damage":24,"enemies":"2 Thieves","floor":19,"turns":4},{"damage":24,"enemies":"Shelled Parasite and Fungi","floor":20,"turns":4},{"damage":13,"enemies":"Centurion and Healer","floor":22,"turns":5},{"damage":22,"enemies":"Gremlin Leader","floor":23,"turns":4},{"damage":19,"enemies":"Cultist and Chosen","floor":28,"turns":6},{"damage":17,"enemies":"Snake Plant","floor":30,"turns":6},{"damage":32,"enemies":"Slavers","floor":31,"turns":4},{"damage":0,"enemies":"Champ","floor":33,"turns":7},{"damage":43,"enemies":"3 Darklings","floor":35,"turns":5},{"damage":15,"enemies":"3 Shapes","floor":40,"turns":2},{"damage":10,"enemies":"Sphere and 2 Shapes","floor":41,"turns":3},{"damage":8,"enemies":"3 Darklings","floor":42,"turns":3},{"damage":17,"enemies":"4 Shapes","floor":48,"turns":3},{"damage":15,"enemies":"Replay:Hell Engine","floor":52,"turns":5}],"seed_played":"-5299813910533866566","potions_obtained":[{"floor":0,"key":"Strength Potion"},{"floor":0,"key":"LiquidBronze"},{"floor":0,"key":"LifebloodPotion"},{"floor":14,"key":"FearPotion"},{"floor":16,"key":"Weak Potion"},{"floor":18,"key":"Poison Potion"},{"floor":31,"key":"FearPotion"},{"floor":33,"key":"DuplicationPotion"},{"floor":35,"key":"Explosive Potion"},{"floor":42,"key":"FearPotion"}],"is_trial":false,"path_per_floor":["M","M","M","?","?","R","E","?","T","R","E","?","M","E","R","B",null,"M","M","M","$","M","E","R","?","T","R","M","?","M","E","R","B",null,"M","?","?","?","$","M","M","M","T","$","R","PTL","PTL","M","R","?","R","B",null],"character_chosen":"THE_GATHERER","items_purchased":["ReplayTheSpireMod:CursedCoin","Gatherer:Liquidism","Gatherer:Misfortune","Gatherer:GlowingPlant","Gatherer:TacticalStrike","Gatherer:Liquidism","Iron Hammer","DistilledChaos"],"campfire_rested":6,"item_purchase_floors":[21,21,21,21,21,39,39,44],"current_hp_per_floor":[72,72,72,72,72,72,72,72,72,72,53,36,42,41,63,53,74,71,48,30,30,23,9,32,32,32,55,56,44,31,6,30,50,80,41,41,41,62,62,51,41,40,40,40,65,65,65,59,84,75,75,74],"gold":27,"neow_bonus":"THREE_SMALL_POTIONS","is_daily":false,"chose_seed":false,"campfire_upgraded":3,"win_rate":0.0,"timestamp":1609615279,"path_taken":["M","?","M","?","?","R","E","?","T","R","E","?","?","E","R","BOSS","M","M","M","$","M","E","R","?","T","R","?","?","M","E","R","BOSS","M","?","?","?","$","?","M","M","T","$","R","PTL","PTL","M","R","?","R","BOSS"],"items_purchased_type":["Relic","Card","Card","Card","Card","Card","Relic","Potion"],"build_version":"2020-12-22","purchased_purges":2,"victory":true,"max_hp_per_floor":[72,72,72,72,72,72,72,72,72,72,72,72,74,74,74,74,74,76,76,78,78,78,78,78,78,78,78,80,80,80,80,80,80,80,82,82,82,82,82,82,82,84,84,84,84,84,84,84,84,84,84,84],"card_choices":[{"not_picked":["Gatherer:Convert","Gatherer:FlowerShield"],"picked":"Gatherer:Transmute","floor":1},{"not_picked":["Gatherer:BambuSword","Gatherer:CollectorsShot"],"picked":"Gatherer:FlamingBottle","floor":2},{"not_picked":["Gatherer:RottenStipe","Gatherer:FragileHammer"],"picked":"Gatherer:BambuSword","floor":3},{"not_picked":["Gatherer:GatherMaterial","Gatherer:Convert"],"picked":"Gatherer:WoolGloves","floor":7},{"not_picked":["Gatherer:FlowerShield","Gatherer:Overflowing"],"picked":"Gatherer:ScherryThrow","floor":11},{"not_picked":["Gatherer:PotentialSlash","Gatherer:WoolGloves"],"picked":"Gatherer:TacticalStrike","floor":12},{"not_picked":["Gatherer:DrugPower","Gatherer:Uplift","Gatherer:WoolGloves"],"picked":"Singing Bowl","floor":13},{"not_picked":["Gatherer:Convert","Gatherer:DrugPower"],"picked":"Gatherer:QuickSynthesis","floor":14},{"not_picked":["Gatherer:FinishingStrike","Gatherer:StoneFence","Gatherer:FlamingBottle"],"picked":"Gatherer:MindSearch","floor":16},{"not_picked":["Gatherer:BambuSword","Gatherer:FruitForce","Gatherer:FragileHammer","Gatherer:ScentOfRosmari"],"picked":"Singing Bowl","floor":18},{"not_picked":["Gatherer:OddSpoils","Gatherer:DrugPower+1","Gatherer:BigPouch"],"picked":"Gatherer:AcidicSpray+1","floor":19},{"not_picked":["Gatherer:PotentialSlash","Gatherer:SaveValuables","Gatherer:FlowerBeam","Gatherer:GatherMaterial"],"picked":"Singing Bowl","floor":20},{"not_picked":["Gatherer:Herbalism+1","Gatherer:RecoveryHerb+1","Gatherer:ScrollOfWall+1"],"picked":"Gatherer:Liquidism","floor":22},{"not_picked":["Gatherer:CursedBlade","Gatherer:SmartManeuver","Gatherer:AromaProtection"],"picked":"Gatherer:Liquidism+1","floor":23},{"not_picked":["Gatherer:ScentOfRosmari","Gatherer:FlowerShield","Gatherer:Convert","Gatherer:GlowingPlant"],"picked":"Singing Bowl","floor":28},{"not_picked":["Gatherer:FeelingFine","Gatherer:GatherMaterial","Gatherer:SaveValuables"],"picked":"Gatherer:RecipeChange","floor":30},{"not_picked":["Gatherer:PotentialSlash","Gatherer:MiningStrike","Gatherer:Nutrients"],"picked":"Gatherer:Pollute","floor":31},{"not_picked":["Gatherer:HeartToFruit","Gatherer:BomberForm","Gatherer:CursedBlade"],"picked":"Gatherer:Examine","floor":33},{"not_picked":["Gatherer:Polymorphism+1","Gatherer:Frenzy","Gatherer:Misfortune+1","Gatherer:Convert+1"],"picked":"Singing Bowl","floor":35},{"not_picked":["Gatherer:AromaProtection+1","Gatherer:GatherMaterial","Gatherer:CarefulStrike+1"],"picked":"Gatherer:QuickSynthesis","floor":40},{"not_picked":["Gatherer:Transmute","Gatherer:TreeGrowth","Gatherer:EnergyBasket"],"picked":"Gatherer:Duplicator","floor":41},{"not_picked":["Gatherer:PotentialSlash+1","Gatherer:WoolGloves","Gatherer:ScrollOfWall","Gatherer:EchoOfNature"],"picked":"Singing Bowl","floor":42},{"not_picked":["Gatherer:Transmute+1","Gatherer:Overflowing","Gatherer:CollectorsShot+1"],"picked":"Gatherer:EnergyBasket","floor":48},{"not_picked":["Sadistic Nature","ReplayUltimateDefense","PanicButton"],"picked":"ReplayTheSpireMod:Necrogeddon","floor":50},{"not_picked":["Thinking Ahead","Specialist","ReplayTheSpireMod:Private Reserves"],"picked":"Master of Strategy","floor":50},{"not_picked":["ReplayTheSpireMod:Uncanny Aura","ReplayTheSpireMod:Trickstab","Madness"],"picked":"Thinking Ahead","floor":50}],"player_experience":118544,"relics_obtained":[{"floor":7,"key":"TungstenRod"},{"floor":9,"key":"Singing Bowl"},{"floor":11,"key":"CaptainsWheel"},{"floor":12,"key":"Dead Branch"},{"floor":14,"key":"Question Card"},{"floor":23,"key":"Whetstone"},{"floor":26,"key":"Bottled Lightning"},{"floor":29,"key":"Nilry\u0027s Codex"},{"floor":31,"key":"Replay:Mystery Machine"},{"floor":43,"key":"Gremlin Horn"}],"event_choices":[{"cards_removed":["Gatherer:Strike_Gatherer"],"damage_healed":0,"gold_gain":0,"player_choice":"Card Removal","damage_taken":0,"max_hp_gain":0,"max_hp_loss":0,"event_name":"The Cleric","floor":4,"gold_loss":50},{"damage_healed":0,"gold_gain":0,"player_choice":"Box","damage_taken":0,"relics_obtained":["InkBottle"],"max_hp_gain":0,"max_hp_loss":0,"event_name":"Big Fish","floor":8,"gold_loss":0,"cards_obtained":["Regret"]},{"cards_removed":["Injury"],"damage_healed":0,"gold_gain":0,"player_choice":"Purged","damage_taken":0,"max_hp_gain":0,"max_hp_loss":0,"event_name":"Purifier","floor":25,"gold_loss":0},{"damage_healed":0,"gold_gain":0,"player_choice":"Obtained Book","damage_taken":16,"max_hp_gain":0,"max_hp_loss":0,"event_name":"Cursed Tome","floor":29,"gold_loss":0},{"damage_healed":0,"gold_gain":0,"player_choice":"Ignored","damage_taken":0,"max_hp_gain":0,"max_hp_loss":0,"event_name":"Mysterious Sphere","floor":36,"gold_loss":0},{"cards_removed":["Gatherer:Liquidism"],"damage_healed":0,"gold_gain":0,"player_choice":"Removed Power","damage_taken":0,"max_hp_gain":0,"max_hp_loss":0,"event_name":"Falling","floor":37,"gold_loss":0},{"damage_healed":21,"gold_gain":0,"player_choice":"Writhe","damage_taken":0,"max_hp_gain":0,"max_hp_loss":0,"event_name":"Winding Halls","floor":38,"gold_loss":0,"cards_obtained":["Writhe"]},{"damage_healed":0,"gold_gain":0,"player_choice":"Memory 3","damage_taken":10,"max_hp_gain":0,"max_hp_loss":0,"event_name":"SensoryStone","floor":50,"gold_loss":0}],"is_beta":false,"boss_relics":[{"not_picked":["Snecko Eye","Honey Jar"],"picked":"SlaversCollar"},{"not_picked":["Sozu","Runic Dome"],"picked":"aspiration:PoetsPen_weak"}],"items_purged_floors":[21,39],"is_endless":false,"potions_floor_spawned":[3,14,16,18,31,33,35,42,48],"ascension_level":3}}