{"host":"baymyijz6sxaqj5s","time":1609592645,"event":{"mods":["AchievementEnabler","BaseMod","Colored Map","Colored Powertips","DeckTracker","Highlight Path","KOR Keyword Fix","Keyboard Shortcuts","Minty Spire (QoL Compilation)","Quick Restart","StSLib","SuperFastMode"],"gold_per_floor":[119,194,194,194,205,205,170,245,245,245,31,41,41,52,52,151,151,168,180,197,122,132,132,167,167,167,167,167,183,60,70,70,170,170,185,185,203,203,222,222,254,254,280,326,326,345,28,28,28,28],"floor_reached":51,"playtime":1835,"items_purged":["Strike_G"],"score":771,"play_id":"5691b764-fdc8-4a91-bc8e-0b828e36e8c7","local_time":"20210102220405","is_ascension_mode":true,"campfire_choices":[{"data":"Outmaneuver","floor":6,"key":"SMITH"},{"data":"Neutralize","floor":10,"key":"SMITH"},{"data":"Survivor","floor":13,"key":"SMITH"},{"data":"Crippling Poison","floor":15,"key":"SMITH"},{"data":"Corpse Explosion","floor":23,"key":"SMITH"},{"data":"Noxious Fumes","floor":25,"key":"SMITH"},{"floor":32,"key":"REST"},{"floor":40,"key":"REST"},{"floor":42,"key":"REST"},{"floor":45,"key":"REST"},{"data":"Burst","floor":49,"key":"SMITH"}],"circlet_count":0,"master_deck":["Strike_G","Defend_G","Defend_G","Defend_G","Defend_G","Defend_G","Survivor+1","Neutralize+1","Outmaneuver+1","Noxious Fumes+1","Heel Hook+1","Crippling Poison+1","Corpse Explosion+1","Deflect","Deflect+1","Burst+1","Blur","A Thousand Cuts+1","Reflex+1","Bane+1","Madness","Madness","Parasite","Dodge and Roll","Backflip+1","Dash+1","Tactician"],"relics":["Ring of the Snake","The Courier","Molten Egg 2","Ornamental Fan","Bronze Scales","Runic Pyramid","Frozen Egg 2","Ninja Scroll","Enchiridion","Anchor","Sozu","Centennial Puzzle","MealTicket","Prayer Wheel","Blue Candle"],"acts_visited":["Exordium","TheCity","TheBeyond"],"potions_floor_usage":[22,24,33,41,50],"damage_taken":[{"damage":1,"enemies":"Jaw Worm","floor":1,"turns":7},{"damage":1,"enemies":"2 Louse","floor":5,"turns":5},{"damage":4,"enemies":"Small Slimes","floor":12,"turns":4},{"damage":4,"enemies":"Red Slaver","floor":14,"turns":6},{"damage":21,"enemies":"Hexaghost","floor":16,"turns":10},{"damage":0,"enemies":"3 Byrds","floor":18,"turns":1},{"damage":10,"enemies":"Chosen","floor":19,"turns":4},{"damage":0,"enemies":"3 Cultists","floor":20,"turns":3},{"damage":4,"enemies":"Centurion and Healer","floor":22,"turns":5},{"damage":4,"enemies":"Book of Stabbing","floor":24,"turns":6},{"damage":12,"enemies":"Colosseum Slavers","floor":27,"turns":3},{"damage":4,"enemies":"Snake Plant","floor":29,"turns":4},{"damage":5,"enemies":"Snecko","floor":31,"turns":5},{"damage":10,"enemies":"Collector","floor":33,"turns":7},{"damage":0,"enemies":"3 Darklings","floor":35,"turns":4},{"damage":0,"enemies":"3 Shapes","floor":37,"turns":3},{"damage":45,"enemies":"Writhing Mass","floor":39,"turns":6},{"damage":15,"enemies":"Nemesis","floor":41,"turns":7},{"damage":6,"enemies":"2 Orb Walkers","floor":44,"turns":3},{"damage":1,"enemies":"4 Shapes","floor":46,"turns":4},{"damage":52,"enemies":"Time Eater","floor":50,"turns":16}],"seed_played":"4077833796412772257","potions_obtained":[{"floor":16,"key":"FearPotion"},{"floor":19,"key":"GamblersBrew"},{"floor":20,"key":"BlessingOfTheForge"},{"floor":24,"key":"Swift Potion"},{"floor":33,"key":"ColorlessPotion"}],"is_trial":false,"path_per_floor":["M","?","?","?","M","R","?","T","T","R","$","M","R","M","R","B",null,"M","M","M","?","M","R","E","R","T","?","?","M","$","M","R","B",null,"M","?","M","?","M","R","E","R","T","?","R","M","$","?","R","B",null],"character_chosen":"THE_SILENT","items_purchased":["Noxious Fumes","Bronze Scales","Heel Hook+1","Anchor","Tactician","Blue Candle"],"campfire_rested":4,"item_purchase_floors":[11,11,11,30,47,47],"current_hp_per_floor":[76,65,62,62,61,61,77,77,77,77,77,73,73,69,69,48,77,77,67,67,67,63,63,59,59,59,47,31,27,27,22,45,35,77,77,77,77,67,22,45,30,53,53,47,70,69,77,77,77,25],"gold":28,"neow_bonus":"TEN_PERCENT_HP_BONUS","is_daily":false,"chose_seed":false,"campfire_upgraded":7,"win_rate":0.0,"timestamp":1609592645,"path_taken":["M","?","?","?","?","R","?","?","T","R","$","M","R","M","R","BOSS","M","M","M","?","M","R","E","R","T","?","?","M","?","?","R","BOSS","M","?","M","?","M","R","E","R","T","?","R","M","$","?","R","BOSS"],"items_purchased_type":["Card","Relic","Card","Relic","Card","Relic"],"build_version":"2020-12-22","purchased_purges":1,"victory":true,"max_hp_per_floor":[77,77,77,77,77,77,77,77,77,77,77,77,77,77,77,77,77,77,77,77,77,77,77,77,77,77,77,77,77,77,77,77,77,77,77,77,77,77,77,77,77,77,77,77,77,77,77,77,77,77],"card_choices":[{"not_picked":["Prepared","Underhanded Strike"],"picked":"Outmaneuver","floor":1},{"not_picked":["PiercingWail","Skewer","Dagger Throw"],"picked":"SKIP","floor":5},{"not_picked":["Underhanded Strike+1","Slice+1"],"picked":"All Out Attack+1","floor":12},{"not_picked":["Riddle With Holes+1","Skewer+1"],"picked":"Crippling Poison","floor":14},{"not_picked":["Burst","Wraith Form v2"],"picked":"Corpse Explosion","floor":16},{"not_picked":["Escape Plan","Flying Knee+1"],"picked":"Deflect","floor":18},{"not_picked":["Riddle With Holes+1","Cloak And Dagger","Skewer+1"],"picked":"SKIP","floor":19},{"not_picked":["Sucker Punch+1","Underhanded Strike+1","Prepared"],"picked":"SKIP","floor":20},{"not_picked":["Blade Dance+1","Unload+1"],"picked":"Deflect+1","floor":22},{"not_picked":["Riddle With Holes+1","Eviscerate+1"],"picked":"Burst","floor":24},{"not_picked":["Dagger Throw+1","Cloak And Dagger"],"picked":"Blur","floor":29},{"not_picked":["PiercingWail+1","Acrobatics+1","Prepared"],"picked":"SKIP","floor":31},{"not_picked":["Grand Finale+1","Phantasmal Killer"],"picked":"A Thousand Cuts+1","floor":33},{"not_picked":["Setup","Sucker Punch+1"],"picked":"Reflex+1","floor":35},{"not_picked":["Blade Dance+1","Dagger Throw+1"],"picked":"Bane+1","floor":37},{"not_picked":["Riddle With Holes+1","Bane+1"],"picked":"Dodge and Roll","floor":39},{"not_picked":["Slice+1","Reflex+1","Blade Dance+1"],"picked":"SKIP","floor":41},{"not_picked":["Deadly Poison+1","Caltrops+1"],"picked":"Backflip+1","floor":44},{"not_picked":["Night Terror","Backstab+1"],"picked":"Dash+1","floor":46},{"not_picked":["Dodge and Roll","Flechettes+1","Leg Sweep+1"],"picked":"SKIP","floor":46}],"player_experience":285630,"relics_obtained":[{"floor":8,"key":"Molten Egg 2"},{"floor":9,"key":"Ornamental Fan"},{"floor":24,"key":"Frozen Egg 2"},{"floor":26,"key":"Ninja Scroll"},{"floor":28,"key":"Enchiridion"},{"floor":41,"key":"Centennial Puzzle"},{"floor":43,"key":"MealTicket"},{"floor":44,"key":"Prayer Wheel"}],"event_choices":[{"damage_healed":0,"gold_gain":75,"player_choice":"Gather Gold","damage_taken":11,"max_hp_gain":0,"max_hp_loss":0,"event_name":"World of Goop","floor":2,"gold_loss":0},{"damage_healed":0,"gold_gain":0,"player_choice":"Success","damage_taken":3,"relics_obtained":["The Courier"],"max_hp_gain":0,"max_hp_loss":0,"event_name":"Scrap Ooze","floor":3,"gold_loss":0},{"cards_removed":["Strike_G"],"damage_healed":0,"gold_gain":0,"player_choice":"Offered Basic","damage_taken":0,"max_hp_gain":0,"max_hp_loss":0,"event_name":"Bonfire Elementals","floor":4,"gold_loss":0},{"damage_healed":19,"gold_gain":0,"player_choice":"Healed","damage_taken":0,"max_hp_gain":0,"max_hp_loss":0,"event_name":"The Cleric","floor":7,"gold_loss":35},{"cards_removed":["Strike_G"],"damage_healed":0,"gold_gain":0,"player_choice":"Gave Gold","damage_taken":0,"max_hp_gain":0,"max_hp_loss":0,"event_name":"Beggar","floor":21,"gold_loss":75},{"damage_healed":0,"gold_gain":0,"player_choice":"Fight","damage_taken":0,"max_hp_gain":0,"max_hp_loss":0,"event_name":"Colosseum","floor":27,"gold_loss":0},{"damage_healed":0,"gold_gain":0,"player_choice":"Fled From Nobs","damage_taken":0,"max_hp_gain":0,"max_hp_loss":0,"event_name":"Colosseum","floor":27,"gold_loss":0},{"damage_healed":0,"gold_gain":0,"player_choice":"Obtained Book","damage_taken":16,"max_hp_gain":0,"max_hp_loss":0,"event_name":"Cursed Tome","floor":28,"gold_loss":0},{"cards_removed":["All Out Attack"],"damage_healed":0,"gold_gain":0,"player_choice":"Removed Attack","damage_taken":0,"max_hp_gain":0,"max_hp_loss":0,"event_name":"Falling","floor":36,"gold_loss":0},{"damage_healed":0,"gold_gain":0,"player_choice":"Embrace Madness","damage_taken":10,"max_hp_gain":0,"max_hp_loss":0,"event_name":"Winding Halls","floor":38,"gold_loss":0,"cards_obtained":["Madness","Madness"]},{"damage_healed":0,"gold_gain":0,"player_choice":"Fight","damage_taken":0,"max_hp_gain":0,"max_hp_loss":0,"event_name":"Mysterious Sphere","floor":44,"gold_loss":0},{"cards_removed":["Strike_G"],"damage_healed":0,"gold_gain":0,"player_choice":"Purged","damage_taken":0,"max_hp_gain":0,"max_hp_loss":0,"event_name":"Purifier","floor":48,"gold_loss":0}],"is_beta":false,"boss_relics":[{"not_picked":["SlaversCollar","Coffee Dripper"],"picked":"Runic Pyramid"},{"not_picked":["Empty Cage","Fusion Hammer"],"picked":"Sozu"}],"items_purged_floors":[47],"is_endless":false,"potions_floor_spawned":[16,19,20,24,27,33,39,44,46],"ascension_level":2}}