{"host":"vc42n08di9czm3e7","time":1609611419,"event":{"mods":["AchievementEnabler","Act Like it!","BaseMod","Colored Powertips","Downfall","Friendly Minions","GifTheSpireLib","Minty Spire (QoL Compilation)","Quick Restart","Rare Cards Sparkle","StSLib"],"gold_per_floor":[117,192,205,223,240,270,289,289,289,303,313,343,354,53,53,150,150,164,181,181,197,212,240,13,29,76,90,90,100,114,126,126,223,223,235,99,99,112,129,129,161,161,208,258,258,258],"floor_reached":45,"playtime":3930,"items_purged":["Defend_B"],"score":535,"play_id":"b7790cd0-cd02-42b4-86c9-f4dba18689a7","local_time":"20210102131659","is_ascension_mode":false,"campfire_choices":[{"floor":8,"key":"REST"},{"floor":15,"key":"REST"},{"data":"Buffer","floor":28,"key":"SMITH"},{"floor":32,"key":"REST"},{"data":"Dualcast","floor":40,"key":"SMITH"},{"data":"Echo Form","floor":42,"key":"SMITH"}],"circlet_count":0,"master_deck":["Defend_B","Defend_B","Defend_B+1","Zap","Dualcast+1","Hyperbeam","Turbo+1","Cold Snap","Buffer+1","BootSequence","FTL","Capacitor","Genetic Algorithm","Rip and Tear","Leap","Skim","Coolheaded","Reboot","Compile Driver+1","Leap+1","Slimebound:Tackle+1","Slimebound:Tackle+1","Slimebound:Tackle+1","FTL+1","Skim+1","Barrage+1","Compile Driver+1","Reinforced Body+1","Seek","Tempest","Echo Form+1","Glacier+1","Capacitor+1","Chaos+1"],"relics":["Cracked Core","Juzu Bracelet","Mummified Hand","Cables","Molten Egg 2","Nuclear Battery","Symbiotic Virus","War Paint","Blood Vial","Inserter","Letter Opener","Vajra","Gambling Chip"],"acts_visited":["Exordium","TheCity","TheBeyond"],"potions_floor_usage":[23,23,29,33,41,41],"damage_taken":[{"damage":0,"enemies":"Small Slimes","floor":1,"turns":2},{"damage":2,"enemies":"2 Louse","floor":3,"turns":3},{"damage":1,"enemies":"Jaw Worm","floor":4,"turns":3},{"damage":5,"enemies":"Looter","floor":5,"turns":2},{"damage":29,"enemies":"Gremlin Nob","floor":6,"turns":6},{"damage":7,"enemies":"Blue Slaver","floor":7,"turns":4},{"damage":0,"enemies":"Exordium Wildlife","floor":10,"turns":2},{"damage":1,"enemies":"Large Slime","floor":11,"turns":5},{"damage":31,"enemies":"Lagavulin","floor":12,"turns":8},{"damage":0,"enemies":"3 Louse","floor":13,"turns":3},{"damage":19,"enemies":"The Guardian","floor":16,"turns":13},{"damage":13,"enemies":"Spheric Guardian","floor":18,"turns":6},{"damage":0,"enemies":"2 Thieves","floor":19,"turns":3},{"damage":6,"enemies":"Chosen and Byrds","floor":21,"turns":6},{"damage":0,"enemies":"Centurion and Healer","floor":22,"turns":6},{"damage":18,"enemies":"Gremlin Leader","floor":23,"turns":6},{"damage":8,"enemies":"Cultist and Chosen","floor":25,"turns":7},{"damage":1,"enemies":"Snake Plant","floor":27,"turns":4},{"damage":9,"enemies":"Shelled Parasite and Fungi","floor":29,"turns":4},{"damage":0,"enemies":"Chosen and Byrds","floor":30,"turns":5},{"damage":0,"enemies":"Snake Plant","floor":31,"turns":4},{"damage":0,"enemies":"Champ","floor":33,"turns":8},{"damage":3,"enemies":"3 Shapes","floor":35,"turns":3},{"damage":15,"enemies":"3 Darklings","floor":38,"turns":5},{"damage":16,"enemies":"Spire Growth","floor":39,"turns":5},{"damage":21,"enemies":"Nemesis","floor":41,"turns":7},{"damage":0,"enemies":"Mind Bloom Boss Battle","floor":44,"turns":7},{"damage":45,"enemies":"Reptomancer","floor":45,"turns":3}],"seed_played":"3422493264964054066","potions_obtained":[{"floor":4,"key":"SkillPotion"},{"floor":5,"key":"Strength Potion"},{"floor":7,"key":"Weak Potion"},{"floor":27,"key":"PowerPotion"},{"floor":30,"key":"SteroidPotion"},{"floor":33,"key":"Block Potion"},{"floor":39,"key":"hexamod:EctoCoolerPotion"},{"floor":44,"key":"Slimebound:ThreeZeroPotion"}],"is_trial":false,"path_per_floor":["M","?","M","M","M","E","M","R","T","M","M","E","M","$","R","B",null,"M","M","?","M","M","E","$","M","T","M","R","M","M","M","R","B",null,"M","$","?","M","M","R","E","R","T","?","E"],"character_chosen":"DEFECT","items_purchased":["Coolheaded","Molten Egg 2","War Paint","Echo Form"],"campfire_rested":3,"item_purchase_floors":[14,14,24,36],"current_hp_per_floor":[75,64,62,61,56,27,20,42,42,42,41,10,10,10,32,13,75,62,62,62,56,56,38,38,30,30,31,31,24,26,28,50,52,75,72,72,71,56,42,42,23,23,23,25,0,0],"gold":258,"neow_bonus":"ONE_RANDOM_RARE_CARD","is_daily":false,"chose_seed":false,"campfire_upgraded":3,"win_rate":0.0,"timestamp":1609611419,"path_taken":["M","?","M","M","M","E","M","R","T","M","M","E","M","$","R","BOSS","M","M","?","M","M","E","$","M","T","M","R","M","M","M","R","BOSS","M","$","?","M","M","R","E","R","T","?","E"],"items_purchased_type":["Card","Relic","Relic","Card"],"build_version":"2020-12-22","purchased_purges":1,"victory":false,"max_hp_per_floor":[75,75,75,75,75,75,75,75,75,75,75,75,75,75,75,75,75,75,75,75,75,75,75,75,75,75,75,75,75,75,75,75,75,75,75,75,71,71,71,71,71,71,71,71,71,71],"card_choices":[{"not_picked":["Compile Driver","Hologram"],"picked":"Turbo","floor":1},{"not_picked":["Doom and Gloom","Aggregate"],"picked":"Cold Snap","floor":3},{"not_picked":["Compile Driver","Hello World"],"picked":"Buffer","floor":4},{"not_picked":["Recycle","Skim"],"picked":"BootSequence","floor":5},{"not_picked":["Defragment","Chaos"],"picked":"FTL","floor":6},{"not_picked":["Turbo","Lockon"],"picked":"Capacitor","floor":7},{"not_picked":["Coolheaded","Turbo"],"picked":"Genetic Algorithm","floor":10},{"not_picked":["Static Discharge","Double Energy"],"picked":"Rip and Tear","floor":11},{"not_picked":["Sweeping Beam","Reprogram"],"picked":"Leap","floor":12},{"not_picked":["Loop","Sweeping Beam"],"picked":"Skim","floor":13},{"not_picked":["Hyperbeam+1","Meteor Strike+1"],"picked":"Reboot","floor":16},{"not_picked":["Turbo","Go for the Eyes+1"],"picked":"Compile Driver+1","floor":18},{"not_picked":["Redo","Cold Snap+1"],"picked":"Leap+1","floor":19},{"not_picked":["Streamline+1","Rip and Tear+1"],"picked":"FTL+1","floor":21},{"not_picked":["Beam Cell+1","Recycle","Coolheaded"],"picked":"SKIP","floor":22},{"not_picked":["Amplify","Beam Cell+1"],"picked":"Skim+1","floor":23},{"not_picked":["Gash+1","Turbo","White Noise"],"picked":"SKIP","floor":25},{"not_picked":["Rip and Tear+1","Lockon+1"],"picked":"Barrage+1","floor":27},{"not_picked":["Fusion","Steam Power","Streamline+1"],"picked":"SKIP","floor":29},{"not_picked":["Redo","Sweeping Beam+1"],"picked":"Compile Driver+1","floor":30},{"not_picked":["BootSequence","Double Energy"],"picked":"Reinforced Body+1","floor":31},{"not_picked":["Reboot","Buffer"],"picked":"Seek","floor":33},{"not_picked":["Gash+1","Beam Cell+1"],"picked":"Tempest","floor":35},{"not_picked":["Leap","Steam Power","Turbo"],"picked":"SKIP","floor":38},{"not_picked":["Auto Shields","Compile Driver+1"],"picked":"Glacier+1","floor":39},{"not_picked":["Sweeping Beam+1","Scrape+1"],"picked":"Capacitor+1","floor":41},{"not_picked":["Cold Snap+1","Compile Driver+1"],"picked":"Chaos+1","floor":44}],"player_experience":274346,"relics_obtained":[{"floor":6,"key":"Juzu Bracelet"},{"floor":9,"key":"Mummified Hand"},{"floor":12,"key":"Cables"},{"floor":23,"key":"Symbiotic Virus"},{"floor":26,"key":"Blood Vial"},{"floor":41,"key":"Letter Opener"},{"floor":43,"key":"Vajra"},{"floor":44,"key":"Gambling Chip"}],"event_choices":[{"damage_healed":0,"gold_gain":75,"player_choice":"Gather Gold","damage_taken":11,"max_hp_gain":0,"max_hp_loss":0,"event_name":"World of Goop","floor":2,"gold_loss":0},{"damage_healed":0,"gold_gain":0,"player_choice":"Max HP","damage_taken":0,"max_hp_gain":0,"max_hp_loss":4,"event_name":"Winding Halls","floor":37,"gold_loss":0},{"damage_healed":0,"gold_gain":0,"player_choice":"Fight","damage_taken":0,"max_hp_gain":0,"max_hp_loss":0,"event_name":"MindBloom","floor":44,"gold_loss":0}],"is_beta":false,"boss_relics":[{"not_picked":["Runic Pyramid","Astrolabe"],"picked":"Nuclear Battery"},{"not_picked":["Cursed Key","SlaversCollar"],"picked":"Inserter"}],"items_purged_floors":[24],"is_endless":false,"potions_floor_spawned":[4,5,7,16,19,21,22,27,30,31,33,39,44],"killed_by":"Reptomancer","ascension_level":0}}