{"host":"gzl5v2622u1zbb8f","time":1609606866,"event":{"mods":["AchievementEnabler","BaseMod","Colored Map","Colored Powertips","Minty Spire (QoL Compilation)","Quick Restart"],"gold_per_floor":[112,112,112,212,228,260,271,271,271,271,282,14,27,39,39,134,134,146,71,3,3,3,31,31,46,125,125,46,71,83,101,101,205,205,225,100,111,125,175,175,198,198,198,212,224,224,224,68,68,68],"floor_reached":51,"playtime":1121,"items_purged":["Wild Strike"],"score":760,"play_id":"e7e37b7d-99a4-4a71-9c3f-00d1468b7370","local_time":"20210102190106","is_ascension_mode":false,"campfire_choices":[{"data":"Perfected Strike","floor":10,"key":"SMITH"},{"data":"Bludgeon","floor":15,"key":"SMITH"},{"floor":24,"key":"REST"},{"floor":32,"key":"REST"},{"floor":40,"key":"REST"},{"floor":42,"key":"REST"},{"data":"1","floor":49,"key":"LIFT"}],"circlet_count":0,"master_deck":["Strike_R","Strike_R","Strike_R","Strike_R","Defend_R","Defend_R","Defend_R","Bash","Combust+1","Pommel Strike","Perfected Strike+1","Cleave","Clash","Bludgeon+1","Anger","Dual Wield","Perfected Strike","Brutality","CurseOfTheBell","Cleave","Clash","Sword Boomerang","Necronomicurse","Rampage","Seeing Red","Hemokinesis","J.A.X.","Whirlwind","Uppercut","Double Tap","Limit Break","Cleave+1","Thunderclap","Anger+1","Pommel Strike+1","Whirlwind","Writhe"],"relics":["Burning Blood","NeowsBlessing","Champion Belt","Red Skull","Calipers","Calling Bell","Ancient Tea Set","White Beast Statue","Du-Vu Doll","Necronomicon","Bronze Scales","Shuriken","Girya","Philosopher\u0027s Stone","Thread and Needle","Pantograph","Lantern"],"acts_visited":["Exordium","TheCity","TheBeyond"],"potions_floor_usage":[16,16,33,33,33,38,39,50,50],"damage_taken":[{"damage":0,"enemies":"Jaw Worm","floor":1,"turns":1},{"damage":1,"enemies":"2 Louse","floor":5,"turns":1},{"damage":0,"enemies":"Lagavulin","floor":6,"turns":1},{"damage":1,"enemies":"Cultist","floor":7,"turns":3},{"damage":6,"enemies":"2 Fungi Beasts","floor":11,"turns":2},{"damage":16,"enemies":"Large Slime","floor":13,"turns":4},{"damage":10,"enemies":"Blue Slaver","floor":14,"turns":2},{"damage":59,"enemies":"The Guardian","floor":16,"turns":7},{"damage":9,"enemies":"Chosen","floor":18,"turns":3},{"damage":22,"enemies":"Book of Stabbing","floor":23,"turns":3},{"damage":10,"enemies":"2 Thieves","floor":25,"turns":2},{"damage":45,"enemies":"Slavers","floor":29,"turns":3},{"damage":0,"enemies":"Snake Plant","floor":30,"turns":1},{"damage":0,"enemies":"Centurion and Healer","floor":31,"turns":2},{"damage":52,"enemies":"Champ","floor":33,"turns":5},{"damage":0,"enemies":"3 Darklings","floor":35,"turns":1},{"damage":14,"enemies":"Orb Walker","floor":37,"turns":2},{"damage":69,"enemies":"Writhing Mass","floor":38,"turns":3},{"damage":14,"enemies":"Mind Bloom Boss Battle","floor":39,"turns":3},{"damage":27,"enemies":"Sphere and 2 Shapes","floor":44,"turns":2},{"damage":25,"enemies":"Maw","floor":45,"turns":5},{"damage":69,"enemies":"Time Eater","floor":50,"turns":6}],"seed_played":"179900547770030129","potions_obtained":[{"floor":6,"key":"Fire Potion"},{"floor":11,"key":"SkillPotion"},{"floor":13,"key":"FearPotion"},{"floor":18,"key":"Strength Potion"},{"floor":23,"key":"PowerPotion"},{"floor":29,"key":"Regen Potion"},{"floor":33,"key":"CultistPotion"},{"floor":35,"key":"GamblersBrew"},{"floor":37,"key":"FairyPotion"},{"floor":38,"key":"LiquidBronze"},{"floor":39,"key":"Swift Potion"},{"floor":44,"key":"BlessingOfTheForge"},{"floor":45,"key":"AttackPotion"}],"is_trial":false,"path_per_floor":["M","?","?","?","M","E","M","?","T","R","M","$","M","M","R","B",null,"M","?","$","?","?","E","R","M","T","?","$","E","M","M","R","B",null,"M","$","M","M","?","R","T","R","T","M","M","?","?","$","R","B",null],"character_chosen":"IRONCLAD","items_purchased":["Bludgeon","Anger","Dual Wield","Clash","Sword Boomerang","Whirlwind","Thunderclap","Lantern"],"campfire_rested":4,"item_purchase_floors":[12,12,12,20,20,28,36,48],"current_hp_per_floor":[80,73,73,73,78,80,80,80,80,80,80,80,70,66,66,13,80,77,77,77,61,61,45,69,65,65,65,65,26,32,38,62,28,80,80,80,72,9,26,50,50,74,74,53,34,54,54,54,54,16],"gold":68,"neow_bonus":"THREE_ENEMY_KILL","is_daily":false,"chose_seed":false,"campfire_upgraded":2,"win_rate":0.0,"timestamp":1609606866,"path_taken":["M","?","?","?","M","E","?","?","T","R","M","$","M","M","R","BOSS","M","?","$","?","?","E","R","M","T","?","$","E","?","M","R","BOSS","M","$","M","M","?","R","?","R","T","M","?","?","?","$","R","BOSS"],"items_purchased_type":["Card","Card","Card","Card","Card","Card","Card","Relic"],"build_version":"2020-12-22","purchased_purges":1,"victory":true,"max_hp_per_floor":[80,80,80,80,80,80,80,80,80,80,80,80,80,80,80,80,80,80,80,80,80,80,80,80,80,80,80,80,80,80,80,80,80,80,80,80,80,80,80,80,80,80,80,80,80,80,80,80,80,80],"card_choices":[{"not_picked":["Perfected Strike","True Grit"],"picked":"Combust","floor":1},{"not_picked":["Flex","Anger"],"picked":"Pommel Strike","floor":5},{"not_picked":["Sword Boomerang","Burning Pact"],"picked":"Perfected Strike","floor":6},{"not_picked":["Havoc","Sword Boomerang"],"picked":"Cleave","floor":7},{"not_picked":["Thunderclap","Anger"],"picked":"Clash","floor":11},{"not_picked":["Shrug It Off","Feel No Pain"],"picked":"Wild Strike","floor":13},{"not_picked":["Second Wind","Wild Strike"],"picked":"Perfected Strike","floor":14},{"not_picked":["Impervious","Exhume"],"picked":"Brutality","floor":16},{"not_picked":["Blood for Blood+1","Second Wind"],"picked":"Cleave","floor":18},{"not_picked":["Sword Boomerang","Rupture"],"picked":"Seeing Red","floor":23},{"not_picked":["Body Slam+1","Iron Wave"],"picked":"Hemokinesis","floor":25},{"not_picked":["True Grit","Shrug It Off"],"picked":"Uppercut","floor":29},{"not_picked":["Flex","Pommel Strike"],"picked":"Double Tap","floor":30},{"not_picked":["Dark Embrace+1","Shrug It Off","Wild Strike"],"picked":"SKIP","floor":31},{"not_picked":["Barricade","Impervious"],"picked":"Limit Break","floor":33},{"not_picked":["Body Slam+1","Thunderclap"],"picked":"Cleave+1","floor":35},{"not_picked":["Armaments+1","True Grit"],"picked":"Anger+1","floor":37},{"not_picked":["Power Through","Intimidate"],"picked":"Pommel Strike+1","floor":38},{"not_picked":["Havoc","Body Slam+1","Clothesline"],"picked":"SKIP","floor":44},{"not_picked":["Combust","Clash+1"],"picked":"Whirlwind","floor":45}],"player_experience":16711,"relics_obtained":[{"floor":6,"key":"Champion Belt"},{"floor":9,"key":"Calipers"},{"floor":17,"key":"Ancient Tea Set"},{"floor":17,"key":"White Beast Statue"},{"floor":17,"key":"Du-Vu Doll"},{"floor":21,"key":"Necronomicon"},{"floor":23,"key":"Bronze Scales"},{"floor":26,"key":"Shuriken"},{"floor":29,"key":"Girya"},{"floor":39,"key":"Thread and Needle"},{"floor":43,"key":"Pantograph"}],"event_choices":[{"cards_removed":["Defend_R"],"damage_healed":0,"gold_gain":0,"player_choice":"Card Removal","damage_taken":7,"max_hp_gain":0,"max_hp_loss":0,"event_name":"Golden Wing","floor":2,"gold_loss":0},{"damage_healed":0,"gold_gain":0,"player_choice":"Grow","damage_taken":0,"max_hp_gain":0,"max_hp_loss":0,"event_name":"Living Wall","floor":3,"gold_loss":0,"cards_upgraded":["Combust"]},{"damage_healed":0,"gold_gain":100,"player_choice":"Pray","damage_taken":0,"max_hp_gain":0,"max_hp_loss":0,"event_name":"Golden Shrine","floor":4,"gold_loss":0},{"damage_healed":0,"gold_gain":0,"player_choice":"Box","damage_taken":0,"relics_obtained":["Red Skull"],"max_hp_gain":0,"max_hp_loss":0,"event_name":"Big Fish","floor":8,"gold_loss":0,"cards_obtained":["Regret"]},{"cards_removed":["Regret"],"damage_healed":0,"gold_gain":0,"player_choice":"Gave Gold","damage_taken":0,"max_hp_gain":0,"max_hp_loss":0,"event_name":"Beggar","floor":19,"gold_loss":75},{"damage_healed":0,"gold_gain":0,"player_choice":"Obtained Book","damage_taken":16,"max_hp_gain":0,"max_hp_loss":0,"event_name":"Cursed Tome","floor":21,"gold_loss":0},{"damage_healed":0,"gold_gain":0,"player_choice":"Read","damage_taken":0,"max_hp_gain":0,"max_hp_loss":0,"event_name":"The Library","floor":22,"gold_loss":0,"cards_obtained":["Rampage"]},{"damage_healed":0,"gold_gain":0,"player_choice":"Obtain J.A.X.","damage_taken":0,"max_hp_gain":0,"max_hp_loss":0,"event_name":"Drug Dealer","floor":27,"gold_loss":0,"cards_obtained":["J.A.X."]},{"damage_healed":0,"gold_gain":0,"player_choice":"Fight","damage_taken":0,"max_hp_gain":0,"max_hp_loss":0,"event_name":"MindBloom","floor":39,"gold_loss":0},{"damage_healed":20,"gold_gain":0,"player_choice":"Writhe","damage_taken":0,"max_hp_gain":0,"max_hp_loss":0,"event_name":"Winding Halls","floor":46,"gold_loss":0,"cards_obtained":["Writhe"]},{"cards_removed":["Strike_R"],"damage_healed":0,"gold_gain":0,"player_choice":"Removed Attack","damage_taken":0,"max_hp_gain":0,"max_hp_loss":0,"event_name":"Falling","floor":47,"gold_loss":0}],"is_beta":false,"boss_relics":[{"not_picked":["Sozu","Coffee Dripper"],"picked":"Calling Bell"},{"not_picked":["Tiny House","Fusion Hammer"],"picked":"Philosopher\u0027s Stone"}],"items_purged_floors":[36],"is_endless":false,"potions_floor_spawned":[6,11,13,18,23,25,29,30,31,33,35,37,38,39,44,45],"ascension_level":0}}