{"host":"2461dio7vetlq1z3","time":1609612129,"event":{"mods":["2.2 Compatiblity","AchievementEnabler","BaseMod","Better Third Choice","Friendly Minions","Minty Spire (QoL Compilation)","Relic Stats","Replay The Spire","Spicy Shops","StSLib","Waifu the Spire"],"gold_per_floor":[118,138,138,138,154,182,182,195,247,247,264,264,283,315,315,386,386,401,401],"floor_reached":18,"playtime":1290,"items_purged":[],"score":448,"play_id":"c07598f8-8d1c-4412-99a9-ef8fcff33cbf","local_time":"20210102192849","is_ascension_mode":true,"campfire_choices":[{"floor":7,"key":"REST"},{"floor":10,"key":"REST"}],"circlet_count":0,"master_deck":["AscendersBane","Dualcast","Glacier","Go for the Eyes","Deadly Poison","Creative AI","Consume","BasicCrystalCard","Ball Lightning","BasicCrystalCard","Recycle","Fission","Ball Lightning","Auto Shields","ReplayTheSpireMod:System Scan","Panic Button","Self Repair","Hologram","Biased Cognition","Stack"],"relics":["Ring of the Snake","Mummified Hand","Anchor","NlothsMask","MealTicket","Pandora\u0027s Box"],"acts_visited":["Exordium","TheCity"],"potions_floor_usage":[8,14,16,16],"damage_taken":[{"damage":4,"enemies":"Jaw Worm","floor":1,"turns":4},{"damage":11,"enemies":"Small Slimes","floor":2,"turns":6},{"damage":5,"enemies":"Cultist","floor":5,"turns":5},{"damage":44,"enemies":"Gremlin Nob","floor":6,"turns":7},{"damage":17,"enemies":"3 Louse","floor":8,"turns":6},{"damage":5,"enemies":"Large Slime","floor":11,"turns":15},{"damage":0,"enemies":"Looter","floor":13,"turns":4},{"damage":28,"enemies":"3 Sentries","floor":14,"turns":7},{"damage":0,"enemies":"Fading Forest","floor":16,"turns":13},{"damage":42,"enemies":"Chosen","floor":18,"turns":9}],"seed_played":"-1549691474148416203","potions_obtained":[{"floor":1,"key":"Adrenaline Potion"},{"floor":6,"key":"PowerPotion"},{"floor":13,"key":"EssenceOfSteel"},{"floor":15,"key":"LiquidBronze"}],"is_trial":false,"path_per_floor":["M","M","?","?","M","E","R","M","T","R","M","?","M","E","R","B",null,"M"],"character_chosen":"DEFECT","items_purchased":[],"campfire_rested":2,"item_purchase_floors":[],"current_hp_per_floor":[67,56,56,56,51,7,30,13,13,36,31,31,31,3,3,11,61,26,26],"gold":401,"neow_bonus":"TEN_PERCENT_HP_BONUS","is_daily":false,"chose_seed":false,"campfire_upgraded":0,"win_rate":0.0,"timestamp":1609612129,"path_taken":["M","M","?","?","M","E","R","M","T","R","M","?","M","E","R","BOSS","M"],"items_purchased_type":[],"build_version":"2020-12-22","purchased_purges":0,"victory":false,"max_hp_per_floor":[78,78,78,78,78,78,78,78,78,78,78,78,78,78,78,78,78,78,78],"relic_stats":{"counters":[10,76],"Mummified Hand":[53],"MealTicket":0,"Pandora\u0027s Box":["Ball Lightning","Auto Shields","ReplayTheSpireMod:System Scan","Panic Button","Self Repair","Hologram","Biased Cognition","Stack"],"obtain_stats":[{"Anchor":9,"Mummified Hand":6,"MealTicket":14,"Pandora\u0027s Box":17,"Cracked Core":0,"Ring of the Snake":3,"NlothsMask":12},{"Anchor":5,"Mummified Hand":4,"MealTicket":8,"Pandora\u0027s Box":9,"Cracked Core":0,"Ring of the Snake":2,"NlothsMask":6},{"Anchor":28,"Mummified Hand":22,"MealTicket":54,"Pandora\u0027s Box":67,"Cracked Core":0,"Ring of the Snake":10,"NlothsMask":43}],"Ring of the Snake":[16]},"card_choices":[{"not_picked":["White Noise","Compile Driver"],"picked":"Glacier","floor":1},{"not_picked":["Rebound","Panic Button"],"picked":"Go for the Eyes","floor":2},{"not_picked":["BasicCrystalCard","Panic Button"],"picked":"Creative AI","floor":5},{"not_picked":["Static Discharge","Time Bomb"],"picked":"Consume","floor":6},{"not_picked":["Stack","Cold Snap"],"picked":"BasicCrystalCard","floor":8},{"not_picked":["Gash","ReplaySort"],"picked":"Ball Lightning","floor":11},{"not_picked":["Self Repair","Skim"],"picked":"BasicCrystalCard","floor":13},{"not_picked":["Time Bomb","Ball Lightning"],"picked":"Recycle","floor":14},{"not_picked":["Meteor Strike","Buffer"],"picked":"Fission","floor":16}],"player_experience":1022198,"relics_obtained":[{"floor":6,"key":"Mummified Hand"},{"floor":9,"key":"Anchor"},{"floor":14,"key":"MealTicket"}],"event_choices":[{"damage_healed":0,"gold_gain":0,"player_choice":"Ignored","damage_taken":138,"max_hp_gain":0,"max_hp_loss":0,"event_name":"betterThird:BetterSerpent","floor":4,"gold_loss":0},{"damage_healed":0,"gold_gain":0,"player_choice":"Trade","damage_taken":0,"relics_obtained":["NlothsMask"],"max_hp_gain":0,"max_hp_loss":0,"event_name":"FaceTrader","floor":12,"gold_loss":0}],"is_beta":false,"boss_relics":[{"not_picked":["Busted Crown","Replay:Bronze Core"],"picked":"Pandora\u0027s Box"}],"items_purged_floors":[],"is_endless":false,"potions_floor_spawned":[1,6,13],"killed_by":"Chosen","ascension_level":20}}