{"host":"df48i9djcn92c5sx","time":1609591663,"event":{"mods":["BaseMod","Downfall","Marisa£®ÏF”Í°°ƒß¿Ì…≥£©","Minty Spire (QoL Compilation)","READ ME - Guardian Mod","READ ME - Snecko Mod","Reimu£®≤©¿ˆ¡È√Œ£©","Remilia£®¿Ÿ√◊¿Ú—«£©","Replay The Spire","Shop Mod","StSLib","The Jungle","The Servant 0.9.4"],"gold_per_floor":[199,212,212,232,232,248,248,248,398,398,408,408,408,408],"floor_reached":12,"playtime":332,"items_purged":[],"score":68,"play_id":"eec0cfa6-eb18-4df0-88ad-2d851aaae5c6","local_time":"20210102204743","is_ascension_mode":false,"campfire_choices":[{"data":"hexamod:Sear","floor":1.0,"key":"SMITH"},{"data":"hexamod:SkipABeat","floor":8,"key":"SMITH"},{"data":"hexamod:Firestarter","floor":10,"key":"SMITH"}],"circlet_count":0,"master_deck":["hexamod:Strike","hexamod:Strike","hexamod:Defend","hexamod:Defend","hexamod:Defend","hexamod:Defend","hexamod:Sear+1","hexamod:Float","hexamod:SkipABeat+1","hexamod:Firestarter+1","hexamod:ChargedBarrage+1","hexamod:PowerFromBeyond","Slimebound:Icky","hexamod:HauntingEcho"],"relics":["hexamod:SpiritBrand"],"acts_visited":["Exordium"],"potions_floor_usage":[12],"damage_taken":[{"damage":1.0,"enemies":"2 Louse","floor":2.0,"turns":4.0},{"damage":0.0,"enemies":"Cultist","floor":4.0,"turns":4.0},{"damage":6,"enemies":"Jaw Worm","floor":6,"turns":3},{"damage":5,"enemies":"Large Slime","floor":11,"turns":3},{"damage":78,"enemies":"Gremlin Nob","floor":12,"turns":5}],"seed_played":"-5159548606608799621","potions_obtained":[{"floor":6,"key":"BlessingOfTheForge"},{"floor":11,"key":"Energy Potion"}],"is_trial":false,"path_per_floor":["R","M","?","M","?","M","T","R","?","R","M","E"],"character_chosen":"THE_SPIRIT","items_purchased":[],"campfire_rested":0,"item_purchase_floors":[],"current_hp_per_floor":[70,69,69,69,69,63,63,63,63,63,58,0,0,0],"gold":408,"neow_bonus":"HUNDRED_GOLD","is_daily":false,"chose_seed":false,"campfire_upgraded":3,"win_rate":0.0,"timestamp":1609591663,"path_taken":["R","M","?","?","?","M","T","R","?","R","M","E"],"items_purchased_type":[],"build_version":"2020-12-22","purchased_purges":0,"victory":false,"max_hp_per_floor":[70,70,70,70,70,70,70,70,70,70,70,70,70,70],"card_choices":[{"not_picked":["hexamod:ShieldOfDarkness","hexamod:FastForward"],"picked":"hexamod:SkipABeat","floor":2.0},{"not_picked":["hexamod:SpectersWail","hexamod:StepThrough"],"picked":"hexamod:Firestarter","floor":4.0},{"not_picked":["hexamod:HeatMetal","hexamod:EmpoweredFlame"],"picked":"hexamod:PowerFromBeyond","floor":6},{"not_picked":["hexamod:SpectersWail","hexamod:AdvancingGuard"],"picked":"hexamod:HauntingEcho","floor":11}],"player_experience":1391010,"relics_obtained":[],"event_choices":[{"cards_removed":["hexamod:Strike"],"damage_healed":0.0,"max_hp_gain":0.0,"max_hp_loss":0.0,"gold_gain":0.0,"event_name":"Purifier","player_choice":"Purged","floor":3.0,"gold_loss":0.0,"damage_taken":0.0}],"is_beta":false,"boss_relics":[],"items_purged_floors":[],"is_endless":false,"potions_floor_spawned":[6,11],"killed_by":"Gremlin Nob","ascension_level":0}}