{"host":"aewhn2fld106mlky","time":1609558383,"event":{"mods":["Act Like it!","BaseMod","Downfall","GungeonMod","Koishi","KomeijiMod","Minty Spire (QoL Compilation)","Quick Restart","Relic Stats","Spicy Shops","StSLib","The Jungle","The Mystic"],"gold_per_floor":[116,116,130,34,34,34,67,67,94,106,118,159,182,208,220,332,344,373,506,518,553,637,649,661,661],"floor_reached":24,"playtime":690,"items_purged":[],"score":254,"play_id":"1920309f-47e2-4388-b9fe-62fa3677fdaf","local_time":"20210102113303","is_ascension_mode":false,"campfire_choices":[{"data":"DemoMod:FortunesFavor","floor":6.0,"key":"SMITH"},{"data":"DemoMod:PotionOfGunFriendShip","floor":11.0,"key":"SMITH"},{"data":"DemoMod:GunslingerForm","floor":15.0,"key":"SMITH"},{"data":"DemoMod:ChanceBullets","floor":23.0,"key":"SMITH"}],"circlet_count":0,"master_deck":["DemoMod:Defend_Huntress","DemoMod:Roll","DemoMod:ManualReload","DemoMod:RustySidearm","DemoMod:CrossBow","DemoMod:FortunesFavor+1","DemoMod:ProbeStrike","DemoMod:DirectionalPad","DemoMod:PotionOfGunFriendShip+1","DemoMod:GunslingerForm+1","DemoMod:AbyssalTentacle","DemoMod:FinishedGun","DemoMod:ChanceBullets+1"],"relics":["DemoMod:Dog","NeowsBlessing","DemoMod:RedGuonStone","MawBank","Happy Flower","DemoMod:Plus1Bullets","Empty Cage","theJungle:SpiritDisease"],"acts_visited":["Exordium","Exordium"],"potions_floor_usage":[24,24],"damage_taken":[{"damage":0.0,"enemies":"2 Louse","floor":1.0,"turns":1.0},{"damage":0.0,"enemies":"Cultist","floor":3.0,"turns":1.0},{"damage":0.0,"enemies":"Lagavulin","floor":7.0,"turns":1.0},{"damage":0.0,"enemies":"Gremlin Nob","floor":12.0,"turns":2.0},{"damage":0.0,"enemies":"Jaw Worm","floor":13.0,"turns":2.0},{"damage":0.0,"enemies":"3 Louse","floor":14.0,"turns":2.0},{"damage":4.0,"enemies":"Hexaghost","floor":16.0,"turns":9.0},{"damage":2.0,"enemies":"Shell Parasite","floor":18.0,"turns":3.0},{"damage":11.0,"enemies":"theJungle:5_Spyders","floor":21.0,"turns":4.0},{"damage":35.0,"enemies":"theJungle:2_Snecko_Cultists","floor":22.0,"turns":4.0},{"damage":33,"enemies":"theJungle:2_Phrogs","floor":24,"turns":2}],"seed_played":"7601500087013342416","potions_obtained":[{"floor":3.0,"key":"Guardian:BlockOnCardUsePotion"},{"floor":7.0,"key":"champ:CounterPotion"},{"floor":12.0,"key":"hexamod:EctoCoolerPotion"},{"floor":21.0,"key":"FearPotion"},{"floor":22.0,"key":"EssenceOfSteel"}],"is_trial":false,"path_per_floor":["M","?","M","?","$","R","E","?","T","?","R","E","M","M","R","B",null,"M","?","?","M","M","R","E"],"character_chosen":"HUNTRESS","items_purchased":[],"campfire_rested":0,"item_purchase_floors":[],"current_hp_per_floor":[70,70,70,79,79,79,79,79,79,79,79,79,79,79,79,75,79,77,77,77,66,31,31,0,0],"gold":661,"neow_bonus":"THREE_ENEMY_KILL","is_daily":false,"chose_seed":false,"campfire_upgraded":4,"win_rate":0.0,"timestamp":1609558383,"path_taken":["M","?","?","?","$","R","E","?","T","?","R","E","M","M","R","BOSS","M","?","?","?","M","R","E"],"items_purchased_type":[],"build_version":"2020-12-22","purchased_purges":0,"victory":false,"max_hp_per_floor":[70,70,70,79,79,79,79,79,79,79,79,79,79,79,79,79,79,79,79,79,79,79,79,79,79],"relic_stats":{"Happy Flower":[8],"counters":[11,30],"MawBank":180,"obtain_stats":[{"DemoMod:Dog":0,"NeowsBlessing":0,"Happy Flower":12,"DemoMod:RedGuonStone":7,"DemoMod:Plus1Bullets":16,"DemoMod:GlassGuonStoneRelic":13,"theJungle:SpiritDisease":20,"MawBank":9,"Empty Cage":17},{"DemoMod:Dog":0,"NeowsBlessing":0,"Happy Flower":4,"DemoMod:RedGuonStone":3,"DemoMod:Plus1Bullets":7,"DemoMod:GlassGuonStoneRelic":5,"theJungle:SpiritDisease":8,"MawBank":3,"Empty Cage":7},{"DemoMod:Dog":0,"NeowsBlessing":0,"Happy Flower":5,"DemoMod:RedGuonStone":3,"DemoMod:Plus1Bullets":17,"DemoMod:GlassGuonStoneRelic":7,"theJungle:SpiritDisease":20,"MawBank":3,"Empty Cage":17}]},"card_choices":[{"not_picked":["DemoMod:MachoBrace","DemoMod:SAA"],"picked":"DemoMod:FortunesFavor","floor":1.0},{"not_picked":["DemoMod:Rummage","DemoMod:HardPowerCard"],"picked":"DemoMod:ProbeStrike","floor":1.0},{"not_picked":["DemoMod:TeaPot","DemoMod:ZorGun"],"picked":"DemoMod:DirectionalPad","floor":3.0},{"not_picked":["DemoMod:Ejector","DemoMod:FeignSurrender","DemoMod:MachoBrace"],"picked":"SKIP","floor":3.0},{"not_picked":["DemoMod:PracticeMakesPerfect","DemoMod:Unity"],"picked":"DemoMod:PotionOfGunFriendShip","floor":7.0},{"not_picked":["DemoMod:Ejector","DemoMod:Rummage"],"picked":"DemoMod:GunslingerForm","floor":12.0},{"not_picked":["DemoMod:SAA","DemoMod:Rummage","DemoMod:ConditionalReflex"],"picked":"SKIP","floor":13.0},{"not_picked":["DemoMod:HardPowerCard","DemoMod:Polaris"],"picked":"DemoMod:AbyssalTentacle","floor":14.0},{"not_picked":["DemoMod:BlackHoleGun","DemoMod:ThirdPartyController"],"picked":"DemoMod:FinishedGun","floor":16.0},{"not_picked":["DemoMod:RadGun","DemoMod:TeaPot","DemoMod:SAA"],"picked":"SKIP","floor":18.0},{"not_picked":["DemoMod:Unmoved","DemoMod:JK47","DemoMod:ConditionalReflex"],"picked":"SKIP","floor":21.0},{"not_picked":["DemoMod:MegaHand","DemoMod:Polaris"],"picked":"DemoMod:ChanceBullets","floor":22.0}],"player_experience":35643,"relics_obtained":[{"floor":7.0,"key":"DemoMod:RedGuonStone"},{"floor":9.0,"key":"MawBank"},{"floor":12.0,"key":"Happy Flower"},{"floor":16.0,"key":"DemoMod:Plus1Bullets"}],"event_choices":[{"cards_removed":["DemoMod:Defend_Huntress"],"damage_healed":0.0,"max_hp_gain":0.0,"max_hp_loss":0.0,"gold_gain":0.0,"event_name":"Purifier","player_choice":"Purged","floor":2.0,"gold_loss":0.0,"damage_taken":0.0},{"damage_healed":0.0,"max_hp_gain":0.0,"max_hp_loss":0.0,"gold_gain":0.0,"event_name":"The Woman in Blue","player_choice":"Bought 0 Potions","floor":10.0,"gold_loss":0.0,"damage_taken":0.0}],"is_beta":false,"boss_relics":[{"not_picked":["SlaversCollar","Busted Crown"],"picked":"Empty Cage"}],"items_purged_floors":[],"is_endless":false,"potions_floor_spawned":[3,7,12,21,22],"killed_by":"theJungle:2_Phrogs","ascension_level":0}}