{"host":"k4sml0yodkvgduav","time":1609608936,"event":{"mods":["Act Like it!","Arknights The Spire","BaseMod","CapriCore","Hallownest","Hermit","Highlight Path","Luminous","Minty Spire (QoL Compilation)","MostiFishMod","Quick Restart","Replay The Spire","Spicy Shops","StSLib","The Administrix","The Servant 0.9.4","TheSwordswoman","UnlockEverythingMod","Yakumo Yukari mod","Youmu£®ªÍ∆«—˝√Œ£©","Yuyuko"],"gold_per_floor":[109,109,109,0,0,36,36,36,36,36,63,105,130,139,139,249,249,271,271,287,71,137,137,161,213,213,36,88,118,118,118,118,236,-1164,-1160,-1160],"floor_reached":35,"playtime":3375,"items_purged":[],"score":438,"play_id":"8dd2026d-6e63-4ced-910a-6afd93bf2b1f","local_time":"20210103013536","is_ascension_mode":false,"campfire_choices":[{"data":"ats:Childhood Dance","floor":7,"key":"SMITH"},{"data":"ats:Emotion Absorption","floor":10,"key":"SMITH"},{"data":"ats:Closed Bolt Burst Fire","floor":15,"key":"SMITH"},{"data":"ats:Calcification","floor":23,"key":"SMITH"},{"data":"ats:Composite Medical Shells","floor":30,"key":"SMITH"},{"data":"ats:Dogmatic Field","floor":32,"key":"SMITH"}],"circlet_count":0,"master_deck":["ats:Strike C","ats:Strike G","ats:Strike S","ats:Strike V","ats:Armor Crushing Shot","ats:Defend","ats:Defend","ats:Defend","ats:Emotion Absorption+1","ats:Thermite Blade","ats:Directed Diagnosis","ats:Childhood Dance+1","ats:Closed Bolt Burst Fire+1","ats:Shadow Raid","ats:Flame Of Heaven","MostiFishMod:BrokenBlackCloak","ats:Calcification+1","ats:Ignite","ats:Composite Medical Shells+1","ats:Soul Absorption","ats:Thorns","ats:Support Order","MostiFishMod:StoryBook","ats:Dogmatic Field+1","ats:Apocalypse+1","ats:Calcification"],"relics":["ats:Sanity Plus","DaveBox","FeatherPendant","NeowsBlessing","SynthV:TestCard","CeramicFish","ats:Originium","Snack Pack","Ornamental Fan","Counterbalance","ats:Arts","StrikeDummy","Replay:Bandana","SynthV:MejaisSoulstealer"],"acts_visited":["Exordium","Hallownest:Greenpath","TheBeyond"],"potions_floor_usage":[],"damage_taken":[{"damage":0,"enemies":"Hallownest:monsterHuskGuard","floor":1,"turns":1},{"damage":0,"enemies":"Hallownest:eliteMossKnight","floor":6,"turns":1},{"damage":0,"enemies":"Hallownest:monsterHuskWarrior","floor":11,"turns":1},{"damage":0,"enemies":"Hallownest:eliteVengeflyKing","floor":12,"turns":3},{"damage":7,"enemies":"Hallownest:2_Tiktiks_and_1_Crawlid","floor":13,"turns":3},{"damage":9,"enemies":"Hallownest:BossFalseKnight","floor":16,"turns":6},{"damage":2,"enemies":"Hallownest:Flukemon_and_Top","floor":18,"turns":5},{"damage":15,"enemies":"Hallownest:2_Mistakes","floor":20,"turns":3},{"damage":4,"enemies":"Hallownest:Glutton_and_Coward","floor":22,"turns":4},{"damage":13,"enemies":"Hallownest:2_Husk_Sentries","floor":24,"turns":5},{"damage":5,"enemies":"Hallownest:monsterMisterMushroom","floor":28,"turns":6},{"damage":29,"enemies":"Hallownest:3_Mistakes","floor":29,"turns":7},{"damage":63,"enemies":"Hallownest:BossSoulMaster","floor":33,"turns":7},{"damage":1,"enemies":"Orb Walker","floor":35,"turns":3}],"seed_played":"-8424248074324305631","potions_obtained":[{"floor":12,"key":"Fire Potion"},{"floor":16,"key":"Flashbang"}],"is_trial":false,"path_per_floor":["M","?","?","?","$","E","R","T","T","R","M","E","M","?","R","B",null,"M","?","M","$","M","R","M","?","T","$","M","M","R","?","R","B",null,"M"],"character_chosen":"DOCTOR_CLASS","items_purchased":["ats:Composite Medical Shells","ats:Arts","MostiFishMod:StoryBook"],"campfire_rested":0,"item_purchase_floors":[21,21,27],"current_hp_per_floor":[72,72,72,72,72,72,72,72,72,72,72,72,69,69,69,70,72,72,72,62,62,66,66,63,45,45,45,49,69,69,69,69,67,72,72,72],"gold":-1160,"neow_bonus":"THREE_ENEMY_KILL","is_daily":false,"chose_seed":false,"campfire_upgraded":6,"win_rate":0.0,"timestamp":1609608936,"path_taken":["M","?","?","?","$","E","R","?","T","R","?","E","M","?","R","BOSS","M","?","M","$","M","R","M","?","T","$","M","M","R","?","R","BOSS","M"],"items_purchased_type":["Card","Relic","Card"],"build_version":"2020-12-22","purchased_purges":0,"victory":false,"max_hp_per_floor":[72,72,72,72,72,72,72,72,72,72,72,72,72,72,72,72,72,72,72,72,72,72,72,72,72,72,72,72,72,72,72,72,72,72,72,72],"card_choices":[{"not_picked":["ats:Revitalization","ats:Assault Order"],"picked":"ats:Thermite Blade","floor":1},{"not_picked":["ats:Automatic Cover","ats:Beaten Up","ats:Directed Diagnosis","ats:Demon Strength"],"picked":"ats:Childhood Dance","floor":6},{"not_picked":["ats:Curse Doll","ats:Leaping Hammer","ats:Steam Pump","ats:Encircling Forest"],"picked":"ats:Closed Bolt Burst Fire","floor":11},{"not_picked":["ats:Ignite","ats:Mental Burst","ats:Powerful Strike","ats:Curse Doll"],"picked":"ats:Shadow Raid","floor":12},{"not_picked":["ats:Leaping Hammer","ats:Explosion Area Strengthen","ats:Assault Order","ats:Durian"],"picked":"ats:Flame Of Heaven","floor":13},{"not_picked":["Secret Technique","Madness","Flash of Steel","ReplayTheSpireMod:Uncanny Aura"],"picked":"MostiFishMod:BrokenBlackCloak","floor":14},{"not_picked":["ats:Wolf Pack","ats:Rat Pack","ats:Dogmatic Field","ats:Disruption Kick"],"picked":"ats:Calcification","floor":16},{"not_picked":["ats:Assault Order","ats:Curse Doll","ats:Explosion Area Strengthen+1","ats:Shell Defense"],"picked":"ats:Ignite","floor":18},{"not_picked":["ats:Shell Defense+1","ats:Charging Defense","ats:Neurotoxin","ats:Childhood Dance","ats:Shadow Raid"],"picked":"SKIP","floor":20},{"not_picked":["ats:Fractured Body","ats:Consecutive Shot Auto+1","ats:Explosion Area Strengthen","ats:Cat Scratch"],"picked":"ats:Soul Absorption","floor":22},{"not_picked":["ats:Leaping Hammer","ats:Spore Proliferation+1","ats:Neurotoxin+1","ats:Childhood Dance+1"],"picked":"ats:Thorns","floor":24},{"not_picked":["ats:Curse Doll","ats:Flexible Camouflage","ats:Leaping Hammer","ats:Hammer On"],"picked":"ats:Support Order","floor":25},{"not_picked":["ats:Spore Proliferation","ats:Thorns","ats:Shell Defense","ats:Cat Scratch"],"picked":"ats:Dogmatic Field","floor":28},{"not_picked":["ats:Flexible Camouflage+1","ats:Ignite+1","ats:Hammer On","ats:Soul Rend"],"picked":"ats:Apocalypse+1","floor":29},{"not_picked":["ats:Rat Pack","ats:Wolf Pack","ats:Soul Rend","ats:Echo Reverb"],"picked":"ats:Calcification","floor":33}],"player_experience":351244,"relics_obtained":[{"floor":1,"key":"SynthV:TestCard"},{"floor":6,"key":"ats:Originium"},{"floor":6,"key":"Snack Pack"},{"floor":8,"key":"Ornamental Fan"},{"floor":12,"key":"ats:Originium"},{"floor":12,"key":"Counterbalance"},{"floor":25,"key":"StrikeDummy"},{"floor":26,"key":"Replay:Bandana"}],"event_choices":[],"is_beta":false,"boss_relics":[{"not_picked":["ReplayTheSpireMod:DimensionalGlitch","Calling Bell"],"picked":"ats:Sanity Plus"},{"not_picked":["Runic Dome","Kintsugi"],"picked":"SynthV:MejaisSoulstealer"}],"items_purged_floors":[],"is_endless":false,"potions_floor_spawned":[12,16,22,24,28,29],"killed_by":"Orb Walker","ascension_level":0}}