{"host":"8i4doyxqctgl5qb0","time":1609617236,"event":{"mods":["AchievementEnabler","BaseMod","Block Reminder","Colored Powertips","Downfall","Marisa£®ÏF”Í°°ƒß¿Ì…≥£©","Minty Spire (QoL Compilation)","Permanent Neow","Potion Indicator Mod","Rare Cards Sparkle","StSLib","SuperFastMode"],"gold_per_floor":[99,113,132,132,143,158,158,158,108,119,134,38,55,55,71,167,167,117,132,142,142,142,169,169,62,12,12,12,12,12,30,47,145,145,95,105,132,182,182,132,201,201,201,151,179,54,70,31,46,46],"floor_reached":51,"playtime":2187,"items_purged":[],"score":835,"play_id":"2fb97e3b-4b54-4927-8bc2-2abcffd94b6c","local_time":"20210103035356","is_ascension_mode":false,"campfire_choices":[{"data":"Slimebound:Split","floor":1.0,"key":"SMITH"},{"data":"Slimebound:SplitLeeching","floor":9.0,"key":"SMITH"},{"data":"Slimebound:Overexert","floor":18.0,"key":"SMITH"},{"data":"expansioncontent:CaCaw","floor":26.0,"key":"SMITH"},{"data":"Slimebound:Teamwork","floor":28.0,"key":"SMITH"},{"data":"Slimebound:MinionMaster","floor":35.0,"key":"SMITH"},{"data":"Slimebound:FirmFortitude","floor":40.0,"key":"SMITH"},{"data":"expansioncontent:DefensiveStance","floor":44,"key":"SMITH"},{"data":"Slimebound:AcidTongue","floor":46,"key":"SMITH"}],"circlet_count":0,"master_deck":["Slimebound:Strike_Slimebound+1","Slimebound:Strike_Slimebound+1","Slimebound:Strike_Slimebound+1","Slimebound:Tackle","Slimebound:Defend_Slimebound+1","Slimebound:Defend_Slimebound+1","Slimebound:Defend_Slimebound+1","Slimebound:Defend_Slimebound+1","Slimebound:Split+1","Slimebound:CorrosiveSpit","Slimebound:SplitLeeching+1","Slimebound:SlimeSpikes","Slimebound:SplitLeeching","Slimebound:SlimeBarrage+1","Slimebound:SamplingLick","Slimebound:SplitMire","Slimebound:Teamwork+1","Slimebound:DisruptingSlam","Slimebound:SlimeSpikes","Slimebound:Overexert+1","Slimebound:AcidTongue+1","Slimebound:SplitBruiser","Slimebound:FirmFortitude+1","Slimebound:SplitAcid+1","expansioncontent:CaCaw+1","Slimebound:SplitBruiser","Slimebound:MinionMaster+1","Slimebound:SplitAcid","Slimebound:GrowthPunch+1","expansioncontent:DefensiveStance+1","expansioncontent:AwakenDeath","Slimebound:LivingWall+1","Slimebound:Schlurp","Slimebound:SlimeBarrage+1","Slimebound:LevelUp","Slimebound:ComboTackle"],"relics":["Slimebound:AbsorbEndCombat","Slimebound:GreedOozeRelic","Mercury Hourglass","Incense Burner","Slimebound:TarBlob","HornCleat","downfall:RedIOU","Busted Crown","Centennial Puzzle","Ice Cream","Ornamental Fan","Strawberry","Bronze Scales","downfall:HeartBlessingGreen","Calipers"],"acts_visited":["Exordium","TheCity","TheBeyond"],"potions_floor_usage":[45,48,50],"damage_taken":[{"damage":10.0,"enemies":"Small Slimes","floor":2.0,"turns":3.0},{"damage":14.0,"enemies":"Cultist","floor":3.0,"turns":4.0},{"damage":12.0,"enemies":"Jaw Worm","floor":5.0,"turns":2.0},{"damage":29.0,"enemies":"Exordium Wildlife","floor":6.0,"turns":4.0},{"damage":12.0,"enemies":"3 Louse","floor":10.0,"turns":3.0},{"damage":17.0,"enemies":"Large Slime","floor":11.0,"turns":4.0},{"damage":21.0,"enemies":"downfall:FleeingMerchant","floor":12.0,"turns":4.0},{"damage":10.0,"enemies":"2 Fungi Beasts","floor":13.0,"turns":2.0},{"damage":0.0,"enemies":"Exordium Wildlife","floor":15.0,"turns":3.0},{"damage":24.0,"enemies":"downfall:Watcher","floor":16.0,"turns":7.0},{"damage":1.0,"enemies":"3 Byrds","floor":19.0,"turns":3.0},{"damage":24.0,"enemies":"Shell Parasite","floor":20.0,"turns":4.0},{"damage":32.0,"enemies":"Gremlin Leader","floor":23.0,"turns":3.0},{"damage":18.0,"enemies":"downfall:FleeingMerchant","floor":25.0,"turns":4.0},{"damage":18.0,"enemies":"Cultist and Chosen","floor":31.0,"turns":4.0},{"damage":24.0,"enemies":"Snecko","floor":32.0,"turns":3.0},{"damage":32.0,"enemies":"downfall:Defect","floor":33.0,"turns":6.0},{"damage":40.0,"enemies":"3 Darklings","floor":36.0,"turns":4.0},{"damage":19.0,"enemies":"Mind Bloom Boss Battle","floor":38.0,"turns":4.0},{"damage":22,"enemies":"Nemesis","floor":45,"turns":3},{"damage":31,"enemies":"Orb Walker","floor":47,"turns":2},{"damage":0,"enemies":"downfall:FleeingMerchant","floor":48,"turns":3},{"damage":1,"enemies":"3 Darklings","floor":49,"turns":3},{"damage":50,"enemies":"downfall:Silent","floor":50,"turns":5}],"seed_played":"-449238884909894819","potions_obtained":[{"floor":0.0,"key":"SteroidPotion"},{"floor":0.0,"key":"SmokeBomb"},{"floor":0.0,"key":"DistilledChaos"},{"floor":5.0,"key":"BlessingOfTheForge"},{"floor":15.0,"key":"SkillPotion"},{"floor":25.0,"key":"Weak Potion"},{"floor":33.0,"key":"Regen Potion"}],"is_trial":false,"path_per_floor":["R","M","M","?","M","M","T","?","R","M","M","$","M","?","M","B",null,"R","M","M","?","?","E","T","$","R","?","R","?","?","M","M","B",null,"R","M","?","?","?","R","T","?","T","R","E","R","M","$","M","B",null],"character_chosen":"SLIMEBOUND","items_purchased":["Slimebound:DisruptingSlam","expansioncontent:CaCaw","Calipers","Slimebound:LevelUp"],"campfire_rested":0,"item_purchase_floors":[12,25,48,48],"current_hp_per_floor":[60,58,58,58,60,45,45,45,45,41,38,41,41,41,43,47,60,60,60,50,50,50,44,44,60,60,60,60,60,60,60,58,60,60,60,52,52,51,51,51,51,46,53,53,51,51,50,60,65,63],"gold":46,"neow_bonus":"THREE_SMALL_POTIONS","is_daily":false,"chose_seed":false,"campfire_upgraded":9,"win_rate":0.0,"timestamp":1609617236,"path_taken":["R","M","M","?","M","M","T","?","R","?","M","?","M","?","M","BOSS","R","M","M","?","?","E","T","$","R","?","R","?","?","M","M","BOSS","R","M","?","?","?","R","T","?","?","R","E","R","?","$","M","BOSS"],"items_purchased_type":["Card","Card","Relic","Card"],"build_version":"2020-12-22","purchased_purges":0,"victory":true,"max_hp_per_floor":[60,60,60,60,60,60,60,60,60,60,60,60,60,60,60,60,60,60,60,60,60,60,60,60,60,60,60,60,60,60,60,60,60,60,60,60,60,60,60,60,60,60,67,67,67,67,67,67,67,67],"card_choices":[{"not_picked":["Slimebound:GrowthPunch","Slimebound:SlimeBrawl"],"picked":"Slimebound:SplitLeeching","floor":2.0},{"not_picked":["Slimebound:GoopTackle","Slimebound:Schlurp"],"picked":"Slimebound:SlimeSpikes","floor":3.0},{"not_picked":["Slimebound:GoopSpray","Slimebound:Grow"],"picked":"Slimebound:SplitLeeching","floor":5.0},{"not_picked":["Slimebound:Schlurp","Slimebound:DouseInSlime"],"picked":"Slimebound:SlimeBarrage","floor":6.0},{"not_picked":["Slimebound:LeechingTouch","Slimebound:LeechEnergy"],"picked":"Slimebound:SamplingLick","floor":10.0},{"not_picked":["Slimebound:ComboTackle","Slimebound:PressTheAttack"],"picked":"Slimebound:SplitMire","floor":11.0},{"not_picked":["Slimebound:GoopSpray","Slimebound:ViciousTackle"],"picked":"Slimebound:Teamwork","floor":12.0},{"not_picked":["Slimebound:LeechingTouch","Slimebound:ViciousTackle","Slimebound:TongueLash"],"picked":"SKIP","floor":13.0},{"not_picked":["Slimebound:Chomp","Slimebound:LeechingTouch"],"picked":"Slimebound:SlimeSpikes","floor":15.0},{"not_picked":["Slimebound:Teamwork","Slimebound:OneTwoCombo"],"picked":"Slimebound:Overexert","floor":16.0},{"not_picked":["Slimebound:GrowthPunch","Slimebound:ComboTackle"],"picked":"Slimebound:AcidTongue","floor":19.0},{"not_picked":["Slimebound:FinishingTackle","Slimebound:DisruptingSlam+1"],"picked":"Slimebound:SplitBruiser","floor":20.0},{"not_picked":["Slimebound:GoopSpray","Slimebound:Grow"],"picked":"Slimebound:FirmFortitude","floor":23.0},{"not_picked":["Slimebound:SlimeSpikes","Slimebound:Replication+1"],"picked":"Slimebound:SplitAcid+1","floor":25.0},{"not_picked":["Slimebound:RejuvenatingLick+1","Slimebound:SlimeSpikes"],"picked":"Slimebound:SpikyOuterGoop","floor":31.0},{"not_picked":["Slimebound:Repurpose","Slimebound:ForwardTackle"],"picked":"Slimebound:SplitBruiser","floor":32.0},{"not_picked":["Slimebound:Overexert","Slimebound:DuplicatedForm"],"picked":"Slimebound:MinionMaster","floor":33.0},{"not_picked":[],"picked":"Slimebound:SplitAcid","floor":36.0},{"not_picked":[],"picked":"Slimebound:GrowthPunch+1","floor":38.0},{"not_picked":[],"picked":"expansioncontent:DefensiveStance","floor":42.0},{"not_picked":[],"picked":"expansioncontent:AwakenDeath","floor":42.0},{"not_picked":[],"picked":"Slimebound:LivingWall+1","floor":45},{"not_picked":[],"picked":"Slimebound:Schlurp","floor":47},{"not_picked":[],"picked":"Slimebound:SlimeBarrage+1","floor":48},{"not_picked":[],"picked":"Slimebound:ComboTackle","floor":49}],"player_experience":26672,"relics_obtained":[{"floor":7.0,"key":"Mercury Hourglass"},{"floor":23.0,"key":"HornCleat"},{"floor":24.0,"key":"White Beast Statue"},{"floor":37.0,"key":"Centennial Puzzle"},{"floor":38.0,"key":"Ice Cream"},{"floor":41.0,"key":"Ornamental Fan"},{"floor":43.0,"key":"Strawberry"},{"floor":45,"key":"Bronze Scales"}],"event_choices":[{"damage_healed":0.0,"max_hp_gain":0.0,"max_hp_loss":0.0,"gold_gain":0.0,"event_name":"Upgrade Shrine","player_choice":"Upgraded","floor":8.0,"gold_loss":0.0,"damage_taken":0.0,"cards_upgraded":["Slimebound:SlimeBarrage"]},{"damage_healed":0.0,"max_hp_gain":0.0,"max_hp_loss":0.0,"gold_gain":0.0,"event_name":"Big Fish","player_choice":"Box","floor":14.0,"gold_loss":0.0,"damage_taken":0.0,"relics_obtained":["Incense Burner"],"cards_obtained":["Regret"]},{"damage_healed":0.0,"max_hp_gain":0.0,"max_hp_loss":0.0,"gold_gain":0.0,"event_name":"Back to Basics","player_choice":"Simplicity","floor":21.0,"gold_loss":0.0,"damage_taken":0.0,"cards_upgraded":["Slimebound:Strike_Slimebound","Slimebound:Strike_Slimebound","Slimebound:Strike_Slimebound","Slimebound:Defend_Slimebound","Slimebound:Defend_Slimebound","Slimebound:Defend_Slimebound","Slimebound:Defend_Slimebound"]},{"damage_healed":0.0,"max_hp_gain":0.0,"max_hp_loss":0.0,"gold_gain":0.0,"event_name":"Ghosts","player_choice":"Ignored","floor":22.0,"gold_loss":0.0,"damage_taken":0.0},{"cards_removed":["Slimebound:SpikyOuterGoop"],"damage_healed":0.0,"max_hp_gain":0.0,"max_hp_loss":0.0,"gold_gain":0.0,"event_name":"Falling","player_choice":"Removed Power","floor":39.0,"gold_loss":0.0,"damage_taken":0.0}],"is_beta":false,"boss_relics":[{"not_picked":["downfall:Hecktoplasm","Runic Dome"],"picked":"Slimebound:TarBlob"},{"not_picked":["Fusion Hammer","Sozu"],"picked":"Busted Crown"}],"items_purged_floors":[],"is_endless":false,"potions_floor_spawned":[2,5,6,15,25,33,36,38],"ascension_level":0}}