{"host":"7qf1todfnxspvw7w","time":1609620443,"event":{"mods":["AchievementEnabler","BaseMod","Block Reminder","Colored Powertips","Disable Question Mark Monsters","Displayed Cursed Tome","Googly Eyes","Minty Spire (QoL Compilation)","Relic Stats","Reorder Act Four","SacredBarkPlus","Shop Mod","StSLib","Uncapped"],"gold_per_floor":[115,115,190,207,217,217,229,229,229,253,264,264,278,305,305,408,408,418,433,451,465,465,465,229,229,229,229,154,154,165,42,42,42,42],"floor_reached":33,"playtime":956,"items_purged":["Decay","Defend_R"],"score":358,"play_id":"0fe7abfa-6c12-4056-8a7a-900ff561ee73","local_time":"20210102234723","is_ascension_mode":true,"campfire_choices":[{"data":"Sword Boomerang","floor":6,"key":"SMITH"},{"floor":8,"key":"REST"},{"floor":12,"key":"REST"},{"floor":15,"key":"REST"},{"floor":23,"key":"REST"},{"data":"Double Tap","floor":29,"key":"SMITH"},{"floor":32,"key":"REST"}],"circlet_count":0,"master_deck":["Strike_R","Strike_R","Strike_R","Defend_R","Defend_R","Defend_R","Bash+1","Sword Boomerang+1","Heavy Blade","Pommel Strike","Battle Trance","Bloodletting","Double Tap+1","Iron Wave+1","Combust","Iron Wave","Shrug It Off","Whirlwind","Inflame","Fusion+1"],"relics":["Burning Blood","Eternal Feather","PreservedInsect","Ornamental Fan","Sozu","Membership Card","Dream Catcher","PrismaticShard"],"acts_visited":["Exordium","TheCity"],"potions_floor_usage":[16,16,16],"damage_taken":[{"damage":8,"enemies":"Small Slimes","floor":1,"turns":4},{"damage":11,"enemies":"Jaw Worm","floor":4,"turns":4},{"damage":1,"enemies":"Cultist","floor":5,"turns":3},{"damage":43,"enemies":"Exordium Thugs","floor":7,"turns":6},{"damage":13,"enemies":"Exordium Wildlife","floor":11,"turns":4},{"damage":24,"enemies":"Large Slime","floor":13,"turns":7},{"damage":8,"enemies":"Gremlin Nob","floor":14,"turns":3},{"damage":86,"enemies":"Hexaghost","floor":16,"turns":10},{"damage":13,"enemies":"3 Byrds","floor":18,"turns":5},{"damage":25,"enemies":"2 Thieves","floor":19,"turns":4},{"damage":22,"enemies":"3 Cultists","floor":20,"turns":5},{"damage":18,"enemies":"Chosen and Byrds","floor":21,"turns":5},{"damage":30,"enemies":"Snecko","floor":30,"turns":5},{"damage":81,"enemies":"Champ","floor":33,"turns":10}],"seed_played":"-3002227451688824601","potions_obtained":[{"floor":5,"key":"EssenceOfSteel"},{"floor":7,"key":"Swift Potion"},{"floor":13,"key":"BloodPotion"}],"is_trial":false,"path_per_floor":["M","?","?","M","M","R","M","R","T","T","M","R","M","E","R","B",null,"M","M","M","M","?","R","$","?","T","?","?","R","M","$","R","B"],"character_chosen":"IRONCLAD","items_purchased":["Membership Card","Shrug It Off","Whirlwind","PrismaticShard"],"campfire_rested":5,"item_purchase_floors":[24,24,24,31],"current_hp_per_floor":[70,63,52,47,52,52,15,39,39,39,32,62,44,42,72,8,62,55,36,20,8,8,41,41,41,41,41,41,53,29,29,62,0,0],"gold":42,"neow_bonus":"UPGRADE_CARD","is_daily":false,"chose_seed":false,"campfire_upgraded":2,"win_rate":0.0,"timestamp":1609620443,"path_taken":["M","?","?","M","M","R","M","R","T","?","M","R","M","E","R","BOSS","M","?","M","M","?","R","$","?","T","?","?","R","M","$","R","BOSS"],"items_purchased_type":["Relic","Card","Card","Relic"],"build_version":"2020-12-22","purchased_purges":2,"victory":false,"max_hp_per_floor":[80,80,80,80,80,80,80,80,80,80,80,80,80,80,80,80,80,80,80,80,80,80,80,80,80,80,80,80,80,80,80,80,80,80],"relic_stats":{"Sozu":2,"Dream Catcher":1,"counters":[14,75],"Ornamental Fan":[80],"Eternal Feather":42,"PreservedInsect":22,"obtain_stats":[{"Sozu":17,"Dream Catcher":26,"Ornamental Fan":14,"Eternal Feather":9,"PreservedInsect":10,"Membership Card":24,"PrismaticShard":31,"Burning Blood":0},{"Sozu":8,"Dream Catcher":12,"Ornamental Fan":7,"Eternal Feather":4,"PreservedInsect":4,"Membership Card":12,"PrismaticShard":13,"Burning Blood":0},{"Sozu":41,"Dream Catcher":60,"Ornamental Fan":31,"Eternal Feather":17,"PreservedInsect":17,"Membership Card":60,"PrismaticShard":65,"Burning Blood":0}],"Burning Blood":78},"card_choices":[{"not_picked":["Sever Soul","Disarm"],"picked":"Sword Boomerang","floor":1},{"not_picked":["Dark Embrace","Reckless Charge"],"picked":"Heavy Blade","floor":4},{"not_picked":["Anger","Power Through"],"picked":"Pommel Strike","floor":5},{"not_picked":["Anger","Power Through","Dark Embrace"],"picked":"SKIP","floor":7},{"not_picked":["Searing Blow","Flame Barrier"],"picked":"Battle Trance","floor":11},{"not_picked":["Pommel Strike","Anger","Havoc"],"picked":"SKIP","floor":13},{"not_picked":["Dual Wield","Impervious"],"picked":"Bloodletting","floor":14},{"not_picked":["Feed","Berserk"],"picked":"Double Tap","floor":16},{"not_picked":["Pommel Strike","Anger","Sever Soul"],"picked":"SKIP","floor":18},{"not_picked":["Second Wind+1","Headbutt"],"picked":"Iron Wave+1","floor":19},{"not_picked":["True Grit","Perfected Strike"],"picked":"Combust","floor":20},{"not_picked":["Sever Soul+1","Twin Strike"],"picked":"Iron Wave","floor":21},{"not_picked":["Iron Wave","Reaper","Fire Breathing"],"picked":"SKIP","floor":30},{"not_picked":["ClearTheMind","Stack+1"],"picked":"Fusion+1","floor":32}],"player_experience":468632,"relics_obtained":[{"floor":9,"key":"Eternal Feather"},{"floor":10,"key":"PreservedInsect"},{"floor":14,"key":"Ornamental Fan"},{"floor":26,"key":"Dream Catcher"}],"event_choices":[{"cards_removed":["Strike_R"],"damage_healed":0,"gold_gain":0,"player_choice":"Card Removal","damage_taken":7,"max_hp_gain":0,"max_hp_loss":0,"event_name":"Golden Wing","floor":2,"gold_loss":0},{"damage_healed":0,"gold_gain":75,"player_choice":"Gather Gold","damage_taken":11,"max_hp_gain":0,"max_hp_loss":0,"event_name":"World of Goop","floor":3,"gold_loss":0},{"damage_healed":0,"gold_gain":0,"player_choice":"Smashed Altar","damage_taken":0,"max_hp_gain":0,"max_hp_loss":0,"event_name":"Forgotten Altar","floor":22,"gold_loss":0,"cards_obtained":["Decay"]},{"damage_healed":0,"gold_gain":0,"player_choice":"Ignored","damage_taken":0,"max_hp_gain":0,"max_hp_loss":0,"event_name":"Vampires","floor":25,"gold_loss":0},{"damage_healed":0,"gold_gain":0,"player_choice":"Read","damage_taken":0,"max_hp_gain":0,"max_hp_loss":0,"event_name":"The Library","floor":27,"gold_loss":0,"cards_obtained":["Inflame"]},{"cards_removed":["Strike_R"],"damage_healed":0,"gold_gain":0,"player_choice":"Gave Gold","damage_taken":0,"max_hp_gain":0,"max_hp_loss":0,"event_name":"Beggar","floor":28,"gold_loss":75}],"is_beta":false,"boss_relics":[{"not_picked":["Black Star","Tiny House"],"picked":"Sozu"}],"items_purged_floors":[24,31],"is_endless":false,"potions_floor_spawned":[5,7,13,14,20,21],"killed_by":"Champ","ascension_level":9}}