{"host":"d2y4rmbezebiv8aj","time":1609625424,"event":{"mods":["AchievementEnabler","BaseMod","BetterRewards","Colored Map","Colored Powertips","Custom Start","Highlight Path","Minty Spire (QoL Compilation)","Rare Cards Sparkle","Shop Mod","StSLib","SuperFastMode","Synergy Search"],"gold_per_floor":[113,113,128,142,142,171,171,188,240,240,240,240,257,275,275,275,275],"floor_reached":16,"playtime":469,"items_purged":[],"score":127,"play_id":"e8198dc7-e91f-454d-a384-7a2fe5889108","local_time":"20210102231024","is_ascension_mode":false,"campfire_choices":[{"data":"Bane","floor":7,"key":"SMITH"},{"data":"Sucker Punch","floor":10,"key":"SMITH"},{"data":"Poisoned Stab","floor":12,"key":"SMITH"},{"data":"Catalyst","floor":15,"key":"SMITH"}],"circlet_count":0,"master_deck":["Strike_G","Strike_G","Strike_G","Strike_G","Strike_G","Defend_G","Defend_G","Defend_G","Defend_G","Defend_G","Survivor","Neutralize","Bane+1","Poisoned Stab","Sucker Punch+1","Poisoned Stab+1","Heel Hook","Catalyst+1","Sucker Punch"],"relics":["Ring of the Snake","NeowsBlessing","Pear","Orichalcum","Strawberry"],"acts_visited":["Exordium"],"potions_floor_usage":[16,16,16],"damage_taken":[{"damage":0,"enemies":"Cultist","floor":1,"turns":1},{"damage":0,"enemies":"Small Slimes","floor":3,"turns":1},{"damage":0,"enemies":"Jaw Worm","floor":4,"turns":1},{"damage":40,"enemies":"Gremlin Nob","floor":6,"turns":5},{"damage":3,"enemies":"Lots of Slimes","floor":8,"turns":5},{"damage":0,"enemies":"2 Fungi Beasts","floor":13,"turns":4},{"damage":5,"enemies":"Looter","floor":14,"turns":2},{"damage":34,"enemies":"Slime Boss","floor":16,"turns":10}],"seed_played":"6100864522108548604","potions_obtained":[{"floor":1,"key":"Dexterity Potion"},{"floor":3,"key":"EssenceOfSteel"},{"floor":4,"key":"BlessingOfTheForge"},{"floor":13,"key":"LiquidBronze"}],"is_trial":false,"path_per_floor":["M","?","M","M","?","E","R","M","T","R","?","R","M","M","R","B"],"character_chosen":"THE_SILENT","items_purchased":[],"campfire_rested":0,"item_purchase_floors":[],"current_hp_per_floor":[70,80,80,80,80,40,40,37,44,44,36,36,36,31,31,0,0],"gold":275,"neow_bonus":"THREE_ENEMY_KILL","is_daily":false,"chose_seed":false,"campfire_upgraded":4,"win_rate":0.0,"timestamp":1609625424,"path_taken":["M","?","?","M","?","E","R","M","T","R","?","R","?","M","R","BOSS"],"items_purchased_type":[],"build_version":"2020-12-22","purchased_purges":0,"victory":false,"max_hp_per_floor":[70,80,80,80,80,80,80,80,87,87,87,87,87,87,87,87,87],"card_choices":[{"not_picked":["Blade Dance","Sucker Punch"],"picked":"Bane","floor":1},{"not_picked":["Skewer","Blur"],"picked":"Poisoned Stab","floor":3},{"not_picked":["Blade Dance","Escape Plan"],"picked":"Sucker Punch","floor":4},{"not_picked":["Riddle With Holes","Well Laid Plans"],"picked":"Poisoned Stab","floor":6},{"not_picked":["Dodge and Roll","Blade Dance"],"picked":"Heel Hook","floor":8},{"not_picked":["Cloak And Dagger","Quick Slash"],"picked":"Catalyst","floor":13},{"not_picked":["Blade Dance","Deflect"],"picked":"Sucker Punch","floor":14}],"player_experience":316729,"relics_obtained":[{"floor":6,"key":"Orichalcum"},{"floor":9,"key":"Strawberry"}],"event_choices":[{"damage_healed":0,"gold_gain":0,"player_choice":"Gave Potion","damage_taken":0,"relics_obtained":["Pear"],"max_hp_gain":0,"max_hp_loss":0,"event_name":"WeMeetAgain","floor":2,"gold_loss":0},{"damage_healed":0,"gold_gain":0,"player_choice":"Leave","damage_taken":0,"max_hp_gain":0,"max_hp_loss":0,"event_name":"The Cleric","floor":5,"gold_loss":0},{"damage_healed":0,"gold_gain":0,"player_choice":"Damaged","damage_taken":8,"max_hp_gain":0,"max_hp_loss":0,"event_name":"Wheel of Change","floor":11,"gold_loss":0}],"is_beta":false,"boss_relics":[],"items_purged_floors":[],"is_endless":false,"potions_floor_spawned":[1,3,4,13,14],"killed_by":"Slime Boss","ascension_level":0}}