{"host":"9rplp4stncpaeegj","time":1609577574,"event":{"mods":["AchievementEnabler","BaseMod","Best Route Mod","Colored Map","Evolution","Highlight Path","Keyboard Shortcuts","Minty Spire (QoL Compilation)","Shop Mod","StSLib","The Animator"],"gold_per_floor":[112,112,125,138,154,186,186,186,186],"floor_reached":8,"playtime":502,"items_purged":[],"score":116,"play_id":"9d1b6160-d131-4c1e-91cc-e2243f396ba4","local_time":"20210102095254","is_ascension_mode":true,"campfire_choices":[],"circlet_count":0,"master_deck":["AscendersBane","animator:KyokoSakura+1","animator:Defend_NoGameNoLife","animator:Strike","animator:Strike","animator:Strike","animator:Defend","animator:Defend","animator:Defend","animator:DolaSchwi+1","animator:DolaCouronne","animator:Spearman","animator:Konayuki"],"relics":["animator:LivingPicture","animator:TheMissingPiece","EVO:Axolotl","animator:PurgingStone","NeowsBlessing","CultistMask","Whetstone"],"acts_visited":["Exordium"],"potions_floor_usage":[6,8],"damage_taken":[{"damage":0,"enemies":"Jaw Worm","floor":1,"turns":1},{"damage":0,"enemies":"Cultist","floor":3,"turns":1},{"damage":0,"enemies":"Small Slimes","floor":4,"turns":1},{"damage":16,"enemies":"Blue Slaver","floor":5,"turns":4},{"damage":34,"enemies":"Lagavulin","floor":6,"turns":6},{"damage":31,"enemies":"Gremlin Nob","floor":8,"turns":3}],"seed_played":"4372728950460711411","potions_obtained":[{"floor":1,"key":"CultistPotion"},{"floor":6,"key":"Fruit Juice"}],"is_trial":false,"path_per_floor":["M","?","M","M","M","E","?","E"],"character_chosen":"THE_ANIMATOR","items_purchased":[],"campfire_rested":0,"item_purchase_floors":[],"current_hp_per_floor":[54,54,54,54,38,9,9,0,0],"gold":186,"neow_bonus":"THREE_ENEMY_KILL","is_daily":false,"chose_seed":false,"campfire_upgraded":0,"win_rate":0.0,"timestamp":1609577574,"path_taken":["M","?","?","?","?","E","?","E"],"items_purchased_type":[],"build_version":"2020-12-22","purchased_purges":0,"victory":false,"max_hp_per_floor":[60,60,60,60,60,65,65,65,65],"card_choices":[{"not_picked":["animator:Caster","animator:Mitsurugi"],"picked":"animator:Spearman","floor":1},{"not_picked":["animator:IzunaHatsuse","animator:Azekura"],"picked":"animator:Konayuki","floor":3},{"not_picked":["animator:ShinjiMatou","animator:SayakaMiki","animator:Melzalgald"],"picked":"SKIP","floor":4},{"not_picked":["animator:OrikoMikuni","animator:LeleiLaLalena","animator:AcuraTooru"],"picked":"SKIP","floor":6}],"player_experience":133506,"relics_obtained":[{"floor":6,"key":"Whetstone"}],"event_choices":[{"damage_healed":0,"gold_gain":0,"player_choice":"Trade","damage_taken":0,"relics_obtained":["CultistMask"],"max_hp_gain":0,"max_hp_loss":0,"event_name":"FaceTrader","floor":2,"gold_loss":0},{"damage_healed":0,"gold_gain":0,"player_choice":"Ignored","damage_taken":0,"max_hp_gain":0,"max_hp_loss":0,"event_name":"Shining Light","floor":7,"gold_loss":0}],"is_beta":false,"boss_relics":[],"items_purged_floors":[],"is_endless":false,"potions_floor_spawned":[1,6],"killed_by":"Gremlin Nob","ascension_level":20}}