{"host":"ds28d883r3sz42zs","time":1609546505,"event":{"mods":["2.2 Compatiblity","AchievementEnabler","Act Like it!","BaseMod","Bestiary","Better Match","Better Sensory Stone","Better Third Choice","Better-Laid Plans","BetterRewards","Block Reminder","Challenge The Spire","Colored Map","Colored Powertips","DeckTracker","Defuse TimeMaze Blight","Disable Question Mark Monsters","Displayed Cursed Tome","Emptier Cage","GifTheSpireLib","Gold Saver","Hallownest","Infinite Spire","Minty Spire (QoL Compilation)","Permanent Neow","Practice Mode","Quick Restart","Random Character Button","Rare Cards Sparkle","Relic Filter","Relic Sorter","Relic Stats","SacredBarkPlus","Shop Mod","StSLib","SuperFastMode","The Bug Knight","Uncapped","Unknown Chances"],"gold_per_floor":[361,341,6,26,46,79,79,94,94,106,106],"floor_reached":10,"playtime":245,"items_purged":["Strike_B"],"score":119,"play_id":"b5476fb5-428c-4237-8c1d-e699818aa204","local_time":"20210101191505","is_ascension_mode":true,"campfire_choices":[{"data":"Go for the Eyes","floor":7,"key":"SMITH"}],"circlet_count":0,"master_deck":["AscendersBane","Strike_B","Strike_B","Strike_B","Defend_B","Defend_B","Defend_B","Defend_B","Zap","Dualcast","Glacier","Go for the Eyes+1","Compile Driver"],"relics":["Cracked Core","Frozen Egg 2","Ornamental Fan","MawBank"],"acts_visited":["Exordium"],"potions_floor_usage":[3],"damage_taken":[{"damage":7,"enemies":"Jaw Worm","floor":1,"turns":3},{"damage":0,"enemies":"Cultist","floor":4,"turns":3},{"damage":9,"enemies":"2 Louse","floor":5,"turns":3},{"damage":10,"enemies":"Lagavulin","floor":6,"turns":13},{"damage":22,"enemies":"Lots of Slimes","floor":8,"turns":5},{"damage":7,"enemies":"Gremlin Nob","floor":10,"turns":2}],"seed_played":"6257463801134106806","potions_obtained":[{"floor":1,"key":"Dexterity Potion"},{"floor":2,"key":"Fruit Juice"},{"floor":4,"key":"BlessingOfTheForge"}],"is_trial":false,"path_per_floor":["M","?","$","M","M","E","R","M","T","E"],"character_chosen":"DEFECT","items_purchased":["Frozen Egg 2"],"campfire_rested":0,"item_purchase_floors":[3],"current_hp_per_floor":[39,39,44,44,35,25,25,3,3,0,0],"gold":106,"neow_bonus":"TWO_FIFTY_GOLD","is_daily":false,"chose_seed":false,"campfire_upgraded":1,"win_rate":0.0,"timestamp":1609546505,"path_taken":["M","?","$","?","M","E","R","M","T","E"],"items_purchased_type":["Relic"],"build_version":"2020-12-22","purchased_purges":1,"victory":false,"max_hp_per_floor":[71,71,76,76,76,76,76,76,76,76,76],"relic_stats":{"counters":[6,29],"Ornamental Fan":[0],"MawBank":12,"obtain_stats":[{"Ornamental Fan":6,"Frozen Egg 2":3,"Cracked Core":0,"MawBank":9},{"Ornamental Fan":4,"Frozen Egg 2":1,"Cracked Core":0,"MawBank":5},{"Ornamental Fan":22,"Frozen Egg 2":3,"Cracked Core":0,"MawBank":27}]},"card_choices":[{"not_picked":["Steam","Rebound"],"picked":"Glacier","floor":1},{"not_picked":["Leap","Hello World+1"],"picked":"Go for the Eyes","floor":4},{"not_picked":["Melter","Go for the Eyes","Steam Power"],"picked":"SKIP","floor":5},{"not_picked":["Tempest","Scrape","Stack"],"picked":"SKIP","floor":6},{"not_picked":["Double Energy","Skim"],"picked":"Compile Driver","floor":8}],"player_experience":760402,"relics_obtained":[{"floor":6,"key":"Ornamental Fan"},{"floor":9,"key":"MawBank"}],"event_choices":[{"damage_healed":0,"gold_gain":0,"player_choice":"Bought 1 Potion","damage_taken":0,"max_hp_gain":0,"max_hp_loss":0,"event_name":"The Woman in Blue","floor":2,"gold_loss":0}],"is_beta":false,"boss_relics":[],"items_purged_floors":[3],"is_endless":false,"potions_floor_spawned":[1,4],"killed_by":"Gremlin Nob","ascension_level":15}}