{"host":"xjyie0ctswsml60g","time":1609624220,"event":{"mods":["AchievementEnabler","BaseMod","Colored Map","Minty Spire (QoL Compilation)","Quick Restart","SuperFastMode"],"gold_per_floor":[111,111,111,122,122,165,165,203,203,221,146,146,171,171,171,296,296,310,354,254,273,286,286,304,329,329,329,329,329,59,80,80,205,205,225,447,24,24,43,43,66,66,66,66,81,100,120,145,145,145,145,145,2,36,36,36],"floor_reached":55,"playtime":2247,"items_purged":["Strike_P","Strike_P","Strike_P"],"score":704,"play_id":"d2339c71-e9c4-470c-8c95-06f2fbbccfa7","local_time":"20210102235020","is_ascension_mode":false,"campfire_choices":[{"floor":7.0,"key":"RECALL"},{"floor":12.0,"key":"REST"},{"data":"Eruption","floor":15.0,"key":"SMITH"},{"data":"Scrawl","floor":23.0,"key":"SMITH"},{"floor":27.0,"key":"DIG"},{"floor":32.0,"key":"DIG"},{"floor":40.0,"key":"DIG"},{"data":"WreathOfFlame","floor":49.0,"key":"SMITH"},{"data":"TalkToTheHand","floor":52.0,"key":"SMITH"}],"circlet_count":0,"master_deck":["Strike_P","Defend_P+1","Defend_P","Defend_P+1","Defend_P","Eruption+1","Vigilance","Wallop","SignatureMove","FlurryOfBlows","Swivel","Halt","Scrawl+1","CrushJoints+1","Halt","ThirdEye+1","FlurryOfBlows+1","EmptyBody+1","Necronomicurse","Panache","CutThroughFate+1","WreathOfFlame+1","TalkToTheHand+1","Tantrum+1"],"relics":["PureWater","Happy Flower","Golden Idol","Yang","Mummified Hand","VioletLotus","Red Mask","Shovel","Du-Vu Doll","Necronomicon","Bronze Scales","Letter Opener","SacredBark","TeardropLocket","Bag of Preparation","Shuriken","Regal Pillow","Oddly Smooth Stone","Damaru"],"acts_visited":["Exordium","TheCity","TheBeyond","TheEnding"],"potions_floor_usage":[],"damage_taken":[{"damage":5.0,"enemies":"2 Louse","floor":1.0,"turns":3.0},{"damage":0.0,"enemies":"Jaw Worm","floor":4.0,"turns":3.0},{"damage":21.0,"enemies":"Gremlin Nob","floor":6.0,"turns":5.0},{"damage":10.0,"enemies":"3 Sentries","floor":8.0,"turns":9.0},{"damage":0.0,"enemies":"Cultist","floor":10.0,"turns":2.0},{"damage":2.0,"enemies":"Looter","floor":13.0,"turns":2.0},{"damage":0.0,"enemies":"Slime Boss","floor":16.0,"turns":4.0},{"damage":0.0,"enemies":"3 Byrds","floor":18.0,"turns":4.0},{"damage":5.0,"enemies":"Masked Bandits","floor":19.0,"turns":4.0},{"damage":0.0,"enemies":"Spheric Guardian","floor":21.0,"turns":3.0},{"damage":0.0,"enemies":"3 Cultists","floor":22.0,"turns":4.0},{"damage":0.0,"enemies":"Sentry and Sphere","floor":24.0,"turns":3.0},{"damage":0.0,"enemies":"Snecko","floor":25.0,"turns":3.0},{"damage":0.0,"enemies":"Cultist and Chosen","floor":31.0,"turns":3.0},{"damage":41.0,"enemies":"Champ","floor":33.0,"turns":8.0},{"damage":0.0,"enemies":"3 Darklings","floor":35.0,"turns":5.0},{"damage":5.0,"enemies":"3 Shapes","floor":39.0,"turns":3.0},{"damage":6.0,"enemies":"Transient","floor":41.0,"turns":5.0},{"damage":0.0,"enemies":"Maw","floor":45.0,"turns":1.0},{"damage":0.0,"enemies":"Spire Growth","floor":46.0,"turns":3.0},{"damage":0.0,"enemies":"Jaw Worm Horde","floor":47.0,"turns":2.0},{"damage":0.0,"enemies":"Transient","floor":48.0,"turns":5.0},{"damage":17.0,"enemies":"Awakened One","floor":50.0,"turns":6.0},{"damage":27.0,"enemies":"Shield and Spear","floor":54.0,"turns":4.0},{"damage":100,"enemies":"The Heart","floor":55,"turns":2}],"seed_played":"-3479394694812122819","potions_obtained":[{"floor":1.0,"key":"Swift Potion"},{"floor":16.0,"key":"DuplicationPotion"},{"floor":19.0,"key":"SkillPotion"},{"floor":21.0,"key":"PowerPotion"},{"floor":22.0,"key":"LiquidBronze"},{"floor":39.0,"key":"Ancient Potion"},{"floor":47.0,"key":"LiquidMemories"},{"floor":48.0,"key":"Energy Potion"}],"is_trial":false,"path_per_floor":["M","?","T","M","?","E","R","E","T","M","$","R","M","?","R","B",null,"M","?","$","M","M","R","M","M","T","R","?","?","$","M","R","B",null,"M","?","$","?","M","R","M","$","T","$","M","M","M","M","R","B",null,"R","$","E","B"],"character_chosen":"WATCHER","items_purchased":["Bronze Scales","TeardropLocket","Panache","Oddly Smooth Stone"],"campfire_rested":1,"item_purchase_floors":[30,37,37,53],"current_hp_per_floor":[74,58,58,58,39,18,18,8,8,8,8,31,29,29,29,29,79,79,74,74,74,74,74,74,74,74,74,58,58,58,58,58,17,79,79,79,79,79,74,74,68,68,68,68,68,68,68,68,68,51,79,79,79,52,0,0],"gold":36,"neow_bonus":"TEN_PERCENT_HP_BONUS","is_daily":false,"chose_seed":false,"campfire_upgraded":4,"win_rate":0.0,"timestamp":1609624220,"path_taken":["M","?","?","?","?","E","R","E","T","M","$","R","M","?","R","BOSS","M","?","$","M","M","R","M","M","T","R","?","?","$","M","R","BOSS","M","?","$","?","M","R","M","$","T","$","M","?","M","M","R","BOSS","R","$","E","BOSS"],"items_purchased_type":["Relic","Relic","Card","Relic"],"build_version":"2020-12-22","purchased_purges":3,"victory":false,"max_hp_per_floor":[79,79,79,79,79,79,79,79,79,79,79,79,79,79,79,79,79,79,79,79,79,79,79,79,79,79,79,79,79,79,79,79,79,79,79,79,79,79,79,79,79,79,79,79,79,79,79,79,79,79,79,79,79,79,79,79],"card_choices":[{"not_picked":["Weave","SashWhip"],"picked":"Wallop","floor":1.0},{"not_picked":["EmptyBody","Swivel"],"picked":"SignatureMove","floor":4.0},{"not_picked":["EmptyBody","Protect"],"picked":"FlurryOfBlows","floor":6.0},{"not_picked":["CarveReality","EmptyBody","WaveOfTheHand"],"picked":"SKIP","floor":8.0},{"not_picked":["CrushJoints","JustLucky"],"picked":"Swivel","floor":10.0},{"not_picked":["WheelKick","BowlingBash"],"picked":"Halt","floor":13.0},{"not_picked":["Wish","DeusExMachina"],"picked":"Scrawl","floor":16.0},{"not_picked":["Perseverance","EmptyBody"],"picked":"CrushJoints+1","floor":18.0},{"not_picked":["ClearTheMind","SignatureMove"],"picked":"Halt","floor":19.0},{"not_picked":["Crescendo","Study","MentalFortress"],"picked":"SKIP","floor":21.0},{"not_picked":["Swivel","SignatureMove"],"picked":"ThirdEye+1","floor":22.0},{"not_picked":["Prostrate","Evaluate"],"picked":"FlurryOfBlows+1","floor":24.0},{"not_picked":["Halt","Worship"],"picked":"EmptyBody+1","floor":25.0},{"not_picked":["EmptyBody","DeceiveReality","ClearTheMind"],"picked":"SKIP","floor":31.0},{"not_picked":["Perseverance+1","CrushJoints+1","Fasting2+1"],"picked":"SKIP","floor":35.0},{"not_picked":["Prostrate+1","EmptyBody+1"],"picked":"CutThroughFate+1","floor":39.0},{"not_picked":["Study","Crescendo+1"],"picked":"WreathOfFlame","floor":41.0},{"not_picked":["JustLucky","Protect","Study"],"picked":"SKIP","floor":45.0},{"not_picked":["WaveOfTheHand+1","EmptyFist+1"],"picked":"TalkToTheHand","floor":46.0},{"not_picked":["FlurryOfBlows","FlyingSleeves+1","WaveOfTheHand"],"picked":"SKIP","floor":47.0},{"not_picked":["CrushJoints","ForeignInfluence","Nirvana"],"picked":"SKIP","floor":48.0},{"not_picked":["EmptyFist","Sanctity"],"picked":"Tantrum+1","floor":54.0}],"player_experience":485328,"relics_obtained":[{"floor":3.0,"key":"Happy Flower"},{"floor":6.0,"key":"Yang"},{"floor":8.0,"key":"Mummified Hand"},{"floor":19.0,"key":"Red Mask"},{"floor":26.0,"key":"Shovel"},{"floor":27.0,"key":"Du-Vu Doll"},{"floor":28.0,"key":"Necronomicon"},{"floor":32.0,"key":"Letter Opener"},{"floor":40.0,"key":"Shuriken"},{"floor":43.0,"key":"Regal Pillow"},{"floor":54.0,"key":"Damaru"}],"event_choices":[{"damage_healed":0.0,"max_hp_gain":0.0,"max_hp_loss":0.0,"gold_gain":0.0,"event_name":"Shining Light","player_choice":"Entered Light","floor":2.0,"gold_loss":0.0,"damage_taken":16.0,"cards_upgraded":["Defend_P","Defend_P"]},{"damage_healed":0.0,"max_hp_gain":0.0,"max_hp_loss":0.0,"gold_gain":0.0,"event_name":"Golden Idol","player_choice":"Take Damage","floor":5.0,"gold_loss":0.0,"damage_taken":19.0,"relics_obtained":["Golden Idol"]},{"damage_healed":0.0,"max_hp_gain":0.0,"max_hp_loss":0.0,"gold_gain":0.0,"event_name":"The Woman in Blue","player_choice":"Bought 0 Potions","floor":14.0,"gold_loss":0.0,"damage_taken":0.0},{"damage_healed":0.0,"max_hp_gain":0.0,"max_hp_loss":0.0,"gold_gain":0.0,"event_name":"Masked Bandits","player_choice":"Fought Bandits","floor":19.0,"gold_loss":0.0,"damage_taken":0.0},{"damage_healed":0.0,"max_hp_gain":0.0,"max_hp_loss":0.0,"gold_gain":0.0,"event_name":"Cursed Tome","player_choice":"Obtained Book","floor":28.0,"gold_loss":0.0,"damage_taken":16.0},{"damage_healed":0.0,"max_hp_gain":0.0,"max_hp_loss":0.0,"gold_gain":0.0,"event_name":"Vampires","player_choice":"Ignored","floor":29.0,"gold_loss":0.0,"damage_taken":0.0},{"damage_healed":0.0,"max_hp_gain":0.0,"max_hp_loss":0.0,"gold_gain":222.0,"event_name":"Tomb of Lord Red Mask","player_choice":"Wore Mask","floor":36.0,"gold_loss":0.0,"damage_taken":0.0},{"damage_healed":0.0,"max_hp_gain":0.0,"max_hp_loss":0.0,"gold_gain":0.0,"event_name":"WeMeetAgain","player_choice":"Gave Potion","floor":38.0,"gold_loss":0.0,"damage_taken":0.0,"relics_obtained":["Bag of Preparation"]}],"is_beta":false,"boss_relics":[{"not_picked":["Runic Dome","Calling Bell"],"picked":"VioletLotus"},{"not_picked":["Runic Pyramid","Philosopher\u0027s Stone"],"picked":"SacredBark"}],"items_purged_floors":[11,20,30],"is_endless":false,"potions_floor_spawned":[1,16,19,21,22,39,47,48],"killed_by":"The Heart","ascension_level":0}}