{"host":"9d9dhukr2jywmy0f","time":1609596800,"event":{"mods":["2.2 Compatiblity","Alarm Clock","BaseMod","Bestiary","Block Reminder","Colored Map","Colored Powertips","Curses Come First","DeckTracker","Highlight Path","Key Reminder","Keyboard Shortcuts","Koishi","Minty Spire (QoL Compilation)","MonsterHotkey","Quick Restart","Rare Cards Sparkle","Relic Sorter","Relic Stats","Spire Birthday Party","StSLib","SuperFastMode","Synergy Search","Unceasing Turn Reminder","Unknown Chances"],"gold_per_floor":[114,114,114,129,129,129,155,155,227,262,27,27,46,58,58,129,129,141,41,61,79,79,104,134,146,240,286,316,363,391,432,444,530,542,565,577,324,337,337,364,399,427,427,427,15,35,46,66,66,66,66,66,17,43,43],"floor_reached":56,"playtime":2100,"items_purged":["Koishi:BasicStrike","Koishi:BasicDefend","Koishi:BasicStrike","Koishi:BasicDefend"],"score":2725,"play_id":"74380fe2-f370-4951-b10c-9f548d285de2","local_time":"20210102221320","is_ascension_mode":true,"campfire_choices":[{"data":"Koishi:HeartAttack","floor":6.0,"key":"SMITH"},{"floor":8.0,"key":"RECALL"},{"data":"Koishi:ReleaseOfTheId","floor":15.0,"key":"SMITH"},{"data":"Koishi:HeartAttack","floor":25.0,"key":"SMITH"},{"data":"Koishi:IdleWhim","floor":32.0,"key":"SMITH"},{"data":"Koishi:RorschachInDanmaku","floor":44,"key":"SMITH"},{"data":"Koishi:IdleWhim","floor":49,"key":"SMITH"},{"data":"Koishi:ConditionedTeleport","floor":52,"key":"SMITH"}],"circlet_count":0,"master_deck":["AscendersBane","Koishi:BasicDefend+1","Koishi:Provoke+1","Koishi:HeartAttack+1","Koishi:ReleaseOfTheId+1","Koishi:IdleWhim+1","Koishi:GeneticsOfTheUnconscious","Koishi:HeartAttack+1","Koishi:ReflexRadar","Koishi:MassHysteria","Koishi:ReflexRadar","Koishi:FadingMemory+1","CurseOfTheBell","Koishi:ReflexRadar","Koishi:RorschachInDanmaku+1","Koishi:ReflexRadar","Koishi:ConditionedTeleport+1","Koishi:GeneticsOfTheUnconscious","Koishi:Whimsy","Koishi:UnconsciousUprising","Koishi:RorschachInDanmaku","Koishi:FreudianInstinct+1","Koishi:IdleWhim+1","Koishi:GeneticsOfTheUnconscious+1","Finesse"],"relics":["Koishi:ImaginaryFriend","NeowsBlessing","Turnip","Gremlin Horn","Question Card","Koishi:TeethAndClaws","Toy Ornithopter","Runic Dome","MawBank","InkBottle","Orichalcum","Darkstone Periapt","Calling Bell","Blood Vial","Blue Candle","WingedGreaves","Lantern","Strawberry","Koishi:ImperfectMetamorphosis","Frozen Egg 2","Membership Card","Letter Opener","Akabeko"],"acts_visited":["Exordium","TheCity","TheBeyond","TheEnding"],"potions_floor_usage":[55,55],"damage_taken":[{"damage":0.0,"enemies":"Jaw Worm","floor":1.0,"turns":1.0},{"damage":0.0,"enemies":"Small Slimes","floor":4.0,"turns":1.0},{"damage":0.0,"enemies":"Gremlin Nob","floor":7.0,"turns":1.0},{"damage":20.0,"enemies":"Lagavulin","floor":10.0,"turns":8.0},{"damage":0.0,"enemies":"Cultist","floor":13.0,"turns":2.0},{"damage":0.0,"enemies":"Exordium Wildlife","floor":14.0,"turns":4.0},{"damage":0.0,"enemies":"Slime Boss","floor":16.0,"turns":10.0},{"damage":0.0,"enemies":"3 Byrds","floor":18.0,"turns":7.0},{"damage":0.0,"enemies":"Spheric Guardian","floor":20.0,"turns":2.0},{"damage":6.0,"enemies":"Cultist and Chosen","floor":21.0,"turns":6.0},{"damage":9.0,"enemies":"Gremlin Leader","floor":23.0,"turns":4.0},{"damage":0.0,"enemies":"Snecko","floor":24.0,"turns":3.0},{"damage":1.0,"enemies":"Book of Stabbing","floor":27.0,"turns":4.0},{"damage":0.0,"enemies":"Centurion and Healer","floor":28.0,"turns":2.0},{"damage":2.0,"enemies":"Slavers","floor":29.0,"turns":2.0},{"damage":0.0,"enemies":"Shelled Parasite and Fungi","floor":30.0,"turns":1.0},{"damage":0.0,"enemies":"Book of Stabbing","floor":31.0,"turns":2.0},{"damage":7.0,"enemies":"Champ","floor":33.0,"turns":5.0},{"damage":0,"enemies":"Orb Walker","floor":35,"turns":2},{"damage":0,"enemies":"3 Darklings","floor":38,"turns":2},{"damage":0,"enemies":"Reptomancer","floor":40,"turns":2},{"damage":0,"enemies":"Giant Head","floor":41,"turns":3},{"damage":0,"enemies":"Nemesis","floor":42,"turns":3},{"damage":0,"enemies":"Jaw Worm Horde","floor":46,"turns":1},{"damage":0,"enemies":"4 Shapes","floor":47,"turns":2},{"damage":0,"enemies":"Maw","floor":48,"turns":3},{"damage":0,"enemies":"Awakened One","floor":50,"turns":4},{"damage":2,"enemies":"Shield and Spear","floor":54,"turns":3},{"damage":1,"enemies":"The Heart","floor":55,"turns":5}],"seed_played":"5162460810892742652","potions_obtained":[{"floor":13.0,"key":"FearPotion"},{"floor":14.0,"key":"Block Potion"},{"floor":16.0,"key":"EssenceOfSteel"},{"floor":21.0,"key":"AttackPotion"},{"floor":27.0,"key":"Strength Potion"},{"floor":28.0,"key":"Explosive Potion"},{"floor":30.0,"key":"Swift Potion"},{"floor":33.0,"key":"LiquidMemories"}],"is_trial":false,"path_per_floor":["M","?","?","M","?","R","E","R","T","E","$","?","M","M","R","B",null,"M","$","M","M","?","E","M","R","T","E","M","E","M","E","R","B",null,"M","?","$","M","?","E","E","E","T","R","$","M","M","M","R","B",null,"R","$","E","B",null],"character_chosen":"KOISHI","items_purchased":["Toy Ornithopter","Koishi:ReflexRadar","Koishi:RorschachInDanmaku","Membership Card","Koishi:FreudianInstinct+1","Letter Opener","Finesse"],"campfire_rested":0,"item_purchase_floors":[11,37,37,45,45,45,53],"current_hp_per_floor":[51,34,27,27,22,22,22,22,22,4,4,4,5,6,6,12,46,53,53,53,51,51,43,43,43,43,42,48,51,51,51,51,44,60,63,63,63,63,63,63,70,70,70,70,70,70,70,70,70,70,70,70,70,68,70],"gold":43,"neow_bonus":"THREE_ENEMY_KILL","is_daily":false,"chose_seed":false,"campfire_upgraded":7,"win_rate":0.0,"timestamp":1609596800,"path_taken":["M","?","?","M","?","R","E","R","T","E","$","?","M","M","R","BOSS","M","$","M","?","?","E","?","R","T","E","M","E","M","E","R","BOSS","M","?","$","M","?","E","E","E","T","R","$","M","?","M","R","BOSS","R","$","E","BOSS"],"items_purchased_type":["Relic","Card","Card","Relic","Card","Relic","Card"],"build_version":"2020-11-30","purchased_purges":4,"victory":true,"max_hp_per_floor":[57,57,57,57,57,57,57,57,57,57,57,57,57,57,57,57,57,57,57,57,57,57,57,57,57,57,57,57,57,57,57,57,57,63,63,63,63,63,63,63,70,70,70,70,70,70,70,70,70,70,70,70,70,70,70],"relic_stats":{"Darkstone Periapt":6,"Gremlin Horn":[14,25],"counters":[29,95],"Blue Candle":[0],"Letter Opener":[457],"Orichalcum":[6],"Question Card":25,"MawBank":168,"Blood Vial":4,"Turnip":[12],"obtain_stats":[{"Darkstone Periapt":31,"Lantern":40,"NeowsBlessing":0,"Gremlin Horn":7,"Blue Candle":34,"Koishi:TeethAndClaws":10,"Letter Opener":45,"Orichalcum":29,"Frozen Egg 2":43,"Question Card":9,"MawBank":23,"Akabeko":54,"keyreminder:keyreminder":8,"Calling Bell":34,"Blood Vial":34,"Runic Dome":17,"Strawberry":41,"Turnip":5,"WingedGreaves":34,"Koishi:ImperfectMetamorphosis":42,"Membership Card":45,"Toy Ornithopter":11,"InkBottle":27,"Koishi:ImaginaryFriend":0},{"Darkstone Periapt":17,"Lantern":21,"NeowsBlessing":0,"Gremlin Horn":3,"Blue Candle":18,"Koishi:TeethAndClaws":4,"Letter Opener":23,"Orichalcum":15,"Frozen Egg 2":23,"Question Card":3,"MawBank":11,"Akabeko":28,"keyreminder:keyreminder":3,"Calling Bell":18,"Blood Vial":18,"Runic Dome":7,"Strawberry":22,"Turnip":2,"WingedGreaves":18,"Koishi:ImperfectMetamorphosis":23,"Membership Card":23,"Toy Ornithopter":4,"InkBottle":13,"Koishi:ImaginaryFriend":0},{"Darkstone Periapt":60,"Lantern":71,"NeowsBlessing":0,"Gremlin Horn":3,"Blue Candle":65,"Koishi:TeethAndClaws":11,"Letter Opener":77,"Orichalcum":57,"Frozen Egg 2":77,"Question Card":3,"MawBank":46,"Akabeko":90,"keyreminder:keyreminder":3,"Calling Bell":65,"Blood Vial":65,"Runic Dome":27,"Strawberry":74,"Turnip":2,"WingedGreaves":65,"Koishi:ImperfectMetamorphosis":77,"Membership Card":77,"Toy Ornithopter":11,"InkBottle":53,"Koishi:ImaginaryFriend":0}],"Toy Ornithopter":25,"InkBottle":[16]},"card_choices":[{"not_picked":["Koishi:UnconsciousUprising","Koishi:SpiritedAway"],"picked":"Koishi:HeartAttack","floor":1.0},{"not_picked":["Koishi:CatchAndRose","Koishi:PhantomBarrier","Koishi:Untouchable"],"picked":"SKIP","floor":4.0},{"not_picked":["Koishi:CatchAndRose","Koishi:SubconsciousSweep","Koishi:BloodcurdlingScream"],"picked":"SKIP","floor":7.0},{"not_picked":["Koishi:JumpScare","Koishi:PhantomBarrier","Koishi:StingingMind","Koishi:EmbryosDream"],"picked":"SKIP","floor":10.0},{"not_picked":["Koishi:FourthEye","Koishi:Heartbroken","Koishi:ReflexRadar"],"picked":"Koishi:ReleaseOfTheId","floor":13.0},{"not_picked":["Koishi:SpiritedAway","Koishi:Jaunt","Koishi:IdleWhim","Koishi:UnansweredLove"],"picked":"SKIP","floor":14.0},{"not_picked":["Koishi:CatchAndRose","Koishi:SpiritedAway+1","Koishi:Untouchable","Koishi:EmbryosDream"],"picked":"SKIP","floor":18.0},{"not_picked":["Koishi:Jaunt","Koishi:ApparitionsStalkTheNight","Koishi:StingingMind"],"picked":"Koishi:IdleWhim","floor":20.0},{"not_picked":["Koishi:StrangeCloudFist","Koishi:JumpScare+1","Koishi:YoukaiPolygraph"],"picked":"Koishi:GeneticsOfTheUnconscious","floor":21.0},{"not_picked":["Koishi:Catatonia","Koishi:BloodcurdlingScream","Koishi:PhantomStrike"],"picked":"Koishi:HeartAttack","floor":23.0},{"not_picked":["Koishi:SpiritedAway","Koishi:DanmakuParanoia","Koishi:ParalyzingFear","Koishi:DreadfulBlow"],"picked":"SKIP","floor":24.0},{"not_picked":["Koishi:TremblingHands","Koishi:SprinkleStarAndHeart+1","Koishi:SubconsciousSweep"],"picked":"Koishi:ReflexRadar","floor":27.0},{"not_picked":["Koishi:MentalBreakdown","Koishi:SubconsciousSweep","Koishi:UnansweredLove","Koishi:PhantomStrike+1"],"picked":"SKIP","floor":28.0},{"not_picked":["Koishi:SubconsciousSweep+1","Koishi:GhostParty","Koishi:Prune"],"picked":"Koishi:MassHysteria","floor":29.0},{"not_picked":["Koishi:Prune+1","Koishi:ParalyzingFear","Koishi:MindNumbingTerror","Koishi:JumpScare"],"picked":"SKIP","floor":30.0},{"not_picked":["Koishi:ReleaseOfTheId","Koishi:EmbryosDream","Koishi:Jaunt+1"],"picked":"Koishi:ReflexRadar","floor":31.0},{"not_picked":["Koishi:ImGoingToCallYouNow","Koishi:TerrifyingSpectre","Koishi:MindStellarRelief"],"picked":"Koishi:FadingMemory","floor":33.0},{"not_picked":["Koishi:UnansweredLove","Koishi:BloodcurdlingScream","Koishi:SprinkleStarAndHeart","Koishi:MassHysteria"],"picked":"SKIP","floor":35},{"not_picked":["Koishi:PredatoryInstincts","Koishi:EmbersOfLove+1","Koishi:JumpScare"],"picked":"Koishi:ReflexRadar","floor":38},{"not_picked":["Koishi:Vanish+1","Koishi:StingingMind","Koishi:FourthEye+1"],"picked":"Koishi:ConditionedTeleport","floor":40},{"not_picked":["Koishi:FleetingPhantom","Koishi:StingingMind","Koishi:EmbryosDream"],"picked":"Koishi:GeneticsOfTheUnconscious","floor":41},{"not_picked":["Koishi:ParalyzingFear+1","Koishi:RacingHeart","Koishi:StingingMind+1"],"picked":"Koishi:Whimsy","floor":42},{"not_picked":["Koishi:BramblyRoseGarden+1","Koishi:BloodcurdlingScream+1","Koishi:FleetingPhantom","Koishi:RacingHeart"],"picked":"SKIP","floor":46},{"not_picked":["Koishi:EmbryosDream","Koishi:RoseHell","Koishi:Possession"],"picked":"Koishi:IdleWhim","floor":47},{"not_picked":["Koishi:Jaunt","Koishi:Untouchable+1","Koishi:RorschachInDanmaku"],"picked":"Koishi:GeneticsOfTheUnconscious+1","floor":48},{"not_picked":["Koishi:UnseenTerror","Koishi:EmbryosDream","Koishi:SubterraneanRose","Koishi:DNAsFlaw"],"picked":"SKIP","floor":54}],"player_experience":877159,"relics_obtained":[{"floor":7.0,"key":"Gremlin Horn"},{"floor":9.0,"key":"Question Card"},{"floor":10.0,"key":"Koishi:TeethAndClaws"},{"floor":23.0,"key":"MawBank"},{"floor":27.0,"key":"InkBottle"},{"floor":29.0,"key":"Orichalcum"},{"floor":31.0,"key":"Darkstone Periapt"},{"floor":34,"key":"Blood Vial"},{"floor":34,"key":"Blue Candle"},{"floor":34,"key":"WingedGreaves"},{"floor":40,"key":"Lantern"},{"floor":41,"key":"Strawberry"},{"floor":42,"key":"Koishi:ImperfectMetamorphosis"},{"floor":43,"key":"Frozen Egg 2"},{"floor":54,"key":"Akabeko"}],"event_choices":[{"damage_healed":0.0,"max_hp_gain":0.0,"max_hp_loss":0.0,"gold_gain":0.0,"event_name":"Shining Light","player_choice":"Entered Light","floor":2.0,"gold_loss":0.0,"damage_taken":17.0,"cards_upgraded":["Koishi:Provoke","Koishi:BasicDefend"]},{"cards_removed":["Koishi:BasicStrike"],"damage_healed":0.0,"max_hp_gain":0.0,"max_hp_loss":0.0,"gold_gain":0.0,"event_name":"Golden Wing","player_choice":"Card Removal","floor":3.0,"gold_loss":0.0,"damage_taken":7.0},{"damage_healed":0.0,"max_hp_gain":0.0,"max_hp_loss":0.0,"gold_gain":0.0,"event_name":"Scrap Ooze","player_choice":"Success","floor":5.0,"gold_loss":0.0,"damage_taken":5.0,"relics_obtained":["Turnip"]},{"damage_healed":0.0,"max_hp_gain":0.0,"max_hp_loss":0.0,"gold_gain":0.0,"event_name":"Transmorgrifier","player_choice":"Ignored","floor":12.0,"gold_loss":0.0,"damage_taken":0.0},{"cards_removed":["Koishi:BasicStrike"],"damage_healed":0.0,"max_hp_gain":0.0,"max_hp_loss":0.0,"gold_gain":0.0,"event_name":"Purifier","player_choice":"Purged","floor":22.0,"gold_loss":0.0,"damage_taken":0.0},{"damage_healed":0,"gold_gain":0,"player_choice":"Ignored","damage_taken":0,"max_hp_gain":0,"max_hp_loss":0,"event_name":"Tomb of Lord Red Mask","floor":36,"gold_loss":0},{"damage_healed":0,"gold_gain":0,"player_choice":"Upgraded","damage_taken":0,"max_hp_gain":0,"max_hp_loss":0,"event_name":"Upgrade Shrine","floor":39,"gold_loss":0,"cards_upgraded":["Koishi:FadingMemory"]}],"is_beta":false,"boss_relics":[{"not_picked":["Snecko Eye","Cursed Key"],"picked":"Runic Dome"},{"not_picked":["Velvet Choker","Astrolabe"],"picked":"Calling Bell"}],"items_purged_floors":[11,19,37,45],"is_endless":false,"potions_floor_spawned":[13,14,16,21,27,28,30,31,33,40,41,47,48],"ascension_level":18}}