{"host":"w4b7hmige5bnqipq","time":1609577232,"event":{"mods":["2.2 Compatiblity","BaseMod","Colored Map","DeckTracker","Keyboard Shortcuts","Minty Spire (QoL Compilation)","Permanent Neow","Rare Cards Sparkle","SuperFastMode","everything is the same but u backflip on backflip","slay the spire mod where everything is the same but ironclad has a cowboy hat"],"gold_per_floor":[118,118,132,132,132,167,167,197,272,302,227,127,156,170,170,247,247,261,261,280,280,295,295,322,322,322,355,355,386,396,430,430,502,502,517,527,552,552,564,564,592,155,155,77,77,110,110,110,110,110,110],"floor_reached":50,"playtime":1394,"items_purged":["Strike_R","Strike_R"],"score":1350,"play_id":"1fc95ded-9f54-4355-b6f5-679342402f8d","local_time":"20210102174712","is_ascension_mode":true,"campfire_choices":[{"data":"Hemokinesis","floor":7.0,"key":"SMITH"},{"data":"Disarm","floor":15.0,"key":"SMITH"},{"data":"Pommel Strike","floor":23.0,"key":"SMITH"},{"data":"Armaments","floor":32.0,"key":"SMITH"},{"floor":40.0,"key":"RECALL"},{"floor":45.0,"key":"DIG"},{"floor":47,"key":"DIG"},{"floor":49,"key":"REST"}],"circlet_count":0,"master_deck":["AscendersBane","Bash","Hemokinesis+1","Dropkick","Immolate","Disarm+1","Feed","True Grit+1","Pommel Strike+1","Impervious","Armaments+1","Carnage","True Grit+1","Pommel Strike+1","Clash+1","Dropkick","Evolve"],"relics":["Burning Blood","NeowsBlessing","Bronze Scales","Champion Belt","Paper Frog","Blood Vial","Happy Flower","Busted Crown","Bag of Preparation","Matryoshka","CaptainsWheel","Art of War","Pen Nib","Astrolabe","Mango","Shovel","Medical Kit","Kunai","Pear","Juzu Bracelet","Lizard Tail","Bottled Tornado"],"acts_visited":["Exordium","TheCity","TheBeyond"],"potions_floor_usage":[46],"damage_taken":[{"damage":0.0,"enemies":"2 Louse","floor":1.0,"turns":1.0},{"damage":0.0,"enemies":"Cultist","floor":3.0,"turns":1.0},{"damage":0.0,"enemies":"Lagavulin","floor":6.0,"turns":1.0},{"damage":46.0,"enemies":"3 Sentries","floor":8.0,"turns":7.0},{"damage":22.0,"enemies":"Lagavulin","floor":10.0,"turns":5.0},{"damage":8.0,"enemies":"Gremlin Nob","floor":13.0,"turns":3.0},{"damage":9.0,"enemies":"Jaw Worm","floor":14.0,"turns":2.0},{"damage":15.0,"enemies":"Hexaghost","floor":16.0,"turns":7.0},{"damage":23.0,"enemies":"Shell Parasite","floor":18.0,"turns":4.0},{"damage":7.0,"enemies":"3 Byrds","floor":20.0,"turns":3.0},{"damage":3.0,"enemies":"3 Cultists","floor":22.0,"turns":3.0},{"damage":4.0,"enemies":"Gremlin Leader","floor":24.0,"turns":5.0},{"damage":11.0,"enemies":"Book of Stabbing","floor":27.0,"turns":3.0},{"damage":12.0,"enemies":"Slavers","floor":29.0,"turns":4.0},{"damage":2.0,"enemies":"Snake Plant","floor":30.0,"turns":2.0},{"damage":9.0,"enemies":"Gremlin Leader","floor":31.0,"turns":4.0},{"damage":61.0,"enemies":"Champ","floor":33.0,"turns":11.0},{"damage":30.0,"enemies":"3 Darklings","floor":35.0,"turns":4.0},{"damage":0.0,"enemies":"Orb Walker","floor":36.0,"turns":1.0},{"damage":9.0,"enemies":"Mind Bloom Boss Battle","floor":37.0,"turns":3.0},{"damage":2.0,"enemies":"Transient","floor":39.0,"turns":6.0},{"damage":21.0,"enemies":"Giant Head","floor":41.0,"turns":5.0},{"damage":51,"enemies":"Reptomancer","floor":46,"turns":7},{"damage":161,"enemies":"Time Eater","floor":50,"turns":11}],"seed_played":"-5402861685586022160","potions_obtained":[{"floor":2.0,"key":"LiquidMemories"},{"floor":2.0,"key":"LiquidBronze"},{"floor":8.0,"key":"ColorlessPotion"},{"floor":10.0,"key":"Swift Potion"},{"floor":22.0,"key":"FearPotion"},{"floor":24.0,"key":"FearPotion"},{"floor":27.0,"key":"SneckoOil"},{"floor":30.0,"key":"SteroidPotion"},{"floor":35.0,"key":"Regen Potion"},{"floor":36.0,"key":"AttackPotion"}],"is_trial":false,"path_per_floor":["M","?","M","?","?","E","R","E","T","E","$","$","E","M","R","B",null,"M","?","M","?","M","R","E","?","T","E","?","E","M","E","R","B",null,"M","M","?","?","M","R","E","$","T","$","R","E","R","$","R","B"],"character_chosen":"IRONCLAD","items_purchased":["Medical Kit","Kunai","Evolve"],"campfire_rested":1,"item_purchase_floors":[42,42,44],"current_hp_per_floor":[74,74,75,68,73,79,79,39,39,23,23,23,23,22,22,15,64,49,49,53,53,61,61,65,65,65,62,62,58,64,63,63,10,67,45,56,69,69,90,90,77,77,87,87,87,47,47,47,81,0,0],"gold":110,"neow_bonus":"THREE_ENEMY_KILL","is_daily":false,"chose_seed":false,"campfire_upgraded":4,"win_rate":0.0,"timestamp":1609577232,"path_taken":["M","?","?","?","?","E","R","E","T","E","?","$","E","M","R","BOSS","M","?","M","?","M","R","E","?","T","E","?","E","M","E","R","BOSS","M","M","?","?","M","R","E","$","T","?","R","E","R","$","R","BOSS"],"items_purchased_type":["Relic","Relic","Card"],"build_version":"2020-12-22","purchased_purges":2,"victory":false,"max_hp_per_floor":[75,75,75,75,80,80,80,80,80,80,80,80,80,80,80,80,80,80,80,83,83,86,86,86,86,86,86,86,86,86,86,86,86,86,86,89,103,103,103,103,103,103,113,113,113,116,116,116,116,116,116],"card_choices":[{"not_picked":["Perfected Strike","Headbutt","Anger"],"picked":"SKIP","floor":1.0},{"not_picked":["Perfected Strike","Bloodletting","Havoc"],"picked":"SKIP","floor":3.0},{"not_picked":["Anger","Fiend Fire"],"picked":"Hemokinesis","floor":6.0},{"not_picked":["Dark Embrace","Shockwave"],"picked":"Dropkick","floor":8.0},{"not_picked":["Rage","True Grit","Wild Strike"],"picked":"SKIP","floor":10.0},{"not_picked":["Infernal Blade","Havoc"],"picked":"Immolate","floor":13.0},{"not_picked":["Wild Strike","Havoc"],"picked":"Disarm","floor":14.0},{"not_picked":["Brutality","Bludgeon"],"picked":"Feed","floor":16.0},{"not_picked":[],"picked":"True Grit+1","floor":18.0},{"not_picked":[],"picked":"Pommel Strike","floor":20.0},{"not_picked":[],"picked":"Carnage","floor":22.0},{"not_picked":["Searing Blow"],"picked":"SKIP","floor":24.0},{"not_picked":["Inflame+1"],"picked":"SKIP","floor":27.0},{"not_picked":["Wild Strike"],"picked":"SKIP","floor":29.0},{"not_picked":["Uppercut"],"picked":"SKIP","floor":30.0},{"not_picked":["Body Slam"],"picked":"SKIP","floor":31.0},{"not_picked":[],"picked":"Dropkick","floor":35.0},{"not_picked":["Cleave+1"],"picked":"SKIP","floor":36.0},{"not_picked":["Warcry"],"picked":"SKIP","floor":39.0},{"not_picked":["Feed"],"picked":"SKIP","floor":41.0},{"not_picked":["Sword Boomerang+1"],"picked":"SKIP","floor":46}],"player_experience":453305,"relics_obtained":[{"floor":6.0,"key":"Bronze Scales"},{"floor":8.0,"key":"Champion Belt"},{"floor":9.0,"key":"Paper Frog"},{"floor":10.0,"key":"Blood Vial"},{"floor":13.0,"key":"Happy Flower"},{"floor":24.0,"key":"Bag of Preparation"},{"floor":26.0,"key":"Matryoshka"},{"floor":27.0,"key":"CaptainsWheel"},{"floor":29.0,"key":"Art of War"},{"floor":31.0,"key":"Pen Nib"},{"floor":37.0,"key":"Mango"},{"floor":41.0,"key":"Shovel"},{"floor":43.0,"key":"Pear"},{"floor":45.0,"key":"Juzu Bracelet"},{"floor":46,"key":"Lizard Tail"},{"floor":47,"key":"Bottled Tornado"}],"event_choices":[{"damage_healed":0.0,"max_hp_gain":0.0,"max_hp_loss":0.0,"gold_gain":0.0,"event_name":"Lab","player_choice":"Got Potions","floor":2.0,"gold_loss":0.0,"damage_taken":0.0},{"cards_removed":["Strike_R"],"damage_healed":0.0,"max_hp_gain":0.0,"max_hp_loss":0.0,"gold_gain":0.0,"event_name":"Golden Wing","player_choice":"Card Removal","floor":4.0,"gold_loss":0.0,"damage_taken":7.0},{"damage_healed":0.0,"max_hp_gain":5.0,"max_hp_loss":0.0,"gold_gain":0.0,"event_name":"Big Fish","player_choice":"Donut","floor":5.0,"gold_loss":0.0,"damage_taken":0.0},{"damage_healed":0.0,"max_hp_gain":0.0,"max_hp_loss":0.0,"gold_gain":0.0,"event_name":"Ghosts","player_choice":"Ignored","floor":19.0,"gold_loss":0.0,"damage_taken":0.0},{"damage_healed":0.0,"max_hp_gain":0.0,"max_hp_loss":0.0,"gold_gain":0.0,"cards_transformed":["Strike_R","Defend_R"],"event_name":"Drug Dealer","player_choice":"Became Test Subject","floor":21.0,"gold_loss":0.0,"damage_taken":0.0,"cards_obtained":["Impervious","Armaments"]},{"cards_removed":["Strike_R"],"damage_healed":0.0,"max_hp_gain":0.0,"max_hp_loss":0.0,"gold_gain":0.0,"event_name":"Back to Basics","player_choice":"Elegance","floor":25.0,"gold_loss":0.0,"damage_taken":0.0},{"damage_healed":0.0,"max_hp_gain":0.0,"max_hp_loss":0.0,"gold_gain":0.0,"event_name":"The Mausoleum","player_choice":"Ignored","floor":28.0,"gold_loss":0.0,"damage_taken":0.0},{"damage_healed":0.0,"max_hp_gain":0.0,"max_hp_loss":0.0,"gold_gain":0.0,"event_name":"MindBloom","player_choice":"Fight","floor":37.0,"gold_loss":0.0,"damage_taken":0.0},{"damage_healed":0.0,"max_hp_gain":0.0,"max_hp_loss":0.0,"gold_gain":0.0,"event_name":"Tomb of Lord Red Mask","player_choice":"Ignored","floor":38.0,"gold_loss":0.0,"damage_taken":0.0}],"is_beta":false,"boss_relics":[{"not_picked":["Ectoplasm","Pandora\u0027s Box"],"picked":"Busted Crown"},{"not_picked":["Coffee Dripper","Runic Dome"],"picked":"Astrolabe"}],"items_purged_floors":[11,12],"is_endless":false,"potions_floor_spawned":[3,8,10,22,24,27,30,35,36],"killed_by":"Time Eater","ascension_level":20}}