{"host":"d8hh7rr4yzitjeuj","time":1609580442,"event":{"mods":["2.2 Compatiblity","AchievementEnabler","BaseMod","CapriCore","Colored Map","Colored Powertips","Highlight Path","Keyboard Shortcuts","Minty Spire (QoL Compilation)","Permanent Neow","Quick Restart","StSLib","SuperFastMode"],"gold_per_floor":[119,119,133,146,157,157,188,200,200,200,216,231,231,241,241,241,241,257,268,268,28,28,28,42,71,97,97,115,115,127,147,147,147,147],"floor_reached":33,"playtime":816,"items_purged":[],"score":571,"play_id":"6a3fe3a7-9469-4510-859c-db7c6e525eb3","local_time":"20210102184042","is_ascension_mode":true,"campfire_choices":[{"data":"Perfected Strike","floor":6.0,"key":"SMITH"},{"data":"True Grit","floor":10.0,"key":"SMITH"},{"data":"Perfected Strike","floor":13.0,"key":"SMITH"},{"data":"Pommel Strike","floor":15.0,"key":"SMITH"},{"floor":23,"key":"REST"},{"data":"Barricade","floor":27,"key":"SMITH"},{"floor":29,"key":"REST"},{"data":"Perfected Strike","floor":32,"key":"SMITH"}],"circlet_count":0,"master_deck":["AscendersBane","Strike_R","Strike_R","Strike_R","Strike_R","Strike_R","Defend_R","Defend_R","Defend_R","Defend_R","Bash","Perfected Strike+1","Feel No Pain","Perfected Strike+1","Dropkick","True Grit+1","Pommel Strike+1","Entrench","Power Through","Perfected Strike+1","Shrug It Off","Ghostly Armor","Dual Wield","Second Wind","Fire Breathing","Pommel Strike","Barricade+1","Perfected Strike+1","Shockwave"],"relics":["Burning Blood","Tiny Chest","Bag of Preparation","Mark of Pain","Ancient Tea Set","Strawberry","Omamori"],"acts_visited":["Exordium","TheCity"],"potions_floor_usage":[24,25,25,33,33],"damage_taken":[{"damage":9.0,"enemies":"Small Slimes","floor":1.0,"turns":4.0},{"damage":7.0,"enemies":"Jaw Worm","floor":3.0,"turns":3.0},{"damage":1.0,"enemies":"Cultist","floor":4.0,"turns":3.0},{"damage":12.0,"enemies":"3 Louse","floor":5.0,"turns":4.0},{"damage":15.0,"enemies":"3 Sentries","floor":7.0,"turns":10.0},{"damage":0.0,"enemies":"Red Slaver","floor":8.0,"turns":1.0},{"damage":4.0,"enemies":"2 Fungi Beasts","floor":11.0,"turns":3.0},{"damage":3.0,"enemies":"Blue Slaver","floor":12.0,"turns":3.0},{"damage":3.0,"enemies":"Looter","floor":14.0,"turns":3.0},{"damage":33.0,"enemies":"Slime Boss","floor":16.0,"turns":10.0},{"damage":23,"enemies":"3 Byrds","floor":18,"turns":6},{"damage":12,"enemies":"2 Thieves","floor":19,"turns":4},{"damage":4,"enemies":"3 Cultists","floor":24,"turns":5},{"damage":62,"enemies":"Slavers","floor":25,"turns":6},{"damage":1,"enemies":"Chosen and Byrds","floor":28,"turns":5},{"damage":0,"enemies":"Shelled Parasite and Fungi","floor":30,"turns":3},{"damage":0,"enemies":"Snake Plant","floor":31,"turns":2},{"damage":77,"enemies":"Champ","floor":33,"turns":6}],"seed_played":"-8898586576798923066","potions_obtained":[{"floor":3.0,"key":"AttackPotion"},{"floor":5.0,"key":"AttackPotion"},{"floor":8.0,"key":"EssenceOfSteel"},{"floor":11.0,"key":"HeartOfIron"},{"floor":24,"key":"Weak Potion"},{"floor":28,"key":"LiquidBronze"},{"floor":30,"key":"SkillPotion"},{"floor":31,"key":"AttackPotion"}],"is_trial":false,"path_per_floor":["M","?","M","M","M","R","E","M","T","R","M","M","R","M","R","B",null,"M","M","?","$","?","R","M","E","T","R","M","R","M","M","R","B"],"character_chosen":"IRONCLAD","items_purchased":["Fire Breathing","Ancient Tea Set"],"campfire_rested":2,"item_purchase_floors":[21,21],"current_hp_per_floor":[65,65,64,69,63,63,54,60,60,60,62,65,65,68,68,41,67,50,44,44,44,44,66,68,19,19,19,24,48,54,60,60,0,0],"gold":147,"neow_bonus":"THREE_CARDS","is_daily":false,"chose_seed":false,"campfire_upgraded":6,"win_rate":0.0,"timestamp":1609580442,"path_taken":["M","?","M","M","M","R","E","M","T","R","M","M","R","M","R","BOSS","M","M","?","$","?","R","M","E","T","R","M","R","M","M","R","BOSS"],"items_purchased_type":["Card","Relic"],"build_version":"2020-12-22","purchased_purges":0,"victory":false,"max_hp_per_floor":[75,75,75,75,75,75,75,75,75,75,75,75,75,75,75,75,75,75,75,75,75,75,75,75,82,82,82,82,82,82,82,82,82,82],"card_choices":[{"not_picked":["Shrug It Off","Warcry"],"picked":"Perfected Strike","floor":0.0},{"not_picked":["Clothesline","Heavy Blade"],"picked":"Feel No Pain","floor":1.0},{"not_picked":["Rampage","Dark Embrace"],"picked":"Perfected Strike","floor":3.0},{"not_picked":["Pummel","Clash"],"picked":"Dropkick","floor":4.0},{"not_picked":["Anger","Blood for Blood"],"picked":"True Grit","floor":5.0},{"not_picked":["Inflame","Battle Trance"],"picked":"Pommel Strike","floor":7.0},{"not_picked":["Iron Wave","Reckless Charge"],"picked":"Entrench","floor":8.0},{"not_picked":["Carnage","Demon Form"],"picked":"Power Through","floor":11.0},{"not_picked":["Power Through","Clothesline"],"picked":"Perfected Strike","floor":12.0},{"not_picked":["Thunderclap","Warcry"],"picked":"Shrug It Off","floor":14.0},{"not_picked":["Iron Wave","Hemokinesis"],"picked":"Ghostly Armor","floor":18},{"not_picked":["True Grit","Clash"],"picked":"Dual Wield","floor":19},{"not_picked":["Flex","Carnage+1"],"picked":"Pommel Strike","floor":24},{"not_picked":["Thunderclap","Body Slam+1"],"picked":"Barricade","floor":25},{"not_picked":["Dropkick","Clash","Searing Blow"],"picked":"SKIP","floor":28},{"not_picked":["Flame Barrier","Heavy Blade"],"picked":"Perfected Strike","floor":30},{"not_picked":["Warcry","Cleave+1"],"picked":"Shockwave","floor":31}],"player_experience":1395721,"relics_obtained":[{"floor":7.0,"key":"Tiny Chest"},{"floor":9.0,"key":"Bag of Preparation"},{"floor":25,"key":"Strawberry"},{"floor":26,"key":"Omamori"}],"event_choices":[{"damage_healed":0.0,"max_hp_gain":0.0,"max_hp_loss":0.0,"gold_gain":0.0,"event_name":"Living Wall","player_choice":"Grow","floor":2.0,"gold_loss":0.0,"damage_taken":0.0,"cards_upgraded":["Perfected Strike"]},{"damage_healed":0,"gold_gain":0,"player_choice":"Read","damage_taken":0,"max_hp_gain":0,"max_hp_loss":0,"event_name":"The Library","floor":20,"gold_loss":0,"cards_obtained":["Second Wind"]},{"damage_healed":0,"gold_gain":0,"player_choice":"Ignored","damage_taken":0,"max_hp_gain":0,"max_hp_loss":0,"event_name":"Vampires","floor":22,"gold_loss":0}],"is_beta":false,"boss_relics":[{"not_picked":["SlaversCollar","Runic Cube"],"picked":"Mark of Pain"}],"items_purged_floors":[],"is_endless":false,"potions_floor_spawned":[3,5,8,11,12,19,24,28,30,31],"killed_by":"Champ","ascension_level":20}}