{"host":"zpo0s982nnba8fjk","time":1609599337,"event":{"mods":["Act Like it!","BaseMod","Downfall","GifTheSpireLib","Hermit","Hubris","Infinite Spire","Jorbs\u0027s Wanderer Trilogy","Minty Spire (QoL Compilation)","Replay The Spire","StSLib","The Animator"],"gold_per_floor":[99,99,149,149,149,178,249,249,267,304,21,49,49,49,72,177,177,102,102,102,102,301,326,352,368,395,153,153,153,171,247,257,357,357,357,367,387,387,108,460,483,483,363,383,383,208,208,219,229,229],"floor_reached":51,"playtime":4977,"items_purged":["Regret","Amnesia","Writhe","ReplayTheSpireMod:Splinters","Doubt"],"score":1020,"play_id":"c923f886-0542-46a9-b288-c2b514e9359f","local_time":"20210102155537","is_ascension_mode":false,"campfire_choices":[{"data":"champ:Taunt","floor":13.0,"key":"SMITH"},{"data":"champ:EnGarde","floor":13.0,"key":"SMITH"},{"data":"champ:RecklessLeap","floor":18.0,"key":"SMITH"},{"data":"champ:FocusedGladiator","floor":18.0,"key":"SMITH"},{"data":"champ:EndlessRage","floor":28.0,"key":"SMITH"},{"data":"champ:HeartStrike","floor":28.0,"key":"SMITH"},{"data":"Replay:Fractal Strike","floor":35,"key":"SMITH"},{"data":"champ:FocusedBerserking","floor":35,"key":"SMITH"},{"data":"champ:FlashCut","floor":45,"key":"SMITH"},{"data":"infinitespire:Fortify","floor":45,"key":"SMITH"},{"data":"champ:Defend","floor":47,"key":"SMITH"},{"data":"champ:Strike","floor":47,"key":"SMITH"}],"circlet_count":0,"master_deck":["champ:Strike+1","champ:Strike+1","champ:Strike+1","champ:Defend+1","champ:Defend","champ:Defend","champ:Defend","champ:Execute+1","champ:Taunt+1","champ:EnGarde+1","champ:FocusedBerserking+1","champ:RecklessLeap+1","champ:FocusedGladiator+1","champ:ShieldWall+1","champ:GladiatorStyle+1","Replay:SS_hec_2+1","champ:BladeFlurry+1","champ:FlashCut+1","Parasite","champ:VampiricStrike+1","champ:StanceDance+1","champ:AdrenalArmor+1","Decay","champ:EnGarde+1","champ:EndlessRage+1","champ:BringItOn+1","champ:GladiatorStyle+1","infinitespire:Fortify+1","Replay:Fractal Strike+1","champ:VampiricStrike+1","stsjorbsmod:Withering","stsjorbsmod:PollutedStrike","champ:GladiatorStyle+1","champ:HeavySlash+1","hubris:Disease","Parasite","Voices","champ:FocusedGladiator+1","champ:HoldFirm+1"],"relics":["champ:ChampionCrown","downfall:HeartsMalice","Ring of Greed","Golden Egg","Ring of Searing","champ:DefensiveTrainingManual","infinitespire:Eraser","Sundial","hubris:Towel","Replay:Arrowhead","MealTicket","Velvet Choker","downfall:HeartBlessingGreen","hubris:Icosahedron","Akabeko","Pet Ghost","Omamori","hubris:SphereOfDissonance","infinitespire:Cupcake","Red Mask","downfall:RedIOUUpgrade","Old Coin","Whetstone","Nunchaku","Replay:Baseball"],"acts_visited":["Exordium","TheCity","TheBeyond"],"potions_floor_usage":[],"damage_taken":[{"damage":0.0,"enemies":"2 Louse","floor":2.0,"turns":1.0},{"damage":0.0,"enemies":"Jaw Worm","floor":5.0,"turns":1.0},{"damage":0.0,"enemies":"Lagavulin","floor":6.0,"turns":1.0},{"damage":33.0,"enemies":"Cultist","floor":9.0,"turns":4.0},{"damage":37.0,"enemies":"Gremlin Nob","floor":10.0,"turns":3.0},{"damage":27.0,"enemies":"downfall:FleeingMerchant","floor":11.0,"turns":4.0},{"damage":0.0,"enemies":"Lagavulin","floor":12.0,"turns":6.0},{"damage":7.0,"enemies":"3 Louse","floor":15.0,"turns":4.0},{"damage":26.0,"enemies":"downfall:Ironclad","floor":16.0,"turns":6.0},{"damage":15.0,"enemies":"Replay:Snechameleon","floor":23.0,"turns":5.0},{"damage":34.0,"enemies":"Chosen","floor":25.0,"turns":3.0},{"damage":78.0,"enemies":"Nightmare","floor":26.0,"turns":8.0},{"damage":45.0,"enemies":"downfall:FleeingMerchant","floor":27.0,"turns":4.0},{"damage":29.0,"enemies":"Shell Parasite","floor":30.0,"turns":5.0},{"damage":37.0,"enemies":"3 Cultists","floor":32.0,"turns":8.0},{"damage":25.0,"enemies":"downfall:Defect","floor":33.0,"turns":9.0},{"damage":27,"enemies":"3 Darklings","floor":36,"turns":4},{"damage":44,"enemies":"3 Shapes","floor":37,"turns":4},{"damage":27,"enemies":"downfall:FleeingMerchant","floor":39,"turns":4},{"damage":37,"enemies":"2 Orb Walkers","floor":40,"turns":5},{"damage":0,"enemies":"downfall:FleeingMerchant","floor":43,"turns":1},{"damage":20,"enemies":"Writhing Mass","floor":44,"turns":2},{"damage":10,"enemies":"Spire Growth","floor":48,"turns":2},{"damage":32,"enemies":"3 Darklings","floor":49,"turns":3},{"damage":20,"enemies":"downfall:Watcher","floor":50,"turns":5}],"seed_played":"891740924133555226","potions_obtained":[{"floor":6.0,"key":"champ:UltimateStancePotion"},{"floor":10.0,"key":"AttackPotion"},{"floor":15.0,"key":"Weak Potion"}],"is_trial":false,"path_per_floor":["R","M","?","T","M","E","T","?","M","E","$","E","R","?","M","B",null,"R","?","?","?","?","E","T","M","NM","$","R","AVR","M","T","M","B",null,"R","M","M","?","$","?","T","?","$","M","R","$","R","M","M","B",null],"character_chosen":"THE_CHAMP","items_purchased":["champ:GladiatorStyle","Replay:SS_hec_2","champ:BladeFlurry+1","champ:BringItOn","champ:GladiatorStyle","champ:HeavySlash","champ:HoldFirm","Replay:Baseball"],"campfire_rested":0,"item_purchase_floors":[11,11,11,27,27,39,43,43],"current_hp_per_floor":[90,90,90,90,90,90,90,90,62,50,48,48,48,48,41,20,90,90,90,90,90,68,71,71,88,69,64,64,64,57,57,22,27,90,90,85,77,77,83,76,76,76,90,84,84,90,90,90,90,83],"gold":229,"neow_bonus":"THREE_ENEMY_KILL","is_daily":false,"chose_seed":false,"campfire_upgraded":12,"win_rate":0.0,"timestamp":1609599337,"path_taken":["R","?","?","?","?","E","T","?","M","E","?","E","R","?","M","BOSS","R","?","?","?","?","E","T","?","NM","$","R","AVR","M","?","M","BOSS","R","M","M","?","$","?","T","?","$","M","R","?","R","?","M","BOSS"],"items_purchased_type":["Card","Card","Card","Card","Card","Card","Card","Relic"],"build_version":"2020-12-22","purchased_purges":5,"victory":true,"max_hp_per_floor":[90,90,90,90,90,90,90,90,90,90,90,90,90,90,90,90,90,90,90,90,90,90,90,90,90,90,90,90,90,90,90,90,90,90,90,90,90,90,90,90,90,90,90,90,90,90,90,90,90,90],"card_choices":[{"not_picked":["champ:BerserkersShout","champ:GladiatorsShout"],"picked":"champ:EnGarde","floor":2.0},{"not_picked":["champ:TornadoPunch","champ:AdrenalArmor"],"picked":"champ:HeartStrike","floor":5.0},{"not_picked":["champ:CalledShot","champ:StanceDance"],"picked":"champ:FocusedBerserking","floor":6.0},{"not_picked":["champ:Haymaker","champ:BladeFlurry"],"picked":"champ:RecklessLeap","floor":9.0},{"not_picked":["champ:Haymaker","champ:DeathBlow"],"picked":"champ:FocusedGladiator","floor":10.0},{"not_picked":["champ:CrookedStrike","champ:PerfectedStrike"],"picked":"champ:ShieldWall","floor":11.0},{"not_picked":["champ:Backstep","champ:AdrenalArmor","champ:GladiatorsShout"],"picked":"SKIP","floor":12.0},{"not_picked":["champ:DefensiveShout","champ:AdrenalArmor"],"picked":"champ:FlashCut","floor":15.0},{"not_picked":["champ:LastStand","champ:MurderStrike"],"picked":"champ:VampiricStrike","floor":16.0},{"not_picked":["champ:Circumvent","champ:GladiatorsShout"],"picked":"champ:StanceDance+1","floor":22.0},{"not_picked":["champ:Encircle","champ:BerserkersShout"],"picked":"champ:AdrenalArmor+1","floor":23.0},{"not_picked":["champ:CrookedStrike+1","champ:FocusedGladiator"],"picked":"champ:EnGarde+1","floor":25.0},{"not_picked":["champ:BerserkersShout","champ:HeartStrike"],"picked":"champ:EndlessRage","floor":26.0},{"not_picked":["champ:FalseCounter","champ:FlashCut+1","champ:Encircle+1"],"picked":"SKIP","floor":27.0},{"not_picked":["champ:AdrenalArmor","champ:BringItOn","champ:Circumvent"],"picked":"SKIP","floor":30.0},{"not_picked":["champ:Duel","champ:FanOfKnives+1","champ:DefensiveStyle+1"],"picked":"SKIP","floor":32.0},{"not_picked":["champ:MurderStrike","champ:IgnorePain"],"picked":"champ:VampiricStrike","floor":33.0},{"not_picked":["champ:DefensiveShout","champ:Circumvent","champ:Duel"],"picked":"SKIP","floor":36},{"not_picked":["champ:BladeFlurry","champ:CrookedStrike","champ:FlashCut+1"],"picked":"SKIP","floor":37},{"not_picked":["champ:PerfectedStrike","champ:StanceDance+1"],"picked":"champ:GladiatorStyle","floor":39},{"not_picked":["champ:Haymaker","champ:DefensiveStyle"],"picked":"champ:FocusedGladiator+1","floor":43},{"not_picked":["champ:FocusedBerserking+1","champ:StanceDance+1","champ:GladiatorsShout"],"picked":"SKIP","floor":44},{"not_picked":["champ:StanceDance","champ:FightOn","champ:DefensiveShout"],"picked":"SKIP","floor":48},{"not_picked":["champ:EnGarde+1","champ:Improvising","champ:FocusedBerserking+1"],"picked":"SKIP","floor":49}],"player_experience":297717,"relics_obtained":[{"floor":3.0,"key":"Ring of Greed"},{"floor":3.0,"key":"Replay:Bandana"},{"floor":3.0,"key":"Golden Egg"},{"floor":3.0,"key":"Ring of Searing"},{"floor":4.0,"key":"champ:DefensiveTrainingManual"},{"floor":6.0,"key":"infinitespire:Eraser"},{"floor":7.0,"key":"Sundial"},{"floor":10.0,"key":"Replay:Arrowhead"},{"floor":12.0,"key":"MealTicket"},{"floor":23.0,"key":"Akabeko"},{"floor":24.0,"key":"Pet Ghost"},{"floor":26.0,"key":"Omamori"},{"floor":31.0,"key":"hubris:SphereOfDissonance"},{"floor":40,"key":"Old Coin"},{"floor":41,"key":"Whetstone"},{"floor":42,"key":"Nunchaku"}],"event_choices":[{"cards_removed":["champ:Strike"],"damage_healed":0.0,"max_hp_gain":0.0,"max_hp_loss":0.0,"gold_gain":0.0,"event_name":"The Cleric","player_choice":"Card Removal","floor":14.0,"gold_loss":0.0,"damage_taken":0.0},{"damage_healed":0,"gold_gain":0,"player_choice":"Fight","damage_taken":0,"max_hp_gain":0,"max_hp_loss":0,"event_name":"Mysterious Sphere","floor":40,"gold_loss":0}],"is_beta":false,"boss_relics":[{"not_picked":["SlaversCollar","Replay:Drink Me"],"picked":"Velvet Choker"},{"not_picked":["Kintsugi","hubris:GrandSneckoEye"],"picked":"infinitespire:Cupcake"}],"items_purged_floors":[11,27,39,43,46],"is_endless":false,"potions_floor_spawned":[6,10,12,15,23,25,33,37,40],"ascension_level":0}}