{"host":"cyiefo55v5hz1ih5","time":1609614433,"event":{"mods":["2.2 Compatiblity","AchievementEnabler","BaseMod","GifTheSpireLib","Hubris","Jorbs\u0027s Wanderer Trilogy","Minty Spire (QoL Compilation)","Replay The Spire","Spicy Shops","StSLib","The Animator"],"gold_per_floor":[214,214,128,128,128,78,6,6,105,105,121,147,147,147,147],"floor_reached":45,"playtime":975,"items_purged":[],"score":301,"play_id":"cd92e8a7-2191-48a3-bac3-fc1e788cf39a","local_time":"20210102140713","is_ascension_mode":false,"campfire_choices":[{"data":"stsjorbsmod:MirroredTechnique","floor":16,"key":"SMITH"}],"circlet_count":0,"master_deck":["stsjorbsmod:CULLCard","stsjorbsmod:Apparition_Cull","stsjorbsmod:Strike_Cull+1","stsjorbsmod:Strike_Cull+1","stsjorbsmod:Strike_Cull","stsjorbsmod:Paralysis","stsjorbsmod:SpiritShield_Cull","stsjorbsmod:Exhale","stsjorbsmod:Withering","stsjorbsmod:TickingCurse","stsjorbsmod:MirroredTechnique+1","stsjorbsmod:DrainLife","stsjorbsmod:WastingStrike","stsjorbsmod:OldBook","stsjorbsmod:ProdigalMemory","stsjorbsmod:Investment","stsjorbsmod:Taunt"],"relics":["stsjorbsmod:BookOfTrialsRelic","HandDrill","hubris:Stopwatch","Simple Rune","Molten Egg 2"],"acts_visited":["Exordium","TheCity"],"potions_floor_usage":[38],"damage_taken":[{"damage":0,"enemies":"2 Louse","floor":1,"turns":2},{"damage":2,"enemies":"Cultist","floor":5,"turns":3},{"damage":48,"enemies":"Slime Boss","floor":17,"turns":14},{"damage":7,"enemies":"Chosen","floor":32,"turns":6},{"damage":37,"enemies":"Replay:Snechameleon","floor":38,"turns":6},{"damage":0,"enemies":"3 Byrds","floor":45,"turns":1}],"seed_played":"3157046338708819869","potions_obtained":[{"floor":17,"key":"Doom Potion"},{"floor":32,"key":"LiquidBronze"}],"is_trial":false,"path_per_floor":["M","?","M","T","?","?","$","R","B",null,"M","E","T","M"],"character_chosen":"CULL","items_purchased":["HandDrill"],"campfire_rested":0,"item_purchase_floors":[14],"current_hp_per_floor":[76,76,75,75,75,75,75,75,24,57,48,11,11,11,11],"gold":147,"neow_bonus":"TEN_PERCENT_HP_BONUS","is_daily":false,"chose_seed":false,"campfire_upgraded":1,"win_rate":0.0,"timestamp":1609614433,"path_taken":["M","?","?","T","?","?","?","R","BOSS","M","E","T","M"],"items_purchased_type":["Relic"],"build_version":"2020-12-22","purchased_purges":0,"victory":false,"max_hp_per_floor":[76,76,76,76,76,76,76,76,57,57,50,33,33,33,33],"card_choices":[{"not_picked":["stsjorbsmod:Ritual","stsjorbsmod:Shake","stsjorbsmod:Godsbane"],"picked":"SKIP","floor":1},{"not_picked":["stsjorbsmod:ForcedPresence","stsjorbsmod:Feint"],"picked":"stsjorbsmod:WastingStrike","floor":5},{"not_picked":["stsjorbsmod:FalseBlessings","stsjorbsmod:Tragedy"],"picked":"stsjorbsmod:OldBook","floor":17},{"not_picked":["stsjorbsmod:Cleanse","stsjorbsmod:Overkill","stsjorbsmod:Poultergeist"],"picked":"SKIP","floor":32},{"not_picked":["stsjorbsmod:PollutedStrike","stsjorbsmod:FindWeakness+1"],"picked":"stsjorbsmod:Taunt","floor":38}],"player_experience":681247,"relics_obtained":[{"floor":38,"key":"Simple Rune"},{"floor":44,"key":"Molten Egg 2"}],"event_choices":[{"damage_healed":0,"gold_gain":0,"player_choice":"2 cards matched","damage_taken":0,"max_hp_gain":0,"max_hp_loss":0,"event_name":"Match and Keep!","floor":3,"gold_loss":0,"cards_obtained":["stsjorbsmod:DrainLife","ReplayTheSpireMod:IOU"]},{"damage_healed":0,"gold_gain":0,"player_choice":"Ignored","damage_taken":0,"max_hp_gain":0,"max_hp_loss":0,"event_name":"Liars Game","floor":10,"gold_loss":0},{"cards_removed":["stsjorbsmod:Strike_Cull"],"damage_healed":0,"gold_gain":0,"player_choice":"Card Removal","damage_taken":0,"max_hp_gain":0,"max_hp_loss":0,"event_name":"The Cleric","floor":12,"gold_loss":50}],"is_beta":false,"boss_relics":[{"not_picked":["Fusion Hammer","hubris:BlackHole"],"picked":"hubris:Stopwatch"}],"items_purged_floors":[],"is_endless":false,"potions_floor_spawned":[17,32],"killed_by":"3 Byrds","ascension_level":0}}