{"host":"g76rhe4j5kh9hdf9","time":1609567041,"event":{"mods":["Act Like it!","BaseMod","Better Third Choice","GifTheSpireLib","Minty Spire (QoL Compilation)","Relic Stats","Spicy Shops","StSLib","TheSwordswoman"],"gold_per_floor":[19,32,32,32,49,79,106,106,106,106,19,52,65,92,92,188,188,206,221,221,221,238,238,265,265,290,319,319,329,342,367,367,467,467,483,38,38,58,77,77,77,111,111,11,31,31,46,46,46,46,46,46,46,77,77],"floor_reached":56,"playtime":4954,"items_purged":["blazmod:Strike","blazmod:SureOfHand+1"],"score":1662,"play_id":"bfa14efa-6f10-47b0-94a9-be2c051f40e9","local_time":"20210101215721","is_ascension_mode":true,"campfire_choices":[{"data":"blazmod:FocusThroughFalls","floor":8.0,"key":"SMITH"},{"data":"blazmod:Kyokasuigetsu","floor":10.0,"key":"SMITH"},{"data":"blazmod:InLoveAndWar","floor":15.0,"key":"SMITH"},{"data":"blazmod:ButterflyForm","floor":23.0,"key":"SMITH"},{"data":"blazmod:TrueOfHeart","floor":25.0,"key":"SMITH"},{"data":"blazmod:FancifulFlutter","floor":28.0,"key":"SMITH"},{"data":"blazmod:ClearTheMind","floor":32.0,"key":"SMITH"},{"floor":40.0,"key":"DIG"},{"floor":46,"key":"RECALL"},{"floor":49,"key":"DIG"},{"floor":52,"key":"DIG"}],"circlet_count":0,"master_deck":["blazmod:Defend+1","blazmod:Defend+1","blazmod:Defend+1","blazmod:Defend+1","blazmod:ButterflyEffect+1","blazmod:Kyokasuigetsu+1","blazmod:InLoveAndWar+1","blazmod:FocusThroughFalls+1","blazmod:ButterflyForm+1","blazmod:TrueOfHeart+1","blazmod:MindsEye+1","blazmod:FancifulFlutter+1","blazmod:ClearTheMind+1","blazmod:ButterflyEffect+1","blazmod:WildButterfly+1","blazmod:FocusThroughFalls+1"],"relics":["blazmod:Venustas","MealTicket","Bronze Scales","blazmod:BladeOfPurification","InkBottle","Bottled Flame","Mummified Hand","Runic Pyramid","Pantograph","Bag of Marbles","Regal Pillow","CaptainsWheel","blazmod:SamuraiSword","DollysMirror","Shovel","Omamori","Mark of the Bloom","Singing Bowl","Toy Ornithopter","Centennial Puzzle","Letter Opener","Strawberry"],"acts_visited":["Exordium","TheCity","TheBeyond","TheEnding"],"potions_floor_usage":[50,55,55,55],"damage_taken":[{"damage":0.0,"enemies":"Small Slimes","floor":1.0,"turns":2.0},{"damage":0.0,"enemies":"Cultist","floor":2.0,"turns":4.0},{"damage":1.0,"enemies":"2 Louse","floor":5.0,"turns":2.0},{"damage":4.0,"enemies":"Gremlin Nob","floor":6.0,"turns":3.0},{"damage":4.0,"enemies":"Lagavulin","floor":12.0,"turns":5.0},{"damage":0.0,"enemies":"2 Fungi Beasts","floor":13.0,"turns":2.0},{"damage":5.0,"enemies":"3 Sentries","floor":14.0,"turns":5.0},{"damage":0.0,"enemies":"The Guardian","floor":16.0,"turns":8.0},{"damage":0.0,"enemies":"Spheric Guardian","floor":18.0,"turns":3.0},{"damage":0.0,"enemies":"3 Byrds","floor":19.0,"turns":3.0},{"damage":0.0,"enemies":"Snake Plant","floor":22.0,"turns":3.0},{"damage":2.0,"enemies":"Slavers","floor":24.0,"turns":11.0},{"damage":0.0,"enemies":"Gremlin Leader","floor":27.0,"turns":8.0},{"damage":0.0,"enemies":"Chosen and Byrds","floor":29.0,"turns":8.0},{"damage":0.0,"enemies":"Sentry and Sphere","floor":30.0,"turns":7.0},{"damage":11.0,"enemies":"Slavers","floor":31.0,"turns":5.0},{"damage":0.0,"enemies":"Champ","floor":33.0,"turns":24.0},{"damage":0.0,"enemies":"3 Shapes","floor":35.0,"turns":7.0},{"damage":0.0,"enemies":"Orb Walker","floor":38.0,"turns":5.0},{"damage":0.0,"enemies":"Writhing Mass","floor":39.0,"turns":6.0},{"damage":0.0,"enemies":"Giant Head","floor":42.0,"turns":12.0},{"damage":0,"enemies":"Jaw Worm Horde","floor":45,"turns":5},{"damage":0,"enemies":"Spire Growth","floor":47,"turns":9},{"damage":0,"enemies":"Awakened One","floor":50,"turns":32},{"damage":0,"enemies":"Shield and Spear","floor":54,"turns":8},{"damage":1,"enemies":"The Heart","floor":55,"turns":12}],"seed_played":"-6289113673520175038","potions_obtained":[{"floor":5.0,"key":"AttackPotion"},{"floor":12.0,"key":"AttackPotion"},{"floor":14.0,"key":"LiquidMemories"},{"floor":16.0,"key":"LiquidBronze"},{"floor":24.0,"key":"LiquidMemories"},{"floor":27.0,"key":"Block Potion"},{"floor":30.0,"key":"Weak Potion"},{"floor":33.0,"key":"DistilledChaos"},{"floor":35.0,"key":"Strength Potion"},{"floor":45,"key":"LiquidBronze"},{"floor":47,"key":"GamblersBrew"},{"floor":54,"key":"Block Potion"}],"is_trial":false,"path_per_floor":["M","M","?","$","M","E","T","R","T","R","?","E","M","E","R","B",null,"M","M","?","?","M","R","E","R","T","E","R","M","M","E","R","B",null,"M","$","?","M","M","R","?","E","T","$","M","R","M","$","R","B",null,"R","$","E","B",null],"character_chosen":"THE_SWORDSWOMAN","items_purchased":["DollysMirror","Shovel"],"campfire_rested":0,"item_purchase_floors":[36,36],"current_hp_per_floor":[40,40,40,40,39,35,35,35,35,35,35,31,31,26,26,26,40,40,40,40,40,40,40,38,38,38,38,38,38,38,27,27,40,40,40,40,40,40,40,40,40,40,40,40,40,40,40,40,40,40,40,40,40,40,39],"gold":77,"neow_bonus":"THREE_RARE_CARDS","is_daily":false,"chose_seed":false,"campfire_upgraded":7,"win_rate":0.0,"timestamp":1609567041,"path_taken":["M","M","?","$","?","E","?","R","T","R","?","E","M","E","R","BOSS","M","?","?","?","M","R","E","R","T","E","R","M","M","E","R","BOSS","M","$","?","M","?","R","?","E","T","$","M","R","M","?","R","BOSS","R","$","E","BOSS"],"items_purchased_type":["Relic","Relic"],"build_version":"2020-12-22","purchased_purges":2,"victory":true,"max_hp_per_floor":[40,40,40,40,40,40,40,40,40,40,40,40,40,40,40,40,40,40,40,40,40,40,40,40,40,40,40,40,40,40,40,40,40,40,40,40,40,40,40,40,40,42,42,42,44,44,44,44,44,44,44,44,44,53,53],"relic_stats":{"Regal Pillow":0,"Mark of the Bloom":172,"Singing Bowl":6,"counters":[26,199],"Letter Opener":[45],"Centennial Puzzle":[2],"Shovel":3,"Mummified Hand":[61],"Bronze Scales":[797],"Pantograph":13,"MealTicket":0,"obtain_stats":[{"Regal Pillow":27,"Mark of the Bloom":41,"Singing Bowl":42,"blazmod:BladeOfPurification":9,"Omamori":40,"Letter Opener":52,"blazmod:SamuraiSword":34,"blazmod:Venustas":0,"Bottled Flame":12,"CaptainsWheel":31,"Centennial Puzzle":49,"Shovel":36,"Mummified Hand":14,"DollysMirror":36,"Bronze Scales":7,"Pantograph":21,"Strawberry":54,"MealTicket":6,"Bag of Marbles":24,"InkBottle":11,"Toy Ornithopter":43,"Runic Pyramid":17},{"Regal Pillow":13,"Mark of the Bloom":20,"Singing Bowl":21,"blazmod:BladeOfPurification":4,"Omamori":20,"Letter Opener":24,"blazmod:SamuraiSword":17,"blazmod:Venustas":0,"Bottled Flame":5,"CaptainsWheel":16,"Centennial Puzzle":23,"Shovel":18,"Mummified Hand":7,"DollysMirror":18,"Bronze Scales":4,"Pantograph":10,"Strawberry":25,"MealTicket":4,"Bag of Marbles":12,"InkBottle":4,"Toy Ornithopter":21,"Runic Pyramid":8},{"Regal Pillow":59,"Mark of the Bloom":121,"Singing Bowl":133,"blazmod:BladeOfPurification":11,"Omamori":121,"Letter Opener":179,"blazmod:SamuraiSword":103,"blazmod:Venustas":0,"Bottled Flame":16,"CaptainsWheel":79,"Centennial Puzzle":147,"Shovel":110,"Mummified Hand":23,"DollysMirror":110,"Bronze Scales":11,"Pantograph":37,"Strawberry":187,"MealTicket":11,"Bag of Marbles":51,"InkBottle":11,"Toy Ornithopter":133,"Runic Pyramid":31}],"InkBottle":[60],"Toy Ornithopter":0},"card_choices":[{"not_picked":["blazmod:SeismicSlash","blazmod:HoumatsuMugenKochouji"],"picked":"blazmod:InLoveAndWar","floor":0.0},{"not_picked":["blazmod:FortifiedVigor","blazmod:BoulderFlash"],"picked":"blazmod:FocusThroughFalls","floor":1.0},{"not_picked":["blazmod:FlashRock","blazmod:TravelJournal","blazmod:PhysicalEndurance"],"picked":"SKIP","floor":2.0},{"not_picked":["blazmod:PhysicalEndurance","blazmod:FleetOfFoot","blazmod:Valiance"],"picked":"SKIP","floor":5.0},{"not_picked":["blazmod:ButterFlutter","blazmod:Crosscut","blazmod:BoulderFlash"],"picked":"SKIP","floor":6.0},{"not_picked":["blazmod:LoveAndHonor","blazmod:FleetingDawn","blazmod:BoulderFlash"],"picked":"SKIP","floor":12.0},{"not_picked":["blazmod:FleetOfFoot","blazmod:Valiance","blazmod:VisionsOfButterflies"],"picked":"SKIP","floor":13.0},{"not_picked":["blazmod:FlawlessDraw","blazmod:BoulderFlash","blazmod:SidewaySolace"],"picked":"SKIP","floor":14.0},{"not_picked":["blazmod:PhysicalEndurance+1","blazmod:KatanaStrike+1"],"picked":"blazmod:SureOfHand","floor":18.0},{"not_picked":["blazmod:KatanaStrike","blazmod:StanceChange","blazmod:FancifulFlutter"],"picked":"SKIP","floor":19.0},{"not_picked":["blazmod:LoveAndHonor","blazmod:PhysicalEndurance","blazmod:ButterFlutter"],"picked":"SKIP","floor":22.0},{"not_picked":["blazmod:PhysicalEndurance","blazmod:BoulderFlash+1"],"picked":"blazmod:MindsEye+1","floor":24.0},{"not_picked":["blazmod:Valiance","blazmod:StanceChange"],"picked":"blazmod:FancifulFlutter","floor":27.0},{"not_picked":["blazmod:KatanaStrike","blazmod:TandenKatsu"],"picked":"blazmod:ClearTheMind","floor":29.0},{"not_picked":["blazmod:Unrestrained","blazmod:SidewaySolace","blazmod:SecondSight"],"picked":"SKIP","floor":30.0},{"not_picked":["blazmod:MentalFocus+1","blazmod:ClearTheMind","blazmod:SidewaySolace"],"picked":"SKIP","floor":31.0},{"not_picked":["blazmod:Trasient+1","blazmod:PhysicalEndurance","blazmod:FortifiedVigor+1"],"picked":"SKIP","floor":35.0},{"not_picked":["blazmod:FlashRock","blazmod:ClearTheMind","blazmod:TandenKatsu+1"],"picked":"SKIP","floor":38.0},{"not_picked":["blazmod:FortifiedVigor","blazmod:MindsEye"],"picked":"blazmod:WildButterfly","floor":39.0},{"not_picked":["blazmod:FleetOfFoot","blazmod:TravelJournal","blazmod:Swordstorm"],"picked":"Singing Bowl","floor":42.0},{"not_picked":["blazmod:CastAwayDew","blazmod:MentalFocus+1","blazmod:PureOfSoul+1"],"picked":"Singing Bowl","floor":45},{"not_picked":["blazmod:Trasient","blazmod:MoonlightBlossoms+1"],"picked":"blazmod:FocusThroughFalls+1","floor":47},{"not_picked":["blazmod:TenThousand+1","blazmod:StanceChange","blazmod:DawnflutterDance"],"picked":"Singing Bowl","floor":54}],"player_experience":473897,"relics_obtained":[{"floor":6.0,"key":"MealTicket"},{"floor":7.0,"key":"Bronze Scales"},{"floor":9.0,"key":"blazmod:BladeOfPurification"},{"floor":12.0,"key":"Bottled Flame"},{"floor":14.0,"key":"Mummified Hand"},{"floor":24.0,"key":"Bag of Marbles"},{"floor":27.0,"key":"Regal Pillow"},{"floor":31.0,"key":"CaptainsWheel"},{"floor":40.0,"key":"Omamori"},{"floor":42.0,"key":"Singing Bowl"},{"floor":43.0,"key":"Toy Ornithopter"},{"floor":49,"key":"Centennial Puzzle"},{"floor":52,"key":"Letter Opener"},{"floor":54,"key":"Strawberry"}],"event_choices":[{"cards_removed":["blazmod:Strike"],"damage_healed":0.0,"max_hp_gain":0.0,"max_hp_loss":0.0,"gold_gain":0.0,"event_name":"Bonfire Elementals","player_choice":"Offered Basic","floor":3.0,"gold_loss":0.0,"damage_taken":0.0},{"damage_healed":0.0,"max_hp_gain":0.0,"max_hp_loss":0.0,"gold_gain":0.0,"event_name":"WeMeetAgain","player_choice":"Paid Gold","floor":11.0,"gold_loss":87.0,"damage_taken":0.0,"relics_obtained":["InkBottle"]},{"damage_healed":0.0,"max_hp_gain":0.0,"max_hp_loss":0.0,"gold_gain":0.0,"cards_transformed":["blazmod:Strike","blazmod:Strike"],"event_name":"Drug Dealer","player_choice":"Became Test Subject","floor":20.0,"gold_loss":0.0,"damage_taken":0.0,"cards_obtained":["blazmod:ButterflyForm","blazmod:TrueOfHeart"]},{"damage_healed":0.0,"max_hp_gain":0.0,"max_hp_loss":0.0,"gold_gain":0.0,"event_name":"The Mausoleum","player_choice":"Opened","floor":21.0,"gold_loss":0.0,"damage_taken":0.0,"relics_obtained":["Pantograph"],"cards_obtained":["Writhe"]},{"cards_removed":["Writhe"],"damage_healed":0.0,"max_hp_gain":0.0,"max_hp_loss":0.0,"gold_gain":0.0,"event_name":"Fountain of Cleansing","player_choice":"Removed Curses","floor":37.0,"gold_loss":0.0,"damage_taken":0.0},{"damage_healed":0.0,"max_hp_gain":0.0,"max_hp_loss":0.0,"gold_gain":0.0,"event_name":"MindBloom","player_choice":"Upgrade","floor":41.0,"gold_loss":0.0,"damage_taken":0.0,"cards_upgraded":["blazmod:Defend","blazmod:Defend","blazmod:Defend","blazmod:Defend","blazmod:ButterflyEffect","blazmod:SureOfHand","blazmod:ButterflyEffect","blazmod:WildButterfly"],"relics_obtained":["Mark of the Bloom"]}],"is_beta":false,"boss_relics":[{"not_picked":["Philosopher\u0027s Stone","Sozu"],"picked":"Runic Pyramid"},{"not_picked":["Calling Bell","Velvet Choker"],"picked":"blazmod:SamuraiSword"}],"items_purged_floors":[36,44],"is_endless":false,"potions_floor_spawned":[5,12,14,16,24,27,30,33,35,45,47,54],"ascension_level":3}}