{"host":"r53pw7z744tg3fxg","time":1609612781,"event":{"mods":["AchievementEnabler","BaseMod","Colored Map","Colored Powertips","Highlight Path","Minty Spire (QoL Compilation)","Quick Restart","Transform Curses"],"gold_per_floor":[119,129,129,147,1,1,40,40,67,87,87,87,130,85,85,85,85],"floor_reached":16,"playtime":473,"items_purged":[],"score":167,"play_id":"f802bdec-ef4a-44ef-9bb2-fe97507f96df","local_time":"20210102113941","is_ascension_mode":true,"campfire_choices":[{"data":"Eruption","floor":6,"key":"SMITH"},{"floor":8,"key":"REST"},{"floor":12,"key":"REST"},{"floor":15,"key":"REST"}],"circlet_count":0,"master_deck":["AscendersBane","Strike_P","Strike_P","Strike_P","Strike_P","Defend_P","Defend_P","Defend_P","Defend_P","Eruption+1","Vigilance","EmptyBody","FearNoEvil","SashWhip","Wish","Consecrate","ThirdEye","PathToVictory"],"relics":["PureWater","Oddly Smooth Stone","MealTicket","TheAbacus","CeramicFish","Juzu Bracelet","CaptainsWheel"],"acts_visited":["Exordium"],"potions_floor_usage":[7,10,16],"damage_taken":[{"damage":0,"enemies":"Small Slimes","floor":1,"turns":4},{"damage":0,"enemies":"Jaw Worm","floor":2,"turns":4},{"damage":0,"enemies":"Cultist","floor":4,"turns":3},{"damage":32,"enemies":"Gremlin Nob","floor":7,"turns":3},{"damage":10,"enemies":"Exordium Thugs","floor":10,"turns":5},{"damage":34,"enemies":"3 Sentries","floor":13,"turns":7},{"damage":59,"enemies":"Hexaghost","floor":16,"turns":12}],"seed_played":"-7352441146182587783","potions_obtained":[{"floor":1,"key":"Strength Potion"},{"floor":2,"key":"SneckoOil"},{"floor":4,"key":"Explosive Potion"},{"floor":13,"key":"Dexterity Potion"}],"is_trial":false,"path_per_floor":["M","M","?","M","$","R","E","R","T","M","?","R","E","$","R","B"],"character_chosen":"WATCHER","items_purchased":["TheAbacus","PathToVictory"],"campfire_rested":3,"item_purchase_floors":[5,14],"current_hp_per_floor":[65,65,40,40,55,55,23,44,44,34,34,55,21,36,57,0,0],"gold":85,"neow_bonus":"RANDOM_COMMON_RELIC","is_daily":false,"chose_seed":false,"campfire_upgraded":1,"win_rate":0.0,"timestamp":1609612781,"path_taken":["M","M","?","M","$","R","E","R","T","M","?","R","E","$","R","BOSS"],"items_purchased_type":["Relic","Card"],"build_version":"2020-12-22","purchased_purges":0,"victory":false,"max_hp_per_floor":[72,72,72,72,72,72,72,72,72,72,72,72,72,72,72,72,72],"card_choices":[{"not_picked":["Adaptation","Indignation"],"picked":"EmptyBody","floor":1},{"not_picked":["FollowUp","EmptyBody"],"picked":"FearNoEvil","floor":2},{"not_picked":["Wireheading","CrushJoints"],"picked":"SashWhip","floor":4},{"not_picked":["FollowUp","ThirdEye"],"picked":"Wish","floor":7},{"not_picked":["Nirvana","JustLucky"],"picked":"Consecrate","floor":10},{"not_picked":["Protect","EmptyFist"],"picked":"ThirdEye","floor":13}],"player_experience":1180393,"relics_obtained":[{"floor":7,"key":"CeramicFish"},{"floor":9,"key":"Juzu Bracelet"},{"floor":13,"key":"CaptainsWheel"}],"event_choices":[{"damage_healed":0,"gold_gain":0,"player_choice":"Success","damage_taken":25,"relics_obtained":["MealTicket"],"max_hp_gain":0,"max_hp_loss":0,"event_name":"Scrap Ooze","floor":3,"gold_loss":0},{"damage_healed":0,"gold_gain":0,"player_choice":"Ignored","damage_taken":0,"max_hp_gain":0,"max_hp_loss":0,"event_name":"Liars Game","floor":11,"gold_loss":0}],"is_beta":false,"boss_relics":[],"items_purged_floors":[],"is_endless":false,"potions_floor_spawned":[1,2,4,13],"killed_by":"Hexaghost","ascension_level":11}}