{"host":"zig6x0mxqzam82fb","time":1609552657,"event":{"mods":["BaseMod","Block Reminder","Colored Map","Colored Powertips","Marisa????????","Minty Spire (QoL Compilation)","Relic Stats","StSLib","The Cursed","The Marked","Waifu the Spire"],"gold_per_floor":[14,28,28,5,29,67,67,87,110,128,148,187,187,214,214,337,337,353,278,299,322,342,342,385,428,452,465,133,168,168,24,24,155,155,178,202,18,18,43,43,43,76,76,109,109,133,174,197,197,197,197],"floor_reached":50,"playtime":4547,"items_purged":["Strike_G","Strike_G"],"score":815,"play_id":"f67fbf55-9f5e-4b0d-ae00-db0d2a297c31","local_time":"20210101205737","is_ascension_mode":true,"campfire_choices":[{"data":"Terror","floor":7,"key":"SMITH"},{"floor":13,"key":"REST"},{"data":"Dagger Spray","floor":15,"key":"SMITH"},{"floor":23,"key":"REST"},{"floor":30,"key":"REST"},{"data":"Adrenaline","floor":32,"key":"SMITH"},{"data":"Burst","floor":40,"key":"SMITH"},{"floor":45,"key":"REST"},{"data":"CasketOfStar","floor":49,"key":"SMITH"}],"circlet_count":0,"master_deck":["Defend_G+1","Defend_G","Defend_G","Survivor+1","Neutralize","Terror+1","Dash","Dagger Spray","Dagger Spray+1","Sucker Punch","Bullet Time","Quick Slash","Crippling Poison","Flying Knee","Adrenaline+1","Poisoned Stab+1","Dagger Throw","PiercingWail+1","Acrobatics","Finisher+1","Leg Sweep+1","Blade Dance","Burst+1","Tools of the Trade","CasketOfStar+1","Distraction+1","Doppelganger+1","Bullet Time+1","MilkyWay","Conserve Battery+1","Well Laid Plans","PowerUp+1","Blood for Blood","Glacier","Seeing Red+1","Worship+1"],"relics":["Ring of the Snake","Golden Idol","Smiling Mask","Regal Pillow","Blood Vial","Tiny Chest","Snecko Eye","Red Mask","Ornamental Fan","War Paint","Lantern","Matryoshka","PrismaticShard","Astrolabe","Toolbox","Dream Catcher","Nunchaku","Pen Nib","PreservedInsect","Centennial Puzzle","Bag of Marbles","Bottled Tornado"],"acts_visited":["Exordium","TheCity","TheBeyond"],"potions_floor_usage":[29,29,29,42,50,50,50],"damage_taken":[{"damage":1,"enemies":"Small Slimes","floor":1,"turns":4},{"damage":3,"enemies":"Jaw Worm","floor":2,"turns":5},{"damage":0,"enemies":"2 Louse","floor":5,"turns":2},{"damage":14,"enemies":"Gremlin Nob","floor":6,"turns":4},{"damage":7,"enemies":"Large Slime","floor":8,"turns":6},{"damage":14,"enemies":"Exordium Thugs","floor":10,"turns":3},{"damage":0,"enemies":"3 Louse","floor":11,"turns":2},{"damage":17,"enemies":"Lagavulin","floor":12,"turns":5},{"damage":31,"enemies":"Slime Boss","floor":16,"turns":10},{"damage":0,"enemies":"Shell Parasite","floor":18,"turns":3},{"damage":19,"enemies":"Spheric Guardian","floor":20,"turns":4},{"damage":0,"enemies":"Cultist and Chosen","floor":21,"turns":4},{"damage":8,"enemies":"Chosen and Byrds","floor":22,"turns":4},{"damage":14,"enemies":"Masked Bandits","floor":24,"turns":5},{"damage":31,"enemies":"Book of Stabbing","floor":25,"turns":4},{"damage":12,"enemies":"Snecko","floor":27,"turns":5},{"damage":4,"enemies":"Slavers","floor":29,"turns":4},{"damage":31,"enemies":"Automaton","floor":33,"turns":10},{"damage":0,"enemies":"Orb Walker","floor":35,"turns":2},{"damage":0,"enemies":"3 Shapes","floor":36,"turns":2},{"damage":0,"enemies":"Maw","floor":39,"turns":5},{"damage":6,"enemies":"Nemesis","floor":42,"turns":3},{"damage":11,"enemies":"Reptomancer","floor":44,"turns":3},{"damage":0,"enemies":"Spire Growth","floor":46,"turns":3},{"damage":0,"enemies":"Giant Head","floor":47,"turns":5},{"damage":7,"enemies":"3 Darklings","floor":48,"turns":4},{"damage":81,"enemies":"Time Eater","floor":50,"turns":7}],"seed_played":"-5241433221419969039","potions_obtained":[{"floor":2,"key":"LiquidMemories"},{"floor":11,"key":"Strength Potion"},{"floor":12,"key":"Dexterity Potion"},{"floor":29,"key":"Dexterity Potion"},{"floor":33,"key":"FearPotion"},{"floor":35,"key":"SpeedPotion"},{"floor":44,"key":"CunningPotion"},{"floor":47,"key":"GamblersBrew"}],"is_trial":false,"path_per_floor":["M","M","?","$","M","E","R","M","T","M","M","E","R","T","R","B",null,"M","$","M","M","M","R","?","E","T","M","$","E","R","$","R","B",null,"M","M","$","?","M","R","T","E","T","E","R","M","E","M","R","B"],"character_chosen":"THE_SILENT","items_purchased":["Dagger Spray","Dagger Throw","Burst","Lantern","PrismaticShard","Toolbox","Well Laid Plans"],"campfire_rested":4,"item_purchase_floors":[4,19,28,28,31,37,37],"current_hp_per_floor":[69,66,65,65,65,51,51,44,44,30,30,13,47,47,47,18,53,55,55,38,40,34,65,51,22,22,12,12,10,44,44,44,15,53,55,57,57,57,59,59,59,55,55,46,65,65,65,58,58,0,0],"gold":197,"neow_bonus":"REMOVE_TWO","is_daily":false,"chose_seed":false,"campfire_upgraded":5,"win_rate":0.0,"timestamp":1609552657,"path_taken":["M","M","?","$","M","E","R","M","T","M","M","E","R","?","R","BOSS","M","$","M","M","M","R","?","E","T","M","$","E","R","$","R","BOSS","M","M","$","?","?","R","?","E","T","E","R","M","E","M","R","BOSS"],"items_purchased_type":["Card","Card","Card","Relic","Relic","Relic","Card"],"build_version":"2020-12-22","purchased_purges":2,"victory":false,"max_hp_per_floor":[70,70,65,65,65,65,65,65,65,65,65,65,65,65,65,65,65,65,65,65,65,65,65,65,65,65,65,65,65,65,65,65,65,65,65,65,65,65,65,65,65,65,65,65,65,65,65,65,65,65,65],"relic_stats":{"Regal Pillow":42,"counters":[27,118],"Golden Idol":175,"Astrolabe":["Distraction","Doppelganger","Bullet Time"],"Pen Nib":[15],"PreservedInsect":183,"War Paint":["Defend_G","Survivor"],"Smiling Mask":75,"Blood Vial":30,"Dream Catcher":1,"Nunchaku":[15],"Centennial Puzzle":[9],"Ornamental Fan":[280],"Snecko Eye":[171,150,170,185],"Tiny Chest":1,"obtain_stats":[{"Regal Pillow":9,"Lantern":28,"Golden Idol":3,"Astrolabe":34,"Pen Nib":41,"PreservedInsect":42,"War Paint":26,"Bottled Tornado":47,"Smiling Mask":6,"PrismaticShard":31,"Blood Vial":12,"Dream Catcher":38,"Nunchaku":41,"Centennial Puzzle":43,"Matryoshka":29,"Ornamental Fan":25,"Snecko Eye":17,"Toolbox":37,"Tiny Chest":14,"Red Mask":24,"Bag of Marbles":44,"Ring of the Snake":0},{"Regal Pillow":5,"Lantern":16,"Golden Idol":2,"Astrolabe":18,"Pen Nib":21,"PreservedInsect":22,"War Paint":15,"Bottled Tornado":25,"Smiling Mask":4,"PrismaticShard":17,"Blood Vial":8,"Dream Catcher":20,"Nunchaku":21,"Centennial Puzzle":22,"Matryoshka":17,"Ornamental Fan":15,"Snecko Eye":9,"Toolbox":20,"Tiny Chest":8,"Red Mask":14,"Bag of Marbles":23,"Ring of the Snake":0},{"Regal Pillow":21,"Lantern":70,"Golden Idol":9,"Astrolabe":84,"Pen Nib":93,"PreservedInsect":96,"War Paint":65,"Bottled Tornado":107,"Smiling Mask":15,"PrismaticShard":74,"Blood Vial":31,"Dream Catcher":88,"Nunchaku":93,"Centennial Puzzle":96,"Matryoshka":74,"Ornamental Fan":65,"Snecko Eye":41,"Toolbox":88,"Tiny Chest":31,"Red Mask":61,"Bag of Marbles":99,"Ring of the Snake":0}],"Ring of the Snake":[54]},"card_choices":[{"not_picked":["Dodge and Roll","Underhanded Strike"],"picked":"Terror","floor":1},{"not_picked":["Flechettes","Endless Agony"],"picked":"Dash","floor":2},{"not_picked":["Setup","Eviscerate"],"picked":"Dagger Spray","floor":5},{"not_picked":["Cloak And Dagger","Distraction"],"picked":"Sucker Punch","floor":6},{"not_picked":["Eviscerate","Underhanded Strike"],"picked":"Bullet Time","floor":8},{"not_picked":["Outmaneuver","PiercingWail"],"picked":"Quick Slash","floor":10},{"not_picked":["Dagger Throw","PiercingWail"],"picked":"Crippling Poison","floor":11},{"not_picked":["Crippling Poison","Slice"],"picked":"Flying Knee","floor":12},{"not_picked":["Night Terror","After Image"],"picked":"Adrenaline","floor":16},{"not_picked":["Finisher","Prepared"],"picked":"Poisoned Stab+1","floor":18},{"not_picked":["Catalyst","Dodge and Roll+1"],"picked":"PiercingWail+1","floor":20},{"not_picked":["Flying Knee","Dodge and Roll"],"picked":"Acrobatics","floor":21},{"not_picked":["Terror+1","Blade Dance","Quick Slash"],"picked":"SKIP","floor":22},{"not_picked":["Dodge and Roll","Backflip+1"],"picked":"Finisher+1","floor":24},{"not_picked":["Acrobatics","Deadly Poison"],"picked":"Leg Sweep+1","floor":25},{"not_picked":["Grand Finale","Concentrate"],"picked":"Blade Dance","floor":27},{"not_picked":["Expertise+1","Deflect"],"picked":"Tools of the Trade","floor":29},{"not_picked":["Magnetism","Impervious"],"picked":"CasketOfStar","floor":33},{"not_picked":["TheCursedMod:SpitefulStrike","Sever Soul+1"],"picked":"MilkyWay","floor":35},{"not_picked":["DoubleSpark","TheCursedMod:CursedBoomerang"],"picked":"Conserve Battery+1","floor":36},{"not_picked":["MysteriousBeam","theMarked:BanishingStrike"],"picked":"PowerUp+1","floor":39},{"not_picked":["Swift Strike+1","Pommel Strike+1"],"picked":"Blood for Blood","floor":42},{"not_picked":["TheCursedMod:CircleOfFocus","Jack Of All Trades+1"],"picked":"Glacier","floor":44},{"not_picked":["theMarked:WardOff+1","Tantrum"],"picked":"Seeing Red+1","floor":45},{"not_picked":["TheCursedMod:Grudge+1","Impatience+1"],"picked":"Worship+1","floor":46},{"not_picked":["Heatsinks+1","Bane","TheCursedMod:CursedStaff"],"picked":"SKIP","floor":47},{"not_picked":["Conserve Battery+1","TheCursedMod:CursedAmulet","Perfected Strike"],"picked":"SKIP","floor":48}],"player_experience":414739,"relics_obtained":[{"floor":6,"key":"Smiling Mask"},{"floor":9,"key":"Regal Pillow"},{"floor":12,"key":"Blood Vial"},{"floor":14,"key":"Tiny Chest"},{"floor":24,"key":"Red Mask"},{"floor":25,"key":"Ornamental Fan"},{"floor":26,"key":"War Paint"},{"floor":29,"key":"Matryoshka"},{"floor":41,"key":"Nunchaku"},{"floor":41,"key":"Pen Nib"},{"floor":42,"key":"PreservedInsect"},{"floor":43,"key":"Centennial Puzzle"},{"floor":44,"key":"Bag of Marbles"},{"floor":47,"key":"Bottled Tornado"}],"event_choices":[{"damage_healed":0,"gold_gain":0,"player_choice":"Lose Max HP","damage_taken":0,"relics_obtained":["Golden Idol"],"max_hp_gain":0,"max_hp_loss":5,"event_name":"Golden Idol","floor":3,"gold_loss":0},{"damage_healed":0,"gold_gain":0,"player_choice":"Fought Bandits","damage_taken":0,"max_hp_gain":0,"max_hp_loss":0,"event_name":"Masked Bandits","floor":24,"gold_loss":0},{"damage_healed":0,"gold_gain":0,"player_choice":"Gave Potion","damage_taken":0,"relics_obtained":["Dream Catcher"],"max_hp_gain":0,"max_hp_loss":0,"event_name":"WeMeetAgain","floor":38,"gold_loss":0}],"is_beta":false,"boss_relics":[{"not_picked":["Ring of the Serpent","Ectoplasm"],"picked":"Snecko Eye"},{"not_picked":["WristBlade","HoveringKite"],"picked":"Astrolabe"}],"items_purged_floors":[19,28],"is_endless":false,"potions_floor_spawned":[2,11,12,16,18,27,29,33,35,44,47],"killed_by":"Time Eater","ascension_level":5}}