{"host":"r0e4s450fexxrjel","time":1609625887,"event":{"mods":["AchievementEnabler","Act Like it!","AlwaysNeverKeys","BaseMod","Better Third Choice","Colored Map","Conspire","Dota2Spire","Downfall","Energized Spire","Evolution","Friendly Minions","GifTheSpireLib","Gold Saver","Hubris","Infinite Spire","Minty Spire (QoL Compilation)","RRrroohrrRGHHhhh!!","Replay The Spire","Shop Mod","StSLib","The Dragon Tamer","??????REMEMod"],"gold_per_floor":[849,861,872,888,988,311,311,321,335,353,403,453,469,481,501,599,599,374,394,444,456,473,463,463,513,527,577,819,834,834,853,872,967,967,967,1052,1067,1109,1169,1181,1206,1256,1306,1306,1323,1323,1323,1323],"floor_reached":46,"playtime":2362,"items_purged":[],"score":617,"play_id":"ef7aa514-8b9d-42c7-8634-c3b3811494ac","local_time":"20210102231807","is_ascension_mode":false,"campfire_choices":[{"data":"hexamod:Sear","floor":1.0,"key":"SMITH"},{"data":"hexamod:TimeOfNeed","floor":18.0,"key":"SMITH"},{"data":"ReplayTheSpireMod:Book of Names","floor":30,"key":"SMITH"},{"data":"hexamod:TimeOfNeed","floor":35,"key":"SMITH"},{"data":"conspire:SharedLibrary","floor":44,"key":"SMITH"}],"circlet_count":0,"master_deck":["hexamod:Strike+1","hexamod:Strike+1","hexamod:Strike","hexamod:Strike","hexamod:Defend","hexamod:Defend+1","hexamod:Defend+1","hexamod:Defend+1","hexamod:Sear+1","hexamod:Float","hexamod:SoulSteal","hexamod:AdvancingGuard","hexamod:FirstSeal","hexamod:Again","conspire:SharedLibrary+1","hexamod:Incineration","Panache","hexamod:PhantomCloak","hexamod:Incineration","hexamod:BurningTouch","hexamod:CrushingStance","hexamod:AdvancingGuard","hexamod:Incineration+1","hexamod:TimeOfNeed+1","hexamod:ExtraCrispy","ReplayTheSpireMod:Book of Names+1","hexamod:TimeOfNeed+1","hexamod:RadiantFlame+1","hexamod:ParanormalForm","hexamod:ShieldOfDarkness+1","hexamod:RadiantFlame","hexamod:ShieldOfDarkness","hexamod:FifthSeal","hexamod:SixthSeal","hexamod:HexaLevel","hexamod:ChargedBarrage+1","hexamod:InspiringFlames","hexamod:ThirdSeal","hexamod:FourthSeal","hexamod:ChargedBarrage+1","hexamod:RetreatToShadows+1","hexamod:SecondSeal","hexamod:FourthSeal","hexamod:SixthSeal","hexamod:FastForward+1"],"relics":["hexamod:SpiritBrand","EVO:Axolotl","REME_ComplimentaryCards","downfall:CloakOfManyFaces","CultistMask","FaceOfCleric","NlothsMask","GremlinMask","SsserpentHead","Strange Spoon","Nunchaku","rorgmod:Ceramic Fish","hubris:Towel","rorgmod:Black Star","downfall:HeartBlessingGreen","downfall:HeartBlessingBlue","downfall:HeartBlessingRed","TungstenRod","hubris:BottledHeart","hubris:CrystalStatue","Pen Nib","Centennial Puzzle","hubris:Backtick","Dota2Spire:AghanimScepter","War Paint","hubris:ToyBattleship","Dota2Spire:EtherealBlade"],"acts_visited":["Exordium","TheCity","TheBeyond"],"potions_floor_usage":[28,33,36,38,40],"damage_taken":[{"damage":1.0,"enemies":"Cultist","floor":2.0,"turns":3.0},{"damage":0.0,"enemies":"conspire:RoseBush","floor":3.0,"turns":3.0},{"damage":0.0,"enemies":"Small Slimes","floor":4.0,"turns":3.0},{"damage":6.0,"enemies":"downfall:FaceTrader","floor":5.0,"turns":9.0},{"damage":0.0,"enemies":"downfall:FleeingMerchant","floor":6.0,"turns":4.0},{"damage":8.0,"enemies":"Blue Slaver","floor":8.0,"turns":3.0},{"damage":8.0,"enemies":"2 Fungi Beasts","floor":9.0,"turns":3.0},{"damage":1.0,"enemies":"Exordium Wildlife","floor":10.0,"turns":3.0},{"damage":9.0,"enemies":"Large Slime","floor":13.0,"turns":3.0},{"damage":6.0,"enemies":"2 Fungi Beasts","floor":14.0,"turns":3.0},{"damage":29.0,"enemies":"Gremlin Gang","floor":15.0,"turns":4.0},{"damage":35.0,"enemies":"downfall:Watcher","floor":16.0,"turns":16.0},{"damage":0.0,"enemies":"3 Byrds","floor":19.0,"turns":3.0},{"damage":9.0,"enemies":"Spheric Guardian","floor":21.0,"turns":4.0},{"damage":0,"enemies":"conspire:HollyBat","floor":22,"turns":7},{"damage":0,"enemies":"Snake Plant","floor":26,"turns":3},{"damage":0,"enemies":"conspire:Head Lice","floor":28,"turns":4},{"damage":0,"enemies":"Sentry and Sphere","floor":29,"turns":6},{"damage":0,"enemies":"3 Cultists","floor":31,"turns":5},{"damage":0,"enemies":"conspire:HollyBat","floor":32,"turns":9},{"damage":0,"enemies":"downfall:Defect","floor":33,"turns":7},{"damage":0,"enemies":"conspire:MimicChest","floor":36,"turns":7},{"damage":0,"enemies":"3 Shapes","floor":37,"turns":5},{"damage":0,"enemies":"Orb Walker","floor":38,"turns":4},{"damage":0,"enemies":"4 Shapes","floor":39,"turns":7},{"damage":0,"enemies":"Sphere and 2 Shapes","floor":40,"turns":8},{"damage":0,"enemies":"Transient","floor":45,"turns":5},{"damage":1,"enemies":"Nightmare","floor":46,"turns":8}],"seed_played":"7967165584868607683","potions_obtained":[{"floor":2.0,"key":"Reflective Coating"},{"floor":8.0,"key":"Toxic Potion"},{"floor":9.0,"key":"Regen Potion"},{"floor":15.0,"key":"Dota2Spire:HealingSalve"},{"floor":16.0,"key":"PowerPotion"},{"floor":26,"key":"infinitespire:BlackPotion"},{"floor":29,"key":"Dota2Spire:HealingSalve"},{"floor":31,"key":"Dota2Spire:Clarity"},{"floor":32,"key":"Fire Potion"},{"floor":36,"key":"LifebloodPotion"},{"floor":37,"key":"REME_GoldPotion"},{"floor":40,"key":"Cursed Concoction"}],"is_trial":false,"path_per_floor":["R","M","M","M","?","$","T","M","M","M","?","?","M","M","M","B",null,"R","M","?","M","M","?","T","?","M","?","E","M","R","M","M","B",null,"R","?","M","M","M","M","T","T","?","R","M","NM"],"character_chosen":"THE_SPIRIT","items_purchased":["Panache","Strange Spoon","Nunchaku","rorgmod:Ceramic Fish","hexamod:PhantomCloak"],"campfire_rested":0,"item_purchase_floors":[6,6,6,6,6],"current_hp_per_floor":[77,76,76,76,77,78,78,78,78,78,83,83,82,88,67,58,90,100,101,75,74,75,75,75,1,1,1,1,1,1,1,1,1,1,1,1,1,1,1,1,1,1,1,1,1,0,0,0],"gold":1323,"neow_bonus":"TEN_PERCENT_HP_BONUS","is_daily":false,"chose_seed":false,"campfire_upgraded":5,"win_rate":0.0,"timestamp":1609625887,"path_taken":["R","M","?","M","?","?","T","M","M","M","?","?","M","M","M","BOSS","R","M","?","M","M","?","T","?","M","?","E","M","R","M","M","BOSS","R","?","M","M","?","M","T","?","?","R","M","NM"],"items_purchased_type":["Card","Relic","Relic","Relic","Card"],"build_version":"2020-12-22","purchased_purges":0,"victory":false,"max_hp_per_floor":[77,77,77,77,77,78,78,79,80,81,86,86,87,88,89,90,90,100,101,101,102,103,103,103,1,1,1,1,1,1,1,1,1,1,1,1,1,1,1,1,1,1,1,1,1,1,1,1],"card_choices":[{"not_picked":["hexamod:NightmareStrike","hexamod:ThermalTransfer"],"picked":"hexamod:SoulSteal","floor":2.0},{"not_picked":["hexamod:GhostShield","hexamod:ShieldOfDarkness"],"picked":"hexamod:AdvancingGuard","floor":3.0},{"not_picked":["hexamod:Haunt","hexamod:CatchUp"],"picked":"hexamod:FirstSeal","floor":4.0},{"not_picked":["hexamod:GhostShield","hexamod:DynamicBlow"],"picked":"hexamod:Again","floor":5.0},{"not_picked":["hexamod:NightmareStrike","hexamod:ExtraCrispy"],"picked":"hexamod:Incineration","floor":6.0},{"not_picked":["hexamod:NightmareStrike","hexamod:Firestarter"],"picked":"hexamod:Incineration","floor":8.0},{"not_picked":["hexamod:FirstSeal","hexamod:NightmareGuise"],"picked":"hexamod:BurningTouch","floor":9.0},{"not_picked":["hexamod:BacktrackSmack","hexamod:GhostOfSpirePresent","hexamod:AdvancingGuard"],"picked":"SKIP","floor":10.0},{"not_picked":["hexamod:NightmareGuise","hexamod:PhantomFireball"],"picked":"hexamod:CrushingStance","floor":13.0},{"not_picked":["hexamod:GhostLash","hexamod:BacktrackSmack"],"picked":"hexamod:AdvancingGuard","floor":14.0},{"not_picked":["hexamod:GhostLash","hexamod:SpectralAdrenaline"],"picked":"hexamod:Incineration","floor":15.0},{"not_picked":["hexamod:UnleashSpirits","hexamod:SearingWound"],"picked":"hexamod:TimeOfNeed","floor":16.0},{"not_picked":["hexamod:GhostShield","hexamod:NightmareStrike"],"picked":"hexamod:ExtraCrispy","floor":19.0},{"not_picked":["infinitespire:FutureSight","ReplayTheSpireMod:Haul"],"picked":"ReplayTheSpireMod:Book of Names","floor":20.0},{"not_picked":["hexamod:GhostOfSpirePresent","hexamod:HauntingEcho+1"],"picked":"hexamod:TimeOfNeed","floor":21},{"not_picked":["hexamod:HauntingEcho","hexamod:RetreatToShadows","hexamod:BacktrackSmack"],"picked":"SKIP","floor":22},{"not_picked":["hexamod:BurningTouch+1","hexamod:Rewind"],"picked":"hexamod:RadiantFlame","floor":26},{"not_picked":["hexamod:HeatShield+1","hexamod:BurningTouch"],"picked":"hexamod:ParanormalForm","floor":28},{"not_picked":["hexamod:InspiringFlames","hexamod:GhostLash"],"picked":"hexamod:ShieldOfDarkness+1","floor":29},{"not_picked":["hexamod:TimeWarp","hexamod:ExtraCrispy"],"picked":"hexamod:RadiantFlame","floor":31},{"not_picked":["hexamod:BacktrackSmack+1","hexamod:NecessarySacrifice"],"picked":"hexamod:ShieldOfDarkness","floor":32},{"not_picked":["hexamod:UnleashSpirits","hexamod:TimeWarp"],"picked":"hexamod:FifthSeal","floor":33},{"not_picked":["hexamod:SecondSeal","hexamod:ThirdSeal"],"picked":"hexamod:SixthSeal","floor":36},{"not_picked":["hexamod:Firestarter+1","hexamod:ThermalTransfer"],"picked":"hexamod:HexaLevel","floor":36},{"not_picked":["hexamod:Firestarter+1","hexamod:SpectralAdrenaline"],"picked":"hexamod:ChargedBarrage+1","floor":37},{"not_picked":["hexamod:SpectersWail","hexamod:GhostflameBarrier+1"],"picked":"hexamod:InspiringFlames","floor":38},{"not_picked":["hexamod:FirstSeal","hexamod:SixthSeal"],"picked":"hexamod:ThirdSeal","floor":39},{"not_picked":["hexamod:ThirdSeal","hexamod:SecondSeal"],"picked":"hexamod:FourthSeal","floor":39},{"not_picked":["hexamod:NecessarySacrifice+1","hexamod:FastForward"],"picked":"hexamod:ChargedBarrage+1","floor":39},{"not_picked":["hexamod:BacktrackSmack+1","hexamod:HeatMetal+1"],"picked":"hexamod:RetreatToShadows+1","floor":40},{"not_picked":["hexamod:FirstSeal","hexamod:ThirdSeal"],"picked":"hexamod:SecondSeal","floor":40},{"not_picked":["hexamod:ParanormalForm","hexamod:GhostOfSpirePast"],"picked":"hexamod:FourthSeal","floor":40},{"not_picked":["hexamod:FirstSeal","hexamod:SecondSeal"],"picked":"hexamod:SixthSeal","floor":45},{"not_picked":["hexamod:ShieldOfDarkness+1","hexamod:BacktrackSmack+1"],"picked":"hexamod:FastForward+1","floor":45},{"not_picked":["hexamod:RainOfEmbers+1","hexamod:NightmareStrike","hexamod:HeatMetal"],"picked":"SKIP","floor":45}],"player_experience":48577,"relics_obtained":[{"floor":5.0,"key":"downfall:CloakOfManyFaces"},{"floor":24,"key":"TungstenRod"},{"floor":28,"key":"Pen Nib"},{"floor":28,"key":"Centennial Puzzle"},{"floor":36,"key":"War Paint"},{"floor":41,"key":"hubris:ToyBattleship"},{"floor":42,"key":"Dota2Spire:EtherealBlade"}],"event_choices":[{"damage_healed":0.0,"max_hp_gain":5.0,"max_hp_loss":0.0,"gold_gain":0.0,"event_name":"Big Fish","player_choice":"Donut","floor":11.0,"gold_loss":0.0,"damage_taken":0.0},{"damage_healed":0,"gold_gain":0,"player_choice":"Ignored","damage_taken":0,"max_hp_gain":0,"max_hp_loss":0,"event_name":"Duplicator","floor":43,"gold_loss":0}],"is_beta":false,"boss_relics":[{"not_picked":["hubris:VirtuousBlindfold","hubris:TerracottaHorce"],"picked":"rorgmod:Black Star"},{"not_picked":["conspire:RunicOctahedron","conspire:SeveredTorchhead"],"picked":"hubris:Backtick"}],"items_purged_floors":[],"is_endless":false,"potions_floor_spawned":[2,8,9,10,15,16,26,29,31,32,36,37],"killed_by":"Nightmare","ascension_level":0}}