{"host":"2pt9f5ojqg0apn28","time":1609558477,"event":{"mods":["AchievementEnabler","BaseMod","Better Altar","Better Match","Better Note","Better Sensory Stone","Better Skull","Better Third Choice","Colored Map","Colored Powertips","Hubris","Infinite Spire","Lobotomy","LobotomyExtend","Minty Spire (QoL Compilation)","Replay The Spire","StSLib"],"gold_per_floor":[119,135,154,166,184,184,219,219,246,246,262,273,284,308,308,407,407,422,347,363,363,363,363,363],"floor_reached":23,"playtime":839,"items_purged":[],"score":195,"play_id":"2248448e-9ca7-4865-8712-b174922a3461","local_time":"20210102103437","is_ascension_mode":false,"campfire_choices":[{"data":"Dualcast","floor":6,"key":"SMITH"},{"floor":15,"key":"REST"}],"circlet_count":0,"master_deck":["Strike_B+1","Strike_B+1","Strike_B+1","Strike_B","Defend_B","Defend_B+1","Defend_B","Defend_B","Dualcast+1","Ball Lightning","Consume","Leap","Doom and Gloom","Darkness","Reboot","Cold Snap","Go for the Eyes","BasicCrystalCard+1","Beam Cell"],"relics":["Cracked Core","Regal Pillow","LetterFromLob","Simple Rune","Whetstone","Vajra","Inserter","betterThird:NestCultRelic"],"acts_visited":["Exordium","TheCity"],"potions_floor_usage":[20],"damage_taken":[{"damage":1,"enemies":"Cultist","floor":1,"turns":3},{"damage":5,"enemies":"Small Slimes","floor":2,"turns":2},{"damage":9,"enemies":"2 Louse","floor":3,"turns":3},{"damage":8,"enemies":"Lots of Slimes","floor":4,"turns":5},{"damage":5,"enemies":"Blue Slaver","floor":5,"turns":3},{"damage":21,"enemies":"Lagavulin","floor":7,"turns":5},{"damage":0,"enemies":"Large Slime","floor":11,"turns":2},{"damage":4,"enemies":"2 Fungi Beasts","floor":12,"turns":2},{"damage":4,"enemies":"Exordium Wildlife","floor":13,"turns":3},{"damage":27,"enemies":"The Guardian","floor":16,"turns":8},{"damage":17,"enemies":"Shell Parasite","floor":18,"turns":5},{"damage":22,"enemies":"3 Byrds","floor":20,"turns":4},{"damage":51,"enemies":"Book of Stabbing","floor":23,"turns":4}],"seed_played":"-7675723578650536251","potions_obtained":[{"floor":3,"key":"SpeedPotion"},{"floor":4,"key":"Fire Potion"},{"floor":5,"key":"DistilledChaos"},{"floor":18,"key":"PowerPotion"}],"is_trial":false,"path_per_floor":["M","M","M","M","M","R","E","?","T","?","M","M","M","T","R","B",null,"M","?","M","?","?","E"],"character_chosen":"DEFECT","items_purchased":[],"campfire_rested":1,"item_purchase_floors":[],"current_hp_per_floor":[74,69,60,52,47,47,26,26,26,26,26,22,18,18,55,28,75,58,58,36,36,48,0,0],"gold":363,"neow_bonus":"RANDOM_COMMON_RELIC","is_daily":false,"chose_seed":false,"campfire_upgraded":1,"win_rate":0.0,"timestamp":1609558477,"path_taken":["M","M","M","?","?","R","E","?","T","?","?","M","M","?","R","BOSS","M","?","M","?","?","E"],"items_purchased_type":[],"build_version":"2020-12-22","purchased_purges":0,"victory":false,"max_hp_per_floor":[75,75,75,75,75,75,75,75,75,75,75,75,75,75,75,75,75,75,75,75,75,75,75,75],"card_choices":[{"not_picked":["Stack","Self Repair"],"picked":"Ball Lightning","floor":1},{"not_picked":["Undo","Panic Button"],"picked":"Consume","floor":2},{"not_picked":["Compile Driver","ReplaySort"],"picked":"Leap","floor":3},{"not_picked":["Steam Power","Streamline"],"picked":"Doom and Gloom","floor":4},{"not_picked":["hubris:Ukulele","Streamline"],"picked":"Darkness","floor":5},{"not_picked":["Sweeping Beam","Rebound"],"picked":"Reboot","floor":7},{"not_picked":["Aggregate","Barrage"],"picked":"Cold Snap","floor":11},{"not_picked":["Gash","Redo"],"picked":"FIFO Queue","floor":12},{"not_picked":["ReplayTheSpireMod:Reroute Power","hubris:PowerSurge"],"picked":"Go for the Eyes","floor":13},{"not_picked":["Barrage","ReplaySort"],"picked":"BasicCrystalCard+1","floor":18},{"not_picked":["Doom and Gloom","Go for the Eyes"],"picked":"Beam Cell","floor":20}],"player_experience":32957,"relics_obtained":[{"floor":1,"key":"LetterFromLob"},{"floor":7,"key":"Simple Rune"},{"floor":9,"key":"Whetstone"},{"floor":14,"key":"Vajra"}],"event_choices":[{"cards_removed":["Strike_B"],"damage_healed":0,"gold_gain":0,"player_choice":"Give","damage_taken":0,"max_hp_gain":0,"max_hp_loss":0,"event_name":"betterNote:BetterNote","floor":10,"gold_loss":0,"cards_obtained":["Strike_R"]},{"cards_removed":["FIFO Queue"],"damage_healed":0,"gold_gain":0,"player_choice":"Gave Gold","damage_taken":0,"max_hp_gain":0,"max_hp_loss":0,"event_name":"Beggar","floor":19,"gold_loss":75},{"damage_healed":0,"gold_gain":0,"player_choice":"Madness","damage_taken":0,"relics_obtained":["betterThird:NestCultRelic"],"max_hp_gain":0,"max_hp_loss":0,"event_name":"betterThird:BetterNest","floor":21,"gold_loss":0}],"is_beta":false,"boss_relics":[{"not_picked":["Replay:Bronze Core","Runic Dome"],"picked":"Inserter"}],"items_purged_floors":[],"is_endless":false,"potions_floor_spawned":[3,4,5,12,16,18],"killed_by":"Book of Stabbing","ascension_level":0}}