{"host":"uv231blk40vjdojr","time":1609594003,"event":{"mods":["BaseMod","Minty Spire (QoL Compilation)","Relic Stats"],"gold_per_floor":[114,0,19,119,130,164,164,189,244,272,284,284,298,298,298,298,298],"floor_reached":16,"playtime":621,"items_purged":[],"score":186,"play_id":"c2f6823a-0af8-4cf0-ab2c-2a1d2868a92d","local_time":"20210102142643","is_ascension_mode":true,"campfire_choices":[{"data":"Skewer","floor":7,"key":"SMITH"},{"floor":12,"key":"REST"},{"data":"Noxious Fumes","floor":15,"key":"SMITH"}],"circlet_count":0,"master_deck":["AscendersBane","Strike_G","Strike_G","Strike_G","Strike_G","Strike_G","Defend_G","Defend_G","Defend_G","Defend_G","Defend_G","Survivor","Neutralize","Noxious Fumes+1","Caltrops","Escape Plan","Poisoned Stab","Skewer+1","All Out Attack"],"relics":["Philosopher\u0027s Stone","Blue Candle","Lantern","Anchor","PreservedInsect"],"acts_visited":["Exordium"],"potions_floor_usage":[6,8,10,16],"damage_taken":[{"damage":0.0,"enemies":"Jaw Worm","floor":1.0,"turns":4.0},{"damage":7.0,"enemies":"Cultist","floor":3.0,"turns":4.0},{"damage":2,"enemies":"2 Louse","floor":5,"turns":3},{"damage":22,"enemies":"3 Sentries","floor":6,"turns":7},{"damage":18,"enemies":"Gremlin Nob","floor":8,"turns":4},{"damage":11,"enemies":"Lagavulin","floor":10,"turns":7},{"damage":0,"enemies":"Looter","floor":11,"turns":3},{"damage":14,"enemies":"Gremlin Gang","floor":13,"turns":4},{"damage":35,"enemies":"The Guardian","floor":16,"turns":9}],"seed_played":"657219302759505035","potions_obtained":[{"floor":5,"key":"Strength Potion"},{"floor":6,"key":"SteroidPotion"},{"floor":8,"key":"PowerPotion"},{"floor":13,"key":"DistilledChaos"}],"is_trial":false,"path_per_floor":["M","$","M","?","M","E","R","E","T","E","M","R","M","?","R","B"],"character_chosen":"THE_SILENT","items_purchased":["Caltrops","Escape Plan"],"campfire_rested":1,"item_purchase_floors":[2,2],"current_hp_per_floor":[63,63,56,56,54,32,32,14,14,3,3,24,10,33,33,0,0],"gold":298,"neow_bonus":"BOSS_RELIC","is_daily":false,"chose_seed":false,"campfire_upgraded":2,"win_rate":0.0,"timestamp":1609594003,"path_taken":["M","$","M","?","?","E","R","E","T","E","M","R","M","?","R","BOSS"],"items_purchased_type":["Card","Card"],"build_version":"2020-12-22","purchased_purges":0,"victory":false,"max_hp_per_floor":[70,70,70,70,70,70,70,70,70,70,70,70,70,70,70,70,70],"relic_stats":{"counters":[9,45],"Blue Candle":[0],"PreservedInsect":0,"obtain_stats":[{"Lantern":8,"Anchor":9,"Blue Candle":6,"Philosopher\u0027s Stone":0,"PreservedInsect":10,"Ring of the Snake":0},{"Lantern":5,"Anchor":5,"Blue Candle":4,"Philosopher\u0027s Stone":0,"PreservedInsect":6,"Ring of the Snake":0},{"Lantern":22,"Anchor":22,"Blue Candle":18,"Philosopher\u0027s Stone":0,"PreservedInsect":29,"Ring of the Snake":0}]},"card_choices":[{"not_picked":["Blade Dance","Backflip"],"picked":"Noxious Fumes","floor":1.0},{"not_picked":["Infinite Blades","Backflip","Eviscerate"],"picked":"SKIP","floor":3.0},{"not_picked":["Prepared","Quick Slash"],"picked":"Poisoned Stab","floor":5},{"not_picked":["Heel Hook","Phantasmal Killer"],"picked":"Skewer","floor":6},{"not_picked":["Dagger Spray","Poisoned Stab","Cloak And Dagger"],"picked":"SKIP","floor":8},{"not_picked":["Dodge and Roll","Skewer"],"picked":"All Out Attack","floor":10},{"not_picked":["Slice","Infinite Blades","Outmaneuver"],"picked":"SKIP","floor":11},{"not_picked":["Underhanded Strike","Dagger Throw","Concentrate"],"picked":"SKIP","floor":13}],"player_experience":553532,"relics_obtained":[{"floor":6,"key":"Blue Candle"},{"floor":8,"key":"Lantern"},{"floor":9,"key":"Anchor"},{"floor":10,"key":"PreservedInsect"}],"event_choices":[{"damage_healed":0.0,"max_hp_gain":0.0,"max_hp_loss":0.0,"gold_gain":100.0,"event_name":"Golden Shrine","player_choice":"Pray","floor":4.0,"gold_loss":0.0,"damage_taken":0.0},{"damage_healed":23,"gold_gain":0,"player_choice":"Banana","damage_taken":0,"max_hp_gain":0,"max_hp_loss":0,"event_name":"Big Fish","floor":14,"gold_loss":0}],"is_beta":false,"boss_relics":[],"items_purged_floors":[],"is_endless":false,"potions_floor_spawned":[5,6,8,13],"killed_by":"The Guardian","ascension_level":11}}