{"host":"9tch52zpouts7b2p","time":1609559983,"event":{"mods":["BaseMod","Colored Map","Minty Spire (QoL Compilation)","StSLib","UnlockEverythingMod"],"gold_per_floor":[119,131,143,143,159,159,185,185,185,135,149,149,224,242,242,345,345,364,364,364,38,38,38,56,56,83,97,97,73,73,88,88,88,88],"floor_reached":33,"playtime":2239,"items_purged":["Strike_B"],"score":270,"play_id":"aaa25e51-74b7-45cc-994b-f9e846c017c5","local_time":"20210102115943","is_ascension_mode":true,"campfire_choices":[{"floor":6.0,"key":"REST"},{"data":"Zap","floor":8.0,"key":"SMITH"},{"floor":12.0,"key":"REST"},{"data":"Amplify","floor":15.0,"key":"SMITH"},{"data":"Stack","floor":23,"key":"SMITH"},{"data":"Electrodynamics","floor":25,"key":"SMITH"},{"floor":32,"key":"REST"}],"circlet_count":0,"master_deck":["Strike_B","Defend_B","Defend_B","Defend_B","Defend_B+1","Zap+1","Dualcast+1","Auto Shields","Conserve Battery+1","Undo","Amplify+1","Skim","Stack+1","Coolheaded","Steam","Electrodynamics+1","Stack","Conserve Battery","Barrage","Core Surge","Lockon","Genetic Algorithm+1","Panache","Shame","Heatsinks","Redo+1","Cold Snap","Writhe","Cold Snap","Conserve Battery+1","Double Energy+1"],"relics":["Cracked Core","Prayer Wheel","War Paint","Tiny Chest","Snecko Eye","Toxic Egg 2","Meat on the Bone","Anchor","Juzu Bracelet","HornCleat"],"acts_visited":["Exordium","TheCity"],"potions_floor_usage":[24,31,33],"damage_taken":[{"damage":8.0,"enemies":"Small Slimes","floor":1.0,"turns":2.0},{"damage":1.0,"enemies":"Cultist","floor":2.0,"turns":4.0},{"damage":7.0,"enemies":"2 Louse","floor":3.0,"turns":3.0},{"damage":1.0,"enemies":"Blue Slaver","floor":5.0,"turns":4.0},{"damage":16.0,"enemies":"3 Sentries","floor":7.0,"turns":11.0},{"damage":3.0,"enemies":"Exordium Wildlife","floor":11.0,"turns":4.0},{"damage":0.0,"enemies":"2 Fungi Beasts","floor":14.0,"turns":4.0},{"damage":7.0,"enemies":"The Guardian","floor":16.0,"turns":13.0},{"damage":2,"enemies":"Shell Parasite","floor":18,"turns":6},{"damage":5,"enemies":"2 Thieves","floor":24,"turns":4},{"damage":1,"enemies":"3 Cultists","floor":27,"turns":3},{"damage":10,"enemies":"Snake Plant","floor":31,"turns":5},{"damage":75,"enemies":"Collector","floor":33,"turns":13}],"seed_played":"1883977105938228165","potions_obtained":[{"floor":1.0,"key":"DuplicationPotion"},{"floor":5.0,"key":"Swift Potion"},{"floor":14.0,"key":"FocusPotion"},{"floor":18,"key":"CultistPotion"},{"floor":24,"key":"SkillPotion"},{"floor":27,"key":"LiquidBronze"}],"is_trial":false,"path_per_floor":["M","M","M","?","M","R","E","R","T","?","M","R","?","M","R","B",null,"M","?","T","$","?","R","M","R","T","M","?","$","T","M","R","B"],"character_chosen":"DEFECT","items_purchased":["Genetic Algorithm+1","Panache","Cold Snap"],"campfire_rested":3,"item_purchase_floors":[21,21,29],"current_hp_per_floor":[60,59,52,52,51,68,52,52,52,52,49,68,57,57,57,50,68,66,66,66,66,66,66,61,61,61,60,60,60,60,50,68,0,0],"gold":88,"neow_bonus":"ONE_RARE_RELIC","is_daily":false,"chose_seed":false,"campfire_upgraded":4,"win_rate":0.0,"timestamp":1609559983,"path_taken":["M","M","M","?","?","R","E","R","T","?","M","R","?","M","R","BOSS","M","?","?","$","?","R","M","R","T","M","?","?","?","M","R","BOSS"],"items_purchased_type":["Card","Card","Card"],"build_version":"2020-12-22","purchased_purges":1,"victory":false,"max_hp_per_floor":[68,68,68,68,68,68,68,68,68,68,68,68,68,68,68,68,68,68,68,68,68,68,68,68,68,68,68,68,68,68,68,68,68,68],"card_choices":[{"not_picked":["Gash","Beam Cell"],"picked":"Auto Shields","floor":1.0},{"not_picked":["Hologram","Compile Driver"],"picked":"Conserve Battery","floor":1.0},{"not_picked":["Leap","Steam"],"picked":"Undo","floor":2.0},{"not_picked":["Conserve Battery","Chaos"],"picked":"Amplify","floor":2.0},{"not_picked":["Compile Driver","Reprogram"],"picked":"Skim","floor":3.0},{"not_picked":["Hologram","Barrage"],"picked":"Stack","floor":3.0},{"not_picked":["Stack","Steam Power"],"picked":"Coolheaded","floor":5.0},{"not_picked":["Gash","Recycle"],"picked":"Steam","floor":5.0},{"not_picked":["Melter","Lockon"],"picked":"Electrodynamics","floor":7.0},{"not_picked":["Cold Snap","Beam Cell"],"picked":"Stack","floor":11.0},{"not_picked":["Coolheaded","Lockon"],"picked":"Conserve Battery","floor":11.0},{"not_picked":["Go for the Eyes","Gash"],"picked":"Barrage","floor":14.0},{"not_picked":["Conserve Battery","Coolheaded","Redo"],"picked":"SKIP","floor":14.0},{"not_picked":["Electrodynamics","Fission"],"picked":"Core Surge","floor":16.0},{"not_picked":["Streamline","Coolheaded"],"picked":"Lockon","floor":18},{"not_picked":["Conserve Battery+1","Streamline","Reprogram"],"picked":"SKIP","floor":18},{"not_picked":["Chill+1","Stack+1"],"picked":"Heatsinks","floor":24},{"not_picked":["FTL","Hologram+1","Gash"],"picked":"SKIP","floor":24},{"not_picked":["Darkness+1","Consume+1"],"picked":"Redo+1","floor":27},{"not_picked":["Undo+1","Go for the Eyes"],"picked":"Cold Snap","floor":27},{"not_picked":["Steam+1","Scrape"],"picked":"Conserve Battery+1","floor":31},{"not_picked":["Redo+1","Aggregate+1"],"picked":"Double Energy+1","floor":31}],"player_experience":104995,"relics_obtained":[{"floor":7.0,"key":"War Paint"},{"floor":9.0,"key":"Tiny Chest"},{"floor":20,"key":"Toxic Egg 2"},{"floor":26,"key":"Anchor"},{"floor":30,"key":"HornCleat"}],"event_choices":[{"damage_healed":0.0,"max_hp_gain":0.0,"max_hp_loss":0.0,"gold_gain":0.0,"event_name":"Accursed Blacksmith","player_choice":"Forge","floor":4.0,"gold_loss":0.0,"damage_taken":0.0,"cards_upgraded":["Dualcast"]},{"cards_removed":["Strike_B"],"damage_healed":0.0,"max_hp_gain":0.0,"max_hp_loss":0.0,"gold_gain":0.0,"event_name":"The Cleric","player_choice":"Card Removal","floor":10.0,"gold_loss":50.0,"damage_taken":0.0},{"damage_healed":0.0,"max_hp_gain":0.0,"max_hp_loss":0.0,"gold_gain":75.0,"event_name":"World of Goop","player_choice":"Gather Gold","floor":13.0,"gold_loss":0.0,"damage_taken":11.0},{"cards_removed":["Strike_B"],"damage_healed":0,"gold_gain":0,"player_choice":"Elegance","damage_taken":0,"max_hp_gain":0,"max_hp_loss":0,"event_name":"Back to Basics","floor":19,"gold_loss":0},{"damage_healed":0,"gold_gain":0,"player_choice":"Stole Relic","damage_taken":0,"relics_obtained":["Meat on the Bone"],"max_hp_gain":0,"max_hp_loss":0,"event_name":"Addict","floor":22,"gold_loss":0,"cards_obtained":["Shame"]},{"damage_healed":0,"gold_gain":0,"player_choice":"Opened","damage_taken":0,"relics_obtained":["Juzu Bracelet"],"max_hp_gain":0,"max_hp_loss":0,"event_name":"The Mausoleum","floor":28,"gold_loss":0,"cards_obtained":["Writhe"]}],"is_beta":false,"boss_relics":[{"not_picked":["Tiny House","Philosopher\u0027s Stone"],"picked":"Snecko Eye"}],"items_purged_floors":[21],"is_endless":false,"potions_floor_spawned":[1,5,14,18,24,27],"killed_by":"Collector","ascension_level":2}}