{"host":"minbhrtlkaoly5f0","time":1609599267,"event":{"mods":["Act Like it!","BaseMod","Colored Map","Colored Powertips","Lobotomy","LobotomyExtend","Luminous","Minty Spire (QoL Compilation)","Quick Restart","StSLib"],"gold_per_floor":[112,127,140,65,0,0,0],"floor_reached":6,"playtime":185,"items_purged":["SpecialBullet"],"score":36,"play_id":"29c478f0-198a-4847-84ea-d855944264f7","local_time":"20210102225427","is_ascension_mode":false,"campfire_choices":[],"circlet_count":0,"master_deck":["SpecialBullet","SpecialBullet","SpecialBullet","SpecialBullet","SpecialBullet","SpecialBullet","SpecialBullet","InformationCode","ExtractionCode","ControlCode","OSAHOGD","TheSmile","DreamingCurrent","Galaxy","DespairKnight","Hypocrisy"],"relics":["CogitoBucket","NeowsBlessing","RabbitCall","LetterFromLob","Happy Flower"],"acts_visited":["Exordium"],"potions_floor_usage":[],"damage_taken":[{"damage":0,"enemies":"Small Slimes","floor":1,"turns":1},{"damage":0,"enemies":"Cultist","floor":2,"turns":1},{"damage":0,"enemies":"2 Louse","floor":3,"turns":1},{"damage":75,"enemies":"Gremlin Nob","floor":6,"turns":3}],"seed_played":"-2963694585484511781","potions_obtained":[{"floor":2,"key":"DistilledChaos"}],"is_trial":false,"path_per_floor":["M","M","M","$","?","E"],"character_chosen":"Angela","items_purchased":[],"campfire_rested":0,"item_purchase_floors":[],"current_hp_per_floor":[70,70,70,70,70,0,0],"gold":0,"neow_bonus":"THREE_ENEMY_KILL","is_daily":false,"chose_seed":false,"campfire_upgraded":0,"win_rate":0.0,"timestamp":1609599267,"path_taken":["M","M","M","$","?","E"],"items_purchased_type":[],"build_version":"2020-12-22","purchased_purges":1,"victory":false,"max_hp_per_floor":[70,70,70,70,70,70,70],"card_choices":[{"not_picked":["BeautyBeast","Bloodbath"],"picked":"OSAHOGD","floor":1},{"not_picked":["Horn"],"picked":"TheSmile","floor":1},{"not_picked":["BeautyBeast","CherryBlossoms"],"picked":"DreamingCurrent","floor":2},{"not_picked":["Noise"],"picked":"Galaxy","floor":2},{"not_picked":["Variant","HeroicMonk"],"picked":"DespairKnight","floor":3},{"not_picked":["Wingbeat"],"picked":"Hypocrisy","floor":3}],"player_experience":23836,"relics_obtained":[{"floor":1,"key":"LetterFromLob"}],"event_choices":[{"damage_healed":0,"gold_gain":0,"player_choice":"Paid Gold","damage_taken":0,"relics_obtained":["Happy Flower"],"max_hp_gain":0,"max_hp_loss":0,"event_name":"WeMeetAgain","floor":5,"gold_loss":65}],"is_beta":false,"boss_relics":[],"items_purged_floors":[4],"is_endless":false,"potions_floor_spawned":[2],"killed_by":"Gremlin Nob","ascension_level":0}}