{"host":"2se5dq1do2gp0x9k","time":1609618489,"event":{"mods":["AchievementEnabler","BaseMod","Block Reminder","Colored Map","Colored Powertips","Minty Spire (QoL Compilation)","Relic Stats","StSLib","SuperFastMode"],"gold_per_floor":[209,139,89,164,178,178,15,47,71,71,71,89,89,119,119,216,216,231,57,57,70,81,81,96,96,96,96,106,140,0,12,12,12,12],"floor_reached":33,"playtime":1289,"items_purged":["Strike_P","Strike_P","Eruption"],"score":314,"play_id":"a49c77d5-d5ad-47f9-b636-c895d551d181","local_time":"20210102121449","is_ascension_mode":true,"campfire_choices":[{"data":"PathToVictory","floor":6,"key":"SMITH"},{"floor":10,"key":"REST"},{"data":"PathToVictory","floor":13,"key":"SMITH"},{"data":"Wallop","floor":15,"key":"SMITH"},{"floor":23,"key":"REST"},{"data":"PathToVictory","floor":25,"key":"SMITH"},{"data":"JustLucky","floor":27,"key":"SMITH"},{"floor":32,"key":"REST"}],"circlet_count":0,"master_deck":["Defend_P","Defend_P","Defend_P","Vigilance","Wireheading","Wireheading","PathToVictory+1","PathToVictory+1","Wireheading","ThirdEye","Wallop+1","JustLucky","DeusExMachina","Weave","SignatureMove","JustLucky+1","PathToVictory+1","Evaluate","TalkToTheHand"],"relics":["PureWater","Ornamental Fan","PreservedInsect","Pantograph","SlaversCollar","The Courier","Bronze Scales"],"acts_visited":["Exordium","TheCity"],"potions_floor_usage":[14,24,28,29],"damage_taken":[{"damage":0,"enemies":"Cultist","floor":1,"turns":2},{"damage":5,"enemies":"2 Louse","floor":5,"turns":3},{"damage":38,"enemies":"Gremlin Nob","floor":8,"turns":4},{"damage":5,"enemies":"Jaw Worm","floor":12,"turns":3},{"damage":7,"enemies":"3 Sentries","floor":14,"turns":8},{"damage":9,"enemies":"The Guardian","floor":16,"turns":5},{"damage":17,"enemies":"Spheric Guardian","floor":18,"turns":4},{"damage":16,"enemies":"Shell Parasite","floor":21,"turns":4},{"damage":17,"enemies":"Centurion and Healer","floor":22,"turns":6},{"damage":12,"enemies":"Snake Plant","floor":24,"turns":2},{"damage":14,"enemies":"Sentry and Sphere","floor":28,"turns":4},{"damage":9,"enemies":"Gremlin Leader","floor":29,"turns":5},{"damage":3,"enemies":"Centurion and Healer","floor":31,"turns":4},{"damage":56,"enemies":"Automaton","floor":33,"turns":6}],"seed_played":"8383294447794222043","potions_obtained":[{"floor":5,"key":"DuplicationPotion"},{"floor":8,"key":"DistilledChaos"},{"floor":22,"key":"DistilledChaos"},{"floor":28,"key":"Block Potion"},{"floor":31,"key":"LiquidBronze"}],"is_trial":false,"path_per_floor":["M","$","?","?","M","R","$","E","T","R","?","M","R","E","R","B",null,"M","$","?","M","M","R","M","R","T","R","M","E","$","M","R","B"],"character_chosen":"WATCHER","items_purchased":["Wireheading","PathToVictory","Wireheading","Weave","Evaluate"],"campfire_rested":3,"item_purchase_floors":[2,7,7,19,30],"current_hp_per_floor":[72,72,72,61,56,56,56,18,18,39,39,34,34,27,27,43,72,55,55,55,39,22,43,31,31,31,31,17,8,8,5,26,0,0],"gold":12,"neow_bonus":"HUNDRED_GOLD","is_daily":false,"chose_seed":false,"campfire_upgraded":5,"win_rate":0.0,"timestamp":1609618489,"path_taken":["M","$","?","?","M","R","$","E","T","R","?","?","R","E","R","BOSS","M","$","?","M","M","R","M","R","T","R","M","E","?","M","R","BOSS"],"items_purchased_type":["Card","Card","Card","Card","Card"],"build_version":"2020-12-22","purchased_purges":3,"victory":false,"max_hp_per_floor":[72,72,72,72,72,72,72,72,72,72,72,72,72,72,72,72,72,72,72,72,72,72,72,72,72,72,72,72,72,72,72,72,72,72],"relic_stats":{"counters":[14,60],"Ornamental Fan":[44],"Pantograph":50,"Bronze Scales":[21],"PreservedInsect":76,"obtain_stats":[{"SlaversCollar":17,"Ornamental Fan":8,"Pantograph":14,"Bronze Scales":29,"PreservedInsect":9,"The Courier":26,"PureWater":0},{"SlaversCollar":6,"Ornamental Fan":3,"Pantograph":5,"Bronze Scales":12,"PreservedInsect":3,"The Courier":10,"PureWater":0},{"SlaversCollar":25,"Ornamental Fan":9,"Pantograph":20,"Bronze Scales":50,"PreservedInsect":9,"The Courier":41,"PureWater":0}]},"card_choices":[{"not_picked":["ClearTheMind","Swivel"],"picked":"Wireheading","floor":1},{"not_picked":["Prostrate","EmptyBody"],"picked":"PathToVictory","floor":5},{"not_picked":["BowlingBash","DevaForm"],"picked":"ThirdEye","floor":8},{"not_picked":["CrushJoints","Protect"],"picked":"JustLucky","floor":12},{"not_picked":["LikeWater","FlurryOfBlows","Halt"],"picked":"SKIP","floor":14},{"not_picked":["Brilliance","DevaForm"],"picked":"DeusExMachina","floor":16},{"not_picked":["FlyingSleeves","Crescendo","Tantrum"],"picked":"SKIP","floor":18},{"not_picked":["ClearTheMind+1","Collect"],"picked":"JustLucky","floor":21},{"not_picked":["CarveReality+1","SignatureMove"],"picked":"PathToVictory","floor":22},{"not_picked":["Adaptation","Prostrate","MasterReality"],"picked":"SKIP","floor":24},{"not_picked":["Prostrate","FollowUp","Vengeance+1"],"picked":"SKIP","floor":28},{"not_picked":["Study","Consecrate","Protect"],"picked":"SKIP","floor":29},{"not_picked":["FollowUp+1","PathToVictory"],"picked":"TalkToTheHand","floor":31}],"player_experience":3710693,"relics_obtained":[{"floor":8,"key":"Ornamental Fan"},{"floor":9,"key":"PreservedInsect"},{"floor":14,"key":"Pantograph"},{"floor":26,"key":"The Courier"},{"floor":29,"key":"Bronze Scales"}],"event_choices":[{"cards_removed":["Defend_P"],"damage_healed":0,"gold_gain":0,"player_choice":"Card Removal","damage_taken":0,"max_hp_gain":0,"max_hp_loss":0,"event_name":"The Cleric","floor":3,"gold_loss":50},{"damage_healed":0,"gold_gain":75,"player_choice":"Gather Gold","damage_taken":11,"max_hp_gain":0,"max_hp_loss":0,"event_name":"World of Goop","floor":4,"gold_loss":0},{"damage_healed":0,"gold_gain":0,"cards_transformed":["Strike_P"],"player_choice":"Transformed","damage_taken":0,"max_hp_gain":0,"max_hp_loss":0,"event_name":"Transmorgrifier","floor":11,"gold_loss":0,"cards_obtained":["Wallop"]},{"damage_healed":0,"gold_gain":0,"cards_transformed":["Strike_P"],"player_choice":"Transformed","damage_taken":0,"max_hp_gain":0,"max_hp_loss":0,"event_name":"Transmorgrifier","floor":20,"gold_loss":0,"cards_obtained":["SignatureMove"]}],"is_beta":false,"boss_relics":[{"not_picked":["Ectoplasm","Philosopher\u0027s Stone"],"picked":"SlaversCollar"}],"items_purged_floors":[7,19,30],"is_endless":false,"potions_floor_spawned":[5,8,22,28,31],"killed_by":"Automaton","ascension_level":3}}