{"host":"8srk5r1dwtmjotwd","time":1609554232,"event":{"mods":["AchievementEnabler","Act Like it!","BaseMod","Bestiary","Colored Map","Colored Powertips","Friendly Minions","GifTheSpireLib","Minty Spire (QoL Compilation)","Quick Restart","Rare Cards Sparkle","StSLib","SuperFastMode","everything is the same but u backflip on backflip","slay the spire mod where everything is the same but ironclad has a cowboy hat"],"gold_per_floor":[119,129,142,197,197,228,228,260,260,260,272,288,305,45,45,150,150,161,161,178,178,190,190,220,220,220,220,4,4,17,28,28,125,125,145,5,5,18,18,18,18],"floor_reached":40,"playtime":3000,"items_purged":[],"score":491,"play_id":"e045ccf5-e99b-4a12-8f68-4c792dbb2cba","local_time":"20210101212352","is_ascension_mode":false,"campfire_choices":[{"data":"Heavy Blade","floor":7,"key":"SMITH"},{"data":"Infernal Blade","floor":10,"key":"SMITH"},{"data":"Chrysalis","floor":15,"key":"SMITH"},{"floor":23,"key":"REST"},{"floor":25,"key":"REST"},{"data":"Infernal Blade","floor":27,"key":"SMITH"},{"floor":29,"key":"REST"},{"data":"Barricade","floor":32,"key":"SMITH"}],"circlet_count":0,"master_deck":["Strike_R","Strike_R","Strike_R","Strike_R","Strike_R","Defend_R","Defend_R","Defend_R","Defend_R","Bash+1","Thunderclap","Heavy Blade+1","Iron Wave+1","Shrug It Off","Infernal Blade+1","Perfected Strike","Flex","Barricade+1","CurseOfTheBell","Body Slam+1","Entrench","Infernal Blade+1","Armaments","Jack Of All Trades","Shrug It Off","Flame Barrier","Juggernaut","Warcry+1","Good Instincts","Flex","Seeing Red"],"relics":["Burning Blood","Thread and Needle","HornCleat","Darkstone Periapt","Calling Bell","Tiny Chest","Kunai","Torii","Red Skull","Pantograph","Sundial","Sozu","Blood Vial"],"acts_visited":["Exordium","TheCity","TheBeyond"],"potions_floor_usage":[6,8,12,16,24,30,30,33,33,33,33],"damage_taken":[{"damage":6,"enemies":"Cultist","floor":1,"turns":3},{"damage":11,"enemies":"Jaw Worm","floor":2,"turns":3},{"damage":7,"enemies":"2 Louse","floor":3,"turns":2},{"damage":7,"enemies":"Gremlin Nob","floor":6,"turns":3},{"damage":25,"enemies":"Lagavulin","floor":8,"turns":7},{"damage":1,"enemies":"Exordium Wildlife","floor":11,"turns":4},{"damage":0,"enemies":"Exordium Thugs","floor":12,"turns":3},{"damage":0,"enemies":"Blue Slaver","floor":13,"turns":3},{"damage":53,"enemies":"The Guardian","floor":16,"turns":17},{"damage":47,"enemies":"Spheric Guardian","floor":18,"turns":8},{"damage":48,"enemies":"Chosen","floor":20,"turns":8},{"damage":0,"enemies":"Snecko","floor":22,"turns":7},{"damage":58,"enemies":"Slavers","floor":24,"turns":6},{"damage":1,"enemies":"Snake Plant","floor":30,"turns":3},{"damage":24,"enemies":"Shelled Parasite and Fungi","floor":31,"turns":5},{"damage":25,"enemies":"Champ","floor":33,"turns":15},{"damage":1,"enemies":"Orb Walker","floor":35,"turns":3},{"damage":17,"enemies":"3 Darklings","floor":38,"turns":8},{"damage":105,"enemies":"Nemesis","floor":40,"turns":10}],"seed_played":"7213623470770260758","potions_obtained":[{"floor":1,"key":"DistilledChaos"},{"floor":2,"key":"PowerPotion"},{"floor":11,"key":"Explosive Potion"},{"floor":12,"key":"Fruit Juice"},{"floor":18,"key":"SteroidPotion"},{"floor":30,"key":"EntropicBrew"}],"is_trial":false,"path_per_floor":["M","M","M","?","?","E","R","E","T","R","M","M","M","$","R","B",null,"M","?","M","?","M","R","E","R","T","R","$","R","M","M","R","B",null,"M","$","?","M","T","E"],"character_chosen":"IRONCLAD","items_purchased":["Chrysalis","FairyPotion","Jack Of All Trades","AttackPotion","DistilledChaos","Good Instincts","Flex"],"campfire_rested":3,"item_purchase_floors":[14,14,28,28,28,36,36],"current_hp_per_floor":[80,75,74,74,74,73,73,54,54,54,59,70,76,76,76,29,91,50,50,8,8,14,41,21,48,48,48,48,75,80,62,62,68,91,91,91,91,80,80,0,0],"gold":18,"neow_bonus":"UPGRADE_CARD","is_daily":false,"chose_seed":false,"campfire_upgraded":5,"win_rate":0.0,"timestamp":1609554232,"path_taken":["M","M","M","?","?","E","R","E","T","R","M","M","M","$","R","BOSS","M","?","M","?","M","R","E","R","T","R","$","R","M","M","R","BOSS","M","$","?","M","?","E"],"items_purchased_type":["Card","Potion","Card","Potion","Potion","Card","Card"],"build_version":"2020-12-22","purchased_purges":0,"victory":false,"max_hp_per_floor":[80,80,80,80,80,80,80,80,80,80,80,85,85,85,85,85,91,91,91,91,91,91,91,91,91,91,91,91,91,91,91,91,91,91,91,91,91,91,91,91,91],"card_choices":[{"not_picked":["Whirlwind","Dual Wield"],"picked":"Thunderclap","floor":1},{"not_picked":["Feel No Pain","Armaments"],"picked":"Heavy Blade","floor":2},{"not_picked":["Dark Embrace","Clothesline"],"picked":"Iron Wave","floor":3},{"not_picked":["Warcry","Double Tap"],"picked":"Shrug It Off","floor":6},{"not_picked":["Combust","Ghostly Armor"],"picked":"Infernal Blade","floor":8},{"not_picked":["Shrug It Off","Clash"],"picked":"Perfected Strike","floor":11},{"not_picked":["Iron Wave","Body Slam"],"picked":"Flex","floor":12},{"not_picked":["Combust","Warcry"],"picked":"Dark Embrace","floor":13},{"not_picked":["Berserk","Corruption"],"picked":"Barricade","floor":16},{"not_picked":["Armaments","Clothesline"],"picked":"Body Slam+1","floor":18},{"not_picked":["Warcry","Combust"],"picked":"Entrench","floor":20},{"not_picked":["Reckless Charge","Body Slam"],"picked":"Infernal Blade","floor":22},{"not_picked":["Dark Embrace+1","Clash"],"picked":"Armaments","floor":24},{"not_picked":["Armaments","Rupture"],"picked":"Shrug It Off","floor":30},{"not_picked":["Uppercut","Clothesline"],"picked":"Flame Barrier","floor":31},{"not_picked":["Fiend Fire","Demon Form"],"picked":"Juggernaut","floor":33},{"not_picked":["Heavy Blade+1","Iron Wave+1"],"picked":"Warcry+1","floor":35},{"not_picked":["Dual Wield","Flame Barrier+1"],"picked":"Seeing Red","floor":38}],"player_experience":37828,"relics_obtained":[{"floor":6,"key":"Thread and Needle"},{"floor":8,"key":"HornCleat"},{"floor":9,"key":"Darkstone Periapt"},{"floor":17,"key":"Tiny Chest"},{"floor":17,"key":"Kunai"},{"floor":17,"key":"Torii"},{"floor":24,"key":"Pantograph"},{"floor":26,"key":"Sundial"},{"floor":39,"key":"Blood Vial"}],"event_choices":[{"damage_healed":0,"gold_gain":55,"player_choice":"Gained Gold","damage_taken":0,"max_hp_gain":0,"max_hp_loss":0,"event_name":"Golden Wing","floor":4,"gold_loss":0},{"damage_healed":0,"gold_gain":0,"player_choice":"Grow","damage_taken":0,"max_hp_gain":0,"max_hp_loss":0,"event_name":"Living Wall","floor":5,"gold_loss":0,"cards_upgraded":["Iron Wave"]},{"damage_healed":0,"gold_gain":0,"player_choice":"Ignored","damage_taken":0,"max_hp_gain":0,"max_hp_loss":0,"event_name":"Vampires","floor":19,"gold_loss":0},{"cards_removed":["Dark Embrace"],"damage_healed":0,"gold_gain":0,"player_choice":"Gave Card","damage_taken":0,"relics_obtained":["Red Skull"],"max_hp_gain":0,"max_hp_loss":0,"event_name":"WeMeetAgain","floor":21,"gold_loss":0},{"cards_removed":["Chrysalis"],"damage_healed":0,"gold_gain":0,"player_choice":"Removed Skill","damage_taken":0,"max_hp_gain":0,"max_hp_loss":0,"event_name":"Falling","floor":37,"gold_loss":0}],"is_beta":false,"boss_relics":[{"not_picked":["Philosopher\u0027s Stone","Ectoplasm"],"picked":"Calling Bell"},{"not_picked":["Snecko Eye","Fusion Hammer"],"picked":"Sozu"}],"items_purged_floors":[],"is_endless":false,"potions_floor_spawned":[1,2,11,12,18,30],"killed_by":"Nemesis","ascension_level":0}}