{"host":"2se5dq1do2gp0x9k","time":1609565771,"event":{"mods":["AchievementEnabler","BaseMod","Block Reminder","Colored Map","Colored Powertips","Minty Spire (QoL Compilation)","Relic Stats","StSLib","SuperFastMode"],"gold_per_floor":[213,229,38,53,70,70,104,179,204,204,233,233,233,259,259,357,357,371,33,52,52,52,52,82,82,127,177,214,256,256,256,256,360,360,371,371,410,164,182,182,182,216,216,216,216],"floor_reached":44,"playtime":1722,"items_purged":["Defend_P","Defend_P"],"score":706,"play_id":"2ccf290e-a1b6-48a4-af7f-f3040e85d8d6","local_time":"20210101213611","is_ascension_mode":true,"campfire_choices":[{"data":"BattleHymn","floor":6.0,"key":"SMITH"},{"data":"Tantrum","floor":10.0,"key":"SMITH"},{"data":"Eruption","floor":12.0,"key":"SMITH"},{"data":"MasterReality","floor":15.0,"key":"SMITH"},{"data":"HandOfGreed","floor":23.0,"key":"SMITH"},{"data":"Tantrum","floor":25.0,"key":"SMITH"},{"floor":30.0,"key":"REST"},{"floor":32.0,"key":"REST"},{"data":"Discovery","floor":40,"key":"SMITH"}],"circlet_count":0,"master_deck":["Eruption+1","Vigilance+1","Indignation","Halt+1","BattleHymn+1","Halt","Tantrum+1","MasterReality+1","Wallop","Evaluate+1","HandOfGreed+1","Tantrum+1","DeceiveReality","Decay","ThirdEye","TalkToTheHand+1","TalkToTheHand+1","Ragnarok","LessonLearned","EmptyMind","ThirdEye","InnerPeace","Collect","Scrawl","Halt","Tantrum+1","ForeignInfluence+1","Discovery+1","ClearTheMind+1","Halt+1","Sanctity+1"],"relics":["HolyWater","Orichalcum","War Paint","Potion Belt","GoldenEye","Question Card","MealTicket","Pen Nib","Pandora\u0027s Box","Toolbox","Gremlin Horn","Dead Branch"],"acts_visited":["Exordium","TheCity","TheBeyond"],"potions_floor_usage":[42,42],"damage_taken":[{"damage":11.0,"enemies":"Cultist","floor":1.0,"turns":4.0},{"damage":4.0,"enemies":"Jaw Worm","floor":2.0,"turns":2.0},{"damage":1.0,"enemies":"Small Slimes","floor":4.0,"turns":3.0},{"damage":3.0,"enemies":"Blue Slaver","floor":5.0,"turns":4.0},{"damage":16.0,"enemies":"Gremlin Nob","floor":7.0,"turns":3.0},{"damage":0.0,"enemies":"3 Sentries","floor":11.0,"turns":6.0},{"damage":0.0,"enemies":"Gremlin Nob","floor":14.0,"turns":3.0},{"damage":5.0,"enemies":"The Guardian","floor":16.0,"turns":6.0},{"damage":5.0,"enemies":"Spheric Guardian","floor":18.0,"turns":3.0},{"damage":0.0,"enemies":"Shell Parasite","floor":20.0,"turns":3.0},{"damage":27.0,"enemies":"Gremlin Leader","floor":24.0,"turns":5.0},{"damage":22.0,"enemies":"Slavers","floor":27.0,"turns":3.0},{"damage":0.0,"enemies":"Cultist and Chosen","floor":28.0,"turns":4.0},{"damage":7.0,"enemies":"3 Cultists","floor":29.0,"turns":5.0},{"damage":45.0,"enemies":"Collector","floor":33.0,"turns":8.0},{"damage":23.0,"enemies":"3 Darklings","floor":35.0,"turns":4.0},{"damage":18.0,"enemies":"3 Shapes","floor":37.0,"turns":6.0},{"damage":0,"enemies":"Transient","floor":39,"turns":5},{"damage":0,"enemies":"Giant Head","floor":42,"turns":5},{"damage":59,"enemies":"Reptomancer","floor":44,"turns":2}],"seed_played":"-3224018259056752221","potions_obtained":[{"floor":1.0,"key":"SteroidPotion"},{"floor":2.0,"key":"Explosive Potion"},{"floor":7.0,"key":"SkillPotion"},{"floor":11.0,"key":"DistilledChaos"},{"floor":13.0,"key":"Ambrosia"},{"floor":13.0,"key":"Energy Potion"},{"floor":27.0,"key":"LiquidBronze"},{"floor":28.0,"key":"SteroidPotion"},{"floor":29.0,"key":"LiquidBronze"},{"floor":35.0,"key":"BottledMiracle"}],"is_trial":false,"path_per_floor":["M","M","$","M","M","R","E","?","T","R","E","R","?","E","R","B",null,"M","$","M","$","?","R","E","R","T","E","M","M","R","?","R","B",null,"M","?","M","$","M","R","?","E","T","E"],"character_chosen":"WATCHER","items_purchased":["BattleHymn","Halt","HandOfGreed","Tantrum","Discovery","Toolbox"],"campfire_rested":2,"item_purchase_floors":[3,3,19,19,38,38],"current_hp_per_floor":[61,57,57,56,53,53,37,26,26,26,26,26,26,26,26,21,72,67,67,67,67,67,67,40,40,40,18,18,11,32,32,53,8,72,49,49,31,46,46,46,46,46,46,0,0],"gold":216,"neow_bonus":"HUNDRED_GOLD","is_daily":false,"chose_seed":false,"campfire_upgraded":7,"win_rate":0.0,"timestamp":1609565771,"path_taken":["M","M","$","M","M","R","E","?","T","R","E","R","?","E","R","BOSS","M","$","M","?","?","R","E","R","T","E","M","?","R","?","R","BOSS","M","?","M","$","M","R","?","E","T","E"],"items_purchased_type":["Card","Card","Card","Card","Card","Relic"],"build_version":"2020-12-22","purchased_purges":2,"victory":false,"max_hp_per_floor":[72,72,72,72,72,72,72,72,72,72,72,72,72,72,72,72,72,72,72,72,72,72,72,72,72,72,72,72,72,72,72,72,72,72,72,72,72,72,72,72,72,72,72,72,72],"relic_stats":{"Gremlin Horn":[1,1],"counters":[20,84],"Dead Branch":[6],"MealTicket":15,"Pandora\u0027s Box":["EmptyMind","ThirdEye","InnerPeace","Collect","Scrawl","Halt"],"Pen Nib":[7],"Orichalcum":[72],"War Paint":["Vigilance","Halt"],"GoldenEye":[10],"Question Card":8,"obtain_stats":[{"Potion Belt":11,"Gremlin Horn":42,"Dead Branch":43,"Pen Nib":27,"Orichalcum":7,"War Paint":9,"GoldenEye":14,"Question Card":24,"HolyWater":17,"Toolbox":38,"MealTicket":26,"Pandora\u0027s Box":34,"PureWater":0},{"Potion Belt":6,"Gremlin Horn":19,"Dead Branch":19,"Pen Nib":12,"Orichalcum":5,"War Paint":5,"GoldenEye":7,"Question Card":11,"HolyWater":8,"Toolbox":17,"MealTicket":11,"Pandora\u0027s Box":15,"PureWater":0},{"Potion Belt":22,"Gremlin Horn":82,"Dead Branch":82,"Pen Nib":45,"Orichalcum":16,"War Paint":16,"GoldenEye":25,"Question Card":42,"HolyWater":31,"Toolbox":72,"MealTicket":42,"Pandora\u0027s Box":62,"PureWater":0}]},"card_choices":[{"not_picked":["Pray","EmptyBody"],"picked":"Indignation","floor":1.0},{"not_picked":["Worship","Weave"],"picked":"Halt","floor":2.0},{"not_picked":["EmptyBody","FollowUp","Halt"],"picked":"SKIP","floor":4.0},{"not_picked":["EmptyBody","PathToVictory","FlyingSleeves"],"picked":"SKIP","floor":5.0},{"not_picked":["JustLucky","FollowUp"],"picked":"Tantrum","floor":7.0},{"not_picked":["FlurryOfBlows","DeceiveReality"],"picked":"MasterReality","floor":11.0},{"not_picked":["EmptyBody","TalkToTheHand"],"picked":"Wallop","floor":14.0},{"not_picked":["ClearTheMind","Weave"],"picked":"Evaluate+1","floor":18.0},{"not_picked":["EmptyBody+1","Consecrate"],"picked":"DeceiveReality","floor":20.0},{"not_picked":["SashWhip+1","Collect+1"],"picked":"Adaptation","floor":24.0},{"not_picked":["Worship","LikeWater+1","WheelKick"],"picked":"ThirdEye","floor":27.0},{"not_picked":["JustLucky","LikeWater+1","BowlingBash"],"picked":"TalkToTheHand","floor":28.0},{"not_picked":["CrushJoints","Prostrate","WindmillStrike"],"picked":"TalkToTheHand+1","floor":29.0},{"not_picked":["Omniscience","ConjureBlade","MasterReality"],"picked":"LessonLearned","floor":33.0},{"not_picked":["FlurryOfBlows+1","BowlingBash","FlyingSleeves"],"picked":"Tantrum+1","floor":35.0},{"not_picked":["FlyingSleeves+1","SashWhip+1","BowlingBash"],"picked":"ForeignInfluence+1","floor":37.0},{"not_picked":["Prostrate+1","Evaluate+1","EmptyFist"],"picked":"ClearTheMind+1","floor":39},{"not_picked":["EmptyFist+1","PathToVictory","Perseverance+1"],"picked":"Sanctity+1","floor":42}],"player_experience":3704313,"relics_obtained":[{"floor":7.0,"key":"Orichalcum"},{"floor":9.0,"key":"War Paint"},{"floor":11.0,"key":"Potion Belt"},{"floor":14.0,"key":"GoldenEye"},{"floor":24.0,"key":"Question Card"},{"floor":26.0,"key":"MealTicket"},{"floor":27.0,"key":"Pen Nib"},{"floor":42,"key":"Gremlin Horn"},{"floor":43,"key":"Dead Branch"}],"event_choices":[{"damage_healed":0.0,"max_hp_gain":0.0,"max_hp_loss":0.0,"gold_gain":75.0,"event_name":"World of Goop","player_choice":"Gather Gold","floor":8.0,"gold_loss":0.0,"damage_taken":11.0},{"damage_healed":0.0,"max_hp_gain":0.0,"max_hp_loss":0.0,"gold_gain":0.0,"event_name":"Lab","player_choice":"Got Potions","floor":13.0,"gold_loss":0.0,"damage_taken":0.0},{"damage_healed":0.0,"max_hp_gain":0.0,"max_hp_loss":0.0,"gold_gain":0.0,"event_name":"Wheel of Change","player_choice":"Cursed","floor":22.0,"gold_loss":0.0,"damage_taken":0.0,"cards_obtained":["Decay"]},{"damage_healed":0.0,"max_hp_gain":0.0,"max_hp_loss":0.0,"gold_gain":0.0,"event_name":"The Library","player_choice":"Read","floor":31.0,"gold_loss":0.0,"damage_taken":0.0,"cards_obtained":["Ragnarok"]},{"cards_removed":["Adaptation"],"damage_healed":0.0,"max_hp_gain":0.0,"max_hp_loss":0.0,"gold_gain":0.0,"event_name":"Falling","player_choice":"Removed Power","floor":36.0,"gold_loss":0.0,"damage_taken":0.0},{"damage_healed":0,"gold_gain":0,"player_choice":"Copied","damage_taken":0,"max_hp_gain":0,"max_hp_loss":0,"event_name":"Duplicator","floor":41,"gold_loss":0,"cards_obtained":["Halt"]}],"is_beta":false,"boss_relics":[{"not_picked":["Ectoplasm","Velvet Choker"],"picked":"HolyWater"},{"not_picked":["Cursed Key","SlaversCollar"],"picked":"Pandora\u0027s Box"}],"items_purged_floors":[3,19],"is_endless":false,"potions_floor_spawned":[1,2,7,11,27,28,29,35],"killed_by":"Reptomancer","ascension_level":3}}