{"host":"37dk0reb6x0du8wx","time":1609589607,"event":{"mods":["BaseMod","Colored Map","DeckTracker","Minty Spire (QoL Compilation)","Quick Restart","StSLib","The Dragon Tamer"],"gold_per_floor":[112,37,54,129,141,166,166,66,66,66,66,78,88,103,103,103,103],"floor_reached":16,"playtime":974,"items_purged":["Strike_G","Strike_G"],"score":107,"play_id":"c5183f3c-6d75-49d2-893d-0d45e76ee0da","local_time":"20210102211327","is_ascension_mode":true,"campfire_choices":[{"floor":7,"key":"REST"},{"data":"Bouncing Flask","floor":11,"key":"SMITH"},{"data":"Poisoned Stab","floor":15,"key":"SMITH"}],"circlet_count":0,"master_deck":["Strike_G","Strike_G","Strike_G","Defend_G","Defend_G","Defend_G","Defend_G","Defend_G","Survivor","Neutralize","Parasite","Poisoned Stab+1","Deflect","Bouncing Flask+1"],"relics":["Ring of the Snake","Thread and Needle","Bottled Flame","Pantograph"],"acts_visited":["Exordium"],"potions_floor_usage":[16,16],"damage_taken":[{"damage":0,"enemies":"Jaw Worm","floor":1,"turns":6},{"damage":3,"enemies":"2 Louse","floor":3,"turns":3},{"damage":0,"enemies":"Cultist","floor":5,"turns":3},{"damage":8,"enemies":"3 Sentries","floor":6,"turns":14},{"damage":0,"enemies":"Exordium Thugs","floor":12,"turns":4},{"damage":4,"enemies":"Exordium Wildlife","floor":13,"turns":4},{"damage":0,"enemies":"Blue Slaver","floor":14,"turns":3},{"damage":75,"enemies":"Slime Boss","floor":16,"turns":13}],"seed_played":"6383423748022261039","potions_obtained":[{"floor":3,"key":"Swift Potion"},{"floor":14,"key":"PowerPotion"}],"is_trial":false,"path_per_floor":["M","$","M","?","M","E","R","$","T","?","R","M","M","M","R","B"],"character_chosen":"THE_SILENT","items_purchased":[],"campfire_rested":1,"item_purchase_floors":[],"current_hp_per_floor":[70,70,67,56,56,48,69,69,69,69,69,69,65,65,65,0,0],"gold":103,"neow_bonus":"ONE_RARE_RELIC","is_daily":false,"chose_seed":false,"campfire_upgraded":2,"win_rate":0.0,"timestamp":1609589607,"path_taken":["M","$","M","?","M","E","R","$","T","?","R","M","M","?","R","BOSS"],"items_purchased_type":[],"build_version":"2020-12-22","purchased_purges":2,"victory":false,"max_hp_per_floor":[70,70,70,70,70,70,70,70,70,70,70,70,70,70,70,70,70],"card_choices":[{"not_picked":["Blade Dance","Slice"],"picked":"Poisoned Stab","floor":1},{"not_picked":["Concentrate","Underhanded Strike","Blade Dance"],"picked":"SKIP","floor":3},{"not_picked":["Slice","Backflip"],"picked":"Deflect","floor":5},{"not_picked":["Choke","Sucker Punch","Die Die Die"],"picked":"SKIP","floor":6},{"not_picked":["Well Laid Plans","Dodge and Roll","Predator"],"picked":"SKIP","floor":12},{"not_picked":["Blade Dance","Flying Knee","Slice"],"picked":"SKIP","floor":13},{"not_picked":["Accuracy","Backflip","Flechettes"],"picked":"SKIP","floor":14}],"player_experience":122942,"relics_obtained":[{"floor":6,"key":"Bottled Flame"},{"floor":9,"key":"Pantograph"}],"event_choices":[{"damage_healed":0,"gold_gain":75,"player_choice":"Gather Gold","damage_taken":11,"max_hp_gain":0,"max_hp_loss":0,"event_name":"World of Goop","floor":4,"gold_loss":0},{"damage_healed":0,"gold_gain":0,"player_choice":"1 cards matched","damage_taken":0,"max_hp_gain":0,"max_hp_loss":0,"event_name":"Match and Keep!","floor":10,"gold_loss":0,"cards_obtained":["Bouncing Flask"]}],"is_beta":false,"boss_relics":[],"items_purged_floors":[2,8],"is_endless":false,"potions_floor_spawned":[3,14],"killed_by":"Slime Boss","ascension_level":1}}