{"host":"b7j598ve05halrwk","time":1609566242,"event":{"mods":["2.2 Compatiblity","BaseMod","Block Reminder","DeckTracker","Minty Spire (QoL Compilation)","Relic Stats","Slay the Relics Exporter","StSLib","ojb\u0027s Info Mod"],"gold_per_floor":[359,372,390,390,111,144,144,170,170,181,195,211,243,170,170,248,248,262,262,281,26,46,46,46,72,147,147,147,181,195,220,220,297,297,309,309,336,15,30,63,63,88,88,107,135,147,157,186,186,186,186,186,186,12,41,41,41],"floor_reached":56,"playtime":7026,"items_purged":["Strike_B"],"score":2280,"play_id":"3328bb3a-8548-4a54-a336-359aed42ae9c","local_time":"20210102004402","is_ascension_mode":true,"campfire_choices":[{"data":"1","floor":7.0,"key":"LIFT"},{"floor":15.0,"key":"REST"},{"data":"2","floor":23.0,"key":"LIFT"},{"data":"3","floor":28.0,"key":"LIFT"},{"data":"Apotheosis","floor":32.0,"key":"SMITH"},{"data":"Consume","floor":41,"key":"SMITH"},{"floor":49,"key":"RECALL"},{"data":"Seek","floor":53,"key":"SMITH"}],"circlet_count":0,"master_deck":["AscendersBane","Strike_B","Defend_B","Defend_B","Defend_B","Defend_B","Zap","Dualcast","Rip and Tear","Sweeping Beam","Rip and Tear","Apotheosis+1","Conserve Battery","Buffer","Genetic Algorithm","Hologram","Conserve Battery","Echo Form","Turbo+1","Static Discharge","Hologram","Electrodynamics","Storm","Undo","Skim","Conserve Battery","Loop","Genetic Algorithm","White Noise","BootSequence","Cold Snap","Steam Power","Rainbow","Consume+1","Cold Snap+1","Barrage+1","Self Repair+1","Coolheaded+1","Seek+1","Cold Snap+1","Defragment+1"],"relics":["Cracked Core","Girya","Cables","Mummified Hand","Meat on the Bone","White Beast Statue","Runic Dome","Orrery","Tiny Chest","Frozen Egg 2","NlothsMask","Bag of Preparation","Inserter","Incense Burner","Molten Egg 2","Mango","MealTicket","Pocketwatch","StoneCalendar"],"acts_visited":["TheCity","TheBeyond","TheEnding"],"potions_floor_usage":[35,40,44,47,51,51,56,56],"damage_taken":[{"damage":5.0,"enemies":"Small Slimes","floor":1.0,"turns":3.0},{"damage":0.0,"enemies":"Cultist","floor":2.0,"turns":3.0},{"damage":4.0,"enemies":"2 Louse","floor":3.0,"turns":2.0},{"damage":20.0,"enemies":"3 Sentries","floor":6.0,"turns":3.0},{"damage":2.0,"enemies":"Lagavulin","floor":8.0,"turns":4.0},{"damage":0.0,"enemies":"Blue Slaver","floor":10.0,"turns":2.0},{"damage":12.0,"enemies":"Lots of Slimes","floor":11.0,"turns":4.0},{"damage":0.0,"enemies":"Large Slime","floor":12.0,"turns":3.0},{"damage":11.0,"enemies":"3 Sentries","floor":13.0,"turns":6.0},{"damage":0.0,"enemies":"Hexaghost","floor":16.0,"turns":8.0},{"damage":0.0,"enemies":"Spheric Guardian","floor":18.0,"turns":3.0},{"damage":3.0,"enemies":"Shell Parasite","floor":20.0,"turns":4.0},{"damage":5.0,"enemies":"Centurion and Healer","floor":22.0,"turns":5.0},{"damage":21.0,"enemies":"Book of Stabbing","floor":25.0,"turns":6.0},{"damage":25.0,"enemies":"Slavers","floor":29.0,"turns":4.0},{"damage":0.0,"enemies":"3 Cultists","floor":30.0,"turns":4.0},{"damage":0.0,"enemies":"Book of Stabbing","floor":31.0,"turns":5.0},{"damage":12.0,"enemies":"Automaton","floor":33.0,"turns":10.0},{"damage":7,"enemies":"3 Shapes","floor":35,"turns":3},{"damage":0,"enemies":"Orb Walker","floor":39,"turns":3},{"damage":0,"enemies":"Nemesis","floor":40,"turns":7},{"damage":0,"enemies":"Mind Bloom Boss Battle","floor":42,"turns":9},{"damage":23,"enemies":"3 Darklings","floor":44,"turns":5},{"damage":15,"enemies":"Reptomancer","floor":45,"turns":7},{"damage":0,"enemies":"Transient","floor":46,"turns":6},{"damage":4,"enemies":"Sphere and 2 Shapes","floor":47,"turns":6},{"damage":0,"enemies":"Giant Head","floor":48,"turns":10},{"damage":15,"enemies":"Donu and Deca","floor":50,"turns":11},{"damage":43,"enemies":"Awakened One","floor":51,"turns":30},{"damage":31,"enemies":"Shield and Spear","floor":55,"turns":5},{"damage":54,"enemies":"The Heart","floor":56,"turns":5}],"seed_played":"-5941808257674480242","potions_obtained":[{"floor":1.0,"key":"AttackPotion"},{"floor":6.0,"key":"BlessingOfTheForge"},{"floor":10.0,"key":"FearPotion"},{"floor":11.0,"key":"Dexterity Potion"},{"floor":16.0,"key":"PotionOfCapacity"},{"floor":18.0,"key":"LiquidBronze"},{"floor":20.0,"key":"EssenceOfSteel"},{"floor":22.0,"key":"Regen Potion"},{"floor":25.0,"key":"Strength Potion"},{"floor":29.0,"key":"Fire Potion"},{"floor":30.0,"key":"ColorlessPotion"},{"floor":31.0,"key":"PotionOfCapacity"},{"floor":33.0,"key":"Fruit Juice"},{"floor":35,"key":"Fire Potion"},{"floor":39,"key":"Swift Potion"},{"floor":40,"key":"FearPotion"},{"floor":42,"key":"Swift Potion"},{"floor":44,"key":"Explosive Potion"},{"floor":45,"key":"LiquidMemories"},{"floor":46,"key":"LiquidMemories"},{"floor":47,"key":"FocusPotion"},{"floor":55,"key":"EssenceOfDarkness"}],"is_trial":false,"path_per_floor":["M","M","M","?","$","E","R","E","T","M","M","M","E","?","R","B",null,"M","?","M","$","M","R","?","E","T","?","R","E","M","E","R","B",null,"M","?","T","$","M","E","R","?","T","M","E","M","M","E","R","B","B",null,"R","$","E","B"],"character_chosen":"DEFECT","items_purchased":["Apotheosis","Orrery","Loop","Incense Burner","Defragment+1","Ancient Potion"],"campfire_rested":1,"item_purchase_floors":[5,21,21,38,54,54],"current_hp_per_floor":[59,59,55,48,48,28,28,26,26,26,14,14,3,3,22,34,57,57,57,54,54,49,49,49,43,43,43,43,30,42,42,42,42,59,57,57,57,57,57,57,57,71,71,48,45,45,73,83,83,78,67,79,79,83,52,0,0],"gold":41,"neow_bonus":"TWO_FIFTY_GOLD","is_daily":false,"chose_seed":false,"campfire_upgraded":3,"win_rate":0.0,"timestamp":1609566242,"path_taken":["M","M","M","?","$","E","R","E","T","M","M","M","E","?","R","BOSS","M","?","M","$","M","R","?","E","T","?","R","E","?","E","R","BOSS","M","?","?","$","?","E","R","?","T","M","E","M","M","E","R","BOSS","BOSS","R","$","E","BOSS"],"items_purchased_type":["Card","Relic","Card","Relic","Card","Potion"],"build_version":"2020-12-22","purchased_purges":1,"victory":false,"max_hp_per_floor":[64,64,64,64,64,64,64,64,64,64,64,64,64,64,64,64,64,64,64,64,64,64,64,64,64,64,64,64,64,64,64,64,64,64,69,69,69,69,69,69,69,83,83,83,83,83,83,83,83,83,83,83,83,83,83,83,83],"relic_stats":{"Inserter":[49],"counters":[23,162],"Mummified Hand":[146],"Tiny Chest":1,"MealTicket":4,"StoneCalendar":[0],"Bag of Preparation":[32],"obtain_stats":[{"Girya":0,"Inserter":34,"Mango":42,"StoneCalendar":55,"Bag of Preparation":29,"Incense Burner":38,"Frozen Egg 2":26,"White Beast Statue":14,"Cables":0,"Runic Dome":17,"Mummified Hand":0,"Orrery":21,"Tiny Chest":25,"Molten Egg 2":40,"MealTicket":45,"Cracked Core":0,"Meat on the Bone":13,"NlothsMask":27,"Pocketwatch":48},{"Girya":0,"Inserter":10,"Mango":14,"StoneCalendar":22,"Bag of Preparation":7,"Incense Burner":11,"Frozen Egg 2":6,"White Beast Statue":1,"Cables":0,"Runic Dome":2,"Mummified Hand":0,"Orrery":4,"Tiny Chest":6,"Molten Egg 2":13,"MealTicket":16,"Cracked Core":0,"Meat on the Bone":1,"NlothsMask":6,"Pocketwatch":19},{"Girya":0,"Inserter":55,"Mango":77,"StoneCalendar":157,"Bag of Preparation":36,"Incense Burner":58,"Frozen Egg 2":32,"White Beast Statue":6,"Cables":0,"Runic Dome":14,"Mummified Hand":0,"Orrery":21,"Tiny Chest":32,"Molten Egg 2":68,"MealTicket":89,"Cracked Core":0,"Meat on the Bone":6,"NlothsMask":32,"Pocketwatch":111}],"Cables":[149,106,43,0,0],"Meat on the Bone":84,"Pocketwatch":[75]},"card_choices":[{"not_picked":["Turbo","Coolheaded"],"picked":"Rip and Tear","floor":1.0},{"not_picked":["Glacier","BootSequence"],"picked":"Sweeping Beam","floor":2.0},{"not_picked":["Self Repair","Sweeping Beam"],"picked":"Rip and Tear","floor":3.0},{"not_picked":["Rebound","Compile Driver"],"picked":"Conserve Battery","floor":6.0},{"not_picked":["Barrage","Redo"],"picked":"Buffer","floor":8.0},{"not_picked":["Barrage","Gash"],"picked":"Genetic Algorithm","floor":10.0},{"not_picked":["Sweeping Beam","Stack"],"picked":"Hologram","floor":11.0},{"not_picked":["Go for the Eyes","Doom and Gloom"],"picked":"Conserve Battery","floor":13.0},{"not_picked":["Buffer","Seek"],"picked":"Echo Form","floor":16.0},{"not_picked":["Blizzard","Coolheaded"],"picked":"Turbo+1","floor":18.0},{"not_picked":["Streamline","Go for the Eyes"],"picked":"Hologram","floor":20.0},{"not_picked":["Leap","Rip and Tear"],"picked":"Electrodynamics","floor":21.0},{"not_picked":["Ball Lightning","Lockon"],"picked":"Storm","floor":21.0},{"not_picked":["Leap","Stack"],"picked":"Undo","floor":21.0},{"not_picked":["Stack","Steam"],"picked":"Skim","floor":21.0},{"not_picked":["Streamline","Lockon"],"picked":"Conserve Battery","floor":21.0},{"not_picked":["Cold Snap+1","Steam Power+1"],"picked":"Genetic Algorithm","floor":22.0},{"not_picked":["Hyperbeam","Stack"],"picked":"White Noise","floor":25.0},{"not_picked":["Go for the Eyes","Barrage"],"picked":"BootSequence","floor":29.0},{"not_picked":["Barrage","Steam Power"],"picked":"Cold Snap","floor":30.0},{"not_picked":["Tempest","Sunder"],"picked":"Steam Power","floor":31.0},{"not_picked":["Electrodynamics+1","Reboot"],"picked":"Rainbow","floor":33.0},{"not_picked":["Gash+1","Melter","Streamline"],"picked":"SKIP","floor":35},{"not_picked":["Hologram","Ball Lightning+1"],"picked":"Consume","floor":39},{"not_picked":["Reprogram","Compile Driver+1"],"picked":"Cold Snap+1","floor":40},{"not_picked":["Redo+1","Force Field"],"picked":"Barrage+1","floor":42},{"not_picked":["Beam Cell+1","Turbo","Chaos"],"picked":"SKIP","floor":44},{"not_picked":["Beam Cell+1","FTL+1"],"picked":"Self Repair+1","floor":45},{"not_picked":["Streamline+1","Turbo"],"picked":"Coolheaded+1","floor":46},{"not_picked":["Self Repair+1","Force Field"],"picked":"Seek","floor":47},{"not_picked":["Darkness","Compile Driver+1"],"picked":"Cold Snap+1","floor":48},{"not_picked":["Ball Lightning+1","Redo","Conserve Battery"],"picked":"SKIP","floor":55}],"player_experience":756470,"relics_obtained":[{"floor":6.0,"key":"Girya"},{"floor":8.0,"key":"Cables"},{"floor":9.0,"key":"Mummified Hand"},{"floor":13.0,"key":"Meat on the Bone"},{"floor":25.0,"key":"Tiny Chest"},{"floor":26.0,"key":"Frozen Egg 2"},{"floor":29.0,"key":"Bag of Preparation"},{"floor":40,"key":"Molten Egg 2"},{"floor":42,"key":"Mango"},{"floor":45,"key":"MealTicket"},{"floor":48,"key":"Pocketwatch"},{"floor":55,"key":"StoneCalendar"}],"event_choices":[{"cards_removed":["Strike_B"],"damage_healed":0.0,"max_hp_gain":0.0,"max_hp_loss":0.0,"gold_gain":0.0,"event_name":"Golden Wing","player_choice":"Card Removal","floor":4.0,"gold_loss":0.0,"damage_taken":7.0},{"damage_healed":0.0,"max_hp_gain":0.0,"max_hp_loss":0.0,"gold_gain":0.0,"event_name":"WeMeetAgain","player_choice":"Paid Gold","floor":14.0,"gold_loss":73.0,"damage_taken":0.0,"relics_obtained":["White Beast Statue"]},{"damage_healed":0.0,"max_hp_gain":0.0,"max_hp_loss":0.0,"gold_gain":0.0,"event_name":"The Library","player_choice":"Read","floor":19.0,"gold_loss":0.0,"damage_taken":0.0,"cards_obtained":["Static Discharge"]},{"damage_healed":0.0,"max_hp_gain":0.0,"max_hp_loss":0.0,"gold_gain":0.0,"event_name":"Vampires","player_choice":"Ignored","floor":24.0,"gold_loss":0.0,"damage_taken":0.0},{"damage_healed":0.0,"max_hp_gain":0.0,"max_hp_loss":0.0,"gold_gain":0.0,"event_name":"FaceTrader","player_choice":"Trade","floor":27.0,"gold_loss":0.0,"damage_taken":0.0,"relics_obtained":["NlothsMask"]},{"cards_removed":["Strike_B"],"damage_healed":0,"gold_gain":0,"player_choice":"Removed Attack","damage_taken":0,"max_hp_gain":0,"max_hp_loss":0,"event_name":"Falling","floor":36,"gold_loss":0},{"damage_healed":0,"gold_gain":0,"player_choice":"Fight","damage_taken":0,"max_hp_gain":0,"max_hp_loss":0,"event_name":"MindBloom","floor":42,"gold_loss":0}],"is_beta":false,"boss_relics":[{"not_picked":["Tiny House","Astrolabe"],"picked":"Runic Dome"},{"not_picked":["Fusion Hammer","FrozenCore"],"picked":"Inserter"}],"items_purged_floors":[5],"is_endless":false,"potions_floor_spawned":[1,6,10,11,16,18,20,22,25,29,30,31,33,35,39,40,42,44,45,46,47,48,55],"killed_by":"The Heart","ascension_level":20}}