{"host":"kta213tp32cz47du","time":1609594007,"event":{"mods":["BaseMod","Better Altar","Better Match","Better Note","Better Sensory Stone","Better Skull","Better Third Choice","Better Vampires","Colored Map","Colored Powertips","Conspire","Curses Come First","Displayed Cursed Tome","Downfall","Force Act Four","Hubris","Infinite Spire","JesterMod","Magitek Elite","Marisa????????","Minty Spire (QoL Compilation)","Permanent Neow","Potion Indicator Mod","QueenMod","Quick Restart","Rare Cards Sparkle","Replay The Spire","Shade Mod","Shop Mod","Spikes Relics","StSLib","The Animator","The Blue Laboratory","The Bug Knight","The Cursed","The Servant 0.9.4","TheSwordswoman","TheVelvet","TheWitcher","vexMod"],"gold_per_floor":[99,115,115,161,175,175,200,200,211,61,61,91,102,27,40,137,137,137,154,154,173,7,92,92,108,133,149,149,162,179,86,103,204,204,129,129,142,142,142,142,142,176,176,186,186,215,215,43,56,152,152,152,152,164,164,164,164],"floor_reached":55,"playtime":5353,"items_purged":["champ:Defend"],"score":822,"play_id":"8660caa3-6c8e-4cd1-83f1-d389b956013e","local_time":"20210102132647","is_ascension_mode":false,"campfire_choices":[{"floor":1.0,"key":"RECALL"},{"data":"champ:Taunt","floor":10.0,"key":"SMITH"},{"data":"champ:IgnorePain","floor":18.0,"key":"SMITH"},{"data":"champ:CheapShot","floor":35,"key":"SMITH"},{"data":"champ:IronFortress","floor":40,"key":"SMITH"},{"data":"champ:StanceDance","floor":45,"key":"SMITH"},{"data":"champ:RisingSlash","floor":47,"key":"SMITH"},{"data":"champ:MurderStrike","floor":52,"key":"SMITH"}],"circlet_count":0,"master_deck":["champ:Strike","champ:Strike","champ:Strike","champ:Strike","champ:Defend","champ:Defend","champ:Defend","champ:Execute","champ:Taunt+1","champ:Circumvent","champ:TornadoPunch","champ:IgnorePain+1","hubris:Insight+1","champ:CrookedStrike","champ:BringItOn","champ:StanceDance+1","champ:BringItOn","champ:CheapShot+1","champ:LastStand+1","champ:IronFortress+1","champ:DefensiveShout+1","champ:PerfectForm+1","champ:CalledShot+1","champ:RisingSlash+1","champ:TornadoPunch","infinitespire:DeathsTouch+1","champ:VampiricStrike+1","champ:CalledShot+1","champ:HoldFirm+1","champ:DefensiveShout+1","champ:DefensiveStyle+1","champ:ViciousMockery","champ:MurderStrike+1","champ:RapidStrikes+1"],"relics":["champ:ChampionCrown","infinitespire:Satchel","Guard_Bracelet","downfall:HeartBlessingRed","downfall:HeartBlessingBlue","Thread and Needle","vexMod:MysteryBossChallenge","Ooze Armor","Letter Opener","Frozen Egg 2","Nilry\u0027s Codex","vexMod:ImprovementManual","downfall:HeartBlessingGreen","hubris:Icosahedron","infinitespire:EmpoweringShard","Boot","hubris:Towel","RollingBoulder","Sling","Busted Crown"],"acts_visited":["Exordium","TheCity","TheBeyond","Exordium"],"potions_floor_usage":[33,33,33,44,44,46,50],"damage_taken":[{"damage":17.0,"enemies":"Jaw Worm","floor":2.0,"turns":4.0},{"damage":8.0,"enemies":"Small Slimes","floor":5.0,"turns":6.0},{"damage":0.0,"enemies":"Cultist","floor":8.0,"turns":1.0},{"damage":8.0,"enemies":"Exordium Wildlife","floor":9.0,"turns":3.0},{"damage":23.0,"enemies":"Lagavulin","floor":12.0,"turns":10.0},{"damage":0.0,"enemies":"2 Fungi Beasts","floor":13.0,"turns":4.0},{"damage":5.0,"enemies":"Exordium Thugs","floor":15.0,"turns":4.0},{"damage":17.0,"enemies":"downfall:Watcher","floor":16.0,"turns":11.0},{"damage":10.0,"enemies":"Spheric Guardian","floor":19.0,"turns":4.0},{"damage":6.0,"enemies":"3 Byrds","floor":21.0,"turns":4.0},{"damage":5.0,"enemies":"downfall:FleeingMerchant","floor":22.0,"turns":5.0},{"damage":15.0,"enemies":"Sentry and Sphere","floor":25.0,"turns":7.0},{"damage":24.0,"enemies":"Nightmare","floor":26.0,"turns":9.0},{"damage":3,"enemies":"Snecko","floor":27,"turns":5},{"damage":5,"enemies":"Cultist and Chosen","floor":29,"turns":5},{"damage":5,"enemies":"Centurion and Healer","floor":30,"turns":8},{"damage":5,"enemies":"downfall:FleeingMerchant","floor":31,"turns":4},{"damage":0,"enemies":"Snake Plant","floor":32,"turns":4},{"damage":13,"enemies":"downfall:Silent","floor":33,"turns":8},{"damage":5,"enemies":"Orb Walker","floor":37,"turns":4},{"damage":24,"enemies":"HollowMod:StalkingDevout","floor":42,"turns":9},{"damage":0,"enemies":"3 Shapes","floor":44,"turns":4},{"damage":42,"enemies":"Nightmare","floor":46,"turns":11},{"damage":0,"enemies":"downfall:FleeingMerchant","floor":48,"turns":4},{"damage":2,"enemies":"Jaw Worm Horde","floor":49,"turns":4},{"damage":26,"enemies":"downfall:Ironclad","floor":50,"turns":9},{"damage":0,"enemies":"Small Slimes","floor":54,"turns":2}],"seed_played":"-7299833921907458843","potions_obtained":[{"floor":12.0,"key":"blueLaboratory:HorrorPotion"},{"floor":15.0,"key":"LiquidBronze"},{"floor":19.0,"key":"Fire Potion"},{"floor":25.0,"key":"blueLaboratory:BottleOfRum"},{"floor":29,"key":"hexamod:EctoCoolerPotion"},{"floor":30,"key":"PowerPotion"},{"floor":33,"key":"blueLaboratory:HorrorPotion"},{"floor":42,"key":"Explosive Potion"},{"floor":46,"key":"AttackPotion"},{"floor":50,"key":"blueLaboratory:StoneskinPotion"}],"is_trial":false,"path_per_floor":["R","M","?","T","M","?","T","M","M","R","?","E","M","?","M","B",null,"R","M","?","M","$","?","T","M","NM","M","?","M","M","$","M","B",null,"R","?","M","?","?","R","T","E","?","M","R","NM","R","$","M","B",null,"R_BF","?","M","?"],"character_chosen":"THE_CHAMP","items_purchased":["champ:CalledShot","champ:TechniquePotion","Sling"],"campfire_rested":0,"item_purchase_floors":[22,31,48],"current_hp_per_floor":[90,83,83,83,80,80,80,80,77,87,87,79,79,79,79,72,100,100,95,95,94,94,76,76,69,48,48,32,32,27,27,27,32,100,100,100,95,95,95,95,95,86,86,86,86,93,93,93,100,100,100,100,105,105,105,105,105],"gold":164,"neow_bonus":"RANDOM_COMMON_RELIC","is_daily":false,"chose_seed":false,"campfire_upgraded":7,"win_rate":0.0,"timestamp":1609594007,"path_taken":["R","M","?","?","M","?","T","?","M","R","?","E","M","?","M","BOSS","R","M","?","M","$","?","T","M","NM","M","?","M","?","$","M","BOSS","R","?","M","?","?","R","T","E","?","?","R","NM","R","$","M","BOSS","R_BF","?","M","?"],"items_purchased_type":["Card","Potion","Relic"],"build_version":"2020-12-22","purchased_purges":1,"victory":false,"max_hp_per_floor":[90,90,90,90,90,90,90,90,90,100,100,100,100,100,100,100,100,100,100,100,100,100,100,100,100,100,100,100,100,100,100,100,100,100,100,100,100,100,100,100,100,100,100,100,100,100,100,100,100,100,100,100,105,105,105,105,105],"card_choices":[{"not_picked":["champ:Haymaker","champ:RecklessLeap"],"picked":"champ:Circumvent","floor":2.0},{"not_picked":["champ:PerfectedStrike","champ:GutPunch"],"picked":"champ:TornadoPunch","floor":5.0},{"not_picked":["champ:Shatter","champ:GladiatorStyle"],"picked":"champ:CrookedStrike","floor":8.0},{"not_picked":["champ:ArenaPreparation","champ:FightOn"],"picked":"champ:BringItOn","floor":9.0},{"not_picked":["champ:LastStand","champ:ViciousMockery"],"picked":"champ:StanceDance","floor":12.0},{"not_picked":["champ:GutPunch","champ:RecklessLeap"],"picked":"champ:BringItOn","floor":13.0},{"not_picked":["champ:FocusedDefense","champ:Lariat"],"picked":"champ:CheapShot","floor":15.0},{"not_picked":["champ:DancingMaster","champ:VampiricStrike"],"picked":"champ:LastStand","floor":16.0},{"not_picked":["champ:PerfectedStrike+1","champ:FanOfKnives"],"picked":"champ:IronFortress","floor":19.0},{"not_picked":["champ:AdrenalArmor","champ:FaceSlap+1"],"picked":"champ:DefensiveShout+1","floor":21.0},{"not_picked":["champ:ArenaPreparation","champ:BladeFlurry"],"picked":"champ:PerfectForm","floor":22.0},{"not_picked":["champ:StanceDance+1","champ:FanOfKnives"],"picked":"champ:RisingSlash","floor":25.0},{"not_picked":["champ:FocusedDefense","champ:FanOfKnives"],"picked":"champ:TornadoPunch","floor":26.0},{"not_picked":["infinitespire:Menacing","infinitespire:TheBestDefense"],"picked":"infinitespire:DeathsTouch","floor":26.0},{"not_picked":["champ:GutPunch","champ:FaceSlap","champ:BladeFlurry+1"],"picked":"SKIP","floor":27},{"not_picked":["champ:FocusedGladiator","champ:StanceDance+1","champ:FlashCut"],"picked":"SKIP","floor":29},{"not_picked":["champ:GutPunch","champ:FanOfKnives"],"picked":"champ:VampiricStrike","floor":30},{"not_picked":["champ:FightOn","champ:FocusedBerserking","champ:BerserkersShout"],"picked":"SKIP","floor":31},{"not_picked":["champ:Backstep","champ:PerfectedStrike"],"picked":"champ:CalledShot+1","floor":32},{"not_picked":["champ:ShieldThrow","champ:StrikeOfGenius+1"],"picked":"champ:HoldFirm","floor":33},{"not_picked":["champ:Haymaker","champ:Duel"],"picked":"champ:DefensiveShout+1","floor":37},{"not_picked":["champ:Riposte+1","champ:Encircle+1","champ:PerfectedStrike"],"picked":"SKIP","floor":42},{"not_picked":["champ:RecklessLeap+1","champ:ArenaPreparation"],"picked":"champ:DefensiveStyle+1","floor":44},{"not_picked":["champ:Encircle+1","champ:BerserkersShout","champ:Backstep+1"],"picked":"SKIP","floor":46},{"not_picked":["champ:AdrenalArmor","champ:GladiatorStyle+1"],"picked":"champ:ViciousMockery","floor":48},{"not_picked":["champ:HeartStrike+1","champ:GladiatorStyle+1"],"picked":"champ:MurderStrike","floor":49},{"not_picked":[],"picked":"champ:RapidStrikes","floor":54}],"player_experience":301929,"relics_obtained":[{"floor":7.0,"key":"Guard_Bracelet"},{"floor":12.0,"key":"Thread and Needle"},{"floor":24.0,"key":"Letter Opener"},{"floor":26.0,"key":"Frozen Egg 2"},{"floor":28,"key":"Nilry\u0027s Codex"},{"floor":41,"key":"infinitespire:EmpoweringShard"},{"floor":42,"key":"Boot"},{"floor":46,"key":"RollingBoulder"}],"event_choices":[{"damage_healed":0.0,"max_hp_gain":0.0,"max_hp_loss":0.0,"gold_gain":0.0,"event_name":"betterMatch:BetterMatch","player_choice":"2","floor":14.0,"gold_loss":0.0,"damage_taken":0.0,"cards_obtained":[]},{"cards_removed":["champ:Defend"],"damage_healed":0.0,"max_hp_gain":0.0,"max_hp_loss":0.0,"gold_gain":0.0,"event_name":"betterNote:BetterNote","player_choice":"Give","floor":20.0,"gold_loss":0.0,"damage_taken":0.0,"cards_obtained":["hexamod:Strike"]},{"damage_healed":0,"gold_gain":0,"player_choice":"Donut","damage_taken":0,"max_hp_gain":5,"max_hp_loss":0,"event_name":"Big Fish","floor":53,"gold_loss":0},{"damage_healed":0,"gold_gain":0,"player_choice":"Upgraded","damage_taken":0,"max_hp_gain":0,"max_hp_loss":0,"event_name":"Upgrade Shrine","floor":55,"gold_loss":0,"cards_upgraded":["champ:RapidStrikes"]}],"is_beta":false,"boss_relics":[{"not_picked":["Pandora\u0027s Box","hubris:HollowSoul"],"picked":"vexMod:MysteryBossChallenge"},{"not_picked":["Painkiller Herb","hubris:BlackHole"],"picked":"vexMod:ImprovementManual"},{"not_picked":["Runic Pyramid","vexMod:EndlessSickness"],"picked":"Busted Crown"}],"items_purged_floors":[22],"is_endless":true,"potions_floor_spawned":[12,15,19,25,29,30,33,42,46,50],"ascension_level":0}}