{"host":"nox","time":1609601658,"event":{"mods":["Act Like it!","Aspiration","BaseMod","Better Altar","Better Match","Better Note","Better Sensory Stone","Better Skull","Better Third Choice","BetterRewards","Colored Powertips","Conspire","Energized Spire","GifTheSpireLib","Hubris","Infinite Spire","Minty Spire (QoL Compilation)","Pale of the Ancients","Quick Restart","Rare Cards Sparkle","Replay The Spire","Shop Mod","Spikes Relics","StSLib","Stuff the Spire","SuperFastMode","The Alterego","vexMod"],"gold_per_floor":[23,34,209,224,299,299,314,314,337,337,357,392,403,403,403],"floor_reached":14,"playtime":488,"items_purged":[],"score":138,"play_id":"757b3bc1-6d48-4c8b-97cc-9c7147b29d62","local_time":"20210102223418","is_ascension_mode":true,"campfire_choices":[{"data":"Armaments","floor":6.0,"key":"SMITH"},{"floor":10.0,"key":"RECALL"}],"circlet_count":0,"master_deck":["AscendersBane","Strike_R","Strike_R","Strike_R","Strike_R","Strike_R","Defend_R","Defend_R","Defend_R","Defend_R","Bash","Armaments+1","Twin Strike","Doubt","Clothesline","Berserk","Twin Strike"],"relics":["Burning Blood","Unceasing Top","Iron Hammer"],"acts_visited":["Exordium"],"potions_floor_usage":[14],"damage_taken":[{"damage":2.0,"enemies":"conspire:RoseBush","floor":1.0,"turns":4.0},{"damage":0.0,"enemies":"Small Slimes","floor":2.0,"turns":3.0},{"damage":10.0,"enemies":"Cultist","floor":4.0,"turns":5.0},{"damage":8.0,"enemies":"conspire:2 RoseBushes","floor":7.0,"turns":5.0},{"damage":25.0,"enemies":"Lots of Slimes","floor":11.0,"turns":5.0},{"damage":25.0,"enemies":"Replay:BlueRogue","floor":12.0,"turns":7.0},{"damage":12,"enemies":"3 Louse","floor":13,"turns":4},{"damage":25,"enemies":"Nightmare","floor":14,"turns":7}],"seed_played":"-2128239189668970340","potions_obtained":[{"floor":1.0,"key":"AttackPotion"},{"floor":7.0,"key":"Swift Potion"},{"floor":11.0,"key":"SpeedPotion"},{"floor":12.0,"key":"Dexterity Potion"}],"is_trial":false,"path_per_floor":["M","M","?","M","?","R","M","?","T","R","M","E","M","NM"],"character_chosen":"IRONCLAD","items_purchased":["Armaments"],"campfire_rested":0,"item_purchase_floors":[0],"current_hp_per_floor":[64,70,70,66,55,55,53,68,68,68,49,30,24,0,0],"gold":403,"neow_bonus":"","is_daily":false,"chose_seed":false,"campfire_upgraded":1,"win_rate":0.0,"timestamp":1609601658,"path_taken":["M","M","?","M","?","R","M","?","T","R","M","E","M","NM"],"items_purchased_type":["Card"],"build_version":"2020-11-17","purchased_purges":0,"victory":false,"max_hp_per_floor":[80,80,80,80,80,80,80,80,80,80,80,80,80,80,80],"card_choices":[{"not_picked":["ReplayTheSpireMod:Corrosion Curse","Infernal Blade"],"picked":"Twin Strike","floor":1.0},{"not_picked":["Body Slam","Cleave","Clothesline"],"picked":"SKIP","floor":2.0},{"not_picked":["Replay:Undeath\u0027s Touch","hubris:ReadiedAction","Abandon"],"picked":"SKIP","floor":4.0},{"not_picked":["hubris:ReadiedAction","Clothesline","StuffTheSpire:RockThrow"],"picked":"SKIP","floor":7.0},{"not_picked":["hubris:ReadiedAction","StuffTheSpire:RockThrow"],"picked":"Clothesline","floor":7.0},{"not_picked":["Clothesline","Thunderclap"],"picked":"Berserk","floor":11.0},{"not_picked":["StuffTheSpire:Incineration","Anger"],"picked":"Twin Strike","floor":12.0},{"not_picked":["Cleave","Abandon","Wild Strike"],"picked":"SKIP","floor":13}],"player_experience":296305,"relics_obtained":[{"floor":12.0,"key":"Iron Hammer"}],"event_choices":[{"damage_healed":0.0,"max_hp_gain":0.0,"max_hp_loss":0.0,"gold_gain":175.0,"event_name":"betterThird:BetterSerpent","player_choice":"AGREE","floor":3.0,"gold_loss":0.0,"damage_taken":34.0},{"damage_healed":0.0,"max_hp_gain":0.0,"max_hp_loss":0.0,"gold_gain":75.0,"event_name":"betterThird:BetterGoop","player_choice":"Gold","floor":5.0,"gold_loss":0.0,"damage_taken":11.0}],"is_beta":true,"boss_relics":[],"items_purged_floors":[],"is_endless":false,"potions_floor_spawned":[1,7,11,12],"killed_by":"Nightmare","ascension_level":10}}