{"host":"dgf4n6lo35jtjz0c","time":1609629411,"event":{"mods":["AchievementEnabler","BaseMod","Bestiary","Colored Powertips","Minty Spire (QoL Compilation)"],"gold_per_floor":[165,178,192,205,175,192,3,3,3,103,103,119,137,155,155,251,251,271,283,302,401,401,401,426,426,477,490,490,504,516,127,127,230,230,249,262,63,78,78,78],"floor_reached":39,"playtime":2441,"items_purged":[],"score":449,"play_id":"2b2dbcbb-a30a-43e3-bc76-0230892e1abf","local_time":"20210103101650","is_ascension_mode":false,"campfire_choices":[{"floor":8,"key":"REST"},{"data":"Demon Form","floor":11,"key":"SMITH"},{"data":"Metallicize","floor":15,"key":"SMITH"},{"floor":23,"key":"REST"},{"floor":25,"key":"REST"},{"floor":28,"key":"REST"},{"floor":32,"key":"REST"}],"circlet_count":0,"master_deck":["Strike_R","Strike_R","Strike_R","Strike_R","Strike_R","Defend_R","Defend_R","Defend_R+1","Defend_R","Bash","Armaments","Shrug It Off","Intimidate","Metallicize+1","Intimidate","Headbutt","Demon Form+1","Intimidate","Cleave","Flame Barrier","Demon Form","Rage","Perfected Strike","Cleave","Disarm+1","Perfected Strike+1","Iron Wave","Disarm","Berserk","Demon Form+1","Sword Boomerang","Flex","Limit Break","Sword Boomerang","Twin Strike+1","Cleave","Limit Break"],"relics":["Tiny House","Unceasing Top","Sozu","Pear","Regal Pillow","DollysMirror","Cursed Key","Vajra"],"acts_visited":["Exordium","TheCity","TheBeyond"],"potions_floor_usage":[17,24,24],"damage_taken":[{"damage":1,"enemies":"Small Slimes","floor":1,"turns":4},{"damage":0,"enemies":"Cultist","floor":2,"turns":4},{"damage":4,"enemies":"Jaw Worm","floor":3,"turns":6},{"damage":13,"enemies":"Lots of Slimes","floor":4,"turns":11},{"damage":4,"enemies":"Exordium Thugs","floor":6,"turns":8},{"damage":8,"enemies":"Blue Slaver","floor":12,"turns":7},{"damage":3,"enemies":"Large Slime","floor":13,"turns":6},{"damage":5,"enemies":"Exordium Wildlife","floor":14,"turns":5},{"damage":28,"enemies":"The Guardian","floor":16,"turns":11},{"damage":17,"enemies":"Spheric Guardian","floor":18,"turns":6},{"damage":2,"enemies":"3 Byrds","floor":19,"turns":6},{"damage":28,"enemies":"Shelled Parasite and Fungi","floor":20,"turns":8},{"damage":32,"enemies":"Slavers","floor":24,"turns":4},{"damage":26,"enemies":"Snake Plant","floor":27,"turns":6},{"damage":20,"enemies":"Cultist and Chosen","floor":29,"turns":8},{"damage":9,"enemies":"Centurion and Healer","floor":30,"turns":6},{"damage":80,"enemies":"Automaton","floor":33,"turns":10},{"damage":38,"enemies":"3 Darklings","floor":35,"turns":5},{"damage":4,"enemies":"Orb Walker","floor":36,"turns":4},{"damage":28,"enemies":"Jaw Worm Horde","floor":38,"turns":5},{"damage":36,"enemies":"Spire Growth","floor":39,"turns":4}],"seed_played":"7011778083358456315","potions_obtained":[{"floor":0,"key":"ColorlessPotion"},{"floor":5,"key":"Fire Potion"},{"floor":5,"key":"LiquidBronze"}],"is_trial":false,"path_per_floor":["M","M","M","M","?","M","$","R","T","?","R","M","M","M","R","B",null,"M","M","M","?","?","R","E","R","T","M","R","M","M","$","R","B",null,"M","M","$","M","M"],"character_chosen":"IRONCLAD","items_purchased":["Demon Form","BloodPotion","Berserk","DollysMirror","Sword Boomerang","Flex","Vajra","Cleave"],"campfire_rested":5,"item_purchase_floors":[7,7,31,31,31,31,37,37],"current_hp_per_floor":[84,84,80,67,67,63,63,85,85,85,85,77,74,69,69,41,85,68,66,38,38,38,63,41,69,69,43,86,66,57,57,95,15,95,57,53,53,25,0,0],"gold":78,"neow_bonus":"BOSS_RELIC","is_daily":false,"chose_seed":false,"campfire_upgraded":2,"win_rate":0.0,"timestamp":1609629410,"path_taken":["M","M","M","M","?","M","?","R","T","?","R","?","M","M","R","BOSS","M","M","M","?","?","R","E","R","T","M","R","M","M","$","R","BOSS","M","M","$","M","M"],"items_purchased_type":["Card","Potion","Card","Relic","Card","Card","Relic","Card"],"build_version":"2020-12-22","purchased_purges":0,"victory":false,"max_hp_per_floor":[85,85,85,85,85,85,85,85,85,85,85,85,85,85,85,85,85,85,85,85,85,85,85,95,95,95,95,95,95,95,95,95,95,95,95,95,95,95,95,95],"card_choices":[{"not_picked":["Havoc","Dark Embrace"],"picked":"Armaments","floor":0},{"not_picked":["Hemokinesis","Heavy Blade"],"picked":"Shrug It Off","floor":1},{"not_picked":["Bloodletting","Rupture"],"picked":"Intimidate","floor":2},{"not_picked":["Rage","Iron Wave"],"picked":"Metallicize","floor":3},{"not_picked":["Dark Embrace","Sever Soul"],"picked":"Intimidate","floor":4},{"not_picked":["Whirlwind","Combust"],"picked":"Headbutt","floor":6},{"not_picked":["Rampage","Clothesline"],"picked":"Intimidate","floor":12},{"not_picked":["Searing Blow","Sword Boomerang"],"picked":"Cleave","floor":13},{"not_picked":["Twin Strike","Heavy Blade"],"picked":"Flame Barrier","floor":14},{"not_picked":["Berserk","Corruption"],"picked":"Demon Form","floor":16},{"not_picked":["Sword Boomerang","Warcry"],"picked":"Rage","floor":18},{"not_picked":["Dark Embrace+1","Clash"],"picked":"Perfected Strike","floor":19},{"not_picked":["Thunderclap+1","Iron Wave"],"picked":"Cleave","floor":20},{"not_picked":["Havoc","Cleave+1"],"picked":"Disarm+1","floor":24},{"not_picked":["Thunderclap","Headbutt"],"picked":"Perfected Strike+1","floor":27},{"not_picked":["Wild Strike","Havoc"],"picked":"Iron Wave","floor":29},{"not_picked":["Sever Soul","Carnage+1"],"picked":"Disarm","floor":30},{"not_picked":["Feed","Exhume"],"picked":"Limit Break","floor":33},{"not_picked":["Pommel Strike","Shockwave+1"],"picked":"Sword Boomerang","floor":35},{"not_picked":["Clash","Clothesline"],"picked":"Twin Strike+1","floor":36},{"not_picked":["Cleave","Clash+1"],"picked":"Limit Break","floor":38}],"player_experience":30080,"relics_obtained":[{"floor":9,"key":"Unceasing Top"},{"floor":24,"key":"Pear"},{"floor":26,"key":"Regal Pillow"}],"event_choices":[{"damage_healed":0,"gold_gain":0,"player_choice":"Bought 2 Potions","damage_taken":0,"max_hp_gain":0,"max_hp_loss":0,"event_name":"The Woman in Blue","floor":5,"gold_loss":0},{"damage_healed":0,"gold_gain":100,"player_choice":"Pray","damage_taken":0,"max_hp_gain":0,"max_hp_loss":0,"event_name":"Golden Shrine","floor":10,"gold_loss":0},{"damage_healed":0,"gold_gain":99,"player_choice":"Stole From Cult","damage_taken":0,"max_hp_gain":0,"max_hp_loss":0,"event_name":"Nest","floor":21,"gold_loss":0},{"damage_healed":0,"gold_gain":0,"player_choice":"Ignored","damage_taken":0,"max_hp_gain":0,"max_hp_loss":0,"event_name":"Ghosts","floor":22,"gold_loss":0}],"is_beta":false,"boss_relics":[{"not_picked":["Velvet Choker","Ectoplasm"],"picked":"Sozu"},{"not_picked":["Empty Cage","Calling Bell"],"picked":"Cursed Key"}],"items_purged_floors":[],"is_endless":false,"potions_floor_spawned":[12,13,16,18,30,33,35,38],"killed_by":"Spire Growth","ascension_level":0}}