{"host":"foq4mrde4mssg7vt","time":1609627569,"event":{"mods":["AchievementEnabler","BaseMod","Colored Map","Colored Powertips","Highlight Path","Minty Spire (QoL Compilation)","Relic Stats","everything is the same but u backflip on backflip"],"gold_per_floor":[112,130,30,48,58,87,87,98,150,160,160,160,170,183,183,257,257,268,49,62,77,97,97,109,122,145,145,177,197,197,207,207,207,207],"floor_reached":33,"playtime":1469,"items_purged":[],"score":485,"play_id":"06e61165-9b6f-4a61-9e3d-418ffccc6e70","local_time":"20210103064609","is_ascension_mode":true,"campfire_choices":[{"data":"Ball Lightning","floor":7.0,"key":"SMITH"},{"floor":12.0,"key":"REST"},{"floor":15.0,"key":"REST"},{"floor":23.0,"key":"REST"},{"floor":27.0,"key":"REST"},{"data":"Defragment","floor":30,"key":"SMITH"},{"floor":32,"key":"REST"}],"circlet_count":0,"master_deck":["AscendersBane","Strike_B","Strike_B","Strike_B","Strike_B","Defend_B","Defend_B","Defend_B","Defend_B","Zap","Dualcast","Streamline","Sunder","Cold Snap","Gash","Ball Lightning+1","Conserve Battery","Sweeping Beam","Go for the Eyes","Compile Driver","Chill","Seek","Defragment+1","Amplify","Recycle","Coolheaded","Hologram","Double Energy+1","Auto Shields"],"relics":["Cracked Core","Lizard Tail","Art of War","CultistMask","Runic Pyramid","DataDisk","Centennial Puzzle","StrikeDummy"],"acts_visited":["Exordium","TheCity"],"potions_floor_usage":[33,33],"damage_taken":[{"damage":6.0,"enemies":"Cultist","floor":1.0,"turns":4.0},{"damage":2.0,"enemies":"Jaw Worm","floor":2.0,"turns":3.0},{"damage":0.0,"enemies":"2 Louse","floor":4.0,"turns":2.0},{"damage":1.0,"enemies":"Large Slime","floor":5.0,"turns":5.0},{"damage":20.0,"enemies":"Gremlin Nob","floor":6.0,"turns":4.0},{"damage":11.0,"enemies":"Blue Slaver","floor":8.0,"turns":3.0},{"damage":13.0,"enemies":"Gremlin Gang","floor":10.0,"turns":4.0},{"damage":0.0,"enemies":"2 Fungi Beasts","floor":13.0,"turns":1.0},{"damage":10.0,"enemies":"3 Louse","floor":14.0,"turns":3.0},{"damage":9.0,"enemies":"Slime Boss","floor":16.0,"turns":8.0},{"damage":21.0,"enemies":"Shell Parasite","floor":18.0,"turns":6.0},{"damage":0.0,"enemies":"3 Byrds","floor":20.0,"turns":4.0},{"damage":11.0,"enemies":"3 Cultists","floor":21.0,"turns":6.0},{"damage":12.0,"enemies":"Chosen and Byrds","floor":22.0,"turns":8.0},{"damage":14.0,"enemies":"Snecko","floor":24.0,"turns":5.0},{"damage":14.0,"enemies":"Snake Plant","floor":25.0,"turns":5.0},{"damage":22,"enemies":"Book of Stabbing","floor":28,"turns":6},{"damage":13,"enemies":"Shelled Parasite and Fungi","floor":29,"turns":5},{"damage":0,"enemies":"Centurion and Healer","floor":31,"turns":7},{"damage":60,"enemies":"Automaton","floor":33,"turns":12}],"seed_played":"242657829487054698","potions_obtained":[{"floor":1.0,"key":"FearPotion"},{"floor":10.0,"key":"ColorlessPotion"},{"floor":13.0,"key":"Block Potion"},{"floor":16.0,"key":"GamblersBrew"},{"floor":18.0,"key":"SpeedPotion"}],"is_trial":false,"path_per_floor":["M","M","$","M","M","E","R","M","T","M","?","R","M","M","R","B",null,"M","$","M","M","M","R","M","M","T","R","E","M","R","M","R","B"],"character_chosen":"DEFECT","items_purchased":["Cold Snap","Block Potion","Defragment","DataDisk"],"campfire_rested":5,"item_purchase_floors":[3,3,19,19],"current_hp_per_floor":[58,56,56,56,55,35,35,24,24,11,11,30,30,20,39,30,56,35,35,35,24,12,31,17,3,3,22,32,19,19,19,38,0,0],"gold":207,"neow_bonus":"ONE_RARE_RELIC","is_daily":false,"chose_seed":false,"campfire_upgraded":2,"win_rate":0.0,"timestamp":1609627569,"path_taken":["M","M","$","?","M","E","R","M","T","M","?","R","M","?","R","BOSS","M","$","M","M","?","R","M","?","T","R","E","M","R","M","R","BOSS"],"items_purchased_type":["Card","Potion","Card","Relic"],"build_version":"2020-12-22","purchased_purges":0,"victory":false,"max_hp_per_floor":[64,64,64,64,64,64,64,64,64,64,64,64,64,64,64,64,64,64,64,64,64,64,64,64,64,64,64,64,64,64,64,64,64,64],"relic_stats":{"Lizard Tail":32,"Centennial Puzzle":[9],"counters":[20,101],"Art of War":[8],"obtain_stats":[{"Lizard Tail":0,"DataDisk":19,"Centennial Puzzle":26,"CultistMask":11,"Art of War":6,"Cracked Core":0,"StrikeDummy":28,"Runic Pyramid":17},{"Lizard Tail":0,"DataDisk":11,"Centennial Puzzle":16,"CultistMask":7,"Art of War":5,"Cracked Core":0,"StrikeDummy":17,"Runic Pyramid":10},{"Lizard Tail":0,"DataDisk":43,"Centennial Puzzle":71,"CultistMask":25,"Art of War":18,"Cracked Core":0,"StrikeDummy":77,"Runic Pyramid":37}]},"card_choices":[{"not_picked":["Fusion","Hologram"],"picked":"Streamline","floor":1.0},{"not_picked":["Coolheaded","Compile Driver"],"picked":"Sunder","floor":2.0},{"not_picked":["Beam Cell","Reprogram"],"picked":"Gash","floor":4.0},{"not_picked":["Rebound","Rip and Tear"],"picked":"Ball Lightning","floor":5.0},{"not_picked":["Rebound","Buffer"],"picked":"Conserve Battery","floor":6.0},{"not_picked":["Stack","Double Energy"],"picked":"Sweeping Beam","floor":8.0},{"not_picked":["Leap","Reboot"],"picked":"Go for the Eyes","floor":10.0},{"not_picked":["Turbo","Fusion"],"picked":"Compile Driver","floor":13.0},{"not_picked":["Redo","Ball Lightning"],"picked":"Chill","floor":14.0},{"not_picked":["Amplify","Creative AI"],"picked":"Seek","floor":16.0},{"not_picked":["Redo","Rebound+1","Conserve Battery"],"picked":"SKIP","floor":18.0},{"not_picked":["Ball Lightning","Steam Power"],"picked":"Amplify","floor":20.0},{"not_picked":["Sweeping Beam","Defragment"],"picked":"Recycle","floor":21.0},{"not_picked":["Barrage","All For One"],"picked":"Coolheaded","floor":22.0},{"not_picked":["Go for the Eyes+1","Doom and Gloom"],"picked":"Hologram","floor":24.0},{"not_picked":["Chaos","Streamline"],"picked":"Double Energy+1","floor":25.0},{"not_picked":["Fusion","Steam","Compile Driver"],"picked":"SKIP","floor":28},{"not_picked":["Streamline","Double Energy","Storm"],"picked":"SKIP","floor":29},{"not_picked":["Undo","Doom and Gloom"],"picked":"Auto Shields","floor":31}],"player_experience":384943,"relics_obtained":[{"floor":6.0,"key":"Art of War"},{"floor":26.0,"key":"Centennial Puzzle"},{"floor":28,"key":"StrikeDummy"}],"event_choices":[{"damage_healed":0.0,"max_hp_gain":0.0,"max_hp_loss":0.0,"gold_gain":0.0,"event_name":"FaceTrader","player_choice":"Trade","floor":11.0,"gold_loss":0.0,"damage_taken":0.0,"relics_obtained":["CultistMask"]}],"is_beta":false,"boss_relics":[{"not_picked":["Inserter","Black Star"],"picked":"Runic Pyramid"}],"items_purged_floors":[],"is_endless":false,"potions_floor_spawned":[1,5,10,13,16,18,20,25,29,31],"killed_by":"Automaton","ascension_level":15}}