{"host":"ujyomg7d1f18u2we","time":1609621761,"event":{"mods":["AchievementEnabler","AlwaysNeverKeys","Aspiration","BaseMod","Colored Map","DeckTracker","Gremlin Skip","Highlight Path","Hubris","Minty Spire (QoL Compilation)","Quick Restart","Random Character Button","StSLib"],"gold_per_floor":[113,113,132,132,144,169,169,186,186,186,199,199,230,242,242,339,339,349,203,218,218,232,232,412,431,479,479,512,525,535,545,545,650,650,669,669,569,569,587,619,632,632,682,698,713,748,748,764,764,764],"floor_reached":51,"playtime":1082,"items_purged":[],"score":793,"play_id":"3e1c3660-0f12-4976-b97b-74290355fc7a","local_time":"20210102180921","is_ascension_mode":false,"campfire_choices":[{"data":"Bash","floor":7,"key":"SMITH"},{"data":"Perfected Strike","floor":10,"key":"SMITH"},{"floor":15,"key":"REST"},{"floor":23,"key":"REST"},{"floor":27,"key":"REST"},{"data":"Perfected Strike","floor":32,"key":"SMITH"},{"floor":42,"key":"REST"},{"floor":49,"key":"REST"}],"circlet_count":0,"master_deck":["Strike_R+1","Strike_R+1","Strike_R+1","Strike_R+1","Strike_R+1","Defend_R+1","Defend_R+1","Defend_R+1","Defend_R+1","Bash+1","Perfected Strike+1","Headbutt+1","Twin Strike+1","Perfected Strike+1","Ghostly Armor+1","Berserk+1","Twin Strike+1","Spot Weakness+1"],"relics":["Burning Blood","Mango","Bronze Scales","PreservedInsect","hubris:FunFungus","Anchor","hubris:RunicObelisk","aspiration:Nostalgia","Cracked Core","Pen Nib","Ginger","Matryoshka","Toy Ornithopter","hubris:TenFootPole","Vajra"],"acts_visited":["Exordium","TheCity","TheBeyond"],"potions_floor_usage":[8,11,13,25,28,29,33,39,41,50,50,50],"damage_taken":[{"damage":2,"enemies":"Small Slimes","floor":1,"turns":4},{"damage":5,"enemies":"Cultist","floor":3,"turns":4},{"damage":7,"enemies":"2 Louse","floor":5,"turns":2},{"damage":39,"enemies":"3 Sentries","floor":6,"turns":8},{"damage":16,"enemies":"Exordium Thugs","floor":8,"turns":5},{"damage":5,"enemies":"Looter","floor":11,"turns":3},{"damage":0,"enemies":"Gremlin Nob","floor":13,"turns":2},{"damage":7,"enemies":"Gremlin Gang","floor":14,"turns":4},{"damage":93,"enemies":"Hexaghost","floor":16,"turns":10},{"damage":10,"enemies":"2 Thieves","floor":18,"turns":4},{"damage":20,"enemies":"Spheric Guardian","floor":20,"turns":3},{"damage":6,"enemies":"Snecko","floor":22,"turns":4},{"damage":0,"enemies":"Snake Plant","floor":25,"turns":3},{"damage":21,"enemies":"Book of Stabbing","floor":28,"turns":4},{"damage":2,"enemies":"Centurion and Healer","floor":29,"turns":3},{"damage":0,"enemies":"Cultist and Chosen","floor":30,"turns":3},{"damage":1,"enemies":"Sentry and Sphere","floor":31,"turns":3},{"damage":28,"enemies":"Collector","floor":33,"turns":8},{"damage":10,"enemies":"3 Shapes","floor":35,"turns":3},{"damage":7,"enemies":"3 Darklings","floor":39,"turns":6},{"damage":46,"enemies":"Giant Head","floor":40,"turns":6},{"damage":0,"enemies":"Maw","floor":41,"turns":4},{"damage":0,"enemies":"Spire Growth","floor":44,"turns":3},{"damage":3,"enemies":"Jaw Worm Horde","floor":45,"turns":3},{"damage":18,"enemies":"Nemesis","floor":46,"turns":3},{"damage":17,"enemies":"3 Darklings","floor":48,"turns":6},{"damage":90,"enemies":"Time Eater","floor":50,"turns":8}],"seed_played":"25119341399569029","potions_obtained":[{"floor":1,"key":"GamblersBrew"},{"floor":6,"key":"Regen Potion"},{"floor":8,"key":"Regen Potion"},{"floor":11,"key":"Fire Potion"},{"floor":20,"key":"Block Potion"},{"floor":22,"key":"PowerPotion"},{"floor":25,"key":"Explosive Potion"},{"floor":28,"key":"CultistPotion"},{"floor":39,"key":"Fire Potion"},{"floor":44,"key":"Strength Potion"}],"is_trial":false,"path_per_floor":["M","?","M","$","M","E","R","M","T","R","M","$","E","M","R","B",null,"M","$","M","?","M","R","?","M","T","R","E","M","M","M","R","B",null,"M","$","$","?","M","E","M","R","T","M","M","E","?","M","R","B",null],"character_chosen":"IRONCLAD","items_purchased":["aspiration:Nostalgia","SkillPotion","BlessingOfTheForge"],"campfire_rested":5,"item_purchase_floors":[19,37,37],"current_hp_per_floor":[94,94,94,94,93,60,60,64,64,64,70,70,76,75,94,7,94,90,90,76,76,79,94,75,82,82,94,79,83,89,94,94,72,94,90,90,90,90,90,51,58,86,86,92,94,83,83,72,94,21],"gold":764,"neow_bonus":"ONE_RARE_RELIC","is_daily":false,"chose_seed":false,"campfire_upgraded":3,"win_rate":0.0,"timestamp":1609621761,"path_taken":["M","?","?","?","M","E","R","M","T","R","M","$","E","M","R","BOSS","M","$","M","?","M","R","?","M","T","R","E","M","?","M","R","BOSS","M","?","$","?","?","E","M","R","T","M","M","E","?","M","R","BOSS"],"items_purchased_type":["Relic","Potion","Potion"],"build_version":"2020-12-22","purchased_purges":0,"victory":true,"max_hp_per_floor":[94,94,94,94,94,94,94,94,94,94,94,94,94,94,94,94,94,94,94,94,94,94,94,94,94,94,94,94,94,94,94,94,94,94,94,94,94,94,94,94,94,94,94,94,94,94,94,94,94,94],"card_choices":[{"not_picked":["Clash","Pommel Strike","Evolve"],"picked":"SKIP","floor":1},{"not_picked":["Havoc","Cleave"],"picked":"Perfected Strike","floor":3},{"not_picked":["Havoc","Sword Boomerang","Flex"],"picked":"SKIP","floor":5},{"not_picked":["hubris:StunningStrike","Sword Boomerang","Rupture"],"picked":"SKIP","floor":6},{"not_picked":["Heavy Blade","Uppercut","Fire Breathing"],"picked":"SKIP","floor":8},{"not_picked":["True Grit","Spot Weakness","Carnage"],"picked":"SKIP","floor":11},{"not_picked":["Warcry","Pummel","Dark Embrace"],"picked":"SKIP","floor":13},{"not_picked":["Inflame","Metallicize","Burning Pact"],"picked":"SKIP","floor":14},{"not_picked":["Thunderclap","Pommel Strike","Havoc"],"picked":"SKIP","floor":18},{"not_picked":["Disarm","Fiend Fire"],"picked":"Headbutt+1","floor":20},{"not_picked":["Rampage","Pommel Strike","True Grit"],"picked":"SKIP","floor":22},{"not_picked":["Burning Pact","Anger"],"picked":"Twin Strike+1","floor":25},{"not_picked":["Heavy Blade","Wild Strike+1"],"picked":"Perfected Strike","floor":28},{"not_picked":["Dual Wield","Rampage","Bloodletting+1"],"picked":"SKIP","floor":29},{"not_picked":["Searing Blow","True Grit","Havoc"],"picked":"SKIP","floor":30},{"not_picked":["Armaments","Havoc"],"picked":"Ghostly Armor+1","floor":31},{"not_picked":["Exhume","Limit Break"],"picked":"Berserk","floor":33},{"not_picked":["Thunderclap","Entrench+1","Twin Strike"],"picked":"SKIP","floor":35},{"not_picked":["Flex","Headbutt","Pommel Strike"],"picked":"SKIP","floor":39},{"not_picked":["Inflame","Thunderclap+1"],"picked":"Twin Strike","floor":40},{"not_picked":["Iron Wave","Thunderclap+1","Battle Trance+1"],"picked":"SKIP","floor":41},{"not_picked":["Shrug It Off","Flex"],"picked":"Spot Weakness+1","floor":44},{"not_picked":["Pommel Strike","Havoc","Clothesline"],"picked":"SKIP","floor":45},{"not_picked":["Thunderclap+1","Iron Wave+1","Disarm+1"],"picked":"SKIP","floor":46},{"not_picked":["Clash","Cleave","Thunderclap+1"],"picked":"SKIP","floor":48}],"player_experience":1570821,"relics_obtained":[{"floor":6,"key":"PreservedInsect"},{"floor":9,"key":"hubris:FunFungus"},{"floor":13,"key":"Anchor"},{"floor":26,"key":"Pen Nib"},{"floor":28,"key":"Ginger"},{"floor":40,"key":"Matryoshka"},{"floor":43,"key":"Toy Ornithopter"},{"floor":43,"key":"hubris:TenFootPole"},{"floor":46,"key":"Vajra"}],"event_choices":[{"cards_removed":["hubris:Envy"],"damage_healed":0,"gold_gain":0,"player_choice":"Gave Card","damage_taken":0,"relics_obtained":["Bronze Scales"],"max_hp_gain":0,"max_hp_loss":0,"event_name":"WeMeetAgain","floor":2,"gold_loss":0},{"damage_healed":0,"gold_gain":0,"player_choice":"Simplicity","damage_taken":0,"max_hp_gain":0,"max_hp_loss":0,"event_name":"Back to Basics","floor":21,"gold_loss":0,"cards_upgraded":["Strike_R","Strike_R","Strike_R","Strike_R","Strike_R","Defend_R","Defend_R","Defend_R","Defend_R"]},{"damage_healed":0,"gold_gain":180,"player_choice":"GOLD GOLD ","damage_taken":19,"max_hp_gain":0,"max_hp_loss":0,"event_name":"Knowing Skull","floor":24,"potions_obtained":[],"gold_loss":0,"cards_obtained":[]},{"damage_healed":0,"gold_gain":0,"player_choice":"Forge","damage_taken":0,"max_hp_gain":0,"max_hp_loss":0,"event_name":"Accursed Blacksmith","floor":38,"gold_loss":0,"cards_upgraded":["Berserk"]},{"damage_healed":0,"gold_gain":0,"player_choice":"Upgraded","damage_taken":0,"max_hp_gain":0,"max_hp_loss":0,"event_name":"Upgrade Shrine","floor":47,"gold_loss":0,"cards_upgraded":["Twin Strike"]}],"is_beta":false,"boss_relics":[{"not_picked":["Mark of Pain","aspiration:WatcherSkillbook"],"picked":"hubris:RunicObelisk"},{"not_picked":["hubris:VirtuousBlindfold","Pandora\u0027s Box","Runic Dome"]}],"items_purged_floors":[],"is_endless":false,"potions_floor_spawned":[1,6,8,11,20,22,25,28,39,44,48],"ascension_level":0}}