{"host":"tzyzz5n7hg2ni9q2","time":1609613292,"event":{"mods":["BaseMod","Minty Spire (QoL Compilation)","Quick Restart"],"gold_per_floor":[214,214,230,250,59,59,93,93,93,93,18,33,33,71,71,166,166,186,186,196,241,166,166,200,217,244,244,244],"floor_reached":27,"playtime":688,"items_purged":["Strike_R"],"score":395,"play_id":"6a9e9e79-3092-4ad7-9879-adf615c1417e","local_time":"20210102194812","is_ascension_mode":true,"campfire_choices":[{"data":"Rampage","floor":6.0,"key":"SMITH"},{"data":"Shrug It Off","floor":8.0,"key":"SMITH"},{"data":"Bash","floor":10.0,"key":"SMITH"},{"floor":15.0,"key":"REST"},{"floor":23,"key":"REST"}],"circlet_count":0,"master_deck":["AscendersBane","Defend_R","Defend_R","Defend_R","Defend_R","Bash+1","Rampage+1","Shrug It Off+1","Seeing Red","Bite","Bite","Bite","Bite"],"relics":["Burning Blood","Sling","Gremlin Horn","CeramicFish","The Courier","Juzu Bracelet","Busted Crown","Nilry\u0027s Codex","Blue Candle","Dream Catcher"],"acts_visited":["Exordium","TheCity"],"potions_floor_usage":[20,24],"damage_taken":[{"damage":6.0,"enemies":"Cultist","floor":1.0,"turns":4.0},{"damage":3.0,"enemies":"2 Louse","floor":3.0,"turns":4.0},{"damage":12.0,"enemies":"Jaw Worm","floor":4.0,"turns":3.0},{"damage":27.0,"enemies":"Gremlin Nob","floor":7.0,"turns":4.0},{"damage":5.0,"enemies":"Looter","floor":12.0,"turns":4.0},{"damage":15.0,"enemies":"3 Sentries","floor":14.0,"turns":7.0},{"damage":28.0,"enemies":"The Guardian","floor":16.0,"turns":12.0},{"damage":22.0,"enemies":"Shell Parasite","floor":18.0,"turns":7.0},{"damage":9,"enemies":"Spheric Guardian","floor":20,"turns":4},{"damage":38,"enemies":"Book of Stabbing","floor":24,"turns":4},{"damage":29,"enemies":"Cultist and Chosen","floor":25,"turns":8},{"damage":17,"enemies":"Masked Bandits","floor":27,"turns":3}],"seed_played":"2216900351443818380","potions_obtained":[{"floor":1.0,"key":"Swift Potion"},{"floor":14.0,"key":"SkillPotion"},{"floor":20,"key":"AttackPotion"}],"is_trial":false,"path_per_floor":["M","?","M","M","$","R","E","R","T","R","$","M","?","E","R","B",null,"M","?","M","?","?","R","E","M","T","?"],"character_chosen":"IRONCLAD","items_purchased":["Sling","Shrug It Off"],"campfire_rested":2,"item_purchase_floors":[5,5],"current_hp_per_floor":[72,64,67,61,61,61,40,40,40,40,40,41,34,25,49,27,67,51,35,32,32,32,48,20,23,23,18,18],"gold":244,"neow_bonus":"HUNDRED_GOLD","is_daily":false,"chose_seed":false,"campfire_upgraded":3,"win_rate":0.0,"timestamp":1609613292,"path_taken":["M","?","?","?","?","R","E","R","T","R","$","M","?","E","R","BOSS","M","?","M","?","?","R","E","M","T","?"],"items_purchased_type":["Relic","Card"],"build_version":"2020-12-22","purchased_purges":1,"victory":false,"max_hp_per_floor":[80,80,80,80,80,80,80,80,80,80,80,80,80,80,80,80,80,80,80,80,56,56,56,56,56,56,56,56],"card_choices":[{"not_picked":["Sever Soul","Havoc","Clothesline"],"picked":"SKIP","floor":1.0},{"not_picked":["Rage","Pummel"],"picked":"Rampage","floor":3.0},{"not_picked":["Iron Wave","Anger","Headbutt"],"picked":"SKIP","floor":4.0},{"not_picked":["Iron Wave","Bludgeon","Heavy Blade"],"picked":"SKIP","floor":7.0},{"not_picked":["Burning Pact","Clothesline","Rage"],"picked":"SKIP","floor":12.0},{"not_picked":["Hemokinesis","Flame Barrier"],"picked":"Seeing Red","floor":14.0},{"not_picked":["Rupture"],"picked":"SKIP","floor":18.0},{"not_picked":["Reckless Charge+1"],"picked":"SKIP","floor":20},{"not_picked":["Thunderclap"],"picked":"SKIP","floor":24},{"not_picked":["Inflame"],"picked":"SKIP","floor":25}],"player_experience":233392,"relics_obtained":[{"floor":7.0,"key":"Gremlin Horn"},{"floor":9.0,"key":"CeramicFish"},{"floor":14.0,"key":"Juzu Bracelet"},{"floor":19.0,"key":"Nilry\u0027s Codex"},{"floor":24,"key":"Blue Candle"},{"floor":26,"key":"Dream Catcher"}],"event_choices":[{"damage_healed":0.0,"max_hp_gain":0.0,"max_hp_loss":0.0,"gold_gain":0.0,"event_name":"Wheel of Change","player_choice":"Damaged","floor":2.0,"gold_loss":0.0,"damage_taken":8.0},{"damage_healed":0.0,"max_hp_gain":0.0,"max_hp_loss":0.0,"gold_gain":0.0,"event_name":"Scrap Ooze","player_choice":"Success","floor":13.0,"gold_loss":0.0,"damage_taken":7.0,"relics_obtained":["The Courier"]},{"damage_healed":0.0,"max_hp_gain":0.0,"max_hp_loss":0.0,"gold_gain":0.0,"event_name":"Cursed Tome","player_choice":"Obtained Book","floor":19.0,"gold_loss":0.0,"damage_taken":16.0},{"damage_healed":0,"gold_gain":0,"player_choice":"Became a vampire","damage_taken":0,"max_hp_gain":0,"max_hp_loss":24,"event_name":"Vampires","floor":21,"gold_loss":0,"cards_obtained":["Bite","Bite","Bite","Bite","Bite"]},{"cards_removed":["Bite"],"damage_healed":0,"gold_gain":0,"player_choice":"Gave Gold","damage_taken":0,"max_hp_gain":0,"max_hp_loss":0,"event_name":"Beggar","floor":22,"gold_loss":75},{"damage_healed":0,"gold_gain":0,"player_choice":"Fought Bandits","damage_taken":0,"max_hp_gain":0,"max_hp_loss":0,"event_name":"Masked Bandits","floor":27,"gold_loss":0}],"is_beta":false,"boss_relics":[{"not_picked":["SacredBark","Black Blood"],"picked":"Busted Crown"}],"items_purged_floors":[11],"is_endless":false,"potions_floor_spawned":[1,14,20],"killed_by":"Masked Bandits","ascension_level":11}}