{"host":"2se5dq1do2gp0x9k","time":1609631160,"event":{"mods":["AchievementEnabler","BaseMod","Block Reminder","Colored Map","Colored Powertips","Minty Spire (QoL Compilation)","Relic Stats","StSLib","SuperFastMode"],"gold_per_floor":[113,132,132,147,72,99,99,125,149,167,182,182,282,299,299,402,402,414,5,5,5,5,30,30,64,115,147,171,183,195,219,231,339,351,378,390,390],"floor_reached":36,"playtime":1255,"items_purged":["Defend_P","Defend_P"],"score":609,"play_id":"3d146258-50b3-4bf3-8c7f-c1524f73e7e9","local_time":"20210102154600","is_ascension_mode":true,"campfire_choices":[{"data":"WheelKick","floor":7,"key":"SMITH"},{"data":"Consecrate","floor":12,"key":"SMITH"},{"data":"Eruption","floor":15,"key":"SMITH"},{"data":"ForeignInfluence","floor":24,"key":"SMITH"},{"floor":32,"key":"REST"}],"circlet_count":0,"master_deck":["Strike_P+1","Strike_P+1","Strike_P","Defend_P","Defend_P","Eruption+1","Vigilance","WheelKick+1","Consecrate","EmptyMind","Protect","Collect","Tantrum","Consecrate+1","FlyingSleeves","LessonLearned","ForeignInfluence+1","JustLucky","Protect","Wallop+1","InnerPeace+1","LikeWater","Wireheading"],"relics":["PureWater","NeowsBlessing","Pen Nib","Toy Ornithopter","Lantern","Runic Pyramid","Medical Kit","Whetstone","Potion Belt","TeardropLocket","MawBank","Bottled Tornado","Snecko Eye"],"acts_visited":["Exordium","TheCity","TheBeyond"],"potions_floor_usage":[16,33,33,33,33],"damage_taken":[{"damage":0,"enemies":"2 Louse","floor":1,"turns":1},{"damage":0,"enemies":"Cultist","floor":2,"turns":1},{"damage":0,"enemies":"Small Slimes","floor":4,"turns":1},{"damage":28,"enemies":"3 Sentries","floor":6,"turns":10},{"damage":0,"enemies":"Gremlin Nob","floor":8,"turns":2},{"damage":2,"enemies":"Red Slaver","floor":10,"turns":3},{"damage":0,"enemies":"3 Louse","floor":11,"turns":2},{"damage":10,"enemies":"Gremlin Gang","floor":14,"turns":2},{"damage":16,"enemies":"Hexaghost","floor":16,"turns":5},{"damage":7,"enemies":"Shell Parasite","floor":18,"turns":3},{"damage":0,"enemies":"Gremlin Leader","floor":23,"turns":3},{"damage":29,"enemies":"Book of Stabbing","floor":25,"turns":4},{"damage":0,"enemies":"Spheric Guardian","floor":27,"turns":2},{"damage":0,"enemies":"Shelled Parasite and Fungi","floor":28,"turns":2},{"damage":0,"enemies":"Sentry and Sphere","floor":31,"turns":3},{"damage":44,"enemies":"Champ","floor":33,"turns":9},{"damage":10,"enemies":"Orb Walker","floor":35,"turns":2},{"damage":7,"enemies":"3 Shapes","floor":36,"turns":2}],"seed_played":"-2975456217286100061","potions_obtained":[{"floor":1,"key":"Ambrosia"},{"floor":4,"key":"Swift Potion"},{"floor":8,"key":"BlessingOfTheForge"},{"floor":18,"key":"Weak Potion"},{"floor":25,"key":"ColorlessPotion"},{"floor":31,"key":"FearPotion"},{"floor":33,"key":"EssenceOfSteel"}],"is_trial":false,"path_per_floor":["M","M","?","M","$","E","R","E","T","M","M","R","?","M","R","B",null,"M","$","?","?","$","E","R","E","T","M","M","$","T","M","R","B",null,"M","M"],"character_chosen":"WATCHER","items_purchased":["Medical Kit","Whetstone"],"campfire_rested":1,"item_purchase_floors":[19,19],"current_hp_per_floor":[72,72,72,72,72,44,44,44,44,42,42,42,42,32,32,21,59,52,52,52,52,52,52,52,23,23,23,23,23,23,23,44,20,59,49,42,42],"gold":390,"neow_bonus":"THREE_ENEMY_KILL","is_daily":false,"chose_seed":false,"campfire_upgraded":4,"win_rate":0.0,"timestamp":1609631160,"path_taken":["M","M","?","M","$","E","R","E","T","?","M","R","?","M","R","BOSS","M","$","?","?","$","E","R","E","T","?","?","?","?","M","R","BOSS","M","M"],"items_purchased_type":["Relic","Relic"],"build_version":"2020-12-22","purchased_purges":2,"victory":false,"max_hp_per_floor":[72,72,72,72,72,72,72,72,72,72,72,72,72,72,72,72,72,72,72,72,72,72,72,72,72,72,72,72,72,72,72,72,72,72,72,72,72],"relic_stats":{"counters":[18,57],"Snecko Eye":[5,10,6,7],"Pen Nib":[11],"Whetstone":["Strike_P","Strike_P"],"Medical Kit":[0],"MawBank":120,"obtain_stats":[{"Potion Belt":23,"Lantern":9,"NeowsBlessing":0,"Pen Nib":6,"Whetstone":19,"TeardropLocket":25,"Bottled Tornado":30,"Medical Kit":19,"MawBank":26,"Snecko Eye":34,"PureWater":0,"Toy Ornithopter":8,"Runic Pyramid":17},{"Potion Belt":11,"Lantern":5,"NeowsBlessing":0,"Pen Nib":4,"Whetstone":10,"TeardropLocket":12,"Bottled Tornado":14,"Medical Kit":10,"MawBank":12,"Snecko Eye":16,"PureWater":0,"Toy Ornithopter":5,"Runic Pyramid":9},{"Potion Belt":33,"Lantern":15,"NeowsBlessing":0,"Pen Nib":13,"Whetstone":30,"TeardropLocket":37,"Bottled Tornado":41,"Medical Kit":30,"MawBank":37,"Snecko Eye":53,"PureWater":0,"Toy Ornithopter":15,"Runic Pyramid":27}],"Toy Ornithopter":25},"card_choices":[{"not_picked":["Consecrate","FlyingSleeves"],"picked":"WheelKick","floor":1},{"not_picked":["Prostrate","Protect"],"picked":"Consecrate","floor":2},{"not_picked":["Indignation","Evaluate"],"picked":"Protect","floor":4},{"not_picked":["Evaluate","Prostrate"],"picked":"Collect","floor":6},{"not_picked":["Perseverance","ThirdEye"],"picked":"Tantrum","floor":8},{"not_picked":["Conclude","EmptyFist","Consecrate"],"picked":"SKIP","floor":10},{"not_picked":["WheelKick","EmptyBody"],"picked":"Consecrate","floor":11},{"not_picked":["MentalFortress","Nirvana"],"picked":"FlyingSleeves","floor":14},{"not_picked":["ConjureBlade","Vault"],"picked":"LessonLearned","floor":16},{"not_picked":["EmptyBody","EmptyMind"],"picked":"ForeignInfluence","floor":18},{"not_picked":["Nirvana+1","EmptyBody"],"picked":"Wallop+1","floor":23},{"not_picked":["PathToVictory+1","ThirdEye"],"picked":"InnerPeace+1","floor":25},{"not_picked":["Wallop+1","SashWhip+1","ThirdEye"],"picked":"SKIP","floor":27},{"not_picked":["ReachHeaven","Swivel"],"picked":"LikeWater","floor":28},{"not_picked":["Brilliance","PathToVictory+1"],"picked":"Wireheading","floor":31},{"not_picked":["FlurryOfBlows","CutThroughFate","Nirvana"],"picked":"SKIP","floor":35}],"player_experience":3720670,"relics_obtained":[{"floor":6,"key":"Pen Nib"},{"floor":8,"key":"Toy Ornithopter"},{"floor":9,"key":"Lantern"},{"floor":23,"key":"Potion Belt"},{"floor":25,"key":"TeardropLocket"},{"floor":26,"key":"MawBank"},{"floor":30,"key":"Bottled Tornado"}],"event_choices":[{"damage_healed":0,"gold_gain":0,"cards_transformed":["Strike_P"],"player_choice":"Transformed","damage_taken":0,"max_hp_gain":0,"max_hp_loss":0,"event_name":"Transmorgrifier","floor":3,"gold_loss":0,"cards_obtained":["EmptyMind"]},{"damage_healed":0,"gold_gain":100,"player_choice":"Pray","damage_taken":0,"max_hp_gain":0,"max_hp_loss":0,"event_name":"Golden Shrine","floor":13,"gold_loss":0},{"damage_healed":0,"gold_gain":0,"player_choice":"Read","damage_taken":0,"max_hp_gain":0,"max_hp_loss":0,"event_name":"The Library","floor":20,"gold_loss":0,"cards_obtained":["JustLucky"]},{"damage_healed":0,"gold_gain":0,"player_choice":"1 cards matched","damage_taken":0,"max_hp_gain":0,"max_hp_loss":0,"event_name":"Match and Keep!","floor":21,"gold_loss":0,"cards_obtained":["Protect"]}],"is_beta":false,"boss_relics":[{"not_picked":["Runic Dome","VioletLotus"],"picked":"Runic Pyramid"},{"not_picked":["Calling Bell","Busted Crown"],"picked":"Snecko Eye"}],"items_purged_floors":[5,19],"is_endless":false,"potions_floor_spawned":[1,4,8,11,18,25,31,33],"killed_by":"3 Shapes","ascension_level":5}}