{"host":"hfxp6ue4pvwo3fit","time":1609584563,"event":{"mods":["AchievementEnabler","BaseMod","Colored Map","Colored Powertips","Highlight Path","Minty Spire (QoL Compilation)","Relic Stats","StSLib","SuperFastMode"],"gold_per_floor":[113,113,126,276,40,69,69,97,97,60,60,60,60,73,73,150,150,150,120,0,0,0,0,0,0,0],"floor_reached":25,"playtime":549,"items_purged":["Doubt"],"score":500,"play_id":"05fe2ec5-f486-4d78-83c8-4ba6f528c524","local_time":"20210102044923","is_ascension_mode":true,"campfire_choices":[{"data":"Combust","floor":7,"key":"SMITH"},{"data":"Rupture","floor":11,"key":"SMITH"},{"data":"Burning Pact","floor":13,"key":"SMITH"},{"data":"True Grit","floor":15,"key":"SMITH"},{"floor":24,"key":"REST"}],"circlet_count":0,"master_deck":["AscendersBane","Strike_R","Strike_R","Strike_R+1","Defend_R+1","Defend_R","Defend_R","Defend_R","Bash","Thunderclap","Shrug It Off","Combust+1","Burning Pact+1","Rupture+1","True Grit+1","Sword Boomerang+1","Power Through","Fire Breathing","Pommel Strike+1"],"relics":["Burning Blood","NeowsBlessing","Medical Kit","Shuriken","Blood Vial","Singing Bowl","Ectoplasm","Calipers"],"acts_visited":["Exordium","TheCity"],"potions_floor_usage":[8,8,16,21,23,23,25],"damage_taken":[{"damage":0,"enemies":"Small Slimes","floor":1,"turns":1},{"damage":0,"enemies":"Cultist","floor":3,"turns":1},{"damage":0,"enemies":"Lagavulin","floor":6,"turns":1},{"damage":10,"enemies":"Gremlin Nob","floor":8,"turns":3},{"damage":4,"enemies":"Jaw Worm","floor":14,"turns":4},{"damage":53,"enemies":"The Guardian","floor":16,"turns":10},{"damage":19,"enemies":"Spheric Guardian","floor":18,"turns":6},{"damage":21,"enemies":"2 Thieves","floor":21,"turns":4},{"damage":34,"enemies":"Book of Stabbing","floor":23,"turns":5},{"damage":54,"enemies":"Slavers","floor":25,"turns":3}],"seed_played":"-1350425628242258590","potions_obtained":[{"floor":3,"key":"DistilledChaos"},{"floor":6,"key":"Fire Potion"},{"floor":14,"key":"SpeedPotion"},{"floor":19,"key":"Fruit Juice"},{"floor":19,"key":"Energy Potion"},{"floor":21,"key":"SteroidPotion"},{"floor":23,"key":"Dexterity Potion"}],"is_trial":false,"path_per_floor":["M","?","M","?","$","E","R","E","T","$","R","?","R","M","R","B",null,"M","?","$","M","?","E","R","E"],"character_chosen":"IRONCLAD","items_purchased":["Medical Kit","Rupture","Power Through","Fire Breathing"],"campfire_rested":1,"item_purchase_floors":[5,10,20,20],"current_hp_per_floor":[74,51,57,57,57,63,63,59,59,59,59,59,59,63,63,20,63,52,52,52,44,44,20,45,0,0],"gold":0,"neow_bonus":"THREE_ENEMY_KILL","is_daily":false,"chose_seed":false,"campfire_upgraded":4,"win_rate":0.0,"timestamp":1609584563,"path_taken":["M","?","M","?","$","E","R","E","T","$","R","?","R","M","R","BOSS","M","?","?","M","?","E","R","E"],"items_purchased_type":["Relic","Card","Card","Card"],"build_version":"2020-12-22","purchased_purges":1,"victory":false,"max_hp_per_floor":[75,75,75,75,75,75,75,75,75,75,75,75,75,75,75,77,77,77,77,77,82,82,84,84,84,84],"relic_stats":{"Blood Vial":12,"Singing Bowl":4,"counters":[10,38],"Shuriken":[3],"Ectoplasm":61,"Medical Kit":[4],"obtain_stats":[{"Blood Vial":8,"Calipers":23,"NeowsBlessing":0,"Singing Bowl":9,"Shuriken":6,"Ectoplasm":17,"Medical Kit":5,"Burning Blood":0},{"Blood Vial":4,"Calipers":9,"NeowsBlessing":0,"Singing Bowl":4,"Shuriken":3,"Ectoplasm":6,"Medical Kit":2,"Burning Blood":0},{"Blood Vial":6,"Calipers":35,"NeowsBlessing":0,"Singing Bowl":6,"Shuriken":3,"Ectoplasm":20,"Medical Kit":2,"Burning Blood":0}],"Burning Blood":54},"card_choices":[{"not_picked":["Cleave","Headbutt"],"picked":"Thunderclap","floor":1},{"not_picked":["Clash","Iron Wave"],"picked":"Shrug It Off","floor":3},{"not_picked":["Entrench","Battle Trance"],"picked":"Combust","floor":6},{"not_picked":["Searing Blow","Whirlwind"],"picked":"Burning Pact","floor":8},{"not_picked":["Infernal Blade","Exhume"],"picked":"True Grit","floor":14},{"not_picked":["Double Tap","Barricade","Berserk"],"picked":"Singing Bowl","floor":16},{"not_picked":["Anger","Clothesline"],"picked":"Sword Boomerang+1","floor":18},{"not_picked":["Body Slam","Havoc"],"picked":"Pommel Strike+1","floor":21},{"not_picked":["Armaments","Flex+1","Fiend Fire"],"picked":"Singing Bowl","floor":23}],"player_experience":462212,"relics_obtained":[{"floor":6,"key":"Shuriken"},{"floor":8,"key":"Blood Vial"},{"floor":9,"key":"Singing Bowl"},{"floor":23,"key":"Calipers"}],"event_choices":[{"damage_healed":0,"gold_gain":0,"player_choice":"Entered Light","damage_taken":23,"max_hp_gain":0,"max_hp_loss":0,"event_name":"Shining Light","floor":2,"gold_loss":0,"cards_upgraded":["Strike_R","Defend_R"]},{"damage_healed":0,"gold_gain":150,"player_choice":"AGREE","damage_taken":0,"max_hp_gain":0,"max_hp_loss":0,"event_name":"Liars Game","floor":4,"gold_loss":0,"cards_obtained":["Doubt"]},{"cards_removed":["Strike_R"],"damage_healed":0,"gold_gain":0,"player_choice":"Offered Basic","damage_taken":0,"max_hp_gain":0,"max_hp_loss":0,"event_name":"Bonfire Elementals","floor":12,"gold_loss":0},{"damage_healed":0,"gold_gain":0,"player_choice":"Bought 2 Potions","damage_taken":0,"max_hp_gain":0,"max_hp_loss":0,"event_name":"The Woman in Blue","floor":19,"gold_loss":0},{"cards_removed":["Strike_R"],"damage_healed":0,"gold_gain":0,"player_choice":"Purged","damage_taken":0,"max_hp_gain":0,"max_hp_loss":0,"event_name":"Purifier","floor":22,"gold_loss":0}],"is_beta":false,"boss_relics":[{"not_picked":["SacredBark","Runic Cube"],"picked":"Ectoplasm"}],"items_purged_floors":[5],"is_endless":false,"potions_floor_spawned":[3,6,14,21,23],"killed_by":"Slavers","ascension_level":20}}