{"host":"xcokcv36ugek5kze","time":1609619036,"event":{"mods":["BaseMod","Downfall","Marisa£®ÏF”Í°°ƒß¿Ì…≥£©","Minty Spire (QoL Compilation)","Say the Spire","StSLib"],"gold_per_floor":[99,109,122,122,122,139,165,165,165,22,54,54,54,73,88,184,184,109,125,225,21,21,36,36,36,36,36,56,70,70,70,85,187,187,187,200,216,216,216,236,262,273,273,307,327,252,268,280,290,290],"floor_reached":51,"playtime":5216,"items_purged":["Static Discharge"],"score":756,"play_id":"146f18eb-8a04-46a5-b60e-2f3ba686a009","local_time":"20210103042356","is_ascension_mode":false,"campfire_choices":[{"data":"Guardian:TwinSlam","floor":1.0,"key":"SMITH"},{"data":"Guardian:CurlUp","floor":8.0,"key":"SMITH"},{"data":"Guardian:EvasiveProtocol","floor":12.0,"key":"SMITH"},{"data":"Guardian:ChargeUp","floor":18.0,"key":"SMITH"},{"data":"Guardian:FloatingOrbs","floor":25.0,"key":"SMITH"},{"data":"Guardian:BaubleBeam","floor":27.0,"key":"SMITH"},{"data":"Guardian:FloatingOrbs","floor":30.0,"key":"SMITH"},{"data":"Guardian:ExploitGems","floor":35.0,"key":"SMITH"},{"data":"Guardian:AncientConstruct","floor":46,"key":"SMITH"}],"circlet_count":0,"master_deck":["Guardian:Strike_Guardian+1","Guardian:Strike_Guardian+1","Guardian:Strike_Guardian+1","Guardian:Defend_Guardian","Guardian:Defend_Guardian","Guardian:Defend_Guardian","Guardian:CurlUp+1","Guardian:TwinSlam+1","Guardian:ChargeUp+1","Guardian:ChargeCore","Guardian:EvasiveProtocol+1","Guardian:RevengeProtocol","Guardian:BaubleBeam+1","Guardian:FloatingOrbs+1","Guardian:VentSteam","expansioncontent:DecasProtection","Guardian:FloatingOrbs+1","Guardian:DecasProtection+1","Guardian:AncientConstruct+1","Guardian:ExploitGems+1","Guardian:PiercingHide","expansioncontent:SuperHexaguard","expansioncontent:DecasProtection","expansioncontent:TimeRipple","Parasite","Guardian:PiercingHide+1","Guardian:EvasiveProtocol+1","Guardian:PiercingHide+1"],"relics":["Guardian:ModeShifter","Boot","HornCleat","Whetstone","Guardian:StasisSlotReductionRelic","downfall:HeartBlessingBlue","Kunai","Question Card","Busted Crown","Anchor","Pear","downfall:HeartBlessingGreen"],"acts_visited":["Exordium","TheCity","TheBeyond"],"potions_floor_usage":[44,45,50,50],"damage_taken":[{"damage":0.0,"enemies":"Small Slimes","floor":2.0,"turns":3.0},{"damage":1.0,"enemies":"Cultist","floor":3.0,"turns":3.0},{"damage":0.0,"enemies":"Jaw Worm","floor":6.0,"turns":3.0},{"damage":0.0,"enemies":"downfall:FleeingMerchant","floor":10.0,"turns":4.0},{"damage":14.0,"enemies":"3 Sentries","floor":11.0,"turns":8.0},{"damage":7.0,"enemies":"3 Louse","floor":14.0,"turns":3.0},{"damage":2.0,"enemies":"Exordium Thugs","floor":15.0,"turns":3.0},{"damage":17.0,"enemies":"downfall:Watcher","floor":16.0,"turns":8.0},{"damage":0.0,"enemies":"3 Byrds","floor":19.0,"turns":3.0},{"damage":0.0,"enemies":"downfall:FleeingMerchant","floor":21.0,"turns":4.0},{"damage":2.0,"enemies":"Chosen","floor":23.0,"turns":4.0},{"damage":7.0,"enemies":"Snecko","floor":28.0,"turns":4.0},{"damage":0.0,"enemies":"Snake Plant","floor":29.0,"turns":3.0},{"damage":0.0,"enemies":"3 Cultists","floor":32.0,"turns":5.0},{"damage":21.0,"enemies":"downfall:Ironclad","floor":33.0,"turns":6.0},{"damage":0.0,"enemies":"3 Shapes","floor":36.0,"turns":4.0},{"damage":5.0,"enemies":"Orb Walker","floor":37.0,"turns":5.0},{"damage":7.0,"enemies":"Jaw Worm Horde","floor":40.0,"turns":5.0},{"damage":17,"enemies":"Writhing Mass","floor":42,"turns":5},{"damage":0,"enemies":"Reptomancer","floor":44,"turns":7},{"damage":6,"enemies":"Spire Growth","floor":45,"turns":4},{"damage":0,"enemies":"Maw","floor":47,"turns":5},{"damage":4,"enemies":"Jaw Worm Horde","floor":48,"turns":5},{"damage":0,"enemies":"4 Shapes","floor":49,"turns":11},{"damage":12,"enemies":"downfall:Silent","floor":50,"turns":9}],"seed_played":"-6260222763120567774","potions_obtained":[{"floor":11.0,"key":"BlessingOfTheForge"},{"floor":14.0,"key":"LiquidMemories"},{"floor":15.0,"key":"CultistPotion"},{"floor":16.0,"key":"Fire Potion"},{"floor":19.0,"key":"DuplicationPotion"},{"floor":36.0,"key":"SkillPotion"},{"floor":40.0,"key":"EssenceOfSteel"},{"floor":42,"key":"Explosive Potion"},{"floor":43,"key":"AttackPotion"},{"floor":43,"key":"LiquidMemories"},{"floor":49,"key":"LiquidBronze"}],"is_trial":false,"path_per_floor":["R","M","M","?","?","M","T","R","T","$","E","R","?","M","M","B",null,"R","M","?","$","T","M","T","R","?","R","M","M","R","?","M","B",null,"R","M","M","?","?","M","T","M","?","E","M","R","M","M","M","B",null],"character_chosen":"GUARDIAN","items_purchased":["Guardian:EvasiveProtocol","Guardian:Gem_Red","expansioncontent:DecasProtection","Guardian:Gem_Lightblue"],"campfire_rested":0,"item_purchase_floors":[10,10,21,21],"current_hp_per_floor":[88,88,87,75,75,75,75,75,75,75,61,61,66,59,57,40,93,103,103,103,103,103,101,101,101,93,93,86,86,86,65,65,44,108,108,108,103,103,93,86,86,69,69,79,73,73,73,69,69,57],"gold":290,"neow_bonus":"TEN_PERCENT_HP_BONUS","is_daily":false,"chose_seed":false,"campfire_upgraded":9,"win_rate":0.0,"timestamp":1609619036,"path_taken":["R","M","M","?","?","?","T","R","?","$","E","R","?","M","M","BOSS","R","M","?","$","?","M","T","R","?","R","M","?","R","?","M","BOSS","R","M","M","?","?","M","T","M","?","E","?","R","M","M","M","BOSS"],"items_purchased_type":["Card","Card","Card","Card"],"build_version":"2020-12-22","purchased_purges":1,"victory":true,"max_hp_per_floor":[88,88,88,88,88,88,88,88,88,88,88,88,93,93,93,93,93,103,103,103,103,103,103,103,103,103,103,103,103,103,108,108,108,108,108,108,108,108,108,108,108,108,108,118,118,118,118,118,118,118],"card_choices":[{"not_picked":["Guardian:Gem_Green","Guardian:VentSteam"],"picked":"Guardian:Gem_Fragmented","floor":2.0},{"not_picked":["Guardian:PiercingHide","Guardian:TemporalStrike"],"picked":"Guardian:Gem_Cyan","floor":3.0},{"not_picked":["Guardian:ShieldCharger","Guardian:TimeBomb"],"picked":"Guardian:ChargeUp","floor":6.0},{"not_picked":["Guardian:VentSteam","Guardian:TimeBomb"],"picked":"Guardian:ChargeCore","floor":10.0},{"not_picked":["Guardian:PolyBeam","Guardian:PrismaticBeam"],"picked":"Guardian:RevengeProtocol","floor":11.0},{"not_picked":["Guardian:BronzeOrb","Guardian:SpikerProtocol"],"picked":"Guardian:Gem_Purple","floor":14.0},{"not_picked":["Guardian:BronzeOrb","Guardian:Planning"],"picked":"Guardian:Gem_White","floor":15.0},{"not_picked":["Guardian:TimeSifter","Guardian:StasisStrike"],"picked":"Guardian:BaubleBeam","floor":16.0},{"not_picked":["Guardian:Gem_Fragmented","Guardian:WalkerClaw"],"picked":"Guardian:FloatingOrbs","floor":19.0},{"not_picked":["Guardian:Gem_Cyan","Guardian:Reroute"],"picked":"Guardian:VentSteam","floor":21.0},{"not_picked":["Guardian:StasisField","Guardian:Planning+1"],"picked":"Guardian:FloatingOrbs","floor":23.0},{"not_picked":["Guardian:RollAttack","Guardian:Harden+1","Guardian:BronzeOrb"],"picked":"Guardian:Gem_Lightblue","floor":28.0},{"not_picked":["Guardian:Suspension","Guardian:Reroute","Guardian:Gem_White"],"picked":"Guardian:DecasProtection+1","floor":29.0},{"not_picked":["Guardian:TimeBomb","Guardian:TemporalShield","Guardian:Suspension"],"picked":"Guardian:AncientConstruct","floor":32.0},{"not_picked":["Guardian:SphericShield","Guardian:RevengeProtocol","Guardian:HyperBeam_Guardian"],"picked":"Guardian:ExploitGems","floor":33.0},{"not_picked":["Guardian:Recover"],"picked":"Guardian:PolyBeam","floor":36.0},{"not_picked":["Guardian:SentryBeam"],"picked":"Guardian:PiercingHide","floor":37.0},{"not_picked":["expansioncontent:SlimeTackle"],"picked":"expansioncontent:SuperHexaguard","floor":39.0},{"not_picked":["expansioncontent:FaceSlap"],"picked":"expansioncontent:DecasProtection","floor":39.0},{"not_picked":["expansioncontent:FaceSlap"],"picked":"expansioncontent:TimeRipple","floor":39.0},{"not_picked":["Guardian:CrystalBeam"],"picked":"Guardian:Gem_Crimson","floor":40.0},{"not_picked":["Guardian:TemporalStrike+1"],"picked":"Guardian:PiercingHide+1","floor":42},{"not_picked":["Guardian:Suspension","Guardian:Reroute+1"],"picked":"SKIP","floor":44},{"not_picked":["Guardian:Suspension+1","Guardian:ChargeCore"],"picked":"SKIP","floor":45},{"not_picked":["Guardian:Gem_Blue"],"picked":"Guardian:EvasiveProtocol+1","floor":47},{"not_picked":["Guardian:Reroute+1","Guardian:VentSteam+1"],"picked":"SKIP","floor":48},{"not_picked":["Guardian:VentSteam"],"picked":"Guardian:PiercingHide+1","floor":49}],"player_experience":66721,"relics_obtained":[{"floor":9.0,"key":"HornCleat"},{"floor":11.0,"key":"Whetstone"},{"floor":22.0,"key":"Kunai"},{"floor":24.0,"key":"Question Card"},{"floor":41.0,"key":"Anchor"},{"floor":44,"key":"Pear"}],"event_choices":[{"damage_healed":0.0,"max_hp_gain":0.0,"max_hp_loss":0.0,"gold_gain":0.0,"event_name":"Scrap Ooze","player_choice":"Success","floor":4.0,"gold_loss":0.0,"damage_taken":12.0,"relics_obtained":["Boot"]},{"cards_removed":["Guardian:Defend_Guardian"],"damage_healed":0.0,"max_hp_gain":0.0,"max_hp_loss":0.0,"gold_gain":0.0,"event_name":"NoteForYourself","player_choice":"Took Card","floor":5.0,"gold_loss":0.0,"damage_taken":0.0,"cards_obtained":["Static Discharge"]},{"damage_healed":0.0,"max_hp_gain":5.0,"max_hp_loss":0.0,"gold_gain":0.0,"event_name":"Big Fish","player_choice":"Donut","floor":13.0,"gold_loss":0.0,"damage_taken":0.0},{"damage_healed":0,"gold_gain":0,"player_choice":"Got Potions","damage_taken":0,"max_hp_gain":0,"max_hp_loss":0,"event_name":"Lab","floor":43,"gold_loss":0}],"is_beta":false,"boss_relics":[{"not_picked":["SlaversCollar","Snecko Eye"],"picked":"Guardian:StasisSlotReductionRelic"},{"not_picked":["Philosopher\u0027s Stone","Tiny House"],"picked":"Busted Crown"}],"items_purged_floors":[21],"is_endless":false,"potions_floor_spawned":[11,14,15,16,19,28,29,36,40,42,49],"ascension_level":0}}