{"host":"rmsq46plbpwfbxcc","time":1609565554,"event":{"mods":["AchievementEnabler","BaseMod","Colored Map","Colored Powertips","DeckTracker","KOR Keyword Fix","Minty Spire (QoL Compilation)","Permanent Neow","Quick Restart","SuperFastMode"],"gold_per_floor":[115,126,136,156,156,156,156,156,156,189,209,209,244,260,260,361,361,371,296,328,328,328,328,356,356,402,421,455,455,465,498,498,602,602,615,615,627,639,657,687,687,701,755,755,784,797,797,817,817,817,817,817,11,43,43],"floor_reached":56,"playtime":2056,"items_purged":["Calculated Gamble+1","Writhe"],"score":1481,"play_id":"95f77841-f503-499f-b8a8-c57ed4268759","local_time":"20210102143234","is_ascension_mode":true,"campfire_choices":[{"data":"Accuracy","floor":7.0,"key":"SMITH"},{"data":"Footwork","floor":12.0,"key":"SMITH"},{"data":"Noxious Fumes","floor":15.0,"key":"SMITH"},{"data":"Envenom","floor":23,"key":"SMITH"},{"data":"Blade Dance","floor":29,"key":"SMITH"},{"data":"Well Laid Plans","floor":32,"key":"SMITH"},{"data":"Terror","floor":41,"key":"SMITH"},{"data":"Choke","floor":44,"key":"SMITH"},{"floor":47,"key":"RECALL"},{"data":"Neutralize","floor":49,"key":"SMITH"},{"data":"Predator","floor":52,"key":"SMITH"}],"circlet_count":0,"master_deck":["Survivor","Neutralize+1","Well Laid Plans+1","Cloak And Dagger+1","Die Die Die","Accuracy+1","Backflip","Noxious Fumes+1","Unload","Predator+1","Cloak And Dagger+1","Footwork+1","Envenom+1","Backflip+1","Blade Dance+1","Parasite","Burst","Terror+1","Choke+1","PiercingWail","Injury","PiercingWail","Footwork+1","After Image","Backflip+1","Phantasmal Killer"],"relics":["Pandora\u0027s Box","Bottled Lightning","Bird Faced Urn","Pen Nib","Cursed Key","Red Mask","Happy Flower","Potion Belt","Vajra","Akabeko","WristBlade","Kunai","StrikeDummy","Question Card","TungstenRod","DollysMirror","Paper Crane"],"acts_visited":["Exordium","TheCity","TheBeyond","TheEnding"],"potions_floor_usage":[18,20,33,35,40,40,50,55,55,55,55],"damage_taken":[{"damage":12.0,"enemies":"Jaw Worm","floor":1.0,"turns":2.0},{"damage":0.0,"enemies":"Small Slimes","floor":2.0,"turns":2.0},{"damage":0.0,"enemies":"2 Louse","floor":3.0,"turns":1.0},{"damage":3.0,"enemies":"Looter","floor":4.0,"turns":3.0},{"damage":15.0,"enemies":"3 Sentries","floor":10.0,"turns":5.0},{"damage":0.0,"enemies":"Red Slaver","floor":11.0,"turns":1.0},{"damage":0.0,"enemies":"Gremlin Nob","floor":13.0,"turns":3.0},{"damage":0.0,"enemies":"Lots of Slimes","floor":14.0,"turns":3.0},{"damage":2.0,"enemies":"The Guardian","floor":16.0,"turns":7.0},{"damage":0,"enemies":"2 Thieves","floor":18,"turns":3},{"damage":1,"enemies":"Masked Bandits","floor":20,"turns":4},{"damage":0,"enemies":"Gremlin Leader","floor":24,"turns":4},{"damage":0,"enemies":"Chosen","floor":27,"turns":3},{"damage":5,"enemies":"Book of Stabbing","floor":28,"turns":4},{"damage":22,"enemies":"Snake Plant","floor":30,"turns":4},{"damage":0,"enemies":"Gremlin Leader","floor":31,"turns":4},{"damage":16,"enemies":"Automaton","floor":33,"turns":6},{"damage":22,"enemies":"3 Darklings","floor":35,"turns":4},{"damage":0,"enemies":"3 Shapes","floor":37,"turns":2},{"damage":8,"enemies":"Jaw Worm Horde","floor":38,"turns":3},{"damage":0,"enemies":"Spire Growth","floor":39,"turns":3},{"damage":13,"enemies":"Reptomancer","floor":40,"turns":5},{"damage":0,"enemies":"Transient","floor":42,"turns":5},{"damage":9,"enemies":"Giant Head","floor":45,"turns":5},{"damage":27,"enemies":"Maw","floor":46,"turns":5},{"damage":6,"enemies":"Jaw Worm Horde","floor":48,"turns":4},{"damage":44,"enemies":"Donu and Deca","floor":50,"turns":8},{"damage":62,"enemies":"Shield and Spear","floor":54,"turns":6},{"damage":50,"enemies":"The Heart","floor":55,"turns":8}],"seed_played":"-918337493322243917","potions_obtained":[{"floor":1.0,"key":"Regen Potion"},{"floor":2.0,"key":"SpeedPotion"},{"floor":11.0,"key":"Swift Potion"},{"floor":16.0,"key":"Block Potion"},{"floor":24,"key":"LiquidBronze"},{"floor":27,"key":"CultistPotion"},{"floor":30,"key":"Fire Potion"},{"floor":33,"key":"Weak Potion"},{"floor":37,"key":"Poison Potion"},{"floor":38,"key":"Explosive Potion"},{"floor":46,"key":"PowerPotion"},{"floor":48,"key":"Strength Potion"}],"is_trial":false,"path_per_floor":["M","M","M","M","?","?","R","?","T","E","M","R","E","M","R","B",null,"M","$","?","$","?","R","E","?","T","M","E","R","M","E","R","B",null,"M","T","M","M","M","E","R","M","T","R","E","M","R","M","R","B",null,"R","$","E","B",null],"character_chosen":"THE_SILENT","items_purchased":["After Image","TungstenRod","FairyPotion","DollysMirror"],"campfire_rested":0,"item_purchase_floors":[53,53,53,53],"current_hp_per_floor":[58,58,58,55,41,41,41,34,34,33,35,35,41,47,47,53,70,70,70,70,70,70,70,70,70,70,70,68,68,54,64,64,58,70,54,54,58,60,66,63,63,70,70,70,65,43,43,47,47,17,70,70,70,12,14],"gold":43,"neow_bonus":"BOSS_RELIC","is_daily":false,"chose_seed":false,"campfire_upgraded":10,"win_rate":0.0,"timestamp":1609565554,"path_taken":["M","M","M","M","?","?","R","?","T","E","M","R","E","M","R","BOSS","M","$","?","$","?","R","E","?","T","M","E","R","M","E","R","BOSS","M","?","M","M","M","E","R","M","T","R","E","M","R","M","R","BOSS","R","$","E","BOSS"],"items_purchased_type":["Card","Relic","Potion","Relic"],"build_version":"2020-12-22","purchased_purges":2,"victory":true,"max_hp_per_floor":[70,70,70,70,70,70,70,70,70,70,70,70,70,70,70,70,70,70,70,70,70,70,70,70,70,70,70,70,70,70,70,70,70,70,70,70,70,70,70,70,70,70,70,70,70,70,70,70,70,70,70,70,70,70,70],"card_choices":[{"not_picked":["Calculated Gamble","Underhanded Strike"],"picked":"Predator","floor":1.0},{"not_picked":["Sucker Punch","Dagger Spray","Riddle With Holes"],"picked":"SKIP","floor":2.0},{"not_picked":["Concentrate","Bouncing Flask","Distraction"],"picked":"SKIP","floor":3.0},{"not_picked":["Flechettes","Tactician"],"picked":"Cloak And Dagger","floor":4.0},{"not_picked":["Grand Finale","Cloak And Dagger"],"picked":"Footwork","floor":10.0},{"not_picked":["Quick Slash","Underhanded Strike","Dodge and Roll"],"picked":"SKIP","floor":11.0},{"not_picked":["Dagger Throw","Outmaneuver","Dagger Spray"],"picked":"SKIP","floor":13.0},{"not_picked":["Slice","Dagger Spray","Bane"],"picked":"SKIP","floor":14.0},{"not_picked":["Night Terror","Storm of Steel"],"picked":"Envenom","floor":16.0},{"not_picked":["Dagger Spray","Flying Knee","Dash+1"],"picked":"SKIP","floor":18},{"not_picked":["Bouncing Flask+1","Outmaneuver"],"picked":"Backflip+1","floor":20},{"not_picked":["Dodge and Roll","All Out Attack","Riddle With Holes"],"picked":"SKIP","floor":24},{"not_picked":["Concentrate","Dagger Spray","Predator"],"picked":"SKIP","floor":27},{"not_picked":["Glass Knife","Distraction","Poisoned Stab"],"picked":"SKIP","floor":28},{"not_picked":["Outmaneuver+1","Quick Slash","All Out Attack"],"picked":"SKIP","floor":30},{"not_picked":["Slice","Poisoned Stab","Tools of the Trade"],"picked":"SKIP","floor":31},{"not_picked":["Unload","Grand Finale"],"picked":"Burst","floor":33},{"not_picked":["Endless Agony+1","Poisoned Stab"],"picked":"Terror","floor":35},{"not_picked":["All Out Attack+1","Heel Hook"],"picked":"Choke","floor":37},{"not_picked":["Catalyst+1","Deflect"],"picked":"PiercingWail","floor":38},{"not_picked":["Crippling Poison+1","Underhanded Strike+1","Bane+1"],"picked":"SKIP","floor":39},{"not_picked":["Poisoned Stab+1","Backflip+1","Dagger Throw+1"],"picked":"SKIP","floor":40},{"not_picked":["Poisoned Stab+1","Dagger Spray+1","Malaise"],"picked":"SKIP","floor":42},{"not_picked":["Sucker Punch","Malaise"],"picked":"PiercingWail","floor":45},{"not_picked":["Sucker Punch","Infinite Blades+1","Poisoned Stab+1"],"picked":"Footwork+1","floor":46},{"not_picked":["Well Laid Plans","Backstab+1","Endless Agony","Prepared"],"picked":"SKIP","floor":48},{"not_picked":["PiercingWail+1","Underhanded Strike+1","Outmaneuver+1"],"picked":"Phantasmal Killer","floor":54}],"player_experience":640840,"relics_obtained":[{"floor":9.0,"key":"Bottled Lightning"},{"floor":10.0,"key":"Bird Faced Urn"},{"floor":13.0,"key":"Pen Nib"},{"floor":20,"key":"Red Mask"},{"floor":24,"key":"Happy Flower"},{"floor":26,"key":"Potion Belt"},{"floor":28,"key":"Vajra"},{"floor":31,"key":"Akabeko"},{"floor":36,"key":"Kunai"},{"floor":40,"key":"StrikeDummy"},{"floor":45,"key":"Question Card"},{"floor":54,"key":"Paper Crane"}],"event_choices":[{"damage_healed":0.0,"max_hp_gain":0.0,"max_hp_loss":0.0,"gold_gain":0.0,"event_name":"Shining Light","player_choice":"Entered Light","floor":5.0,"gold_loss":0.0,"damage_taken":14.0,"cards_upgraded":["Calculated Gamble","Cloak And Dagger"]},{"damage_healed":0.0,"max_hp_gain":0.0,"max_hp_loss":0.0,"gold_gain":0.0,"event_name":"Living Wall","player_choice":"Grow","floor":6.0,"gold_loss":0.0,"damage_taken":0.0,"cards_upgraded":["Cloak And Dagger"]},{"cards_removed":["Setup"],"damage_healed":0.0,"max_hp_gain":0.0,"max_hp_loss":0.0,"gold_gain":0.0,"event_name":"Golden Wing","player_choice":"Card Removal","floor":8.0,"gold_loss":0.0,"damage_taken":7.0},{"damage_healed":0,"gold_gain":0,"player_choice":"Fought Bandits","damage_taken":0,"max_hp_gain":0,"max_hp_loss":0,"event_name":"Masked Bandits","floor":20,"gold_loss":0},{"damage_healed":0,"gold_gain":0,"player_choice":"Read","damage_taken":0,"max_hp_gain":0,"max_hp_loss":0,"event_name":"The Library","floor":22,"gold_loss":0,"cards_obtained":["Blade Dance"]},{"cards_removed":["Backstab"],"damage_healed":0,"gold_gain":0,"player_choice":"Purged","damage_taken":0,"max_hp_gain":0,"max_hp_loss":0,"event_name":"Purifier","floor":25,"gold_loss":0}],"is_beta":false,"boss_relics":[{"not_picked":["Sozu","SlaversCollar"],"picked":"Cursed Key"},{"not_picked":["SacredBark","Black Star"],"picked":"WristBlade"}],"items_purged_floors":[19,53],"is_endless":false,"potions_floor_spawned":[1,2,11,16,24,27,30,33,37,38,46,48],"ascension_level":3}}