{"host":"982s3gyyw86tgeig","time":1609562660,"event":{"mods":["AchievementEnabler","Act Like it!","Aspiration","BaseMod","Colored Powertips","Downfall","Evolution","GifTheSpireLib","Hermit","Hubris","Minty Spire (QoL Compilation)","Pale of the Ancients","Rare Cards Sparkle","Relic Stats","Replay The Spire","StSLib","Stuff the Spire","The Cursed","The Disciple","The IronCluck","The Saiyan","vexMod"],"gold_per_floor":[118,153,167,167,242,275,287,317,317,332,332,348,362,375,375,477,477,493,512,452,452,452,452],"floor_reached":22,"playtime":1932,"items_purged":[],"score":223,"play_id":"73748935-5526-4c34-9e84-a3e3be3f4e23","local_time":"20210101204420","is_ascension_mode":false,"campfire_choices":[{"floor":11,"key":"REST"},{"floor":15,"key":"REST"}],"circlet_count":0,"master_deck":["TheCursedMod:Strike_TheCursed","TheCursedMod:Strike_TheCursed","TheCursedMod:Strike_TheCursed","TheCursedMod:Strike_TheCursed","TheCursedMod:Defend_TheCursed","TheCursedMod:Defend_TheCursed","TheCursedMod:Defend_TheCursed","TheCursedMod:Defend_TheCursed","TheCursedMod:CursedWand","TheCursedMod:CleanUpWorkshop","TheCursedMod:Dregs","LockedMercury","ReplayTheSpireMod:Splinters","TheCursedMod:CursedRelics","FTL","TheCursedMod:CursedMace","LockedBlood","LockedWhetstone","TheCursedMod:SpitefulStrike","TheCursedMod:OutForBlood","TheCursedMod:CircleOfAmplification","TheCursedMod:CircleOfFlame","TheCursedMod:StunningStrike","TheCursedMod:Stigma","TheCursedMod:Evocation","Ghostly","Ghostly","Ghostly","Ghostly","Ghostly"],"relics":["TheCursedMod:BlackMagicAdvanced","EVO:Axolotl","aspiration:Nostalgia","m_MercuryCore","Replay:Kaleidoscope","Quantum Egg","aspiration:StickyExplosives_weak","Incense Burner","Mango"],"acts_visited":["Exordium","TheCity"],"potions_floor_usage":[8,16,16,16],"damage_taken":[{"damage":0,"enemies":"2 Louse","floor":1,"turns":3},{"damage":2,"enemies":"Small Slimes","floor":3,"turns":3},{"damage":25,"enemies":"Gremlin Nob","floor":6,"turns":5},{"damage":3,"enemies":"Jaw Worm","floor":7,"turns":3},{"damage":19,"enemies":"3 Sentries","floor":8,"turns":6},{"damage":14,"enemies":"Large Slime","floor":10,"turns":3},{"damage":12,"enemies":"Exordium Wildlife","floor":12,"turns":3},{"damage":15,"enemies":"Looter","floor":13,"turns":3},{"damage":8,"enemies":"2 Fungi Beasts","floor":14,"turns":3},{"damage":51,"enemies":"The Guardian","floor":16,"turns":9},{"damage":0,"enemies":"Shell Parasite","floor":18,"turns":5},{"damage":32,"enemies":"2 Thieves","floor":19,"turns":4},{"damage":50,"enemies":"Centurion and Healer","floor":22,"turns":5}],"seed_played":"5546069567336238988","potions_obtained":[{"floor":3,"key":"Dexterity Potion"},{"floor":6,"key":"Dexterity Potion"},{"floor":12,"key":"Strength Potion"},{"floor":13,"key":"Fire Potion"},{"floor":14,"key":"champ:CounterPotion"}],"is_trial":false,"path_per_floor":["M","?","M","T","?","E","M","E","T","M","R","M","M","M","R","B",null,"M","M","?","?","M"],"character_chosen":"THE_CURSED","items_purchased":[],"campfire_rested":2,"item_purchase_floors":[],"current_hp_per_floor":[75,75,73,73,62,37,34,21,35,25,51,43,28,22,48,3,89,89,63,63,44,0,0],"gold":452,"neow_bonus":"NOSTALGIA","is_daily":false,"chose_seed":false,"campfire_upgraded":0,"win_rate":0.0,"timestamp":1609562660,"path_taken":["M","?","M","?","?","E","M","E","T","M","R","M","M","?","R","BOSS","M","M","?","?","M"],"items_purchased_type":[],"build_version":"2020-12-22","purchased_purges":0,"victory":false,"max_hp_per_floor":[75,75,75,75,75,75,75,75,89,89,89,89,89,89,89,89,89,89,89,89,44,44,44],"relic_stats":{"counters":[13,55],"obtain_stats":[{"TheCursedMod:BlackMagic101":0,"m_MercuryCore":0,"TheCursedMod:BlackMagicAdvanced":17,"aspiration:Nostalgia":0,"Quantum Egg":4,"Mango":9,"Incense Burner":8,"EVO:Axolotl":0,"Replay:Kaleidoscope":2,"aspiration:StickyExplosives_weak":6},{"TheCursedMod:BlackMagic101":0,"m_MercuryCore":0,"TheCursedMod:BlackMagicAdvanced":10,"aspiration:Nostalgia":0,"Quantum Egg":2,"Mango":5,"Incense Burner":5,"EVO:Axolotl":0,"Replay:Kaleidoscope":1,"aspiration:StickyExplosives_weak":3},{"TheCursedMod:BlackMagic101":0,"m_MercuryCore":0,"TheCursedMod:BlackMagicAdvanced":41,"aspiration:Nostalgia":0,"Quantum Egg":6,"Mango":20,"Incense Burner":20,"EVO:Axolotl":0,"Replay:Kaleidoscope":3,"aspiration:StickyExplosives_weak":11}]},"card_choices":[{"not_picked":["TheCursedMod:Torture","TheCursedMod:SoulCrush"],"picked":"LockedMercury","floor":1},{"not_picked":["TheCursedMod:TacticalStrike","TheCursedMod:CursedShiv"],"picked":"TheCursedMod:CursedRelics","floor":2},{"not_picked":["TheCursedMod:Evocation","TheCursedMod:CircleOfAmplification"],"picked":"FTL","floor":3},{"not_picked":["TheCursedMod:CursedAmulet","TheCursedMod:Torture"],"picked":"TheCursedMod:CursedMace","floor":6},{"not_picked":["TheCursedMod:Grudge","LockedMercury"],"picked":"LockedBlood","floor":7},{"not_picked":["TheCursedMod:CursedMace","TheCursedMod:RapidMovement"],"picked":"LockedWhetstone","floor":8},{"not_picked":["TheCursedMod:Hemoplague","TheCursedMod:Stigma"],"picked":"TheCursedMod:SpitefulStrike","floor":10},{"not_picked":["TheCursedMod:CursedShiv","TheCursedMod:Wield"],"picked":"TheCursedMod:OutForBlood","floor":12},{"not_picked":["TheCursedMod:CursedBlade","TheCursedMod:StingEye"],"picked":"TheCursedMod:CircleOfAmplification","floor":13},{"not_picked":["TheCursedMod:SmokeScreen","TheCursedMod:VitalStrike"],"picked":"TheCursedMod:CircleOfFlame","floor":14},{"not_picked":["TheCursedMod:ForbiddenAlchemy","TheCursedMod:OutForBlood"],"picked":"TheCursedMod:StunningStrike","floor":16},{"not_picked":["TheCursedMod:HellsGateOpen","TheCursedMod:ReleasedKnowledge"],"picked":"TheCursedMod:Stigma","floor":18},{"not_picked":["TheCursedMod:Stretching+1","TheCursedMod:CursedAmulet+1"],"picked":"TheCursedMod:Evocation","floor":19}],"player_experience":51914,"relics_obtained":[{"floor":2,"key":"Replay:Kaleidoscope"},{"floor":4,"key":"Quantum Egg"},{"floor":6,"key":"aspiration:StickyExplosives_weak"},{"floor":8,"key":"Incense Burner"},{"floor":9,"key":"Mango"}],"event_choices":[{"damage_healed":0,"gold_gain":75,"player_choice":"Gather Gold","damage_taken":11,"max_hp_gain":0,"max_hp_loss":0,"event_name":"World of Goop","floor":5,"gold_loss":0},{"damage_healed":0,"gold_gain":0,"player_choice":"Became a Ghost","damage_taken":0,"max_hp_gain":0,"max_hp_loss":45,"event_name":"Ghosts","floor":21,"gold_loss":0,"cards_obtained":["Ghostly","Ghostly","Ghostly","Ghostly","Ghostly"]}],"is_beta":false,"boss_relics":[{"not_picked":["Busted Crown","Honey Jar"],"picked":"TheCursedMod:BlackMagicAdvanced"}],"items_purged_floors":[],"is_endless":false,"potions_floor_spawned":[3,6,12,13,14],"killed_by":"Centurion and Healer","ascension_level":0}}