{"host":"37dk0reb6x0du8wx","time":1609592065,"event":{"mods":["BaseMod","Colored Map","DeckTracker","Minty Spire (QoL Compilation)","Quick Restart","StSLib","The Dragon Tamer"],"gold_per_floor":[113,129,304,319,319,319,346,346,346,358,127,127,127,140,140,236,236,252,177,177,177,177,177,205,205,258,358,358,358,5,18,18,18,18],"floor_reached":33,"playtime":1475,"items_purged":["Doubt","Strike_G"],"score":272,"play_id":"592f1415-8993-469a-b0a7-89ae8e511ccb","local_time":"20210102215425","is_ascension_mode":true,"campfire_choices":[{"data":"Poisoned Stab","floor":6,"key":"SMITH"},{"floor":12,"key":"REST"},{"floor":15,"key":"REST"},{"floor":23,"key":"REST"},{"floor":29,"key":"REST"},{"floor":32,"key":"DIG"}],"circlet_count":0,"master_deck":["Strike_G","Strike_G","Defend_G","Defend_G","Defend_G","Defend_G","Defend_G","Survivor","Neutralize","Poisoned Stab+1","Corpse Explosion","Deadly Poison"],"relics":["SlaversCollar","Ornamental Fan","Gremlin Horn","Ninja Scroll","Juzu Bracelet","Du-Vu Doll","SacredBark","Bag of Preparation","Nunchaku","Nloth\u0027s Gift","Happy Flower","Ginger","Singing Bowl","Membership Card","Shovel","Sundial"],"acts_visited":["Exordium","TheCity"],"potions_floor_usage":[16,24,27,27],"damage_taken":[{"damage":4,"enemies":"Cultist","floor":1,"turns":5},{"damage":3,"enemies":"Small Slimes","floor":2,"turns":4},{"damage":7,"enemies":"2 Louse","floor":4,"turns":5},{"damage":18,"enemies":"Lagavulin","floor":7,"turns":9},{"damage":0,"enemies":"Large Slime","floor":10,"turns":8},{"damage":0,"enemies":"Looter","floor":14,"turns":3},{"damage":52,"enemies":"The Guardian","floor":16,"turns":16},{"damage":23,"enemies":"3 Byrds","floor":18,"turns":3},{"damage":6,"enemies":"Slavers","floor":24,"turns":2},{"damage":21,"enemies":"Colosseum Slavers","floor":27,"turns":2},{"damage":0,"enemies":"Colosseum Nobs","floor":27,"turns":2},{"damage":0,"enemies":"Chosen","floor":31,"turns":4},{"damage":67,"enemies":"Automaton","floor":33,"turns":8}],"seed_played":"-7163964800996875874","potions_obtained":[{"floor":4,"key":"SkillPotion"},{"floor":10,"key":"SteroidPotion"},{"floor":18,"key":"CunningPotion"},{"floor":24,"key":"Weak Potion"}],"is_trial":false,"path_per_floor":["M","M","?","M","?","R","E","?","T","M","$","R","?","M","R","B",null,"M","?","?","?","?","R","E","?","T","?","?","R","$","M","R","B"],"character_chosen":"THE_SILENT","items_purchased":["Juzu Bracelet","Membership Card","Shovel"],"campfire_rested":4,"item_purchase_floors":[11,30,30],"current_hp_per_floor":[66,63,63,56,49,49,31,19,19,19,19,40,40,40,61,9,70,47,47,47,47,47,68,62,62,62,43,43,64,64,66,66,0,0],"gold":18,"neow_bonus":"BOSS_RELIC","is_daily":false,"chose_seed":false,"campfire_upgraded":1,"win_rate":0.0,"timestamp":1609592065,"path_taken":["M","?","?","M","?","R","E","?","T","M","?","R","?","M","R","BOSS","M","?","?","?","?","R","E","?","T","?","?","R","$","M","R","BOSS"],"items_purchased_type":["Relic","Relic","Relic"],"build_version":"2020-12-22","purchased_purges":2,"victory":false,"max_hp_per_floor":[70,70,70,70,70,70,70,70,70,70,70,70,70,70,70,70,70,70,70,70,70,70,70,70,70,70,72,72,72,72,74,74,74,74],"card_choices":[{"not_picked":["Underhanded Strike","Outmaneuver","Bane"],"picked":"SKIP","floor":1},{"not_picked":["Die Die Die","Masterful Stab","Flying Knee"],"picked":"SKIP","floor":2},{"not_picked":["Outmaneuver","All Out Attack"],"picked":"Poisoned Stab","floor":4},{"not_picked":["Underhanded Strike","Cloak And Dagger","Backflip"],"picked":"SKIP","floor":7},{"not_picked":["Terror","Outmaneuver","Flying Knee"],"picked":"SKIP","floor":10},{"not_picked":["Masterful Stab","Quick Slash","Flying Knee"],"picked":"SKIP","floor":14},{"not_picked":["Venomology","Die Die Die"],"picked":"Corpse Explosion","floor":16},{"not_picked":["Underhanded Strike","Heel Hook","Outmaneuver+1"],"picked":"SKIP","floor":18},{"not_picked":["Backflip","Cloak And Dagger","Flying Knee"],"picked":"SKIP","floor":24},{"not_picked":["Slice","Blade Dance","Expertise"],"picked":"Singing Bowl","floor":27},{"not_picked":["Grand Finale","Quick Slash","Phantasmal Killer"],"picked":"Singing Bowl","floor":31}],"player_experience":122942,"relics_obtained":[{"floor":7,"key":"Ornamental Fan"},{"floor":9,"key":"Ninja Scroll"},{"floor":24,"key":"Nunchaku"},{"floor":26,"key":"Happy Flower"},{"floor":27,"key":"Ginger"},{"floor":27,"key":"Singing Bowl"},{"floor":32,"key":"Sundial"}],"event_choices":[{"damage_healed":0,"gold_gain":175,"player_choice":"AGREE","damage_taken":0,"max_hp_gain":0,"max_hp_loss":0,"event_name":"Liars Game","floor":3,"gold_loss":0,"cards_obtained":["Doubt"]},{"cards_removed":["Strike_G"],"damage_healed":0,"gold_gain":0,"player_choice":"Card Removal","damage_taken":7,"max_hp_gain":0,"max_hp_loss":0,"event_name":"Golden Wing","floor":5,"gold_loss":0},{"damage_healed":0,"gold_gain":0,"player_choice":"Success","damage_taken":12,"relics_obtained":["Gremlin Horn"],"max_hp_gain":0,"max_hp_loss":0,"event_name":"Scrap Ooze","floor":8,"gold_loss":0},{"damage_healed":0,"gold_gain":0,"player_choice":"Searched \u00271\u0027 times","damage_taken":0,"relics_obtained":["Du-Vu Doll"],"max_hp_gain":0,"max_hp_loss":0,"event_name":"Dead Adventurer","floor":13,"gold_loss":0},{"cards_removed":["Strike_G"],"damage_healed":0,"gold_gain":0,"player_choice":"Gave Gold","damage_taken":0,"max_hp_gain":0,"max_hp_loss":0,"event_name":"Beggar","floor":19,"gold_loss":75},{"damage_healed":0,"gold_gain":0,"player_choice":"Inject Mutagens","damage_taken":0,"relics_obtained":["MutagenicStrength"],"max_hp_gain":0,"max_hp_loss":0,"event_name":"Drug Dealer","floor":20,"gold_loss":0},{"damage_healed":0,"gold_gain":0,"player_choice":"Opened","damage_taken":0,"relics_obtained":["Bag of Preparation"],"max_hp_gain":0,"max_hp_loss":0,"event_name":"The Mausoleum","floor":21,"gold_loss":0},{"damage_healed":0,"gold_gain":0,"player_choice":"Ignored","damage_taken":0,"max_hp_gain":0,"max_hp_loss":0,"event_name":"Ghosts","floor":22,"gold_loss":0},{"damage_healed":0,"gold_gain":0,"player_choice":"Traded Relic","damage_taken":0,"relics_obtained":["Nloth\u0027s Gift"],"max_hp_gain":0,"max_hp_loss":0,"event_name":"N\u0027loth","floor":25,"relics_lost":["MutagenicStrength"],"gold_loss":0},{"damage_healed":0,"gold_gain":0,"player_choice":"Fight","damage_taken":0,"max_hp_gain":0,"max_hp_loss":0,"event_name":"Colosseum","floor":27,"gold_loss":0},{"damage_healed":0,"gold_gain":0,"player_choice":"Fought Nobs","damage_taken":0,"max_hp_gain":0,"max_hp_loss":0,"event_name":"Colosseum","floor":27,"gold_loss":0},{"damage_healed":0,"gold_gain":0,"player_choice":"Read","damage_taken":0,"max_hp_gain":0,"max_hp_loss":0,"event_name":"The Library","floor":28,"gold_loss":0,"cards_obtained":["Deadly Poison"]}],"is_beta":false,"boss_relics":[{"not_picked":["WristBlade","Pandora\u0027s Box"],"picked":"SacredBark"}],"items_purged_floors":[11,30],"is_endless":false,"potions_floor_spawned":[4,10,18,24],"killed_by":"Automaton","ascension_level":1}}