{"host":"hbvn1mkfq2iixsau","time":1609620268,"event":{"mods":["AchievementEnabler","Act Like it!","BaseMod","Better Altar","Better Match","Better Sensory Stone","Better Skull","Better Third Choice","Colored Map","Displayed Cursed Tome","Filter the Spire","Minty Spire (QoL Compilation)","Quick Restart","Relic Stats","Replay The Spire","Shop Mod","StSLib","The Cursed","The Jungle"],"gold_per_floor":[113,288,30,43,43,72,72,98,98,109,128,128,143,173,173,275,275,286,52,68,6,25,25,51,71,153,186,205,205,225,250,250,345,345,365,365,87,99,32,58,89,99,99,129,164,164,199,199,199,199,199,199,59,92,92],"floor_reached":56,"playtime":5795,"items_purged":["Doubt","betterMatch:CurseCard","Decay","Sickly","TheCursedMod:Dregs"],"score":1552,"play_id":"b1c4a55f-443b-4c0e-98ac-2cb691ae79f1","local_time":"20210102224428","is_ascension_mode":true,"campfire_choices":[{"floor":7.0,"key":"REST"},{"data":"Demon Form","floor":23.0,"key":"SMITH"},{"floor":32.0,"key":"REST"},{"floor":46,"key":"REST"},{"floor":49,"key":"RECALL"}],"circlet_count":0,"master_deck":["Strike_R","Strike_R","Strike_R","Strike_R","Strike_R","Defend_R","Defend_R","Defend_R+1","Defend_R","Bash","Pot Of Greed","Clash","Pot Of Greed","Pommel Strike","Fire Breathing","Hemogenesis","Twin Strike","Power Through","Demon Form+1","Feed","betterMatch:CurseCard","Battle Trance","Pot Of Greed","Life Link","Pummel","Fire Breathing","Inflame","Replay:Undeath\u0027s Touch+1","Pummel","Offering","Midas Touch","Immolate+1","Immolate+1","Pot Of Greed+1","Sword Boomerang","Dual Wield+1","Pummel","Spot Weakness+1","Spot Weakness+1"],"relics":["Black Star","Membership Card","Grinning Jar","Gremlin Horn","Meat on the Bone","Magic Flower","Gremlin Food","Onion Ring","Lantern","Pantograph","Torii","Lizard Tail","MerchantsRug","Centennial Puzzle","Art of War","Chameleon Ring","Replay:WaspNest","Replay:Bottled Flurry","Smiling Mask","SacredBark","Vajra","Replay:Rubber Ducky","HandDrill","Toy Ornithopter","ReplayTheSpireMod:CursedCoin","Golden Egg","Bronze Scales","ReplayTheSpireMod:TigerMarble","Happy Flower","FossilizedHelix","Replay:PocketPolymizer","Replay:Ringing Soul","Pen Nib","Potion Belt","Pocketwatch","Strawberry","Kunai","Cauldron","Pear","Shuriken"],"acts_visited":["Exordium","TheCity","TheBeyond","TheEnding"],"potions_floor_usage":[50,55,55,55,55,55,55,55,55,55,55],"damage_taken":[{"damage":6.0,"enemies":"Jaw Worm","floor":1.0,"turns":3.0},{"damage":1.0,"enemies":"Cultist","floor":4.0,"turns":3.0},{"damage":31.0,"enemies":"Lagavulin","floor":6.0,"turns":5.0},{"damage":30.0,"enemies":"Gremlin Nob","floor":8.0,"turns":4.0},{"damage":0.0,"enemies":"Small Slimes","floor":10.0,"turns":2.0},{"damage":16.0,"enemies":"Blue Slaver","floor":11.0,"turns":4.0},{"damage":17.0,"enemies":"3 Louse","floor":13.0,"turns":4.0},{"damage":28.0,"enemies":"Lagavulin","floor":14.0,"turns":7.0},{"damage":53.0,"enemies":"Hexaghost","floor":16.0,"turns":9.0},{"damage":23.0,"enemies":"2 Thieves","floor":18.0,"turns":4.0},{"damage":0.0,"enemies":"Chosen","floor":20.0,"turns":4.0},{"damage":33.0,"enemies":"Sentry and Sphere","floor":22.0,"turns":7.0},{"damage":66.0,"enemies":"Gremlin Leader","floor":24.0,"turns":7.0},{"damage":15.0,"enemies":"Snake Plant","floor":25.0,"turns":3.0},{"damage":14.0,"enemies":"Replay:Snechameleon","floor":27.0,"turns":6.0},{"damage":32.0,"enemies":"3 Cultists","floor":28.0,"turns":6.0},{"damage":22.0,"enemies":"Centurion and Healer","floor":30.0,"turns":5.0},{"damage":13.0,"enemies":"Gremlin Leader","floor":31.0,"turns":5.0},{"damage":93.0,"enemies":"Automaton","floor":33.0,"turns":7.0},{"damage":13.0,"enemies":"3 Shapes","floor":35.0,"turns":2.0},{"damage":8.0,"enemies":"Orb Walker","floor":38.0,"turns":4.0},{"damage":65.0,"enemies":"Nemesis","floor":40.0,"turns":9.0},{"damage":10.0,"enemies":"R_Hoarder","floor":41.0,"turns":7.0},{"damage":26.0,"enemies":"Spire Growth","floor":42.0,"turns":3.0},{"damage":38,"enemies":"Reptomancer","floor":44,"turns":5},{"damage":0,"enemies":"Nemesis","floor":45,"turns":3},{"damage":31,"enemies":"Giant Head","floor":47,"turns":5},{"damage":21,"enemies":"Time Eater","floor":50,"turns":5},{"damage":31,"enemies":"Shield and Spear","floor":54,"turns":3},{"damage":14,"enemies":"The Heart","floor":55,"turns":6}],"seed_played":"-5861881916694925345","potions_obtained":[{"floor":1.0,"key":"GamblersBrew"},{"floor":8.0,"key":"ColorlessPotion"},{"floor":13.0,"key":"Death Potion"},{"floor":15.0,"key":"BloodPotion"},{"floor":15.0,"key":"Adrenaline Potion"},{"floor":16.0,"key":"BloodPotion"},{"floor":22.0,"key":"Weak Potion"},{"floor":30.0,"key":"SmokeBomb"},{"floor":31.0,"key":"PowerPotion"},{"floor":35.0,"key":"Languid Potion"},{"floor":45,"key":"Fire Potion"},{"floor":47,"key":"LifebloodPotion"},{"floor":52,"key":"SpeedPotion"},{"floor":52,"key":"EntropicBrew"},{"floor":53,"key":"HeartOfIron"},{"floor":53,"key":"DistilledChaos"}],"is_trial":false,"path_per_floor":["M","?","$","M","T","E","R","E","T","M","M","?","M","E","R_BF","B",null,"M","$","M","$","M","R","E","M","T","E","M","?","M","E","R_BF","B",null,"M","?","$","M","$","E","E","M","T","E","E","R","E","?","R","B",null,"R","$","E","B",null],"character_chosen":"IRONCLAD","items_purchased":["Membership Card","Grinning Jar","Lizard Tail","MerchantsRug","Mango","Vajra","Replay:Rubber Ducky","HandDrill","Toy Ornithopter","ReplayTheSpireMod:CursedCoin","Midas Touch","Strawberry","Kunai","Spot Weakness","Adrenaline Potion","LifebloodPotion","Cauldron"],"campfire_rested":3,"item_purchase_floors":[3,3,19,19,21,37,37,37,39,39,39,53,53,53,53,53,53],"current_hp_per_floor":[74,74,74,73,73,42,66,48,48,48,50,50,41,39,64,37,80,57,57,57,71,51,66,26,29,29,33,63,63,49,54,97,22,97,89,89,89,89,89,55,69,61,61,55,55,103,80,80,101,96,109,109,119,98,129],"gold":92,"neow_bonus":"BOSS_RELIC","is_daily":false,"chose_seed":false,"campfire_upgraded":1,"win_rate":0.0,"timestamp":1609620268,"path_taken":["M","?","$","M","?","E","R","E","T","M","?","?","M","E","R_BF","BOSS","M","$","M","$","M","R","E","M","T","E","M","?","M","E","R_BF","BOSS","M","?","?","?","$","E","E","M","T","E","E","R","E","?","R","BOSS","R","$","E","BOSS"],"items_purchased_type":["Relic","Relic","Relic","Relic","Relic","Relic","Relic","Relic","Relic","Relic","Card","Relic","Relic","Card","Potion","Potion","Relic"],"build_version":"2020-12-22","purchased_purges":5,"victory":true,"max_hp_per_floor":[80,80,80,80,80,80,80,80,80,80,80,80,80,80,80,80,80,80,80,80,94,97,97,97,97,97,97,97,97,97,97,97,97,97,100,100,100,100,100,103,103,103,103,103,103,103,109,109,109,109,109,109,119,129,129],"relic_stats":{"Gremlin Horn":[23,25],"Torii":96,"Happy Flower":[10],"counters":[30,147],"Magic Flower":[144],"Pen Nib":[4],"Smiling Mask":76,"Lizard Tail":0,"Centennial Puzzle":[48],"Shuriken":[3],"Pantograph":39,"Bronze Scales":[124],"Black Star":12,"Art of War":[8],"HandDrill":[10],"Kunai":[4],"obtain_stats":[{"Golden Egg":40,"Regal Pillow":8,"Lantern":17,"Replay:PocketPolymizer":44,"Gremlin Horn":5,"Torii":17,"SacredBark":34,"Magic Flower":8,"Vajra":37,"Mango":21,"Smiling Mask":31,"Burning Blood":0,"Replay:Rubber Ducky":37,"Replay:Ringing Soul":45,"Dream Catcher":6,"Lizard Tail":19,"Centennial Puzzle":24,"Chameleon Ring":26,"Pantograph":17,"Strawberry":53,"WingedGreaves":31,"Replay:Bottled Flurry":27,"HandDrill":37,"Kunai":53,"Gremlin Food":14,"Potion Belt":47,"MerchantsRug":19,"Pear":54,"Happy Flower":41,"ReplayTheSpireMod:CursedCoin":39,"Eternal Feather":9,"Replay:WaspNest":27,"Pen Nib":45,"Replay:Ancient Bell":17,"Cauldron":53,"Shuriken":54,"Bronze Scales":40,"Onion Ring":14,"Black Star":0,"Art of War":24,"ReplayTheSpireMod:TigerMarble":41,"Membership Card":3,"Grinning Jar":3,"Toy Ornithopter":39,"FossilizedHelix":44,"Meat on the Bone":6,"Pocketwatch":47},{"Golden Egg":22,"Regal Pillow":4,"Lantern":9,"Replay:PocketPolymizer":25,"Gremlin Horn":2,"Torii":9,"SacredBark":19,"Magic Flower":4,"Vajra":20,"Mango":11,"Smiling Mask":18,"Burning Blood":0,"Replay:Rubber Ducky":20,"Replay:Ringing Soul":26,"Dream Catcher":3,"Lizard Tail":10,"Centennial Puzzle":13,"Chameleon Ring":14,"Pantograph":9,"Strawberry":28,"WingedGreaves":18,"Replay:Bottled Flurry":15,"HandDrill":20,"Kunai":28,"Gremlin Food":8,"Potion Belt":27,"MerchantsRug":10,"Pear":29,"Happy Flower":23,"ReplayTheSpireMod:CursedCoin":21,"Eternal Feather":4,"Replay:WaspNest":15,"Pen Nib":26,"Replay:Ancient Bell":9,"Cauldron":28,"Shuriken":29,"Bronze Scales":22,"Onion Ring":8,"Black Star":0,"Art of War":13,"ReplayTheSpireMod:TigerMarble":23,"Membership Card":1,"Grinning Jar":1,"Toy Ornithopter":21,"FossilizedHelix":25,"Meat on the Bone":3,"Pocketwatch":27},{"Golden Egg":110,"Regal Pillow":15,"Lantern":41,"Replay:PocketPolymizer":125,"Gremlin Horn":6,"Torii":41,"SacredBark":95,"Magic Flower":15,"Vajra":97,"Mango":49,"Smiling Mask":88,"Burning Blood":0,"Replay:Rubber Ducky":97,"Replay:Ringing Soul":128,"Dream Catcher":11,"Lizard Tail":45,"Centennial Puzzle":63,"Chameleon Ring":66,"Pantograph":41,"Strawberry":138,"WingedGreaves":88,"Replay:Bottled Flurry":72,"HandDrill":97,"Kunai":138,"Gremlin Food":32,"Potion Belt":133,"MerchantsRug":45,"Pear":141,"Happy Flower":117,"ReplayTheSpireMod:CursedCoin":101,"Eternal Feather":15,"Replay:WaspNest":72,"Pen Nib":128,"Replay:Ancient Bell":41,"Cauldron":138,"Shuriken":141,"Bronze Scales":110,"Onion Ring":32,"Black Star":0,"Art of War":63,"ReplayTheSpireMod:TigerMarble":117,"Membership Card":3,"Grinning Jar":3,"Toy Ornithopter":101,"FossilizedHelix":125,"Meat on the Bone":11,"Pocketwatch":133}],"Toy Ornithopter":21,"Meat on the Bone":246,"Pocketwatch":[6]},"card_choices":[{"not_picked":["Rage","ReplayTheSpireMod:Strike From Hell","Perfected Strike"],"picked":"SKIP","floor":1.0},{"not_picked":["Metallicize","Shrug It Off"],"picked":"Clash","floor":4.0},{"not_picked":["Iron Wave","Cleave"],"picked":"Pommel Strike","floor":6.0},{"not_picked":["Flex","Havoc"],"picked":"Fire Breathing","floor":7.0},{"not_picked":["Hemokinesis","Rampage"],"picked":"Hemogenesis","floor":8.0},{"not_picked":["Battle Trance","Wild Strike"],"picked":"Twin Strike","floor":10.0},{"not_picked":["Havoc","ReplayTheSpireMod:Strike From Hell","Clothesline"],"picked":"SKIP","floor":11.0},{"not_picked":["Warcry","Disarm"],"picked":"Power Through","floor":13.0},{"not_picked":["Cleave","Metallicize"],"picked":"Demon Form","floor":14.0},{"not_picked":["Demonic Infusion","Berserk"],"picked":"Feed","floor":16.0},{"not_picked":["ReplayTheSpireMod:Faulty Equipment","Delirium"],"picked":"betterMatch:CurseCard","floor":17.0},{"not_picked":["Delirium","Clumsy"],"picked":"betterMatch:CurseCard","floor":17.0},{"not_picked":["Looming Evil","Hallucinations"],"picked":"TheCursedMod:Dregs","floor":17.0},{"not_picked":["Run Through","True Grit"],"picked":"Battle Trance","floor":18.0},{"not_picked":["Armaments","Clothesline+1"],"picked":"Sever Soul+1","floor":20.0},{"not_picked":["Cleave","True Grit"],"picked":"Life Link","floor":22.0},{"not_picked":["Pommel Strike","Flame Barrier+1"],"picked":"Pummel","floor":24.0},{"not_picked":["Dark Embrace+1","Cleave","Metallicize"],"picked":"SKIP","floor":25.0},{"not_picked":["Impervious","Metallicize"],"picked":"Fire Breathing","floor":27.0},{"not_picked":["Heavy Blade","Entrench+1"],"picked":"Inflame","floor":28.0},{"not_picked":["Pommel Strike","Clothesline"],"picked":"Replay:Undeath\u0027s Touch+1","floor":30.0},{"not_picked":["Headbutt","Iron Wave","Clothesline"],"picked":"SKIP","floor":31.0},{"not_picked":["Sword Boomerang","Heavy Blade"],"picked":"Pummel","floor":32.0},{"not_picked":["Hemogenesis","Feed"],"picked":"Offering","floor":33.0},{"not_picked":["Anger+1","Dark Embrace+1","Havoc"],"picked":"SKIP","floor":35.0},{"not_picked":["Shrug It Off+1","Sever Soul+1","True Grit"],"picked":"SKIP","floor":38.0},{"not_picked":["Twin Strike+1","Warcry"],"picked":"Immolate","floor":40.0},{"not_picked":["Fire Breathing","Burning Pact+1"],"picked":"Immolate","floor":41.0},{"not_picked":["Run Through","Infernal Blade"],"picked":"Sword Boomerang","floor":42.0},{"not_picked":["Pommel Strike+1","Thunderclap"],"picked":"Dual Wield+1","floor":44},{"not_picked":["Twin Strike","Wild Strike","Warcry+1"],"picked":"SKIP","floor":45},{"not_picked":["ReplayTheSpireMod:LeadingStrike+1","Cleave+1"],"picked":"Pummel","floor":47},{"not_picked":["Evolve","Warcry","Havoc"],"picked":"SKIP","floor":54}],"player_experience":256089,"relics_obtained":[{"floor":5.0,"key":"Gremlin Horn"},{"floor":6.0,"key":"Dream Catcher"},{"floor":6.0,"key":"Meat on the Bone"},{"floor":8.0,"key":"Regal Pillow"},{"floor":8.0,"key":"Magic Flower"},{"floor":9.0,"key":"Eternal Feather"},{"floor":14.0,"key":"Gremlin Food"},{"floor":14.0,"key":"Onion Ring"},{"floor":24.0,"key":"Centennial Puzzle"},{"floor":24.0,"key":"Art of War"},{"floor":26.0,"key":"Chameleon Ring"},{"floor":27.0,"key":"Replay:WaspNest"},{"floor":27.0,"key":"Replay:Bottled Flurry"},{"floor":31.0,"key":"Smiling Mask"},{"floor":31.0,"key":"WingedGreaves"},{"floor":40.0,"key":"Golden Egg"},{"floor":40.0,"key":"Bronze Scales"},{"floor":41.0,"key":"ReplayTheSpireMod:TigerMarble"},{"floor":41.0,"key":"Happy Flower"},{"floor":44,"key":"FossilizedHelix"},{"floor":44,"key":"Replay:PocketPolymizer"},{"floor":45,"key":"Replay:Ringing Soul"},{"floor":45,"key":"Pen Nib"},{"floor":47,"key":"Potion Belt"},{"floor":47,"key":"Pocketwatch"},{"floor":54,"key":"Pear"},{"floor":54,"key":"Shuriken"}],"event_choices":[{"damage_healed":0.0,"max_hp_gain":0.0,"max_hp_loss":0.0,"gold_gain":175.0,"event_name":"betterThird:BetterSerpent","player_choice":"AGREE","floor":2.0,"gold_loss":0.0,"damage_taken":113.0},{"damage_healed":0.0,"max_hp_gain":0.0,"max_hp_loss":0.0,"gold_gain":0.0,"event_name":"Dead Adventurer","player_choice":"Searched \u00270\u0027 times","floor":12.0,"gold_loss":0.0,"damage_taken":0.0},{"damage_healed":0.0,"max_hp_gain":0.0,"max_hp_loss":0.0,"gold_gain":0.0,"event_name":"Ghosts","player_choice":"Ignored","floor":29.0,"gold_loss":0.0,"damage_taken":0.0},{"damage_healed":0.0,"max_hp_gain":0.0,"max_hp_loss":0.0,"gold_gain":0.0,"event_name":"Wheel of Change","player_choice":"Cursed","floor":36.0,"gold_loss":0.0,"damage_taken":0.0,"cards_obtained":["Decay"]},{"cards_removed":["Sever Soul"],"damage_healed":0,"gold_gain":0,"player_choice":"Removed Attack","damage_taken":0,"max_hp_gain":0,"max_hp_loss":0,"event_name":"Falling","floor":48,"gold_loss":0}],"is_beta":false,"boss_relics":[{"not_picked":["Snecko Eye","Painkiller Herb"],"picked":"Replay:Ancient Bell"},{"not_picked":["Akabeko","MealTicket"],"picked":"Lantern"},{"not_picked":["Letter Opener","ReplayTheSpireMod:Ninjato"],"picked":"Pantograph"},{"not_picked":["StoneCalendar","Incense Burner"],"picked":"Torii"},{"not_picked":["Ring of Chaos","Replay:Drink Me"],"picked":"SacredBark"}],"items_purged_floors":[3,21,37,39,53],"is_endless":false,"potions_floor_spawned":[1,8,13,16,22,30,31,35,40,42,45,47],"ascension_level":1}}