{"host":"raai0vtvcfkt8csp","time":1609631260,"event":{"mods":["2.2 Compatiblity","BaseMod","Beaked The Cultist","Block Reminder","DeckTracker","Defective Defect","GifTheSpireLib","Minty Spire (QoL Compilation)","Quick Restart","Random Character Button","Rare Cards Sparkle","StSLib","Unceasing Turn Reminder"],"gold_per_floor":[113,32,32,46,58,85,100,100,123,143,175,250,250,260,260,360,360,285,285],"floor_reached":18,"playtime":938,"items_purged":[],"score":181,"play_id":"7c600f58-432a-4b96-b4a0-34af17735925","local_time":"20210103004740","is_ascension_mode":true,"campfire_choices":[{"floor":8,"key":"REST"},{"floor":15,"key":"REST"}],"circlet_count":0,"master_deck":["beaked:Strike_Y","beaked:Strike_Y","beaked:Strike_Y","beaked:Strike_Y","beaked:Strike_Y","beaked:Defend_Y","beaked:Defend_Y","beaked:Defend_Y","beaked:Defend_Y","beaked:Ceremony","beaked:Ceremony","beaked:Ceremony","Thinking Ahead","beaked:StickSmack","beaked:Recite","beaked:SurvivalInstinct","beaked:LiftOff","beaked:WarriorEssence","beaked:TuckingFeathers","beaked:Insight","beaked:Foresight","beaked:Brace","beaked:MachineSpirit","beaked:BloodForTheGods","beaked:DarkTribute"],"relics":["beaked:MendingPlumage","Centennial Puzzle","beaked:ThroatLozenge","Bronze Scales","Runic Pyramid"],"acts_visited":["Exordium","TheCity"],"potions_floor_usage":[7,11,14,18],"damage_taken":[{"damage":1,"enemies":"Jaw Worm","floor":1,"turns":5},{"damage":8,"enemies":"Cultist","floor":4,"turns":6},{"damage":22,"enemies":"Small Slimes","floor":5,"turns":8},{"damage":6,"enemies":"Lagavulin","floor":6,"turns":9},{"damage":45,"enemies":"Gremlin Gang","floor":7,"turns":5},{"damage":13,"enemies":"2 Fungi Beasts","floor":10,"turns":6},{"damage":53,"enemies":"Gremlin Nob","floor":11,"turns":8},{"damage":0,"enemies":"Looter","floor":14,"turns":4},{"damage":53,"enemies":"Hexaghost","floor":16,"turns":9},{"damage":44,"enemies":"2 Thieves","floor":18,"turns":4}],"seed_played":"3628899774189681594","potions_obtained":[{"floor":4,"key":"Swift Potion"},{"floor":5,"key":"Block Potion"},{"floor":10,"key":"Regen Potion"},{"floor":13,"key":"FairyPotion"},{"floor":13,"key":"SkillPotion"},{"floor":14,"key":"GamblersBrew"}],"is_trial":false,"path_per_floor":["M","$","?","M","M","E","M","R","T","M","E","?","?","M","R","B",null,"M"],"character_chosen":"BEAKED_THE_CULTIST","items_purchased":["beaked:Recite","beaked:SurvivalInstinct"],"campfire_rested":2,"item_purchase_floors":[2,2],"current_hp_per_floor":[47,47,47,50,40,50,15,30,30,36,13,2,2,16,31,28,50,14,14],"gold":285,"neow_bonus":"RANDOM_COLORLESS_2","is_daily":false,"chose_seed":false,"campfire_upgraded":0,"win_rate":0.0,"timestamp":1609631260,"path_taken":["M","$","?","?","?","E","M","R","T","M","E","?","?","M","R","BOSS","M"],"items_purchased_type":["Card","Card"],"build_version":"2020-12-22","purchased_purges":0,"victory":false,"max_hp_per_floor":[50,50,50,50,50,50,50,50,50,50,50,50,50,50,50,50,50,50,50],"card_choices":[{"not_picked":["Panache","Violence"],"picked":"Thinking Ahead","floor":0},{"not_picked":["beaked:HuntressSpirit","beaked:WarriorEssence"],"picked":"beaked:StickSmack","floor":1},{"not_picked":["beaked:StickSmack","beaked:VigorBurst"],"picked":"beaked:WarriorEssence","floor":4},{"not_picked":["beaked:WarriorEssence","beaked:Poke"],"picked":"beaked:TuckingFeathers","floor":5},{"not_picked":["beaked:Poke","beaked:BloodRitual"],"picked":"beaked:Insight","floor":6},{"not_picked":["beaked:Caw","beaked:DigDeep"],"picked":"beaked:Foresight","floor":7},{"not_picked":["beaked:BraceForImpact","beaked:Windmill"],"picked":"beaked:Brace","floor":10},{"not_picked":["beaked:Evade","beaked:Foresight"],"picked":"beaked:MachineSpirit","floor":11},{"not_picked":["beaked:MachineSpirit","beaked:BounceBack"],"picked":"beaked:BloodForTheGods","floor":14},{"not_picked":["beaked:FullHouse","beaked:SacrificialScars"],"picked":"beaked:DarkTribute","floor":16}],"player_experience":649542,"relics_obtained":[{"floor":6,"key":"Centennial Puzzle"},{"floor":9,"key":"beaked:ThroatLozenge"},{"floor":11,"key":"Bronze Scales"}],"event_choices":[{"damage_healed":0,"gold_gain":0,"cards_transformed":["beaked:Strike_Y"],"player_choice":"Transformed","damage_taken":0,"max_hp_gain":0,"max_hp_loss":0,"event_name":"Transmorgrifier","floor":3,"gold_loss":0,"cards_obtained":["beaked:LiftOff"]},{"damage_healed":0,"gold_gain":75,"player_choice":"Gather Gold","damage_taken":11,"max_hp_gain":0,"max_hp_loss":0,"event_name":"World of Goop","floor":12,"gold_loss":0},{"damage_healed":0,"gold_gain":0,"player_choice":"Got Potions","damage_taken":0,"max_hp_gain":0,"max_hp_loss":0,"event_name":"Lab","floor":13,"gold_loss":0}],"is_beta":false,"boss_relics":[{"not_picked":["Runic Dome","Velvet Choker"],"picked":"Runic Pyramid"}],"items_purged_floors":[],"is_endless":false,"potions_floor_spawned":[4,5,10,14,16],"killed_by":"2 Thieves","ascension_level":1}}