{"host":"kh6fvhxn285ncg0o","time":1609579172,"event":{"mods":["Act Like it!","BaseMod","Colored Map","Friendly Minions","Keyboard Shortcuts","Minty Spire (QoL Compilation)","Quick Restart","Relic Stats","StSLib","SuperFastMode"],"gold_per_floor":[116,116,116,48,68,106,120,120,120],"floor_reached":8,"playtime":202,"items_purged":[],"score":112,"play_id":"84e08578-6194-4d61-b698-dcd36eebd341","local_time":"20210102181932","is_ascension_mode":true,"campfire_choices":[],"circlet_count":0,"master_deck":["AscendersBane","Strike_P","Strike_P","Strike_P","Strike_P","Defend_P","Defend_P","Defend_P","Defend_P","Eruption","Vigilance","Adaptation","FearNoEvil"],"relics":["SlaversCollar","Golden Idol","Strawberry","Bronze Scales","Frozen Egg 2"],"acts_visited":["Exordium"],"potions_floor_usage":[6,8],"damage_taken":[{"damage":1,"enemies":"Small Slimes","floor":1,"turns":4},{"damage":0,"enemies":"2 Louse","floor":5,"turns":2},{"damage":49,"enemies":"Gremlin Nob","floor":6,"turns":5},{"damage":2,"enemies":"Cultist","floor":7,"turns":4},{"damage":2,"enemies":"3 Sentries","floor":8,"turns":4}],"seed_played":"8552695013498402606","potions_obtained":[{"floor":5,"key":"EssenceOfSteel"},{"floor":7,"key":"Strength Potion"}],"is_trial":false,"path_per_floor":["M","?","?","?","M","E","M","E"],"character_chosen":"WATCHER","items_purchased":[],"campfire_rested":0,"item_purchase_floors":[],"current_hp_per_floor":[60,60,56,56,56,7,5,3,3],"gold":120,"neow_bonus":"BOSS_RELIC","is_daily":false,"chose_seed":false,"campfire_upgraded":0,"win_rate":0.0,"timestamp":1609579172,"path_taken":["M","?","?","?","M","E","M","E"],"items_purchased_type":[],"build_version":"2020-12-22","purchased_purges":0,"victory":false,"max_hp_per_floor":[68,62,69,69,69,69,69,69,69],"relic_stats":{"counters":[5,19],"Golden Idol":15,"Bronze Scales":[24],"obtain_stats":[{"SlaversCollar":0,"Golden Idol":2,"Strawberry":3,"Bronze Scales":4,"PureWater":0,"Frozen Egg 2":6},{"SlaversCollar":0,"Golden Idol":1,"Strawberry":1,"Bronze Scales":1,"PureWater":0,"Frozen Egg 2":3},{"SlaversCollar":0,"Golden Idol":4,"Strawberry":4,"Bronze Scales":4,"PureWater":0,"Frozen Egg 2":11}]},"card_choices":[{"not_picked":["FlyingSleeves","BowlingBash","Protect"],"picked":"SKIP","floor":1},{"not_picked":["Pray","EmptyFist"],"picked":"Adaptation","floor":5},{"not_picked":["JustLucky","ClearTheMind","Pray"],"picked":"SKIP","floor":6},{"not_picked":["CarveReality","CutThroughFate"],"picked":"FearNoEvil","floor":7}],"player_experience":3347677,"relics_obtained":[{"floor":6,"key":"Frozen Egg 2"}],"event_choices":[{"damage_healed":0,"gold_gain":0,"player_choice":"Lose Max HP","damage_taken":0,"relics_obtained":["Golden Idol"],"max_hp_gain":0,"max_hp_loss":6,"event_name":"Golden Idol","floor":2,"gold_loss":0},{"damage_healed":0,"gold_gain":0,"player_choice":"Success","damage_taken":11,"relics_obtained":["Strawberry"],"max_hp_gain":0,"max_hp_loss":0,"event_name":"Scrap Ooze","floor":3,"gold_loss":0},{"damage_healed":0,"gold_gain":0,"player_choice":"Paid Gold","damage_taken":0,"relics_obtained":["Bronze Scales"],"max_hp_gain":0,"max_hp_loss":0,"event_name":"WeMeetAgain","floor":4,"gold_loss":68}],"is_beta":false,"boss_relics":[],"items_purged_floors":[],"is_endless":false,"potions_floor_spawned":[5,7],"killed_by":"3 Sentries","ascension_level":20}}