{"host":"350rh84kbmtekt58","time":1609549749,"event":{"mods":["AchievementEnabler","Act Like it!","BaseMod","Better Synergies","Block Reminder","CapriCore","Challenge The Spire","Colored Map","Colored Powertips","Communication Mod","Downfall","Energized Spire","Friendly Minions","GifTheSpireLib","Highlight Path","Minty Spire (QoL Compilation)","Quick Restart","Replay The Spire","Shop Mod","StSLib","The Animator","The Disciple","The Immortal","The Marked","The Runesmith","The Servant 0.9.4","The Wild Card","Transform Curses","yUi"],"gold_per_floor":[118,132,142,152,152,152,177,189,189,216,229,229,5,5,5,5,5,104,104,85,96,70,90,104,132,57,57,57,57,382,400,400,410,410,515,515,431,431,667,62,81,81,0,0,25,43,62,62,79,79,79],"floor_reached":50,"playtime":4605,"items_purged":["Looming Evil"],"score":569,"play_id":"7a236b34-f60f-4c6e-8672-0b056b8c727b","local_time":"20210101190909","is_ascension_mode":false,"campfire_choices":[{"data":"EmptyFist","floor":6,"key":"SMITH"},{"floor":12,"key":"REST"},{"floor":17,"key":"REST"},{"floor":29,"key":"REST"},{"floor":32,"key":"REST"},{"floor":34,"key":"REST"},{"data":"1","floor":42,"key":"LIFT"},{"data":"2","floor":44,"key":"LIFT"},{"data":"3","floor":48,"key":"LIFT"}],"circlet_count":0,"master_deck":["Strike_P","Strike_P","Strike_P","Strike_P","Defend_P+1","Defend_P","Defend_P","Eruption","Vigilance","EmptyFist+1","MentalFortress+1","SashWhip","Fasting2+1","EmptyBody","Prostrate+1","Replay:AllIn","WindmillStrike","LikeWater","LikeWater+1","CrushJoints+1","Devotion","Consecrate","CrushJoints+1","FlurryOfBlows+1","Worship","Adaptation+1","Devotion","FlurryOfBlows","ReachHeaven+1","LessonLearned","Replay:LoomingThreat","Voices","SwitchConfidence","Sanctity","Omniscience+1","expansioncontent:AwakenDeath","expansioncontent:AwakenDeath","Fasting2","Wallop+1","Consecrate","Pray","Replay:Hum+1","Prostrate"],"relics":["HolyWater","NeowsBlessing","Letter Opener","Blue Doll","Replay:Rubber Ducky","Lantern","HornCleat","Unceasing Top","Bottled Tornado","Old Coin","Replay:Ancient Bell","Oddly Smooth Stone","Matryoshka","Girya","Ring of Fangs","Ring of Hypnosis","Iron Hammer","Gremlin Food","Red Mask","Snack Pack"],"acts_visited":["Exordium","TheCity","TheBeyond"],"potions_floor_usage":[10,11,23,23,25,25,35,41,47,49],"damage_taken":[{"damage":0,"enemies":"Small Slimes","floor":1,"turns":2},{"damage":0,"enemies":"Jaw Worm","floor":2,"turns":1},{"damage":0,"enemies":"2 Louse","floor":3,"turns":1},{"damage":12,"enemies":"Exordium Wildlife","floor":4,"turns":4},{"damage":16,"enemies":"Gremlin Nob","floor":7,"turns":4},{"damage":0,"enemies":"3 Louse","floor":8,"turns":4},{"damage":12,"enemies":"3 Sentries","floor":10,"turns":10},{"damage":0,"enemies":"2 Fungi Beasts","floor":11,"turns":3},{"damage":19,"enemies":"Fading Forest","floor":18,"turns":11},{"damage":8,"enemies":"2 Thieves","floor":20,"turns":4},{"damage":29,"enemies":"3 Byrds","floor":21,"turns":7},{"damage":8,"enemies":"Centurion and Healer","floor":23,"turns":6},{"damage":0,"enemies":"Shelled Parasite and Fungi","floor":24,"turns":4},{"damage":19,"enemies":"Book of Stabbing","floor":25,"turns":4},{"damage":8,"enemies":"Gremlin Leader","floor":30,"turns":5},{"damage":0,"enemies":"Snecko","floor":31,"turns":3},{"damage":3,"enemies":"3 Cultists","floor":33,"turns":3},{"damage":16,"enemies":"Automaton","floor":35,"turns":6},{"damage":0,"enemies":"3 Shapes","floor":37,"turns":5},{"damage":3,"enemies":"Orb Walker","floor":41,"turns":2},{"damage":18,"enemies":"4 Shapes","floor":46,"turns":3},{"damage":0,"enemies":"Jaw Worm Horde","floor":47,"turns":3},{"damage":19,"enemies":"Transient","floor":49,"turns":5},{"damage":58,"enemies":"Writhing Mass","floor":50,"turns":3}],"seed_played":"-6320938000102017790","potions_obtained":[{"floor":2,"key":"champ:CounterPotion"},{"floor":7,"key":"sneckomod:MuddlingPotion"},{"floor":8,"key":"SteroidPotion"},{"floor":10,"key":"Fire Potion"},{"floor":18,"key":"sneckomod:MuddlingPotion"},{"floor":20,"key":"Strength Potion"},{"floor":21,"key":"EssenceOfSteel"},{"floor":23,"key":"Fire Potion"},{"floor":30,"key":"Block Potion"},{"floor":35,"key":"Venom Potion"},{"floor":39,"key":"FearPotion"},{"floor":39,"key":"Ambrosia"},{"floor":39,"key":"FairyPotion"},{"floor":47,"key":"Swift Potion"},{"floor":49,"key":"CultistPotion"}],"is_trial":false,"path_per_floor":["M","M","M","M","?","R","E","M","T","E","M","R","$","PTL","PTL","?","R","B",null,"M","M","$","M","M","E","?","T","T","R","E","M","R","M","R","B",null,"M","?","?","$","M","R","?","R","T","M","M","R","M","M"],"character_chosen":"WATCHER","items_purchased":["Lantern","LikeWater","CrushJoints+1","FlurryOfBlows+1","expansioncontent:AwakenDeath","Iron Hammer","Gremlin Food","Fasting2","Wallop+1"],"campfire_rested":5,"item_purchase_floors":[13,13,13,22,40,40,40,40,40],"current_hp_per_floor":[72,72,72,60,60,60,44,44,44,32,32,53,53,53,53,39,60,41,72,64,35,35,27,27,8,8,8,8,29,21,21,42,39,60,44,72,72,72,44,44,41,41,41,41,41,23,25,25,12,0,0],"gold":79,"neow_bonus":"THREE_ENEMY_KILL","is_daily":false,"chose_seed":false,"campfire_upgraded":1,"win_rate":0.0,"timestamp":1609549749,"path_taken":["M","M","M","M","?","R","E","M","T","E","M","R","$","PTL","PTL","?","R","BOSS","M","M","$","M","M","E","?","?","T","R","E","M","R","M","R","BOSS","M","?","?","$","M","R","?","R","T","M","M","R","M","M"],"items_purchased_type":["Relic","Card","Card","Card","Card","Relic","Relic","Card","Card"],"build_version":"2020-12-22","purchased_purges":1,"victory":false,"max_hp_per_floor":[72,72,72,72,72,72,72,72,72,72,72,72,72,72,72,72,72,72,72,72,72,72,72,72,72,72,72,72,72,72,72,72,72,72,72,72,72,72,72,72,72,72,72,72,72,72,72,72,72,72,72],"card_choices":[{"not_picked":["BowlingBash","Crescendo"],"picked":"EmptyFist","floor":1},{"not_picked":["Indignation","Vengeance"],"picked":"MentalFortress","floor":2},{"not_picked":["FlyingSleeves","BowlingBash"],"picked":"SashWhip","floor":3},{"not_picked":["SashWhip","FlyingSleeves"],"picked":"Fasting2","floor":4},{"not_picked":["SashWhip","JustLucky"],"picked":"EmptyBody","floor":7},{"not_picked":["CrushJoints","ReachHeaven"],"picked":"Prostrate","floor":8},{"not_picked":["Blasphemy","WaveOfTheHand"],"picked":"Replay:AllIn","floor":10},{"not_picked":["Meditate","BowlingBash"],"picked":"WindmillStrike","floor":11},{"not_picked":["Blasphemy","ConjureBlade"],"picked":"Devotion","floor":18},{"not_picked":["ThirdEye+1","Replay:AtTheReady+1"],"picked":"Consecrate","floor":20},{"not_picked":["Crescendo","Replay:AtTheReady"],"picked":"CrushJoints","floor":21},{"not_picked":["FlyingSleeves+1","Indignation"],"picked":"Worship","floor":23},{"not_picked":["Replay:Cycle+1","Replay:AtTheReady"],"picked":"Adaptation+1","floor":24},{"not_picked":["Pray","TalkToTheHand"],"picked":"Devotion","floor":25},{"not_picked":["JustLucky","Protect"],"picked":"FlurryOfBlows","floor":30},{"not_picked":["Replay:BluntJabs+1","Indignation"],"picked":"ReachHeaven+1","floor":31},{"not_picked":["Pray","BowlingBash"],"picked":"LessonLearned","floor":33},{"not_picked":["ConjureBlade","Establishment"],"picked":"Replay:LoomingThreat","floor":35},{"not_picked":["Pain","Shame"],"picked":"Voices","floor":36},{"not_picked":["Shame","ReplayTheSpireMod:Faulty Equipment"],"picked":"ReplayTheSpireMod:IOU","floor":36},{"not_picked":["Amnesia","ReplayTheSpireMod:Doomed"],"picked":"SwitchConfidence","floor":36},{"not_picked":["Adaptation+1","SandsOfTime+1"],"picked":"Sanctity","floor":37},{"not_picked":["Tantrum+1","Consecrate"],"picked":"Omniscience","floor":39},{"not_picked":["Crescendo","Vengeance"],"picked":"Consecrate","floor":41},{"not_picked":["Tantrum","Adaptation"],"picked":"Pray","floor":46},{"not_picked":["EmptyFist+1","CutThroughFate+1"],"picked":"Replay:Hum+1","floor":47},{"not_picked":["Sanctity","BowlingBash"],"picked":"Prostrate","floor":49}],"player_experience":179911,"relics_obtained":[{"floor":7,"key":"Letter Opener"},{"floor":9,"key":"Blue Doll"},{"floor":10,"key":"Replay:Rubber Ducky"},{"floor":25,"key":"HornCleat"},{"floor":27,"key":"Unceasing Top"},{"floor":28,"key":"Bottled Tornado"},{"floor":30,"key":"Old Coin"},{"floor":38,"key":"Ring of Fangs"},{"floor":38,"key":"Ring of Hypnosis"},{"floor":45,"key":"Snack Pack"}],"event_choices":[{"damage_healed":0,"gold_gain":0,"player_choice":"Entered Light","damage_taken":14,"max_hp_gain":0,"max_hp_loss":0,"event_name":"Shining Light","floor":16,"gold_loss":0,"cards_upgraded":["Defend_P","Prostrate"]},{"cards_removed":["Defend_P"],"damage_healed":0,"gold_gain":0,"player_choice":"Gave Gold","damage_taken":0,"max_hp_gain":0,"max_hp_loss":0,"event_name":"Beggar","floor":26,"gold_loss":75},{"damage_healed":0,"gold_gain":0,"player_choice":"Paid","damage_taken":0,"relics_obtained":["Red Mask"],"max_hp_gain":0,"max_hp_loss":0,"event_name":"Tomb of Lord Red Mask","floor":43,"gold_loss":81}],"is_beta":false,"boss_relics":[{"not_picked":["ReplayTheSpireMod:DimensionalGlitch","Pandora\u0027s Box"],"picked":"HolyWater"},{"not_picked":["energizedSpire:MagnifyingGlass","ChewingGum"],"picked":"Replay:Ancient Bell"},{"not_picked":["MawBank","Pet Ghost"],"picked":"Oddly Smooth Stone"},{"not_picked":["Blue Candle","White Beast Statue"],"picked":"Matryoshka"},{"not_picked":["Replay:PocketPolymizer","Turnip"],"picked":"Girya"}],"items_purged_floors":[40],"is_endless":false,"potions_floor_spawned":[2,7,8,10,18,20,21,23,30,35,47,49],"killed_by":"Writhing Mass","ascension_level":0}}