{"host":"u7lm8z2rvb4dg2oo","time":1609609863,"event":{"mods":["AchievementEnabler","BaseMod","Colored Map","Colored Powertips","Curses Come First","Googly Eyes","Highlight Path","Minty Spire (QoL Compilation)","Quick Restart","StSLib"],"gold_per_floor":[110,110,110,121,121,121,146,162,162,162,193,193,218,230,230,332,332,348,348,298,223,234,264,264,293,305,37,37,57,57,94,94,195,195,205,205,13,26,26,26,52,64,64,82,114,114,146,146,146],"floor_reached":48,"playtime":21770,"items_purged":["Strike_P","Strike_P"],"score":999,"play_id":"6c6aa05e-9872-4b23-af9c-5d9f523d4944","local_time":"20210102125103","is_ascension_mode":true,"campfire_choices":[{"data":"Eruption","floor":6.0,"key":"SMITH"},{"data":"ReachHeaven","floor":10.0,"key":"SMITH"},{"data":"Tantrum","floor":12.0,"key":"SMITH"},{"data":"WheelKick","floor":15.0,"key":"SMITH"},{"data":"Ragnarok","floor":24.0,"key":"SMITH"},{"data":"Apotheosis","floor":28.0,"key":"SMITH"},{"data":"ForeignInfluence","floor":30.0,"key":"SMITH"},{"floor":32.0,"key":"RECALL"},{"floor":40.0,"key":"REST"},{"floor":46,"key":"REST"}],"circlet_count":0,"master_deck":["Defend_P+1","Defend_P+1","Defend_P+1","Defend_P+1","Eruption+1","Vigilance","Blasphemy+1","CutThroughFate+1","ReachHeaven+1","Tantrum+1","WheelKick+1","Ragnarok+1","Conclude","ForeignInfluence+1","Protect","MentalFortress+1","Apotheosis+1","Wish","TalkToTheHand+1","LessonLearned","Decay","WreathOfFlame+1","Scrawl","Establishment","CutThroughFate"],"relics":["HolyWater","Eternal Feather","Bronze Scales","TeardropLocket","Ginger","Prayer Wheel","MawBank","Orichalcum","Fusion Hammer","Oddly Smooth Stone","War Paint","Dead Branch","Smiling Mask"],"acts_visited":["Exordium","TheCity","TheBeyond"],"potions_floor_usage":[45],"damage_taken":[{"damage":0.0,"enemies":"Jaw Worm","floor":1.0,"turns":2.0},{"damage":0.0,"enemies":"2 Louse","floor":4.0,"turns":2.0},{"damage":0.0,"enemies":"Gremlin Nob","floor":7.0,"turns":2.0},{"damage":0.0,"enemies":"Cultist","floor":8.0,"turns":2.0},{"damage":0.0,"enemies":"Lagavulin","floor":11.0,"turns":2.0},{"damage":0.0,"enemies":"Gremlin Nob","floor":13.0,"turns":2.0},{"damage":0.0,"enemies":"Large Slime","floor":14.0,"turns":1.0},{"damage":0.0,"enemies":"Slime Boss","floor":16.0,"turns":3.0},{"damage":0.0,"enemies":"Spheric Guardian","floor":18.0,"turns":2.0},{"damage":0.0,"enemies":"2 Thieves","floor":22.0,"turns":1.0},{"damage":0.0,"enemies":"Book of Stabbing","floor":23.0,"turns":1.0},{"damage":0.0,"enemies":"Gremlin Leader","floor":25.0,"turns":2.0},{"damage":0.0,"enemies":"3 Cultists","floor":29.0,"turns":2.0},{"damage":1.0,"enemies":"Centurion and Healer","floor":31.0,"turns":3.0},{"damage":59.0,"enemies":"Collector","floor":33.0,"turns":5.0},{"damage":8.0,"enemies":"3 Shapes","floor":35.0,"turns":2.0},{"damage":1.0,"enemies":"3 Darklings","floor":38.0,"turns":3.0},{"damage":9.0,"enemies":"Nemesis","floor":41.0,"turns":5.0},{"damage":0.0,"enemies":"Spire Growth","floor":42.0,"turns":2.0},{"damage":0.0,"enemies":"Sphere and 2 Shapes","floor":44.0,"turns":2.0},{"damage":0,"enemies":"Reptomancer","floor":45,"turns":2},{"damage":0,"enemies":"Giant Head","floor":47,"turns":1},{"damage":100006,"enemies":"4 Shapes","floor":48,"turns":4}],"seed_played":"4797768462128430175","potions_obtained":[{"floor":4.0,"key":"GamblersBrew"},{"floor":8.0,"key":"SteroidPotion"},{"floor":11.0,"key":"FearPotion"},{"floor":14.0,"key":"PowerPotion"},{"floor":23.0,"key":"Energy Potion"},{"floor":25.0,"key":"SneckoOil"},{"floor":31.0,"key":"EntropicBrew"},{"floor":35.0,"key":"LiquidBronze"},{"floor":38.0,"key":"Energy Potion"},{"floor":42.0,"key":"Ancient Potion"},{"floor":44.0,"key":"GamblersBrew"}],"is_trial":false,"path_per_floor":["M","?","?","M","?","R","E","M","T","R","E","R","E","M","R","B",null,"M","?","?","$","M","E","R","E","T","$","R","M","R","M","R","B",null,"M","?","$","M","$","R","E","M","T","M","E","R","E","M"],"character_chosen":"WATCHER","items_purchased":["Apotheosis","Oddly Smooth Stone","SpeedPotion"],"campfire_rested":2,"item_purchase_floors":[27,37,37],"current_hp_per_floor":[72,58,51,51,72,72,72,72,72,72,72,72,72,72,72,72,72,72,72,72,72,72,72,72,72,72,72,72,72,72,71,72,13,57,49,49,49,48,48,72,63,63,63,63,63,72,72,0,0],"gold":146,"neow_bonus":"TRANSFORM_CARD","is_daily":false,"chose_seed":false,"campfire_upgraded":7,"win_rate":0.0,"timestamp":1609609863,"path_taken":["M","?","?","M","?","R","E","M","T","R","E","R","E","?","R","BOSS","M","?","?","$","M","E","R","E","T","$","R","?","R","M","R","BOSS","M","?","$","M","?","R","E","M","T","M","E","R","E","M"],"items_purchased_type":["Card","Relic","Potion"],"build_version":"2020-12-22","purchased_purges":2,"victory":false,"max_hp_per_floor":[72,72,72,72,72,72,72,72,72,72,72,72,72,72,72,72,72,72,72,72,72,72,72,72,72,72,72,72,72,72,72,72,72,72,72,72,72,72,72,72,72,72,72,72,72,72,72,72,72],"card_choices":[{"not_picked":["BowlingBash","Consecrate"],"picked":"CutThroughFate","floor":1.0},{"not_picked":["CarveReality","ClearTheMind","InnerPeace"],"picked":"SKIP","floor":4.0},{"not_picked":["Consecrate","FlurryOfBlows","FollowUp"],"picked":"SKIP","floor":7.0},{"not_picked":["FollowUp","FlyingSleeves"],"picked":"ReachHeaven","floor":8.0},{"not_picked":["Consecrate","Adaptation"],"picked":"Tantrum","floor":11.0},{"not_picked":["Prostrate","JustLucky"],"picked":"WheelKick","floor":13.0},{"not_picked":["FlyingSleeves","EmptyBody","ClearTheMind"],"picked":"SKIP","floor":14.0},{"not_picked":["Brilliance","Judgement"],"picked":"Ragnarok","floor":16.0},{"not_picked":["DeceiveReality+1","ClearTheMind"],"picked":"Conclude","floor":18.0},{"not_picked":["Prostrate","Halt+1"],"picked":"Protect","floor":22.0},{"not_picked":["CutThroughFate+1","FlyingSleeves+1","Collect+1"],"picked":"SKIP","floor":23.0},{"not_picked":["Crescendo+1","Fasting2"],"picked":"MentalFortress+1","floor":25.0},{"not_picked":["PathToVictory","Consecrate"],"picked":"Wish","floor":29.0},{"not_picked":["FlyingSleeves","Indignation","Wireheading"],"picked":"SKIP","floor":29.0},{"not_picked":["Collect","Halt+1"],"picked":"TalkToTheHand+1","floor":31.0},{"not_picked":["WreathOfFlame","Crescendo","Evaluate+1"],"picked":"SKIP","floor":31.0},{"not_picked":["Ragnarok","Omniscience"],"picked":"LessonLearned","floor":33.0},{"not_picked":["CrushJoints","LikeWater+1","Consecrate+1"],"picked":"SKIP","floor":35.0},{"not_picked":["EmptyFist","ThirdEye","BowlingBash+1"],"picked":"SKIP","floor":35.0},{"not_picked":["Consecrate+1","Vengeance","MentalFortress+1"],"picked":"SKIP","floor":38.0},{"not_picked":["Perseverance+1","Halt","CrushJoints+1"],"picked":"SKIP","floor":38.0},{"not_picked":["Protect+1","FlurryOfBlows+1","Crescendo"],"picked":"SKIP","floor":41.0},{"not_picked":["Protect+1","FlurryOfBlows+1","Crescendo"],"picked":"SKIP","floor":41.0},{"not_picked":["Evaluate","BowlingBash"],"picked":"WreathOfFlame+1","floor":42.0},{"not_picked":["Swivel","Protect","Crescendo+1"],"picked":"SKIP","floor":42.0},{"not_picked":["CutThroughFate+1","Crescendo"],"picked":"Scrawl","floor":44.0},{"not_picked":["Consecrate","PathToVictory+1","Protect+1"],"picked":"SKIP","floor":44.0},{"not_picked":["Evaluate","SignatureMove"],"picked":"Establishment","floor":45},{"not_picked":["Sanctity+1","FlyingSleeves+1"],"picked":"CutThroughFate","floor":47}],"player_experience":1039475,"relics_obtained":[{"floor":7.0,"key":"Eternal Feather"},{"floor":9.0,"key":"Bronze Scales"},{"floor":11.0,"key":"TeardropLocket"},{"floor":13.0,"key":"Ginger"},{"floor":23.0,"key":"Prayer Wheel"},{"floor":25.0,"key":"MawBank"},{"floor":26.0,"key":"Orichalcum"},{"floor":41.0,"key":"War Paint"},{"floor":45,"key":"Dead Branch"},{"floor":47,"key":"Smiling Mask"}],"event_choices":[{"damage_healed":0.0,"max_hp_gain":0.0,"max_hp_loss":0.0,"gold_gain":0.0,"event_name":"Shining Light","player_choice":"Entered Light","floor":2.0,"gold_loss":0.0,"damage_taken":14.0,"cards_upgraded":["Blasphemy","CutThroughFate"]},{"cards_removed":["Strike_P"],"damage_healed":0.0,"max_hp_gain":0.0,"max_hp_loss":0.0,"gold_gain":0.0,"event_name":"Golden Wing","player_choice":"Card Removal","floor":3.0,"gold_loss":0.0,"damage_taken":7.0},{"damage_healed":21.0,"max_hp_gain":0.0,"max_hp_loss":0.0,"gold_gain":0.0,"event_name":"Wheel of Change","player_choice":"Full Heal","floor":5.0,"gold_loss":0.0,"damage_taken":0.0},{"damage_healed":0.0,"max_hp_gain":0.0,"max_hp_loss":0.0,"gold_gain":0.0,"event_name":"The Library","player_choice":"Read","floor":19.0,"gold_loss":0.0,"damage_taken":0.0,"cards_obtained":["ForeignInfluence"]},{"damage_healed":0.0,"max_hp_gain":0.0,"max_hp_loss":0.0,"gold_gain":0.0,"event_name":"The Joust","player_choice":"Bet on Murderer","floor":20.0,"gold_loss":50.0,"damage_taken":0.0},{"damage_healed":0.0,"max_hp_gain":0.0,"max_hp_loss":0.0,"gold_gain":0.0,"event_name":"Wheel of Change","player_choice":"Cursed","floor":36.0,"gold_loss":0.0,"damage_taken":0.0,"cards_obtained":["Decay"]}],"is_beta":false,"boss_relics":[{"not_picked":["Tiny House","Snecko Eye"],"picked":"HolyWater"},{"not_picked":["Busted Crown","SacredBark"],"picked":"Fusion Hammer"}],"items_purged_floors":[21,27],"is_endless":false,"potions_floor_spawned":[4,8,11,14,18,23,25,31,35,38,42,44],"killed_by":"4 Shapes","ascension_level":5}}