{"host":"i0avyit1s6jb1siw","time":1609607596,"event":{"mods":["BaseMod","DeckTracker","Dota2Spire","Highlight Path","Minty Spire (QoL Compilation)","Quick Restart","Replay The Spire","StSLib","SuperFastMode"],"gold_per_floor":[114,114,129,149,169,169,194,194,243,168,187,217,227,127,127,202,202,202,202,31,0,0,0,0],"floor_reached":23,"playtime":418,"items_purged":["Strike_R","Defend_R"],"score":456,"play_id":"72337232-cb6d-47ea-b866-368069ab4a8b","local_time":"20210102181316","is_ascension_mode":true,"campfire_choices":[{"data":"Bash","floor":6,"key":"SMITH"},{"floor":8,"key":"REST"},{"data":"Fire Breathing","floor":15,"key":"SMITH"}],"circlet_count":0,"master_deck":["AscendersBane","Strike_R","Strike_R","Strike_R","Strike_R","Defend_R","Defend_R","Defend_R","Bash+1","Shrug It Off","Fire Breathing+1","Anger","Power Through","Reckless Charge","Shrug It Off","Shrug It Off","Warcry+1","Seeing Red"],"relics":["Burning Blood","Bag of Marbles","Onion Ring","Strawberry","Tiny Chest","Ectoplasm","Orrery"],"acts_visited":["Exordium","TheCity"],"potions_floor_usage":[7,12,16,23],"damage_taken":[{"damage":12,"enemies":"Small Slimes","floor":1,"turns":4},{"damage":0,"enemies":"Cultist","floor":3,"turns":3},{"damage":8,"enemies":"2 Louse","floor":4,"turns":3},{"damage":11,"enemies":"Large Slime","floor":5,"turns":6},{"damage":41,"enemies":"Lagavulin","floor":7,"turns":8},{"damage":0,"enemies":"3 Louse","floor":11,"turns":1},{"damage":0,"enemies":"Gremlin Nob","floor":12,"turns":1},{"damage":3,"enemies":"Blue Slaver","floor":13,"turns":3},{"damage":29,"enemies":"Hexaghost","floor":16,"turns":9},{"damage":11,"enemies":"Shell Parasite","floor":18,"turns":5},{"damage":7,"enemies":"2 Thieves","floor":21,"turns":3},{"damage":13,"enemies":"Snake Plant","floor":22,"turns":4},{"damage":61,"enemies":"Book of Stabbing","floor":23,"turns":5}],"seed_played":"-1541726980046646713","potions_obtained":[{"floor":3,"key":"Weak Potion"},{"floor":4,"key":"LifebloodPotion"},{"floor":7,"key":"AttackPotion"},{"floor":12,"key":"PowerPotion"},{"floor":16,"key":"Ancient Potion"}],"is_trial":false,"path_per_floor":["M","?","M","M","M","R","E","R","T","$","M","E","M","$","R","B",null,"M","?","$","M","M","E"],"character_chosen":"IRONCLAD","items_purchased":["Orrery"],"campfire_rested":1,"item_purchase_floors":[20],"current_hp_per_floor":[62,62,68,66,61,61,26,48,55,55,61,67,70,70,70,47,73,68,68,68,67,60,0,0],"gold":0,"neow_bonus":"RANDOM_COMMON_RELIC","is_daily":false,"chose_seed":false,"campfire_upgraded":2,"win_rate":0.0,"timestamp":1609607596,"path_taken":["M","?","M","?","M","R","E","R","T","$","M","E","M","$","R","BOSS","M","?","$","M","M","E"],"items_purchased_type":["Relic"],"build_version":"2020-12-22","purchased_purges":2,"victory":false,"max_hp_per_floor":[75,75,75,75,75,75,75,75,82,82,82,82,82,82,82,82,82,82,82,82,82,82,82,82],"card_choices":[{"not_picked":["Body Slam","Sword Boomerang"],"picked":"Shrug It Off","floor":1},{"not_picked":["Flex","Infernal Blade","Searing Blow"],"picked":"SKIP","floor":3},{"not_picked":["Abandon","Cleave","Intimidate"],"picked":"SKIP","floor":4},{"not_picked":["Cleave","Feel No Pain"],"picked":"Anger","floor":5},{"not_picked":["True Grit","ReplayTheSpireMod:Stacked","Thunderclap"],"picked":"SKIP","floor":7},{"not_picked":["ReplayTheSpireMod:Muscle Training","Thunderclap","Searing Blow"],"picked":"SKIP","floor":11},{"not_picked":["Entrench","ReplayTheSpireMod:Corrosion Curse"],"picked":"Power Through","floor":12},{"not_picked":["Sentinel","Body Slam","Headbutt"],"picked":"SKIP","floor":13},{"not_picked":["Run Through","ReplayTheSpireMod:Limb From Limb"],"picked":"Reckless Charge","floor":18},{"not_picked":["Clothesline","ReplayTheSpireMod:Strike From Hell"],"picked":"Shrug It Off","floor":20},{"not_picked":["Perfected Strike+1","Entrench"],"picked":"Shrug It Off","floor":20},{"not_picked":["Havoc","Sword Boomerang"],"picked":"Warcry+1","floor":20},{"not_picked":["Shrug It Off","Infernal Blade"],"picked":"Seeing Red","floor":21},{"not_picked":["Blood for Blood","Massacre","Heavy Blade"],"picked":"SKIP","floor":22}],"player_experience":2164920,"relics_obtained":[{"floor":7,"key":"Onion Ring"},{"floor":9,"key":"Strawberry"},{"floor":12,"key":"Tiny Chest"}],"event_choices":[{"damage_healed":0,"gold_gain":0,"player_choice":"1 cards matched","damage_taken":0,"max_hp_gain":0,"max_hp_loss":0,"event_name":"Match and Keep!","floor":2,"gold_loss":0,"cards_obtained":["Fire Breathing"]},{"damage_healed":0,"gold_gain":50,"player_choice":"Stole From Cult","damage_taken":0,"max_hp_gain":0,"max_hp_loss":0,"event_name":"Nest","floor":19,"gold_loss":0}],"is_beta":false,"boss_relics":[{"not_picked":["Abe\u0027s Treasure","Replay:Bronze Core"],"picked":"Ectoplasm"}],"items_purged_floors":[10,14],"is_endless":false,"potions_floor_spawned":[3,4,7,12,16,21],"killed_by":"Book of Stabbing","ascension_level":20}}