{"host":"aewhn2fld106mlky","time":1609564170,"event":{"mods":["Act Like it!","BaseMod","Downfall","GungeonMod","Koishi","KomeijiMod","Minty Spire (QoL Compilation)","Quick Restart","Relic Stats","Spicy Shops","StSLib","The Jungle","The Mystic"],"gold_per_floor":[117,26,26,66,66,84,84,56,56,56,56,69,109,126,126,231,231,294,294,294,33,45,45,345,345,345,356,372,384,415,425,425,530,530,548,548,548],"floor_reached":36,"playtime":1253,"items_purged":[],"score":377,"play_id":"d5fb5a4c-420d-4a56-8ead-b95f62225a4d","local_time":"20210102130930","is_ascension_mode":false,"campfire_choices":[{"floor":7.0,"key":"DIG"},{"floor":11.0,"key":"DIG"},{"data":"DemoMod:LifeOrb","floor":15.0,"key":"SMITH"},{"floor":23.0,"key":"DIG"},{"floor":25.0,"key":"DIG"},{"floor":32,"key":"REST"}],"circlet_count":0,"master_deck":["DemoMod:Strike_Huntress+1","DemoMod:Strike_Huntress","DemoMod:Defend_Huntress+1","DemoMod:Defend_Huntress","DemoMod:Defend_Huntress","DemoMod:Roll","DemoMod:ManualReload","DemoMod:RustySidearm","DemoMod:CrossBow","DemoMod:JK47+1","DemoMod:CursedBullets","DemoMod:PotionOfGunFriendShip","DemoMod:ChanceBullets","DemoMod:LifeOrb+1","DemoMod:BalloonGun","DemoMod:HungryBullets","DemoMod:PotionOfGunFriendShip+1","DemoMod:Evolver","DemoMod:DarkMarker","DemoMod:DoubleVision"],"relics":["DemoMod:Dog","NeowsBlessing","Shovel","Omamori","Matryoshka","DemoMod:Plus1Bullets","Dream Catcher","Toy Ornithopter","Odd Mushroom","Empty Cage","theJungle:WildPear","DemoMod:MeltedRock","Orichalcum","Ancient Tea Set","White Beast Statue","Pear","DemoMod:OrangeGuonStone","DemoMod:CrisisStone","Black Star"],"acts_visited":["Exordium","Exordium","TheBeyond"],"potions_floor_usage":[28,29,30,31,36],"damage_taken":[{"damage":0.0,"enemies":"Jaw Worm","floor":1.0,"turns":1.0},{"damage":0.0,"enemies":"Cultist","floor":4.0,"turns":2.0},{"damage":0.0,"enemies":"Cultist","floor":6.0,"turns":1.0},{"damage":0.0,"enemies":"Small Slimes","floor":12.0,"turns":3.0},{"damage":0.0,"enemies":"The Mushroom Lair","floor":13.0,"turns":4.0},{"damage":0.0,"enemies":"2 Fungi Beasts","floor":14.0,"turns":5.0},{"damage":65.0,"enemies":"Hexaghost","floor":16.0,"turns":15.0},{"damage":12.0,"enemies":"theJungle:MUSHROOMGANG","floor":18.0,"turns":4.0},{"damage":22.0,"enemies":"theJungle:GiantWrat","floor":22.0,"turns":4.0},{"damage":24.0,"enemies":"theJungle:Lyon","floor":27.0,"turns":5.0},{"damage":7,"enemies":"theJungle:2_Snecko_Cultists","floor":28,"turns":3},{"damage":3,"enemies":"theJungle:Snecko_Cultist_And_Trap","floor":29,"turns":3},{"damage":0,"enemies":"theJungle:Lyon","floor":30,"turns":3},{"damage":0,"enemies":"theJungle:Lyon","floor":31,"turns":4},{"damage":11,"enemies":"theJungle:FunGuy","floor":33,"turns":7},{"damage":42,"enemies":"3 Darklings","floor":35,"turns":4}],"seed_played":"-1026246038758241546","potions_obtained":[{"floor":1.0,"key":"CalmPotion"},{"floor":1.0,"key":"Energy Potion"},{"floor":6.0,"key":"AttackPotion"},{"floor":16.0,"key":"ColorlessPotion"},{"floor":27.0,"key":"Strength Potion"},{"floor":28,"key":"LiquidMemories"},{"floor":29,"key":"ColorlessPotion"},{"floor":31,"key":"LiquidMemories"},{"floor":33,"key":"Strength Potion"}],"is_trial":false,"path_per_floor":["M","$","?","?","?","M","R","?","T","?","R","M","?","M","R","B",null,"M","?","?","$","M","R","?","R","T","M","M","M","?","M","R","B",null,"M","M"],"character_chosen":"HUNTRESS","items_purchased":["Shovel","DemoMod:MeltedRock"],"campfire_rested":1,"item_purchase_floors":[2,21],"current_hp_per_floor":[70,70,70,70,56,56,56,56,56,70,70,70,70,70,70,5,70,58,67,77,77,55,55,29,29,39,15,13,15,20,25,52,41,90,48,0,0],"gold":548,"neow_bonus":"THREE_ENEMY_KILL","is_daily":false,"chose_seed":false,"campfire_upgraded":1,"win_rate":0.0,"timestamp":1609564170,"path_taken":["M","$","?","?","?","M","R","?","T","?","R","?","?","M","R","BOSS","M","?","?","$","?","R","?","R","T","M","M","M","?","M","R","BOSS","M","M"],"items_purchased_type":["Relic","Relic"],"build_version":"2020-12-22","purchased_purges":0,"victory":false,"max_hp_per_floor":[70,70,70,70,70,70,70,70,70,70,70,70,70,70,70,70,70,70,70,80,80,80,80,80,80,90,90,90,90,90,90,90,90,90,90,90,90],"relic_stats":{"Dream Catcher":1,"Shovel":4,"counters":[17,74],"Black Star":0,"Orichalcum":[48],"obtain_stats":[{"DemoMod:Armor":8,"Pear":26,"DemoMod:Dog":0,"NeowsBlessing":0,"DemoMod:OrangeGuonStone":27,"DemoMod:Plus1Bullets":9,"DemoMod:GlassGuonStoneRelic":1,"Omamori":4,"theJungle:WildPear":20,"Odd Mushroom":13,"Orichalcum":23,"Empty Cage":17,"Ancient Tea Set":25,"White Beast Statue":26,"Dream Catcher":9,"DemoMod:CrisisStone":30,"Shovel":2,"Matryoshka":7,"DemoMod:MeltedRock":21,"Black Star":34,"Toy Ornithopter":11},{"DemoMod:Armor":3,"Pear":9,"DemoMod:Dog":0,"NeowsBlessing":0,"DemoMod:OrangeGuonStone":10,"DemoMod:Plus1Bullets":3,"DemoMod:GlassGuonStoneRelic":1,"Omamori":2,"theJungle:WildPear":8,"Odd Mushroom":5,"Orichalcum":9,"Empty Cage":7,"Ancient Tea Set":9,"White Beast Statue":9,"Dream Catcher":3,"DemoMod:CrisisStone":13,"Shovel":1,"Matryoshka":3,"DemoMod:MeltedRock":8,"Black Star":15,"Toy Ornithopter":3},{"DemoMod:Armor":4,"Pear":39,"DemoMod:Dog":0,"NeowsBlessing":0,"DemoMod:OrangeGuonStone":44,"DemoMod:Plus1Bullets":4,"DemoMod:GlassGuonStoneRelic":1,"Omamori":3,"theJungle:WildPear":35,"Odd Mushroom":11,"Orichalcum":39,"Empty Cage":31,"Ancient Tea Set":39,"White Beast Statue":39,"Dream Catcher":4,"DemoMod:CrisisStone":53,"Shovel":1,"Matryoshka":4,"DemoMod:MeltedRock":35,"Black Star":64,"Toy Ornithopter":4}],"Toy Ornithopter":25},"card_choices":[{"not_picked":["DemoMod:AWP","DemoMod:GunstockTap"],"picked":"DemoMod:JK47","floor":1.0},{"not_picked":["DemoMod:SAA","DemoMod:Ejector"],"picked":"DemoMod:CursedBullets","floor":4.0},{"not_picked":["DemoMod:Unmoved","DemoMod:ProbeStrike"],"picked":"DemoMod:PotionOfGunFriendShip","floor":6.0},{"not_picked":["DemoMod:MachoBrace","DemoMod:DoubleSwitch","DemoMod:GunstockTap"],"picked":"SKIP","floor":12.0},{"not_picked":["DemoMod:AbyssalTentacle","DemoMod:BattleInHaste"],"picked":"DemoMod:ChanceBullets","floor":13.0},{"not_picked":["DemoMod:StickyCrossBow","DemoMod:PracticeMakesPerfect"],"picked":"DemoMod:LifeOrb","floor":14.0},{"not_picked":["DemoMod:Gungine","DemoMod:FightSabre"],"picked":"DemoMod:BalloonGun","floor":16.0},{"not_picked":["DemoMod:ZorGun","DemoMod:HardPowerCard+1"],"picked":"DemoMod:HungryBullets","floor":18.0},{"not_picked":["DemoMod:SAA","DemoMod:JK47"],"picked":"DemoMod:PotionOfGunFriendShip+1","floor":22.0},{"not_picked":["DemoMod:StickyCrossBow","DemoMod:SkilledReload","DemoMod:HardPowerCard"],"picked":"SKIP","floor":27.0},{"not_picked":["DemoMod:SkilledReload","DemoMod:HighKaliber","DemoMod:DirectionalPad"],"picked":"SKIP","floor":28},{"not_picked":["DemoMod:GunstockTap+1","DemoMod:Unmoved+1","DemoMod:HungryBullets"],"picked":"SKIP","floor":29},{"not_picked":["DemoMod:Ejector+1","DemoMod:PotionOfGunFriendShip+1"],"picked":"DemoMod:Evolver","floor":30},{"not_picked":["DemoMod:Unmoved","DemoMod:Camera"],"picked":"DemoMod:DarkMarker","floor":31},{"not_picked":["DemoMod:FinishedGun","DemoMod:Slinger"],"picked":"DemoMod:DoubleVision","floor":33},{"not_picked":["DemoMod:Unmoved+1","DemoMod:AWP+1","DemoMod:HuntsMan+1"],"picked":"SKIP","floor":35}],"player_experience":38938,"relics_obtained":[{"floor":4.0,"key":"Omamori"},{"floor":7.0,"key":"Matryoshka"},{"floor":9.0,"key":"DemoMod:Plus1Bullets"},{"floor":9.0,"key":"Dream Catcher"},{"floor":11.0,"key":"Toy Ornithopter"},{"floor":13.0,"key":"Odd Mushroom"},{"floor":23.0,"key":"Orichalcum"},{"floor":25.0,"key":"Ancient Tea Set"},{"floor":26.0,"key":"White Beast Statue"},{"floor":26.0,"key":"Pear"},{"floor":27.0,"key":"DemoMod:OrangeGuonStone"},{"floor":30,"key":"DemoMod:CrisisStone"}],"event_choices":[{"damage_healed":0.0,"max_hp_gain":0.0,"max_hp_loss":0.0,"gold_gain":0.0,"event_name":"Accursed Blacksmith","player_choice":"Forge","floor":3.0,"gold_loss":0.0,"damage_taken":0.0,"cards_upgraded":["DemoMod:JK47"]},{"damage_healed":0.0,"max_hp_gain":0.0,"max_hp_loss":0.0,"gold_gain":0.0,"event_name":"Shining Light","player_choice":"Entered Light","floor":5.0,"gold_loss":0.0,"damage_taken":14.0,"cards_upgraded":["DemoMod:Strike_Huntress","DemoMod:Defend_Huntress"]},{"damage_healed":0.0,"max_hp_gain":0.0,"max_hp_loss":0.0,"gold_gain":0.0,"event_name":"Mushrooms","player_choice":"Fought Mushrooms","floor":13.0,"gold_loss":0.0,"damage_taken":0.0}],"is_beta":false,"boss_relics":[{"not_picked":["Philosopher\u0027s Stone","Astrolabe"],"picked":"Empty Cage"},{"not_picked":["Sozu","Tiny House"],"picked":"Black Star"}],"items_purged_floors":[],"is_endless":false,"potions_floor_spawned":[1,1,6,16,27,28,29,31,33,35],"killed_by":"3 Shapes","ascension_level":0}}