{"host":"t179ovrkr5k1gnfh","time":1609594391,"event":{"mods":["AchievementEnabler","BaseMod","Colored Map","Downfall","Minty Spire (QoL Compilation)","StSLib"],"gold_per_floor":[213,26,201,217,1,30,46,46,46,46,87,87,111,134,134,134,134,134],"floor_reached":16,"playtime":811,"items_purged":["Slimebound:Defend_Slimebound","Doubt"],"score":165,"play_id":"1920dcdf-4a04-4026-9c78-7274d9065c7d","local_time":"20210102143311","is_ascension_mode":true,"campfire_choices":[{"floor":15,"key":"REST"}],"circlet_count":0,"master_deck":["AscendersBane","Slimebound:Strike_Slimebound","Slimebound:Strike_Slimebound","Slimebound:Strike_Slimebound+1","Slimebound:Tackle","Slimebound:Defend_Slimebound","Slimebound:Defend_Slimebound","Slimebound:Defend_Slimebound","Slimebound:Split","Slimebound:CorrosiveSpit+1","Slimebound:HauntingLick","Slimebound:GrowthPunch","Slimebound:FormOfPuddle","Parasite","Slimebound:Dissolve"],"relics":["Slimebound:AbsorbEndCombat","Membership Card","CaptainsWheel","Bottled Lightning","Golden Idol","Smiling Mask"],"acts_visited":["Exordium"],"potions_floor_usage":[6,13,16],"damage_taken":[{"damage":5,"enemies":"Cultist","floor":1,"turns":4},{"damage":14,"enemies":"Small Slimes","floor":4,"turns":3},{"damage":43,"enemies":"3 Sentries","floor":6,"turns":9},{"damage":8,"enemies":"Jaw Worm","floor":7,"turns":3},{"damage":23,"enemies":"Lagavulin","floor":11,"turns":9},{"damage":22,"enemies":"Large Slime","floor":13,"turns":7},{"damage":9,"enemies":"Blue Slaver","floor":14,"turns":4},{"damage":49,"enemies":"Slime Boss","floor":16,"turns":10}],"seed_played":"1227414733453094958","potions_obtained":[{"floor":4,"key":"Ancient Potion"},{"floor":11,"key":"PowerPotion"},{"floor":13,"key":"ColorlessPotion"}],"is_trial":false,"path_per_floor":["M","$","?","M","$","E","M","?","T","?","E","?","M","M","R","B"],"character_chosen":"SLIMEBOUND","items_purchased":["Membership Card","Slimebound:GrowthPunch","CaptainsWheel"],"campfire_rested":1,"item_purchase_floors":[2,5,5],"current_hp_per_floor":[60,60,60,52,52,17,19,34,34,34,33,22,12,13,29,0,0,0],"gold":134,"neow_bonus":"HUNDRED_GOLD","is_daily":false,"chose_seed":false,"campfire_upgraded":0,"win_rate":0.0,"timestamp":1609594391,"path_taken":["M","$","?","M","$","E","M","?","T","?","E","?","?","M","R","BOSS"],"items_purchased_type":["Relic","Card","Relic"],"build_version":"2020-12-22","purchased_purges":2,"victory":false,"max_hp_per_floor":[60,60,60,60,60,60,60,60,60,56,56,56,56,56,56,56,56,56],"card_choices":[{"not_picked":["Slimebound:ComboTackle","Slimebound:SplitAcid"],"picked":"Slimebound:HauntingLick","floor":1},{"not_picked":["Slimebound:RollThrough","Slimebound:ComboTackle","Slimebound:ViciousTackle"],"picked":"SKIP","floor":4},{"not_picked":["Slimebound:FirmFortitude","Slimebound:DuplicatedForm","Slimebound:ForwardTackle"],"picked":"SKIP","floor":6},{"not_picked":["Slimebound:ComboTackle","Slimebound:GoopSpray"],"picked":"Slimebound:FormOfPuddle","floor":7},{"not_picked":["Slimebound:SlimeSpikes","Slimebound:ViciousTackle","Slimebound:SamplingLick"],"picked":"SKIP","floor":11},{"not_picked":["Slimebound:LeechingTouch","Slimebound:RollThrough","Slimebound:GoopTackle"],"picked":"SKIP","floor":13},{"not_picked":["Slimebound:Schlurp","Slimebound:SplitMire"],"picked":"Slimebound:Dissolve","floor":14}],"player_experience":198949,"relics_obtained":[{"floor":6,"key":"Bottled Lightning"},{"floor":11,"key":"Smiling Mask"}],"event_choices":[{"damage_healed":0,"gold_gain":175,"player_choice":"AGREE","damage_taken":0,"max_hp_gain":0,"max_hp_loss":0,"event_name":"Liars Game","floor":3,"gold_loss":0,"cards_obtained":["Doubt"]},{"damage_healed":15,"gold_gain":0,"player_choice":"Healed and dodged fight","damage_taken":0,"max_hp_gain":0,"max_hp_loss":0,"event_name":"Mushrooms","floor":8,"gold_loss":0,"cards_obtained":["Parasite"]},{"damage_healed":0,"gold_gain":0,"player_choice":"Lose Max HP","damage_taken":0,"relics_obtained":["Golden Idol"],"max_hp_gain":0,"max_hp_loss":4,"event_name":"Golden Idol","floor":10,"gold_loss":0},{"damage_healed":0,"gold_gain":0,"player_choice":"Entered Light","damage_taken":11,"max_hp_gain":0,"max_hp_loss":0,"event_name":"Shining Light","floor":12,"gold_loss":0,"cards_upgraded":["Slimebound:Strike_Slimebound","Slimebound:CorrosiveSpit"]}],"is_beta":false,"boss_relics":[],"items_purged_floors":[2,5],"is_endless":false,"potions_floor_spawned":[4,11,13],"killed_by":"Slime Boss","ascension_level":10}}