{"host":"tiwza2kisyyrpq7h","time":1609602800,"event":{"mods":["BaseMod","Colored Powertips","Minty Spire (QoL Compilation)","Quick Restart","Rare Cards Sparkle","StSLib","SuperFastMode","The Servant 0.9.4","óô»ðÖ¸ÄÏ"],"gold_per_floor":[19,34,48,48,60,60,75,75,75,86,86,11,30,20,20,94,94,111,111,111,121,121,148,163,163,163,180,23,23,23,23,23,100,100,111,129,141,153,153,153,180,180,180,180,214,227,237,19,19,19],"floor_reached":51,"playtime":1584,"items_purged":["Pain","Parasite"],"score":1346,"play_id":"9dc53431-44f7-4ef7-a52a-4552b2e6472e","local_time":"20210102235320","is_ascension_mode":true,"campfire_choices":[{"data":"Adaptation","floor":6.0,"key":"SMITH"},{"data":"Collect","floor":8.0,"key":"SMITH"},{"data":"Apotheosis","floor":15.0,"key":"SMITH"},{"floor":25.0,"key":"REST"},{"data":"MentalFortress","floor":32.0,"key":"SMITH"},{"floor":40.0,"key":"REST"},{"floor":44.0,"key":"REST"},{"floor":49.0,"key":"REST"}],"circlet_count":0,"master_deck":["AscendersBane","Strike_P+1","Strike_P","Defend_P","Defend_P","Defend_P","Eruption+1","Vigilance","Adaptation+1","FlurryOfBlows","ReachHeaven","Collect+1","TalkToTheHand+1","WheelKick","Protect","Apotheosis+1","Tantrum","Ragnarok","FlurryOfBlows","Fasting2","MentalFortress+1","Perseverance","Vengeance","JustLucky","DeceiveReality","Establishment","Adaptation+1","LessonLearned","Adaptation+1","Tantrum+1","WreathOfFlame+1","FearNoEvil+1","FlurryOfBlows+1","BattleHymn","ReachHeaven+1"],"relics":["Incense Burner","Regal Pillow","WarpedTongs","ClockworkSouvenir","Philosopher\u0027s Stone","Damaru","HornCleat","Anchor","Nloth\u0027s Gift","Runic Pyramid","Molten Egg 2","Nunchaku","Pear","Blue Candle"],"acts_visited":["Exordium","TheCity","TheBeyond"],"potions_floor_usage":[50,50,50,50],"damage_taken":[{"damage":1.0,"enemies":"Cultist","floor":1.0,"turns":4.0},{"damage":1.0,"enemies":"Jaw Worm","floor":2.0,"turns":3.0},{"damage":0.0,"enemies":"Small Slimes","floor":3.0,"turns":2.0},{"damage":9.0,"enemies":"Exordium Thugs","floor":5.0,"turns":4.0},{"damage":10.0,"enemies":"3 Louse","floor":7.0,"turns":3.0},{"damage":3.0,"enemies":"Lots of Slimes","floor":10.0,"turns":4.0},{"damage":6.0,"enemies":"Looter","floor":13.0,"turns":3.0},{"damage":4.0,"enemies":"Hexaghost","floor":16.0,"turns":6.0},{"damage":6.0,"enemies":"Shell Parasite","floor":18.0,"turns":4.0},{"damage":0.0,"enemies":"2 Thieves","floor":21.0,"turns":1.0},{"damage":17.0,"enemies":"Slavers","floor":23.0,"turns":4.0},{"damage":12.0,"enemies":"Chosen and Byrds","floor":24.0,"turns":4.0},{"damage":0.0,"enemies":"Cultist and Chosen","floor":27.0,"turns":4.0},{"damage":9.0,"enemies":"Automaton","floor":33.0,"turns":5.0},{"damage":0.0,"enemies":"Orb Walker","floor":35.0,"turns":3.0},{"damage":31.0,"enemies":"3 Darklings","floor":36.0,"turns":5.0},{"damage":6.0,"enemies":"Transient","floor":37.0,"turns":6.0},{"damage":1.0,"enemies":"Writhing Mass","floor":38.0,"turns":5.0},{"damage":20.0,"enemies":"Giant Head","floor":41.0,"turns":6.0},{"damage":3.0,"enemies":"Nemesis","floor":45.0,"turns":5.0},{"damage":7.0,"enemies":"Spire Growth","floor":46.0,"turns":5.0},{"damage":12.0,"enemies":"4 Shapes","floor":47.0,"turns":3.0},{"damage":59,"enemies":"Awakened One","floor":50,"turns":8}],"seed_played":"-2466628833886444690","potions_obtained":[{"floor":1.0,"key":"Energy Potion"},{"floor":2.0,"key":"EssenceOfSteel"},{"floor":13.0,"key":"AttackPotion"},{"floor":16.0,"key":"LiquidMemories"},{"floor":21.0,"key":"SpeedPotion"},{"floor":23.0,"key":"FearPotion"},{"floor":24.0,"key":"DuplicationPotion"},{"floor":36.0,"key":"Strength Potion"},{"floor":37.0,"key":"SteroidPotion"},{"floor":46.0,"key":"EntropicBrew"}],"is_trial":false,"path_per_floor":["M","M","M","?","M","R","M","R","T","M","?","$","M","$","R","B",null,"M","?","?","M","?","E","M","R","T","M","R","$","?","?","R","B",null,"M","M","M","M","?","R","E","T","T","R","E","M","M","$","R","B",null],"character_chosen":"WATCHER","items_purchased":["Protect","Apotheosis","ClockworkSouvenir","Tantrum","Anchor","BattleHymn","ReachHeaven+1"],"campfire_rested":4,"item_purchase_floors":[14,14,14,14,28,48,48],"current_hp_per_floor":[60,59,59,59,50,50,40,40,40,37,37,37,31,31,31,27,58,52,33,33,33,73,56,44,73,73,73,73,73,73,73,73,64,71,71,40,34,33,33,69,49,49,59,83,80,73,61,61,80,21],"gold":19,"neow_bonus":"ONE_RARE_RELIC","is_daily":false,"chose_seed":false,"campfire_upgraded":4,"win_rate":0.0,"timestamp":1609602800,"path_taken":["M","M","M","?","M","R","M","R","T","?","?","$","M","?","R","BOSS","M","?","?","M","?","E","?","R","T","M","R","$","?","?","R","BOSS","M","M","?","M","?","R","E","?","T","R","E","M","?","$","R","BOSS"],"items_purchased_type":["Card","Card","Relic","Card","Relic","Card","Card"],"build_version":"2020-12-22","purchased_purges":2,"victory":true,"max_hp_per_floor":[68,68,68,68,68,68,68,68,68,68,68,68,68,68,68,68,68,68,73,73,73,73,73,73,73,73,73,73,73,73,73,73,73,73,73,73,73,73,73,73,73,73,83,83,83,83,83,80,80,80],"card_choices":[{"not_picked":["WaveOfTheHand","CrushJoints"],"picked":"Adaptation","floor":1.0},{"not_picked":["Evaluate","JustLucky"],"picked":"WheelKick","floor":2.0},{"not_picked":["Evaluate","CrushJoints"],"picked":"FlurryOfBlows","floor":3.0},{"not_picked":["Weave","ClearTheMind"],"picked":"ReachHeaven","floor":5.0},{"not_picked":["Evaluate","SashWhip"],"picked":"Collect","floor":7.0},{"not_picked":["FlyingSleeves","Collect"],"picked":"TalkToTheHand","floor":10.0},{"not_picked":["EmptyFist","FlyingSleeves"],"picked":"WheelKick","floor":13.0},{"not_picked":["Wish","SpiritShield"],"picked":"Ragnarok","floor":16.0},{"not_picked":["FlyingSleeves","Conclude"],"picked":"FlurryOfBlows","floor":18.0},{"not_picked":["Evaluate","FlurryOfBlows"],"picked":"Fasting2","floor":21.0},{"not_picked":["WindmillStrike+1","ThirdEye"],"picked":"MentalFortress","floor":23.0},{"not_picked":["CutThroughFate","FollowUp+1"],"picked":"Perseverance","floor":24.0},{"not_picked":["FollowUp","WindmillStrike"],"picked":"Vengeance","floor":27.0},{"not_picked":["DeusExMachina","Scrawl"],"picked":"Establishment","floor":33.0},{"not_picked":["PathToVictory","FlyingSleeves"],"picked":"Adaptation+1","floor":35.0},{"not_picked":["EmptyBody","ClearTheMind"],"picked":"LessonLearned","floor":36.0},{"not_picked":["FollowUp+1","FlurryOfBlows+1","Brilliance"],"picked":"SKIP","floor":37.0},{"not_picked":["ClearTheMind","ThirdEye"],"picked":"Adaptation+1","floor":38.0},{"not_picked":["WindmillStrike+1","Perseverance"],"picked":"Tantrum+1","floor":41.0},{"not_picked":["EmptyFist+1","SandsOfTime+1"],"picked":"WreathOfFlame+1","floor":45.0},{"not_picked":["DeceiveReality","PathToVictory"],"picked":"FearNoEvil+1","floor":46.0},{"not_picked":["SashWhip+1","ForeignInfluence"],"picked":"FlurryOfBlows+1","floor":47.0}],"player_experience":928238,"relics_obtained":[{"floor":9.0,"key":"Regal Pillow"},{"floor":23.0,"key":"Damaru"},{"floor":26.0,"key":"HornCleat"},{"floor":41.0,"key":"Molten Egg 2"},{"floor":42.0,"key":"Nunchaku"},{"floor":43.0,"key":"Pear"},{"floor":45.0,"key":"Blue Candle"}],"event_choices":[{"damage_healed":0.0,"max_hp_gain":0.0,"max_hp_loss":0.0,"gold_gain":0.0,"event_name":"Upgrade Shrine","player_choice":"Upgraded","floor":4.0,"gold_loss":0.0,"damage_taken":0.0,"cards_upgraded":["Eruption"]},{"damage_healed":0.0,"max_hp_gain":0.0,"max_hp_loss":0.0,"gold_gain":0.0,"event_name":"Accursed Blacksmith","player_choice":"Rummage","floor":11.0,"gold_loss":0.0,"damage_taken":0.0,"relics_obtained":["WarpedTongs"],"cards_obtained":["Pain"]},{"damage_healed":0.0,"max_hp_gain":5.0,"max_hp_loss":0.0,"gold_gain":0.0,"event_name":"Forgotten Altar","player_choice":"Shed Blood","floor":19.0,"gold_loss":0.0,"damage_taken":24.0},{"cards_removed":["Strike_P"],"damage_healed":0.0,"max_hp_gain":0.0,"max_hp_loss":0.0,"gold_gain":0.0,"event_name":"Back to Basics","player_choice":"Elegance","floor":20.0,"gold_loss":0.0,"damage_taken":0.0},{"cards_removed":["WheelKick"],"damage_healed":40.0,"max_hp_gain":0.0,"max_hp_loss":0.0,"gold_gain":0.0,"event_name":"Bonfire Elementals","player_choice":"Offered Uncommon","floor":22.0,"gold_loss":0.0,"damage_taken":0.0},{"damage_healed":0.0,"max_hp_gain":0.0,"max_hp_loss":0.0,"gold_gain":0.0,"cards_transformed":["Strike_P","Defend_P"],"event_name":"Drug Dealer","player_choice":"Became Test Subject","floor":30.0,"gold_loss":0.0,"damage_taken":0.0,"cards_obtained":["JustLucky","DeceiveReality"]},{"damage_healed":0.0,"max_hp_gain":0.0,"max_hp_loss":0.0,"gold_gain":0.0,"event_name":"N\u0027loth","player_choice":"Traded Relic","floor":31.0,"relics_lost":["PureWater"],"gold_loss":0.0,"damage_taken":0.0,"relics_obtained":["Nloth\u0027s Gift"]},{"damage_healed":0.0,"max_hp_gain":0.0,"max_hp_loss":0.0,"gold_gain":0.0,"event_name":"The Moai Head","player_choice":"Ignored","floor":39.0,"gold_loss":0.0,"damage_taken":0.0}],"is_beta":false,"boss_relics":[{"not_picked":["Astrolabe","Runic Dome"],"picked":"Philosopher\u0027s Stone"},{"not_picked":["Black Star","SacredBark"],"picked":"Runic Pyramid"}],"items_purged_floors":[12,48],"is_endless":false,"potions_floor_spawned":[1,2,13,16,21,23,24,36,37,46,47],"ascension_level":18}}