{"host":"ryuep8ewa00k39z9","time":1609631367,"event":{"mods":["AchievementEnabler","BaseMod","Best Route Mod","Colored Map","Colored Powertips","Displayed Cursed Tome","Highlight Path","Minty Spire (QoL Compilation)","Quick Restart","SuperFastMode"],"gold_per_floor":[366,1,19,19,31,58,58,58,107,5,5,80,50,50,50,173,173,194,244,46,46,46,46,46],"floor_reached":23,"playtime":799,"items_purged":["Shame","Strike_B","Strike_B"],"score":238,"play_id":"de8d1f0b-a66b-4adb-908f-fca9aa948126","local_time":"20210102174927","is_ascension_mode":true,"campfire_choices":[{"floor":8.0,"key":"REST"},{"floor":15.0,"key":"REST"}],"circlet_count":0,"master_deck":["Strike_B","Strike_B","Defend_B","Defend_B","Zap","Dualcast","Capacitor","Coolheaded+1","Fission","Compile Driver","Doom and Gloom","Defragment","Defragment"],"relics":["Cracked Core","Runic Capacitor","Bag of Marbles","Juzu Bracelet","Centennial Puzzle","Golden Idol","Smiling Mask","Black Star"],"acts_visited":["Exordium","TheCity"],"potions_floor_usage":[18,18],"damage_taken":[{"damage":7.0,"enemies":"Jaw Worm","floor":1.0,"turns":2.0},{"damage":2.0,"enemies":"Small Slimes","floor":3.0,"turns":4.0},{"damage":1.0,"enemies":"Cultist","floor":5.0,"turns":3.0},{"damage":10.0,"enemies":"3 Sentries","floor":6.0,"turns":4.0},{"damage":16.0,"enemies":"Hexaghost","floor":16.0,"turns":9.0},{"damage":66,"enemies":"3 Byrds","floor":18,"turns":8},{"damage":8,"enemies":"Book of Stabbing","floor":23,"turns":3}],"seed_played":"-9176411112365969693","potions_obtained":[{"floor":1.0,"key":"DuplicationPotion"},{"floor":3.0,"key":"EssenceOfDarkness"},{"floor":6.0,"key":"Regen Potion"},{"floor":13.0,"key":"BlessingOfTheForge"},{"floor":13.0,"key":"Swift Potion"},{"floor":16.0,"key":"Weak Potion"},{"floor":18,"key":"Ancient Potion"}],"is_trial":false,"path_per_floor":["M","$","M","?","M","E","?","R","T","$","?","?","?","?","R","B",null,"M","?","$","?","?","E"],"character_chosen":"DEFECT","items_purchased":["Runic Capacitor","Bag of Marbles","Coolheaded","Doom and Gloom","Defragment"],"campfire_rested":2,"item_purchase_floors":[2,2,10,20,20],"current_hp_per_floor":[61,61,59,47,46,36,36,56,56,56,56,45,45,38,58,42,62,11,11,11,11,11,3,3],"gold":46,"neow_bonus":"TWO_FIFTY_GOLD","is_daily":false,"chose_seed":false,"campfire_upgraded":0,"win_rate":0.0,"timestamp":1609631367,"path_taken":["M","$","M","?","M","E","?","R","T","$","?","?","?","?","R","BOSS","M","?","$","?","?","E"],"items_purchased_type":["Relic","Relic","Card","Card","Card"],"build_version":"2020-12-22","purchased_purges":3,"victory":false,"max_hp_per_floor":[75,75,75,75,75,75,69,69,69,69,69,69,69,69,69,69,69,69,69,69,69,69,69,69],"card_choices":[{"not_picked":["Go for the Eyes","Genetic Algorithm"],"picked":"Capacitor","floor":3.0},{"not_picked":["Leap","Streamline","Capacitor"],"picked":"SKIP","floor":5.0},{"not_picked":["BootSequence","Sweeping Beam","Heatsinks"],"picked":"SKIP","floor":6.0},{"not_picked":["Rainbow","Buffer"],"picked":"Fission","floor":16.0},{"not_picked":["Stack","Capacitor+1"],"picked":"Compile Driver","floor":18}],"player_experience":3749855,"relics_obtained":[{"floor":6.0,"key":"Centennial Puzzle"},{"floor":9.0,"key":"Smiling Mask"}],"event_choices":[{"damage_healed":0.0,"max_hp_gain":0.0,"max_hp_loss":0.0,"gold_gain":0.0,"event_name":"Scrap Ooze","player_choice":"Success","floor":4.0,"gold_loss":0.0,"damage_taken":12.0,"relics_obtained":["Juzu Bracelet"]},{"damage_healed":0.0,"max_hp_gain":0.0,"max_hp_loss":6.0,"gold_gain":0.0,"event_name":"Golden Idol","player_choice":"Lose Max HP","floor":7.0,"gold_loss":0.0,"damage_taken":0.0,"relics_obtained":["Golden Idol"]},{"damage_healed":0.0,"max_hp_gain":0.0,"max_hp_loss":0.0,"gold_gain":0.0,"event_name":"Upgrade Shrine","player_choice":"Upgraded","floor":11.0,"gold_loss":0.0,"damage_taken":0.0,"cards_upgraded":["Coolheaded"]},{"damage_healed":0.0,"max_hp_gain":0.0,"max_hp_loss":0.0,"gold_gain":75.0,"event_name":"World of Goop","player_choice":"Gather Gold","floor":12.0,"gold_loss":0.0,"damage_taken":11.0},{"damage_healed":0.0,"max_hp_gain":0.0,"max_hp_loss":0.0,"gold_gain":0.0,"event_name":"The Woman in Blue","player_choice":"Bought 2 Potions","floor":13.0,"gold_loss":0.0,"damage_taken":0.0},{"cards_removed":["Defend_B"],"damage_healed":0.0,"max_hp_gain":0.0,"max_hp_loss":0.0,"gold_gain":0.0,"event_name":"Golden Wing","player_choice":"Card Removal","floor":14.0,"gold_loss":0.0,"damage_taken":7.0},{"damage_healed":0,"gold_gain":100,"player_choice":"Bet on Murderer","damage_taken":0,"max_hp_gain":0,"max_hp_loss":0,"event_name":"The Joust","floor":19,"gold_loss":50},{"cards_removed":["Defend_B"],"damage_healed":0,"gold_gain":0,"player_choice":"Elegance","damage_taken":0,"max_hp_gain":0,"max_hp_loss":0,"event_name":"Back to Basics","floor":21,"gold_loss":0},{"damage_healed":0,"gold_gain":0,"player_choice":"Copied","damage_taken":0,"max_hp_gain":0,"max_hp_loss":0,"event_name":"Duplicator","floor":22,"gold_loss":0,"cards_obtained":["Defragment"]}],"is_beta":false,"boss_relics":[{"not_picked":["Inserter","Sozu"],"picked":"Black Star"}],"items_purged_floors":[2,10,20],"is_endless":false,"potions_floor_spawned":[1,3,6,16,18],"killed_by":"Book of Stabbing","ascension_level":6}}