{"host":"wha9hktbkslqvblg","time":1609587457,"event":{"mods":["BaseMod","Colored Map","Minty Spire (QoL Compilation)","Relic Stats","SuperFastMode","everything is the same but u backflip on backflip"],"gold_per_floor":[119,194,218,218,91,116,116,127,127,161,161,61,77,95,95,95,95],"floor_reached":16,"playtime":221,"items_purged":["Strike_R","Strike_R"],"score":266,"play_id":"a24a1f66-85f8-4bde-89c3-f745f72d6d36","local_time":"20210102203737","is_ascension_mode":true,"campfire_choices":[{"data":"Body Slam","floor":7.0,"key":"SMITH"},{"data":"Entrench","floor":11,"key":"SMITH"},{"data":"True Grit","floor":15,"key":"SMITH"}],"circlet_count":0,"master_deck":["AscendersBane","Strike_R","Strike_R","Strike_R","Defend_R","Defend_R","Defend_R","Defend_R","Bash","Shrug It Off","Body Slam+1","True Grit+1","Entrench+1","Battle Trance"],"relics":["Burning Blood","NeowsBlessing","Centennial Puzzle","Vajra","Bottled Lightning"],"acts_visited":["Exordium"],"potions_floor_usage":[16],"damage_taken":[{"damage":3.0,"enemies":"Small Slimes","floor":1.0,"turns":2.0},{"damage":0.0,"enemies":"3 Sentries","floor":6.0,"turns":1.0},{"damage":0.0,"enemies":"Jaw Worm","floor":8.0,"turns":1.0},{"damage":47.0,"enemies":"Gremlin Nob","floor":10.0,"turns":5.0},{"damage":0,"enemies":"2 Louse","floor":13,"turns":3},{"damage":4,"enemies":"Exordium Wildlife","floor":14,"turns":4},{"damage":14,"enemies":"Slime Boss","floor":16,"turns":7}],"seed_played":"9141126802273358296","potions_obtained":[{"floor":6.0,"key":"ElixirPotion"},{"floor":8.0,"key":"Block Potion"}],"is_trial":false,"path_per_floor":["M","?","T","?","$","E","R","M","T","E","R","$","M","M","R","B"],"character_chosen":"IRONCLAD","items_purchased":["Body Slam"],"campfire_rested":0,"item_purchase_floors":[5],"current_hp_per_floor":[71,60,60,60,60,66,66,72,72,31,31,31,37,39,39,25,25],"gold":95,"neow_bonus":"THREE_ENEMY_KILL","is_daily":false,"chose_seed":false,"campfire_upgraded":3,"win_rate":0.0,"timestamp":1609587457,"path_taken":["M","?","?","?","$","E","R","?","T","E","R","?","M","?","R","BOSS"],"items_purchased_type":["Card"],"build_version":"2020-12-22","purchased_purges":2,"victory":false,"max_hp_per_floor":[75,75,75,75,75,75,75,75,75,75,75,75,75,75,75,75,75],"relic_stats":{"Centennial Puzzle":[9],"counters":[7,23],"obtain_stats":[{"Centennial Puzzle":3,"NeowsBlessing":0,"Vajra":6,"Bottled Lightning":10,"Burning Blood":0},{"Centennial Puzzle":1,"NeowsBlessing":0,"Vajra":2,"Bottled Lightning":4,"Burning Blood":0},{"Centennial Puzzle":2,"NeowsBlessing":0,"Vajra":3,"Bottled Lightning":9,"Burning Blood":0}],"Burning Blood":36},"card_choices":[{"not_picked":["Dual Wield","Bloodletting"],"picked":"Shrug It Off","floor":1.0},{"not_picked":["Anger","Infernal Blade"],"picked":"True Grit","floor":6.0},{"not_picked":["Perfected Strike","Rupture"],"picked":"Entrench","floor":8.0},{"not_picked":["Intimidate","Iron Wave"],"picked":"Battle Trance","floor":10},{"not_picked":["Intimidate","Anger","True Grit"],"picked":"SKIP","floor":13},{"not_picked":["Blood for Blood","Clothesline","True Grit"],"picked":"SKIP","floor":14}],"player_experience":926397,"relics_obtained":[{"floor":3.0,"key":"Centennial Puzzle"},{"floor":6.0,"key":"Vajra"},{"floor":10,"key":"Bottled Lightning"}],"event_choices":[{"damage_healed":0.0,"max_hp_gain":0.0,"max_hp_loss":0.0,"gold_gain":75.0,"event_name":"World of Goop","player_choice":"Gather Gold","floor":2.0,"gold_loss":0.0,"damage_taken":11.0},{"damage_healed":0.0,"max_hp_gain":0.0,"max_hp_loss":0.0,"gold_gain":0.0,"event_name":"Liars Game","player_choice":"Ignored","floor":4.0,"gold_loss":0.0,"damage_taken":0.0}],"is_beta":false,"boss_relics":[],"items_purged_floors":[5,12],"is_endless":false,"potions_floor_spawned":[6,8],"killed_by":"Slime Boss","ascension_level":20}}