{"host":"minbhrtlkaoly5f0","time":1609586896,"event":{"mods":["Act Like it!","BaseMod","Colored Map","Colored Powertips","Lobotomy","LobotomyExtend","Luminous","Minty Spire (QoL Compilation)","Quick Restart","StSLib"],"gold_per_floor":[117,117,117,129,146,146,146],"floor_reached":6,"playtime":149,"items_purged":[],"score":36,"play_id":"38648fbe-224c-4744-992e-4755dee9a54c","local_time":"20210102192816","is_ascension_mode":false,"campfire_choices":[],"circlet_count":0,"master_deck":["Strike_B","Strike_B","Strike_B","Strike_B","Defend_B","Defend_B","Defend_B","Defend_B","Zap","Dualcast","CrumblingArmor","Go for the Eyes","GreedKing","Static Discharge","HappyTeddy","Compile Driver"],"relics":["Cracked Core","CogitoBucket","LetterFromLob","Pocketwatch","Mango"],"acts_visited":["Exordium"],"potions_floor_usage":[],"damage_taken":[{"damage":9,"enemies":"Small Slimes","floor":1,"turns":3},{"damage":2,"enemies":"2 Louse","floor":4,"turns":2},{"damage":15,"enemies":"Cultist","floor":5,"turns":3},{"damage":0,"enemies":"3 Sentries","floor":6,"turns":1}],"seed_played":"6795774362230577654","potions_obtained":[{"floor":1,"key":"Strength Potion"}],"is_trial":false,"path_per_floor":["M","?","?","M","M","E"],"character_chosen":"DEFECT","items_purchased":[],"campfire_rested":0,"item_purchase_floors":[],"current_hp_per_floor":[66,41,55,53,38,38,38],"gold":146,"neow_bonus":"","is_daily":false,"chose_seed":false,"campfire_upgraded":0,"win_rate":0.0,"timestamp":1609586896,"path_taken":["M","?","?","M","?","E"],"items_purchased_type":[],"build_version":"2020-12-22","purchased_purges":0,"victory":false,"max_hp_per_floor":[75,75,89,89,89,89,89],"card_choices":[{"not_picked":["MeatLantern","BeautyBeast"],"picked":"CrumblingArmor","floor":1},{"not_picked":["Steam Power","FTL"],"picked":"Go for the Eyes","floor":1},{"not_picked":["SpiderBud","OldLady"],"picked":"GreedKing","floor":4},{"not_picked":["Undo","Sweeping Beam"],"picked":"Static Discharge","floor":4},{"not_picked":["SnowQueen","OldLady"],"picked":"HappyTeddy","floor":5},{"not_picked":["Reprogram","Barrage"],"picked":"Compile Driver","floor":5}],"player_experience":18068,"relics_obtained":[{"floor":1,"key":"LetterFromLob"}],"event_choices":[{"damage_healed":0,"gold_gain":0,"player_choice":"Success","damage_taken":25,"relics_obtained":["Pocketwatch"],"max_hp_gain":0,"max_hp_loss":0,"event_name":"Scrap Ooze","floor":2,"gold_loss":0},{"damage_healed":0,"gold_gain":0,"player_choice":"Gave Potion","damage_taken":0,"relics_obtained":["Mango"],"max_hp_gain":0,"max_hp_loss":0,"event_name":"WeMeetAgain","floor":3,"gold_loss":0}],"is_beta":false,"boss_relics":[],"items_purged_floors":[],"is_endless":false,"potions_floor_spawned":[1],"killed_by":"3 Sentries","ascension_level":0}}