{"host":"0ydzwspkajt4brzd","time":1609579358,"event":{"mods":["AchievementEnabler","BaseMod","Colored Map","DeckTracker","Googly Eyes","Highlight Path","Minty Spire (QoL Compilation)","Quick Restart","Random Character Button","Rare Cards Sparkle"],"gold_per_floor":[117,136,136,31,31,59,59,59,84,97,97,122,139,174,174,278,278,292,292,307,222,267,310,310,9,9,46,46,72,96,125,125,239,239,258,281,281,302,320,363,426,320,320,347,379,70,70,90,90,90,90],"floor_reached":50,"playtime":2571,"items_purged":["Defend_R","Bite+1"],"score":946,"play_id":"4b558619-5230-4060-ad25-10f1a080d228","local_time":"20210102012238","is_ascension_mode":true,"campfire_choices":[{"data":"Bash","floor":7.0,"key":"SMITH"},{"data":"Inflame","floor":11.0,"key":"SMITH"},{"floor":15.0,"key":"REST"},{"data":"Double Tap","floor":24.0,"key":"SMITH"},{"data":"Seeing Red","floor":28.0,"key":"SMITH"},{"floor":32.0,"key":"REST"},{"floor":49.0,"key":"RECALL"}],"circlet_count":0,"master_deck":["AscendersBane","Defend_R","Defend_R","Defend_R+1","Bash+1","Inflame","Battle Trance","Shrug It Off","Inflame+1","Clothesline+1","Double Tap+1","Seeing Red+1","Hemokinesis+1","Immolate+1","Wild Strike+1","J.A.X.+1","Sword Boomerang+1","Bite+1","Bite+1","Bite+1","Bite+1","Battle Trance","Barricade+1","True Grit","Disarm","Shrug It Off","Impervious","Flame Barrier+1","Body Slam+1","Havoc+1","Madness","Madness","Offering","Heavy Blade+1","Ghostly Armor","Violence","Master of Strategy","Mayhem+1","Parasite","Warcry+1","Metallicize+1","Body Slam+1"],"relics":["Burning Blood","NeowsBlessing","Molten Egg 2","Pen Nib","Lantern","Bronze Scales","Question Card","SlaversCollar","CeramicFish","White Beast Statue","Brimstone","War Paint","MealTicket","Frozen Egg 2","Fusion Hammer","Bottled Flame","Ice Cream","Frozen Eye"],"acts_visited":["Exordium","TheCity","TheBeyond"],"potions_floor_usage":[50,50],"damage_taken":[{"damage":0.0,"enemies":"Cultist","floor":1.0,"turns":1.0},{"damage":0.0,"enemies":"2 Louse","floor":2.0,"turns":1.0},{"damage":0.0,"enemies":"3 Sentries","floor":6.0,"turns":2.0},{"damage":2.0,"enemies":"Small Slimes","floor":10.0,"turns":3.0},{"damage":36.0,"enemies":"Lagavulin","floor":12.0,"turns":9.0},{"damage":27.0,"enemies":"Gremlin Gang","floor":13.0,"turns":4.0},{"damage":10.0,"enemies":"3 Sentries","floor":14.0,"turns":3.0},{"damage":26.0,"enemies":"Hexaghost","floor":16.0,"turns":7.0},{"damage":5.0,"enemies":"Spheric Guardian","floor":18.0,"turns":3.0},{"damage":29.0,"enemies":"Shell Parasite","floor":20.0,"turns":4.0},{"damage":21.0,"enemies":"Slavers","floor":23.0,"turns":3.0},{"damage":40.0,"enemies":"Book of Stabbing","floor":27.0,"turns":4.0},{"damage":17.0,"enemies":"Centurion and Healer","floor":29.0,"turns":3.0},{"damage":27.0,"enemies":"Shelled Parasite and Fungi","floor":30.0,"turns":2.0},{"damage":18.0,"enemies":"Snake Plant","floor":31.0,"turns":3.0},{"damage":32.0,"enemies":"Collector","floor":33.0,"turns":5.0},{"damage":0.0,"enemies":"3 Shapes","floor":35.0,"turns":1.0},{"damage":5.0,"enemies":"Orb Walker","floor":36.0,"turns":3.0},{"damage":11.0,"enemies":"Maw","floor":38.0,"turns":6.0},{"damage":9.0,"enemies":"Giant Head","floor":40.0,"turns":6.0},{"damage":11.0,"enemies":"2 Orb Walkers","floor":41.0,"turns":3.0},{"damage":11.0,"enemies":"Writhing Mass","floor":45.0,"turns":3.0},{"damage":26.0,"enemies":"4 Shapes","floor":48.0,"turns":5.0},{"damage":75,"enemies":"Time Eater","floor":50,"turns":7}],"seed_played":"-8510577202711468350","potions_obtained":[{"floor":1.0,"key":"ElixirPotion"},{"floor":6.0,"key":"LiquidMemories"},{"floor":13.0,"key":"ColorlessPotion"},{"floor":14.0,"key":"Weak Potion"},{"floor":16.0,"key":"CultistPotion"},{"floor":27.0,"key":"FearPotion"},{"floor":31.0,"key":"Regen Potion"},{"floor":33.0,"key":"DuplicationPotion"},{"floor":41.0,"key":"FearPotion"},{"floor":48.0,"key":"BloodPotion"}],"is_trial":false,"path_per_floor":["M","M","?","$","?","E","R","?","T","M","R","E","M","E","R","B",null,"M","?","M","?","?","E","R","$","T","E","R","M","M","M","R","B",null,"M","M","?","M","?","E","?","$","T","?","M","$","?","M","R","B"],"character_chosen":"IRONCLAD","items_purchased":["Shrug It Off","Inflame","Brimstone","War Paint","Ghostly Armor","Metallicize+1","Frozen Eye"],"campfire_rested":2,"item_purchase_floors":[4,4,25,25,42,46,46],"current_hp_per_floor":[78,80,85,85,60,66,66,66,66,70,70,40,19,15,40,20,69,70,70,47,47,47,44,44,44,44,31,31,35,23,17,34,44,55,59,59,59,59,52,59,59,59,59,49,56,59,59,48,48,0,0],"gold":90,"neow_bonus":"THREE_ENEMY_KILL","is_daily":false,"chose_seed":false,"campfire_upgraded":4,"win_rate":0.0,"timestamp":1609579358,"path_taken":["M","M","?","$","?","E","R","?","T","?","R","E","M","E","R","BOSS","M","?","M","?","?","E","R","$","T","E","R","M","M","M","R","BOSS","M","M","?","M","?","E","?","$","T","?","?","$","?","M","R","BOSS"],"items_purchased_type":["Card","Card","Relic","Relic","Card","Card","Relic"],"build_version":"2020-12-22","purchased_purges":2,"victory":false,"max_hp_per_floor":[80,80,85,85,85,85,85,85,85,85,85,85,85,85,85,85,85,85,85,85,85,59,59,59,59,59,59,59,59,59,59,59,59,59,59,59,59,59,59,59,59,59,59,59,59,59,59,59,59,59,59],"card_choices":[{"not_picked":["Pummel","Warcry"],"picked":"Inflame","floor":1.0},{"not_picked":["Havoc","Ghostly Armor"],"picked":"Battle Trance","floor":2.0},{"not_picked":["Iron Wave+1","Dark Embrace"],"picked":"Clothesline+1","floor":6.0},{"not_picked":["Havoc","Feel No Pain","Sever Soul+1"],"picked":"SKIP","floor":10.0},{"not_picked":["Blood for Blood+1","Clothesline+1"],"picked":"Double Tap","floor":12.0},{"not_picked":["Feel No Pain","Havoc"],"picked":"Seeing Red","floor":13.0},{"not_picked":["Rage","Armaments"],"picked":"Hemokinesis+1","floor":14.0},{"not_picked":["Bludgeon+1","Brutality","Fiend Fire+1"],"picked":"Immolate+1","floor":16.0},{"not_picked":["Perfected Strike+1","Dual Wield+1","Clash+1"],"picked":"Wild Strike+1","floor":18.0},{"not_picked":["Thunderclap+1","Carnage+1","Combust"],"picked":"Sword Boomerang+1","floor":20.0},{"not_picked":["Sever Soul+1","Seeing Red+1","Dual Wield"],"picked":"Battle Trance","floor":23.0},{"not_picked":["Thunderclap+1","Reaper+1","Pommel Strike+1"],"picked":"Barricade+1","floor":27.0},{"not_picked":["Wild Strike+1","Iron Wave+1","Clash+1"],"picked":"True Grit","floor":29.0},{"not_picked":["Feel No Pain+1","Whirlwind+1","Thunderclap+1"],"picked":"Disarm","floor":30.0},{"not_picked":["Warcry+1","Clash+1","Anger+1"],"picked":"Shrug It Off","floor":31.0},{"not_picked":["Reaper+1","Demon Form+1","Corruption+1"],"picked":"Impervious","floor":33.0},{"not_picked":["Wild Strike+1","Pommel Strike+1","Anger+1"],"picked":"Flame Barrier+1","floor":35.0},{"not_picked":["Heavy Blade+1","Pommel Strike+1","Wild Strike+1"],"picked":"Body Slam+1","floor":36.0},{"not_picked":["Twin Strike+1","Demon Form+1","Pommel Strike+1"],"picked":"Havoc+1","floor":38.0},{"not_picked":["Battle Trance","Flex+1","Perfected Strike+1"],"picked":"Offering","floor":40.0},{"not_picked":["Flex","Iron Wave+1","Headbutt+1"],"picked":"Heavy Blade+1","floor":41.0},{"not_picked":["Discovery","Finesse","Flash of Steel+1"],"picked":"Violence","floor":44.0},{"not_picked":["Jack Of All Trades","Impatience","Dramatic Entrance+1"],"picked":"Master of Strategy","floor":44.0},{"not_picked":["Sadistic Nature+1","The Bomb","Flash of Steel+1"],"picked":"Mayhem+1","floor":44.0},{"not_picked":["Reckless Charge+1","Dropkick+1","Havoc+1"],"picked":"Warcry+1","floor":45.0},{"not_picked":["Seeing Red","Wild Strike+1","Twin Strike+1"],"picked":"Body Slam+1","floor":48.0}],"player_experience":421256,"relics_obtained":[{"floor":6.0,"key":"Pen Nib"},{"floor":9.0,"key":"Lantern"},{"floor":12.0,"key":"Bronze Scales"},{"floor":14.0,"key":"Question Card"},{"floor":23.0,"key":"White Beast Statue"},{"floor":26.0,"key":"MealTicket"},{"floor":27.0,"key":"Frozen Egg 2"},{"floor":40.0,"key":"Bottled Flame"},{"floor":41.0,"key":"Ice Cream"}],"event_choices":[{"damage_healed":0.0,"max_hp_gain":5.0,"max_hp_loss":0.0,"gold_gain":0.0,"event_name":"Big Fish","player_choice":"Donut","floor":3.0,"gold_loss":0.0,"damage_taken":0.0},{"damage_healed":0.0,"max_hp_gain":0.0,"max_hp_loss":0.0,"gold_gain":0.0,"event_name":"Scrap Ooze","player_choice":"Success","floor":5.0,"gold_loss":0.0,"damage_taken":25.0,"relics_obtained":["Molten Egg 2"]},{"cards_removed":["Strike_R"],"damage_healed":0.0,"max_hp_gain":0.0,"max_hp_loss":0.0,"gold_gain":0.0,"event_name":"Purifier","player_choice":"Purged","floor":8.0,"gold_loss":0.0,"damage_taken":0.0},{"damage_healed":0.0,"max_hp_gain":0.0,"max_hp_loss":0.0,"gold_gain":0.0,"event_name":"Drug Dealer","player_choice":"Obtain J.A.X.","floor":19.0,"gold_loss":0.0,"damage_taken":0.0,"cards_obtained":["J.A.X."]},{"damage_healed":0.0,"max_hp_gain":0.0,"max_hp_loss":0.0,"gold_gain":0.0,"event_name":"Addict","player_choice":"Obtained Relic","floor":21.0,"gold_loss":85.0,"damage_taken":0.0,"relics_obtained":["CeramicFish"]},{"damage_healed":0.0,"max_hp_gain":0.0,"max_hp_loss":26.0,"gold_gain":0.0,"event_name":"Vampires","player_choice":"Became a vampire","floor":22.0,"gold_loss":0.0,"damage_taken":0.0,"cards_obtained":["Bite","Bite","Bite","Bite","Bite"]},{"damage_healed":0.0,"max_hp_gain":0.0,"max_hp_loss":0.0,"gold_gain":0.0,"event_name":"Tomb of Lord Red Mask","player_choice":"Ignored","floor":37.0,"gold_loss":0.0,"damage_taken":0.0},{"damage_healed":0.0,"max_hp_gain":0.0,"max_hp_loss":0.0,"gold_gain":0.0,"event_name":"Winding Halls","player_choice":"Embrace Madness","floor":39.0,"gold_loss":0.0,"damage_taken":7.0,"cards_obtained":["Madness","Madness"]},{"damage_healed":0.0,"max_hp_gain":0.0,"max_hp_loss":0.0,"gold_gain":0.0,"event_name":"Mysterious Sphere","player_choice":"Fight","floor":41.0,"gold_loss":0.0,"damage_taken":0.0},{"damage_healed":0.0,"max_hp_gain":0.0,"max_hp_loss":0.0,"gold_gain":0.0,"event_name":"SensoryStone","player_choice":"Memory 3","floor":44.0,"gold_loss":0.0,"damage_taken":10.0},{"damage_healed":0.0,"max_hp_gain":0.0,"max_hp_loss":0.0,"gold_gain":0.0,"event_name":"The Woman in Blue","player_choice":"Bought 0 Potions","floor":47.0,"gold_loss":0.0,"damage_taken":0.0}],"is_beta":false,"boss_relics":[{"not_picked":["Busted Crown","Velvet Choker"],"picked":"SlaversCollar"},{"not_picked":["Philosopher\u0027s Stone","SacredBark"],"picked":"Fusion Hammer"}],"items_purged_floors":[42,46],"is_endless":false,"potions_floor_spawned":[1,6,13,14,16,27,29,30,31,33,35,36,38,40,41,45,48],"killed_by":"Time Eater","ascension_level":11}}