{"host":"uc0x0d8zaap3n3zi","time":1609591240,"event":{"mods":["2.2 Compatiblity","AchievementEnabler","Act Like it!","Alarm Clock","BaseMod","Colored Powertips","Downfall","Minty Spire (QoL Compilation)","Pale of the Ancients","Rare Cards Sparkle","Relic Stats","StSLib","The Cursed","The Marked","The Servant 0.9.4","slay the spire mod where everything is the same but ironclad has a cowboy hat"],"gold_per_floor":[116,127,127,145,162,162,197,197,221,221,221,239,251,251,251,347,397,415,415,365,215,230,230,130,144,144,144,159,174,174,206,206,309,309,321,23,23,0,999,999,1009,1009,1060,1087,1087,38,38,51,51,51,51,51,12,46,46,46],"floor_reached":55,"playtime":2656,"items_purged":["Bash","Strike_R","Strike_R","Normality"],"score":738,"play_id":"2226fd3d-575d-44e5-ac4c-3a1c558618b5","local_time":"20210103014040","is_ascension_mode":false,"campfire_choices":[{"data":"Armaments","floor":6.0,"key":"SMITH"},{"data":"Entrench","floor":8.0,"key":"SMITH"},{"data":"True Grit","floor":11.0,"key":"SMITH"},{"data":"Shrug It Off","floor":15.0,"key":"SMITH"},{"data":"Body Slam","floor":23.0,"key":"SMITH"},{"data":"Body Slam","floor":27.0,"key":"SMITH"},{"floor":30.0,"key":"REST"},{"floor":32.0,"key":"REST"},{"data":"Ghostly Armor","floor":40.0,"key":"SMITH"},{"floor":42.0,"key":"REST"},{"floor":45.0,"key":"RECALL"},{"data":"Demon Form","floor":49.0,"key":"SMITH"},{"data":"Juggernaut","floor":52.0,"key":"SMITH"}],"circlet_count":0,"master_deck":["Strike_R","Strike_R+1","Defend_R","Defend_R","Defend_R","Defend_R","Entrench+1","Armaments+1","True Grit+1","Shrug It Off+1","Shrug It Off+1","Demon Form+1","Body Slam+1","Flex+1","Body Slam+1","Sword Boomerang+1","Intimidate+1","Juggernaut+1","Ghostly Armor+1","Normality","Entrench"],"relics":["Burning Blood","MealTicket","Bag of Marbles","Red Skull","Tiny House","The Courier","Ancient Tea Set","SacredBark","Pantograph","Red Mask","Meat on the Bone","Medical Kit","Mango","Magic Flower","Strawberry","Shuriken","Pear"],"acts_visited":["Exordium","TheCity","TheBeyond","TheEnding"],"potions_floor_usage":[],"damage_taken":[{"damage":7.0,"enemies":"2 Louse","floor":1.0,"turns":2.0},{"damage":5.0,"enemies":"Cultist","floor":2.0,"turns":4.0},{"damage":3.0,"enemies":"Small Slimes","floor":4.0,"turns":4.0},{"damage":4.0,"enemies":"Looter","floor":5.0,"turns":3.0},{"damage":33.0,"enemies":"Lagavulin","floor":7.0,"turns":8.0},{"damage":3.0,"enemies":"2 Fungi Beasts","floor":12.0,"turns":4.0},{"damage":4.0,"enemies":"Exordium Thugs","floor":13.0,"turns":10.0},{"damage":30.0,"enemies":"The Guardian","floor":16.0,"turns":19.0},{"damage":40.0,"enemies":"3 Byrds","floor":18.0,"turns":13.0},{"damage":38.0,"enemies":"Spheric Guardian","floor":22.0,"turns":8.0},{"damage":14.0,"enemies":"Snecko","floor":25.0,"turns":5.0},{"damage":0.0,"enemies":"Centurion and Healer","floor":28.0,"turns":4.0},{"damage":7.0,"enemies":"Snake Plant","floor":29.0,"turns":7.0},{"damage":44.0,"enemies":"Book of Stabbing","floor":31.0,"turns":7.0},{"damage":49.0,"enemies":"Automaton","floor":33.0,"turns":12.0},{"damage":47.0,"enemies":"3 Darklings","floor":35.0,"turns":6.0},{"damage":10.0,"enemies":"3 Shapes","floor":41.0,"turns":6.0},{"damage":44.0,"enemies":"Reptomancer","floor":44.0,"turns":10.0},{"damage":77.0,"enemies":"Transient","floor":48.0,"turns":5.0},{"damage":103.0,"enemies":"Time Eater","floor":50.0,"turns":13.0},{"damage":47.0,"enemies":"Shield and Spear","floor":54.0,"turns":14.0},{"damage":149,"enemies":"The Heart","floor":55,"turns":8}],"seed_played":"4748878785352584392","potions_obtained":[{"floor":1.0,"key":"Strength Potion"},{"floor":4.0,"key":"ColorlessPotion"},{"floor":16.0,"key":"SpeedPotion"},{"floor":17.0,"key":"LiquidMemories"},{"floor":28.0,"key":"Explosive Potion"},{"floor":31.0,"key":"Dexterity Potion"},{"floor":33.0,"key":"EntropicBrew"},{"floor":44.0,"key":"Dexterity Potion"}],"is_trial":false,"path_per_floor":["M","M","?","M","M","R","E","R","T","?","R","M","M","?","R","B",null,"M","?","?","$","M","R","$","M","T","R","M","M","R","E","R","B",null,"M","$","?","?","?","R","M","R","T","E","R","$","?","M","R","B",null,"R","$","E","B"],"character_chosen":"IRONCLAD","items_purchased":["DuplicationPotion","Pantograph","Medical Kit","Mango","Magic Flower","Strawberry","Shuriken","FearPotion"],"campfire_rested":3,"item_purchase_floors":[21,36,46,46,46,46,46,53],"current_hp_per_floor":[79,80,80,80,80,80,53,53,53,53,53,56,58,58,58,34,85,51,51,51,66,34,34,49,41,41,41,47,46,71,33,58,15,85,44,59,59,59,59,59,55,80,80,42,42,78,78,73,73,30,106,106,106,78,0,0],"gold":46,"neow_bonus":"RANDOM_COMMON_RELIC","is_daily":false,"chose_seed":false,"campfire_upgraded":9,"win_rate":0.0,"timestamp":1609591240,"path_taken":["M","M","?","M","?","R","E","R","T","?","R","M","?","?","R","BOSS","M","?","?","$","M","R","$","M","T","R","?","M","R","E","R","BOSS","M","$","?","?","?","R","M","R","T","E","R","$","?","M","R","BOSS","R","$","E","BOSS"],"items_purchased_type":["Potion","Relic","Relic","Relic","Relic","Relic","Relic","Potion"],"build_version":"2020-12-22","purchased_purges":4,"victory":false,"max_hp_per_floor":[80,80,80,80,80,80,80,80,80,80,80,80,80,80,80,80,85,85,85,85,85,85,85,85,85,85,85,85,85,85,85,85,85,85,85,85,85,85,85,85,85,85,85,85,85,106,106,106,106,106,106,106,106,116,116,116],"relic_stats":{"counters":[22,172],"Shuriken":[4],"Pantograph":71,"Magic Flower":[57],"MealTicket":60,"Medical Kit":[6],"obtain_stats":[{"Tiny House":17,"Pear":54,"SacredBark":34,"Magic Flower":46,"Mango":46,"The Courier":26,"Ancient Tea Set":31,"Medical Kit":46,"Burning Blood":0,"Shuriken":46,"Pantograph":36,"Strawberry":46,"MealTicket":0,"Bag of Marbles":7,"Red Mask":38,"Red Skull":9,"Meat on the Bone":44},{"Tiny House":8,"Pear":21,"SacredBark":15,"Magic Flower":18,"Mango":18,"The Courier":11,"Ancient Tea Set":14,"Medical Kit":18,"Burning Blood":0,"Shuriken":18,"Pantograph":16,"Strawberry":18,"MealTicket":0,"Bag of Marbles":5,"Red Mask":16,"Red Skull":5,"Meat on the Bone":18},{"Tiny House":54,"Pear":164,"SacredBark":110,"Magic Flower":132,"Mango":132,"The Courier":80,"Ancient Tea Set":98,"Medical Kit":132,"Burning Blood":0,"Shuriken":132,"Pantograph":116,"Strawberry":132,"MealTicket":0,"Bag of Marbles":21,"Red Mask":116,"Red Skull":21,"Meat on the Bone":132}],"Burning Blood":130,"Meat on the Bone":18},"card_choices":[{"not_picked":["Sentinel","Power Through"],"picked":"Entrench","floor":1.0},{"not_picked":["Intimidate","Flame Barrier"],"picked":"Armaments","floor":2.0},{"not_picked":["Anger","Twin Strike"],"picked":"True Grit","floor":4.0},{"not_picked":["Whirlwind","Shockwave"],"picked":"Shrug It Off","floor":5.0},{"not_picked":["Sentinel","Headbutt","Pummel"],"picked":"SKIP","floor":7.0},{"not_picked":["Clash","Havoc","Second Wind"],"picked":"SKIP","floor":12.0},{"not_picked":["Dual Wield","Intimidate"],"picked":"Shrug It Off","floor":13.0},{"not_picked":["Offering","Reaper"],"picked":"Demon Form","floor":16.0},{"not_picked":["Twin Strike","Flex"],"picked":"Body Slam","floor":17.0},{"not_picked":["Dual Wield","Warcry"],"picked":"Flex+1","floor":18.0},{"not_picked":["Flex","Body Slam"],"picked":"Sword Boomerang+1","floor":22.0},{"not_picked":["Wild Strike","Searing Blow+1","Shrug It Off"],"picked":"SKIP","floor":25.0},{"not_picked":["Carnage+1","Wild Strike"],"picked":"Intimidate+1","floor":28.0},{"not_picked":["Sentinel+1","Feed","Rupture"],"picked":"SKIP","floor":29.0},{"not_picked":["Armaments","Impervious","Sever Soul"],"picked":"SKIP","floor":31.0},{"not_picked":["Brutality","Demon Form"],"picked":"Juggernaut","floor":33.0},{"not_picked":["Perfected Strike+1","Havoc+1"],"picked":"Ghostly Armor","floor":35.0},{"not_picked":["True Grit","Twin Strike","Combust"],"picked":"SKIP","floor":41.0},{"not_picked":["Carnage+1","Headbutt","Anger"],"picked":"SKIP","floor":44.0},{"not_picked":["Iron Wave","Fire Breathing","Hemokinesis"],"picked":"SKIP","floor":48.0},{"not_picked":["Combust","Reckless Charge+1"],"picked":"Entrench","floor":54.0}],"player_experience":271114,"relics_obtained":[{"floor":7.0,"key":"Bag of Marbles"},{"floor":9.0,"key":"Red Skull"},{"floor":26.0,"key":"The Courier"},{"floor":31.0,"key":"Ancient Tea Set"},{"floor":44.0,"key":"Meat on the Bone"},{"floor":54.0,"key":"Pear"}],"event_choices":[{"damage_healed":0.0,"max_hp_gain":0.0,"max_hp_loss":0.0,"gold_gain":0.0,"event_name":"Match and Keep!","player_choice":"0 cards matched","floor":3.0,"gold_loss":0.0,"damage_taken":0.0,"cards_obtained":[]},{"damage_healed":0.0,"max_hp_gain":0.0,"max_hp_loss":0.0,"gold_gain":0.0,"event_name":"Accursed Blacksmith","player_choice":"Forge","floor":10.0,"gold_loss":0.0,"damage_taken":0.0,"cards_upgraded":["Shrug It Off"]},{"damage_healed":0.0,"max_hp_gain":0.0,"max_hp_loss":0.0,"gold_gain":0.0,"event_name":"Shining Light","player_choice":"Ignored","floor":14.0,"gold_loss":0.0,"damage_taken":0.0},{"damage_healed":0.0,"max_hp_gain":0.0,"max_hp_loss":0.0,"gold_gain":0.0,"event_name":"The Library","player_choice":"Read","floor":19.0,"gold_loss":0.0,"damage_taken":0.0,"cards_obtained":["Body Slam"]},{"damage_healed":0.0,"max_hp_gain":0.0,"max_hp_loss":0.0,"gold_gain":0.0,"event_name":"The Joust","player_choice":"Bet on Owner","floor":20.0,"gold_loss":50.0,"damage_taken":0.0},{"cards_removed":["Strike_R"],"damage_healed":0.0,"max_hp_gain":0.0,"max_hp_loss":0.0,"gold_gain":0.0,"event_name":"Falling","player_choice":"Removed Attack","floor":37.0,"gold_loss":0.0,"damage_taken":0.0},{"damage_healed":0.0,"max_hp_gain":0.0,"max_hp_loss":0.0,"gold_gain":0.0,"event_name":"Tomb of Lord Red Mask","player_choice":"Paid","floor":38.0,"gold_loss":23.0,"damage_taken":0.0,"relics_obtained":["Red Mask"]},{"damage_healed":0.0,"max_hp_gain":0.0,"max_hp_loss":0.0,"gold_gain":999.0,"event_name":"MindBloom","player_choice":"Gold","floor":39.0,"gold_loss":0.0,"damage_taken":0.0,"cards_obtained":["Normality","Normality"]},{"damage_healed":0.0,"max_hp_gain":0.0,"max_hp_loss":0.0,"gold_gain":0.0,"event_name":"SensoryStone","player_choice":"Memory 1","floor":47.0,"gold_loss":0.0,"damage_taken":0.0}],"is_beta":false,"boss_relics":[{"not_picked":["Velvet Choker","Busted Crown"],"picked":"Tiny House"},{"not_picked":["Coffee Dripper","Cursed Key"],"picked":"SacredBark"}],"items_purged_floors":[21,24,36,46],"is_endless":false,"potions_floor_spawned":[1,4,16,28,31,33,35,44],"killed_by":"The Heart","ascension_level":0}}