{"host":"2pt9f5ojqg0apn28","time":1609562273,"event":{"mods":["AchievementEnabler","BaseMod","Better Altar","Better Match","Better Note","Better Sensory Stone","Better Skull","Better Third Choice","Colored Map","Colored Powertips","Hubris","Infinite Spire","Lobotomy","LobotomyExtend","Minty Spire (QoL Compilation)","Replay The Spire","StSLib"],"gold_per_floor":[117,134,134,152,170,170,170,170,190,62,62,73,73,87,87,122,122,221,221,221,221,221,0,0,0,0,0,0,0,0,0,0,0,0,0,0,0,0,0,0,0,0,0,0,0,0,0,0,0,0,0,0],"floor_reached":53,"playtime":2319,"items_purged":["Strike_B","Defend_B"],"score":803,"play_id":"1ee2d5f2-e776-41c7-86b5-4f8407764ccd","local_time":"20210102113753","is_ascension_mode":false,"campfire_choices":[{"data":"Zap","floor":6,"key":"SMITH"},{"data":"Fusion","floor":15,"key":"SMITH"},{"floor":17,"key":"REST"},{"floor":30,"key":"REST"},{"floor":32,"key":"REST"},{"data":"Static Discharge","floor":34,"key":"SMITH"},{"data":"Defragment","floor":42,"key":"SMITH"},{"data":"ReplayTheSpireMod:Black Plague","floor":47,"key":"SMITH"}],"circlet_count":0,"master_deck":["Defend_B","Defend_B","Zap+1","Dualcast+1","Go for the Eyes","Chaos","Fusion+1","Ball Lightning","Beam Cell+1","Defragment+1","Conserve Battery","ReplayTheSpireMod:Black Plague+1","ReplayTheSpireMod:Haul","Static Discharge+1","Double Energy","Auto Shields+1","Glacier","ReplayTheSpireMod:Calculation Training+1","Ball Lightning+1","hubris:Ukulele+1","Melter","Double Energy","Glacier","Conserve Battery","Conserve Battery+1","infinitespire:UltimateForm"],"relics":["Cracked Core","LetterFromLob","Bronze Scales","hubris:MysteriousPyramids","Ectoplasm","Prayer Wheel","Strawberry","Tiny Chest","Darkstone Periapt","White Beast Statue","Replay:Bronze Core","Replay:Antivirus Software","Eternal Feather","infinitespire:SolderingIron","hubris:Reverence","Red Mask","Strawberry"],"acts_visited":["Exordium","TheCity","TheBeyond"],"potions_floor_usage":[26,35,52,52,52],"damage_taken":[{"damage":1,"enemies":"Jaw Worm","floor":1,"turns":3},{"damage":1,"enemies":"Cultist","floor":2,"turns":3},{"damage":0,"enemies":"Small Slimes","floor":4,"turns":2},{"damage":14,"enemies":"Red Slaver","floor":5,"turns":3},{"damage":6,"enemies":"Exordium Wildlife","floor":9,"turns":4},{"damage":1,"enemies":"Exordium Thugs","floor":12,"turns":3},{"damage":7,"enemies":"Looter","floor":14,"turns":2},{"damage":18,"enemies":"Gremlin Nob","floor":16,"turns":3},{"damage":42,"enemies":"Fading Forest","floor":18,"turns":11},{"damage":19,"enemies":"3 Byrds","floor":20,"turns":3},{"damage":2,"enemies":"Shell Parasite","floor":24,"turns":2},{"damage":45,"enemies":"Gremlin Leader","floor":25,"turns":5},{"damage":9,"enemies":"Snecko","floor":26,"turns":5},{"damage":6,"enemies":"Centurion and Healer","floor":27,"turns":4},{"damage":9,"enemies":"Snake Plant","floor":31,"turns":3},{"damage":17,"enemies":"hubris:MusketHawk","floor":35,"turns":7},{"damage":0,"enemies":"Orb Walker","floor":37,"turns":2},{"damage":0,"enemies":"3 Shapes","floor":41,"turns":6},{"damage":0,"enemies":"Nemesis","floor":44,"turns":7},{"damage":39,"enemies":"hubris:GrandSnecko","floor":52,"turns":9}],"seed_played":"702390618220392942","potions_obtained":[{"floor":1,"key":"FearPotion"},{"floor":4,"key":"Strength Potion"},{"floor":16,"key":"PowerPotion"},{"floor":27,"key":"Swift Potion"},{"floor":35,"key":"EssenceOfSteel"}],"is_trial":false,"path_per_floor":["M","M","?","M","M","R","PTL","PTL","M","$","T","M","$","M","R","E","R","B",null,"M","AVR","?","$","M","E","M","M","T","?","R","M","R","?","R","B",null,"M","?","T","?","M","R","?","E","T","T","R","?","?","AVR","R_BF","B",null],"character_chosen":"DEFECT","items_purchased":["Ball Lightning","Tiny Chest","Static Discharge"],"campfire_rested":3,"item_purchase_floors":[10,23,23],"current_hp_per_floor":[74,73,73,73,59,59,59,59,53,53,53,52,52,45,45,27,49,29,75,56,63,63,63,61,16,7,1,1,1,25,16,40,40,40,23,82,82,82,82,82,82,82,82,82,82,82,82,82,82,89,89,50],"gold":0,"neow_bonus":"RANDOM_EVENT","is_daily":false,"chose_seed":false,"campfire_upgraded":5,"win_rate":0.0,"timestamp":1609562273,"path_taken":["M","M","?","?","M","R","PTL","PTL","M","$","T","M","?","?","R","E","R","BOSS","M","AVR","?","?","M","E","M","M","T","?","R","M","R","?","R","BOSS","M","?","?","?","?","R","?","E","T","?","R","?","?","AVR","R_BF","BOSS"],"items_purchased_type":["Card","Relic","Card"],"build_version":"2020-12-22","purchased_purges":2,"victory":true,"max_hp_per_floor":[75,75,75,75,75,75,75,75,75,75,75,75,75,75,75,75,75,75,75,75,82,82,82,82,82,82,82,82,82,82,82,82,82,82,82,82,82,82,82,82,82,82,82,82,82,82,82,82,82,89,89,89],"card_choices":[{"not_picked":["Coolheaded","Rebound","ReplaySolidLightProjector"],"picked":"SKIP","floor":1},{"not_picked":["Streamline","FIFO Queue"],"picked":"Go for the Eyes","floor":2},{"not_picked":["Beam Cell","Scrape"],"picked":"Chaos","floor":4},{"not_picked":["Double Energy","Panic Button"],"picked":"Fusion","floor":5},{"not_picked":["Stack","Rebound","Blizzard"],"picked":"SKIP","floor":9},{"not_picked":["Panic Button","Tempest"],"picked":"Ball Lightning","floor":12},{"not_picked":["Cold Snap","ReplayTheSpireMod:System Scan"],"picked":"Beam Cell","floor":14},{"not_picked":["Fusion","Double Energy"],"picked":"Defragment","floor":16},{"not_picked":["ReplayRNGCard","hubris:SpecializedCircuitry"],"picked":"ReplayTheSpireMod:Fabricate Wheel","floor":18},{"not_picked":["Hologram+1","Sweeping Beam"],"picked":"Conserve Battery","floor":20},{"not_picked":["Crystallizer","Panic Button","Barrage+1"],"picked":"SKIP","floor":20},{"not_picked":["Crystallizer","Panic Button","Barrage+1"],"picked":"SKIP","floor":20},{"not_picked":["Stack+1","Conserve Battery"],"picked":"Double Energy","floor":24},{"not_picked":["Force Field","Melter"],"picked":"Auto Shields+1","floor":24},{"not_picked":["Gash","Turbo"],"picked":"Glacier","floor":25},{"not_picked":["Compile Driver","Beam Cell"],"picked":"ReplayTheSpireMod:Calculation Training+1","floor":26},{"not_picked":["Redo","hubris:PowerSurge+1","BasicCrystalCard"],"picked":"SKIP","floor":26},{"not_picked":["Hologram","Heatsinks"],"picked":"Ball Lightning+1","floor":27},{"not_picked":["Hello World","Coolheaded"],"picked":"hubris:Ukulele+1","floor":27},{"not_picked":["ReplaySolidLightProjector","Aggregate"],"picked":"Melter","floor":31},{"not_picked":["BootSequence+1","BasicCrystalCard+1","Sweeping Beam+1"],"picked":"SKIP","floor":31},{"not_picked":["Reinforced Body","Go for the Eyes+1","Tempest"],"picked":"SKIP","floor":37},{"not_picked":["ReplaySolidLightProjector+1","Gash+1","Coolheaded"],"picked":"SKIP","floor":37},{"not_picked":["Melter+1","Leap"],"picked":"Conserve Battery","floor":41},{"not_picked":["ReplayTheSpireMod:GoodbyeWorld+1","Beam Cell+1","Stack"],"picked":"SKIP","floor":41},{"not_picked":["BasicCrystalCard","Gash+1"],"picked":"Conserve Battery","floor":44}],"player_experience":35157,"relics_obtained":[{"floor":1,"key":"LetterFromLob"},{"floor":11,"key":"Bronze Scales"},{"floor":16,"key":"hubris:MysteriousPyramids"},{"floor":25,"key":"Darkstone Periapt"},{"floor":28,"key":"White Beast Statue"},{"floor":39,"key":"Replay:Antivirus Software"},{"floor":44,"key":"Eternal Feather"},{"floor":45,"key":"infinitespire:SolderingIron"},{"floor":46,"key":"hubris:Reverence"}],"event_choices":[{"cards_removed":["Strike_B"],"damage_healed":0,"gold_gain":0,"player_choice":"Give","damage_taken":0,"max_hp_gain":0,"max_hp_loss":0,"event_name":"betterNote:BetterNote","floor":3,"gold_loss":0,"cards_obtained":["Strike_B"]},{"cards_removed":["Strike_B"],"damage_healed":0,"gold_gain":0,"player_choice":"Purged","damage_taken":0,"max_hp_gain":0,"max_hp_loss":0,"event_name":"Purifier","floor":22,"gold_loss":0},{"damage_healed":0,"gold_gain":0,"cards_transformed":["Defend_B","Strike_B"],"player_choice":"Became Test Subject","damage_taken":0,"max_hp_gain":0,"max_hp_loss":0,"event_name":"Drug Dealer","floor":33,"gold_loss":0,"cards_obtained":["Double Energy","Glacier"]},{"cards_removed":["Strike_B"],"damage_healed":0,"gold_gain":0,"player_choice":"Offered Basic","damage_taken":0,"max_hp_gain":0,"max_hp_loss":0,"event_name":"Bonfire Elementals","floor":38,"gold_loss":0},{"damage_healed":0,"gold_gain":0,"player_choice":"Ignored","damage_taken":0,"max_hp_gain":0,"max_hp_loss":0,"event_name":"betterThird:BetterPortal","floor":40,"gold_loss":0},{"cards_removed":["Ball Lightning"],"damage_healed":0,"gold_gain":0,"player_choice":"Purged","damage_taken":0,"max_hp_gain":0,"max_hp_loss":0,"event_name":"Purifier","floor":43,"gold_loss":0},{"damage_healed":0,"gold_gain":0,"player_choice":"Paid","damage_taken":0,"relics_obtained":["Red Mask"],"max_hp_gain":0,"max_hp_loss":0,"event_name":"Tomb of Lord Red Mask","floor":48,"gold_loss":0},{"damage_healed":0,"gold_gain":0,"player_choice":"Upgraded","damage_taken":0,"max_hp_gain":0,"max_hp_loss":0,"event_name":"Upgrade Shrine","floor":49,"gold_loss":0,"cards_upgraded":["Beam Cell"]}],"is_beta":false,"boss_relics":[{"not_picked":["hubris:ScarierMask","Cursed Key"],"picked":"Ectoplasm"},{"not_picked":["ReplayTheSpireMod:DimensionalGlitch","Astrolabe"],"picked":"Replay:Bronze Core"}],"items_purged_floors":[10,21],"is_endless":false,"potions_floor_spawned":[1,4,16,24,25,27,31,35,37,41,44],"ascension_level":0}}