{"host":"f3lzm6xlopaexs3q","time":1609604599,"event":{"mods":["AchievementEnabler","BaseMod","Curses Come First","DeckTracker","Minty Spire (QoL Compilation)","StSLib"],"gold_per_floor":[113,38,38,38,57,57,90,107,107,121,155,155,180,180,180,278,278,298,150,168,184,202,202,227,227,227,244,244,344,344,344],"floor_reached":30,"playtime":1545,"items_purged":["Strike_R","Strike_R"],"score":308,"play_id":"99b1f5d5-fcbd-4a11-a10c-e60c4afe1566","local_time":"20210102172319","is_ascension_mode":true,"campfire_choices":[{"data":"Heavy Blade","floor":6,"key":"SMITH"},{"data":"Inflame","floor":15,"key":"SMITH"},{"data":"Pummel","floor":23,"key":"SMITH"},{"data":"Demon Form","floor":28,"key":"SMITH"}],"circlet_count":0,"master_deck":["Strike_R","Strike_R","Strike_R","Defend_R","Defend_R","Defend_R","Defend_R","Bash","Heavy Blade+1","Ghostly Armor","Battle Trance","Heavy Blade","Infernal Blade","Clothesline","Finesse","Bash","Inflame+1","Demon Form+1","Inflame+1","Flex","Pummel+1","True Grit","Inflame","True Grit+1"],"relics":["Burning Blood","NeowsBlessing","Ice Cream","Juzu Bracelet","Lantern","Meat on the Bone","Sundial","Letter Opener","Cursed Key","Bottled Lightning"],"acts_visited":["Exordium","TheCity"],"potions_floor_usage":[10,11,16,30],"damage_taken":[{"damage":0,"enemies":"Small Slimes","floor":1,"turns":1},{"damage":0,"enemies":"Cultist","floor":5,"turns":1},{"damage":0,"enemies":"Lagavulin","floor":7,"turns":1},{"damage":2,"enemies":"2 Louse","floor":8,"turns":2},{"damage":5,"enemies":"Red Slaver","floor":10,"turns":4},{"damage":17,"enemies":"Gremlin Nob","floor":11,"turns":3},{"damage":48,"enemies":"3 Sentries","floor":13,"turns":8},{"damage":23,"enemies":"Hexaghost","floor":16,"turns":8},{"damage":25,"enemies":"3 Byrds","floor":18,"turns":5},{"damage":10,"enemies":"Spheric Guardian","floor":20,"turns":3},{"damage":21,"enemies":"Centurion and Healer","floor":21,"turns":5},{"damage":22,"enemies":"Sentry and Sphere","floor":22,"turns":4},{"damage":63,"enemies":"Slavers","floor":24,"turns":6},{"damage":8,"enemies":"Snake Plant","floor":27,"turns":3},{"damage":71,"enemies":"Gremlin Leader","floor":30,"turns":4}],"seed_played":"6739463488414293510","potions_obtained":[{"floor":1,"key":"FairyPotion"},{"floor":5,"key":"Fire Potion"},{"floor":7,"key":"ElixirPotion"},{"floor":11,"key":"Energy Potion"},{"floor":20,"key":"GamblersBrew"},{"floor":24,"key":"SpeedPotion"},{"floor":27,"key":"BloodPotion"}],"is_trial":false,"path_per_floor":["M","$","?","?","M","R","E","M","T","M","E","?","E","?","R","B",null,"M","$","M","M","M","R","E","?","T","M","R","?","E"],"character_chosen":"IRONCLAD","items_purchased":["Flex"],"campfire_rested":0,"item_purchase_floors":[19],"current_hp_per_floor":[80,80,80,68,74,74,80,80,80,80,69,69,39,32,32,27,80,61,61,57,54,50,50,42,42,42,52,52,52,0,0],"gold":344,"neow_bonus":"THREE_ENEMY_KILL","is_daily":false,"chose_seed":false,"campfire_upgraded":4,"win_rate":0.0,"timestamp":1609604599,"path_taken":["M","$","?","?","M","R","E","M","T","M","E","?","E","?","R","BOSS","M","$","M","M","M","R","E","?","T","M","R","?","E"],"items_purchased_type":["Card"],"build_version":"2020-12-22","purchased_purges":2,"victory":false,"max_hp_per_floor":[80,80,80,80,80,80,80,80,80,80,80,80,80,80,80,80,80,80,80,80,80,80,80,80,80,80,80,80,80,80,80],"card_choices":[{"not_picked":["Pommel Strike","Warcry"],"picked":"Heavy Blade","floor":1},{"not_picked":["Armaments","Metallicize"],"picked":"Ghostly Armor","floor":5},{"not_picked":["Clash","Blood for Blood","Evolve"],"picked":"SKIP","floor":7},{"not_picked":["Searing Blow","Combust"],"picked":"Battle Trance","floor":8},{"not_picked":["Perfected Strike","Warcry"],"picked":"Heavy Blade","floor":10},{"not_picked":["Blood for Blood","Entrench"],"picked":"Infernal Blade","floor":11},{"not_picked":["Twin Strike","Hemokinesis"],"picked":"Inflame","floor":13},{"not_picked":["Bludgeon","Barricade"],"picked":"Demon Form","floor":16},{"not_picked":["Heavy Blade","Evolve"],"picked":"Inflame+1","floor":18},{"not_picked":["Hemokinesis","Body Slam","Reckless Charge"],"picked":"SKIP","floor":20},{"not_picked":["Burning Pact+1","Power Through","Warcry"],"picked":"SKIP","floor":21},{"not_picked":["Armaments","Headbutt"],"picked":"Pummel","floor":22},{"not_picked":["Feel No Pain","Clothesline"],"picked":"True Grit","floor":24},{"not_picked":["Carnage","Warcry"],"picked":"True Grit+1","floor":27}],"player_experience":13620,"relics_obtained":[{"floor":7,"key":"Lantern"},{"floor":9,"key":"Meat on the Bone"},{"floor":11,"key":"Sundial"},{"floor":13,"key":"Letter Opener"},{"floor":24,"key":"Bottled Lightning"}],"event_choices":[{"damage_healed":0,"gold_gain":0,"player_choice":"Box","damage_taken":0,"relics_obtained":["Ice Cream"],"max_hp_gain":0,"max_hp_loss":0,"event_name":"Big Fish","floor":3,"gold_loss":0,"cards_obtained":["Regret"]},{"damage_healed":0,"gold_gain":0,"player_choice":"Success","damage_taken":12,"relics_obtained":["Juzu Bracelet"],"max_hp_gain":0,"max_hp_loss":0,"event_name":"Scrap Ooze","floor":4,"gold_loss":0},{"damage_healed":0,"gold_gain":0,"player_choice":"3 cards matched","damage_taken":0,"max_hp_gain":0,"max_hp_loss":0,"event_name":"Match and Keep!","floor":12,"gold_loss":0,"cards_obtained":["Clothesline","Finesse","Bash"]},{"cards_removed":["Regret"],"damage_healed":0,"gold_gain":0,"player_choice":"Card Removal","damage_taken":7,"max_hp_gain":0,"max_hp_loss":0,"event_name":"Golden Wing","floor":14,"gold_loss":0},{"damage_healed":0,"gold_gain":0,"player_choice":"Read","damage_taken":0,"max_hp_gain":0,"max_hp_loss":0,"event_name":"The Library","floor":25,"gold_loss":0,"cards_obtained":["Inflame"]},{"damage_healed":0,"gold_gain":100,"player_choice":"Pray","damage_taken":0,"max_hp_gain":0,"max_hp_loss":0,"event_name":"Golden Shrine","floor":29,"gold_loss":0}],"is_beta":false,"boss_relics":[{"not_picked":["Runic Dome","Ectoplasm"],"picked":"Cursed Key"}],"items_purged_floors":[2,19],"is_endless":false,"potions_floor_spawned":[1,5,7,11,20,24,27],"killed_by":"Gremlin Leader","ascension_level":1}}