{"host":"7r6bd5ce6zscnmwq","time":1609578581,"event":{"mods":["BaseMod","Better Altar","Better Match","Better Note","Better Sensory Stone","Better Skull","Better Third Choice","Better Vampires","Block Reminder","Colored Powertips","Displayed Cursed Tome","Minty Spire (QoL Compilation)","Permanent Neow","Quick Restart","Shop Mod","Spicy Shops","StSLib","The Marked"],"gold_per_floor":[110,124,138,155,173,207,221,221,221,221,249,249,279,279,279,376,376,396,413,413,50,79,79,79,95,95,95,110,127,153,170,170,269,269,287,34,44,44,44,69,69,69,69],"floor_reached":42,"playtime":3411,"items_purged":["theMarked:Strike"],"score":527,"play_id":"6216eb6b-9f20-4330-8b8e-cba2d12e66d8","local_time":"20210102180941","is_ascension_mode":true,"campfire_choices":[{"data":"theMarked:AttractMetal","floor":10,"key":"SMITH"},{"data":"theMarked:HeritageOfTheMarked","floor":12,"key":"SMITH"},{"floor":15,"key":"RECALL"},{"floor":23,"key":"REST"},{"data":"theMarked:MuscleMemory","floor":32,"key":"SMITH"},{"floor":41,"key":"REST"}],"circlet_count":0,"master_deck":["theMarked:Strike","theMarked:Strike","theMarked:Strike","theMarked:Defend","theMarked:Defend","theMarked:Defend","theMarked:SoldierOfQuellstein","theMarked:TurnInvisible","theMarked:HeritageOfTheMarked+1","theMarked:BanishingStrike","theMarked:ElectricStrings","theMarked:AttractMetal","theMarked:Convert","theMarked:AttractMetal+1","theMarked:Frustration","theMarked:MuscleMemory+1","Apotheosis+1","theMarked:Vacuum","theMarked:Improvise+1","theMarked:TwofoldDefense","theMarked:WardOff","theMarked:Standoff","theMarked:Seal+1","CurseOfTheBell","theMarked:SelfDefenseTraining+1"],"relics":["theMarked:ArtifactOfAir","Bag of Preparation","Eternal Feather","Strawberry","Odd Mushroom","Velvet Choker","Medical Kit","Happy Flower","Red Mask","Torii","Mercury Hourglass","Calling Bell","Lantern","Molten Egg 2","Turnip","Bottled Flame","Letter Opener"],"acts_visited":["Exordium","TheCity","TheBeyond"],"potions_floor_usage":[6,11,16,22],"damage_taken":[{"damage":1,"enemies":"Cultist","floor":1,"turns":3},{"damage":4,"enemies":"Small Slimes","floor":2,"turns":4},{"damage":0,"enemies":"2 Louse","floor":3,"turns":2},{"damage":0,"enemies":"Large Slime","floor":4,"turns":5},{"damage":3,"enemies":"Blue Slaver","floor":5,"turns":4},{"damage":24,"enemies":"3 Sentries","floor":6,"turns":8},{"damage":2,"enemies":"2 Fungi Beasts","floor":7,"turns":4},{"damage":24,"enemies":"Lagavulin","floor":11,"turns":6},{"damage":19,"enemies":"The Mushroom Lair","floor":13,"turns":5},{"damage":15,"enemies":"Hexaghost","floor":16,"turns":7},{"damage":18,"enemies":"3 Byrds","floor":18,"turns":6},{"damage":0,"enemies":"Spheric Guardian","floor":19,"turns":1},{"damage":19,"enemies":"Masked Bandits","floor":22,"turns":6},{"damage":15,"enemies":"Snake Plant","floor":25,"turns":4},{"damage":0,"enemies":"Cultist and Chosen","floor":28,"turns":4},{"damage":1,"enemies":"Centurion and Healer","floor":29,"turns":5},{"damage":11,"enemies":"Slavers","floor":30,"turns":6},{"damage":0,"enemies":"Snake Plant","floor":31,"turns":4},{"damage":9,"enemies":"Champ","floor":33,"turns":10},{"damage":16,"enemies":"3 Darklings","floor":35,"turns":5},{"damage":1,"enemies":"3 Shapes","floor":37,"turns":4},{"damage":5,"enemies":"Nemesis","floor":40,"turns":9},{"damage":77,"enemies":"Giant Head","floor":42,"turns":8}],"seed_played":"1244224707391742108","potions_obtained":[{"floor":1,"key":"LiquidBronze"},{"floor":3,"key":"PowerPotion"},{"floor":13,"key":"ColorlessPotion"},{"floor":18,"key":"theMarked:ChargePotion"},{"floor":19,"key":"DistilledChaos"},{"floor":22,"key":"BlessingOfTheForge"},{"floor":30,"key":"DuplicationPotion"},{"floor":33,"key":"Block Potion"}],"is_trial":false,"path_per_floor":["M","M","M","M","M","E","M","?","T","R","E","R","?","?","R","B",null,"M","M","?","$","?","R","?","M","T","?","M","M","E","M","R","B",null,"M","$","M","?","$","E","R","E"],"character_chosen":"THE_DEFAULT","items_purchased":["Medical Kit","Happy Flower","Bottled Flame"],"campfire_rested":2,"item_purchase_floors":[21,21,36],"current_hp_per_floor":[69,65,65,65,62,38,36,36,36,45,28,37,18,18,30,15,77,59,59,59,59,40,75,75,60,60,60,60,59,48,48,60,51,77,61,61,60,60,60,55,77,0,0],"gold":69,"neow_bonus":"ONE_RANDOM_RARE_CARD","is_daily":false,"chose_seed":false,"campfire_upgraded":3,"win_rate":0.0,"timestamp":1609578581,"path_taken":["M","M","M","M","M","E","M","?","T","R","E","R","?","?","R","BOSS","M","M","?","$","?","R","?","M","T","?","M","M","E","M","R","BOSS","M","$","M","?","$","E","R","E"],"items_purchased_type":["Relic","Relic","Relic"],"build_version":"2020-12-22","purchased_purges":1,"victory":false,"max_hp_per_floor":[70,70,70,70,70,70,70,70,70,70,77,77,77,77,77,77,77,77,77,77,77,77,77,77,77,77,77,77,77,77,77,77,77,77,77,77,77,77,77,77,77,77,77],"card_choices":[{"not_picked":["theMarked:ElementalBlade","theMarked:RepellingDischarge"],"picked":"theMarked:HeritageOfTheMarked","floor":1},{"not_picked":["theMarked:ChainLightning","theMarked:HeightenedSenses"],"picked":"theMarked:BanishingStrike","floor":2},{"not_picked":["theMarked:WastefulAttack","theMarked:MaelstromOfLightning"],"picked":"theMarked:ElectricStrings","floor":3},{"not_picked":["theMarked:LightningStrikesTwice","theMarked:MysticalArsenal"],"picked":"theMarked:AttractMetal","floor":4},{"not_picked":["theMarked:SwordAndMagic","theMarked:Improvise"],"picked":"theMarked:Convert","floor":5},{"not_picked":["theMarked:Frustration","theMarked:SelfDefenseTraining"],"picked":"theMarked:AttractMetal","floor":6},{"not_picked":["theMarked:AttractMetal","theMarked:ElectricStrings"],"picked":"theMarked:Frustration","floor":7},{"not_picked":["theMarked:HeritageOfTheMarked","theMarked:LightningStrikesTwice"],"picked":"theMarked:MuscleMemory","floor":11},{"not_picked":["theMarked:EternalStudent","theMarked:FavorableWinds"],"picked":"theMarked:Vacuum","floor":16},{"not_picked":["theMarked:ComboAttacks","theMarked:Parkour+1"],"picked":"theMarked:Improvise+1","floor":18},{"not_picked":["theMarked:Generate+1","theMarked:HeritageOfTheMarked"],"picked":"theMarked:TwofoldDefense","floor":19},{"not_picked":["theMarked:Electrify+1","theMarked:AttractMetal"],"picked":"theMarked:WardOff","floor":22},{"not_picked":["theMarked:ChainLightning","theMarked:EmpowerWeapon"],"picked":"theMarked:Standoff","floor":25},{"not_picked":["theMarked:ElectricStrings+1","theMarked:ComboAttacks","theMarked:Static"],"picked":"SKIP","floor":28},{"not_picked":["theMarked:Standoff","theMarked:SwordAndMagic+1","theMarked:WastefulDefense"],"picked":"SKIP","floor":29},{"not_picked":["theMarked:Standoff","theMarked:SwordAndMagic+1","theMarked:WastefulDefense"],"picked":"SKIP","floor":29},{"not_picked":["theMarked:TunnelVision","theMarked:Snap"],"picked":"theMarked:Seal+1","floor":30},{"not_picked":["theMarked:Standoff","theMarked:PowerFlow","theMarked:Improvise"],"picked":"SKIP","floor":31},{"not_picked":["theMarked:Aftermath","theMarked:BanishingStrike+1"],"picked":"theMarked:SelfDefenseTraining+1","floor":35},{"not_picked":["theMarked:WastefulAttack+1","theMarked:WardOff+1","theMarked:Static+1"],"picked":"SKIP","floor":37},{"not_picked":["theMarked:PowerFlow+1","theMarked:ReduceFriction","theMarked:LightningStrikesTwice+1"],"picked":"SKIP","floor":40}],"player_experience":621180,"relics_obtained":[{"floor":6,"key":"Bag of Preparation"},{"floor":9,"key":"Eternal Feather"},{"floor":11,"key":"Strawberry"},{"floor":13,"key":"Odd Mushroom"},{"floor":22,"key":"Red Mask"},{"floor":30,"key":"Mercury Hourglass"},{"floor":34,"key":"Lantern"},{"floor":34,"key":"Molten Egg 2"},{"floor":34,"key":"Turnip"},{"floor":40,"key":"Letter Opener"}],"event_choices":[{"damage_healed":0,"gold_gain":0,"player_choice":"Ignored","damage_taken":221,"max_hp_gain":0,"max_hp_loss":0,"event_name":"betterThird:BetterSerpent","floor":8,"gold_loss":0},{"damage_healed":0,"gold_gain":0,"player_choice":"Fought Mushrooms","damage_taken":0,"max_hp_gain":0,"max_hp_loss":0,"event_name":"Mushrooms","floor":13,"gold_loss":0},{"damage_healed":18,"gold_gain":0,"player_choice":"Embrace","damage_taken":0,"max_hp_gain":0,"max_hp_loss":77,"event_name":"betterThird:BetterShining","floor":14,"gold_loss":0},{"cards_removed":["theMarked:Defend"],"damage_healed":0,"gold_gain":0,"player_choice":"Elegance","damage_taken":0,"max_hp_gain":0,"max_hp_loss":0,"event_name":"betterThird:BetterWriting","floor":20,"gold_loss":0},{"damage_healed":0,"gold_gain":0,"player_choice":"Fought Bandits","damage_taken":0,"max_hp_gain":0,"max_hp_loss":0,"event_name":"Masked Bandits","floor":22,"gold_loss":0},{"damage_healed":0,"gold_gain":0,"player_choice":"Opened","damage_taken":0,"relics_obtained":["Torii"],"max_hp_gain":0,"max_hp_loss":0,"event_name":"The Mausoleum","floor":27,"gold_loss":0},{"cards_removed":["theMarked:Strike"],"damage_healed":0,"gold_gain":0,"player_choice":"Removed Attack","damage_taken":0,"max_hp_gain":0,"max_hp_loss":0,"event_name":"Falling","floor":38,"gold_loss":0}],"is_beta":false,"boss_relics":[{"not_picked":["Ectoplasm","theMarked:Eyepatch"],"picked":"Velvet Choker"},{"not_picked":["theMarked:SpiritSword","Black Star"],"picked":"Calling Bell"}],"items_purged_floors":[21],"is_endless":false,"potions_floor_spawned":[1,3,13,18,19,22,30,33,35,40],"killed_by":"Giant Head","ascension_level":3}}