{"host":"b7j598ve05halrwk","time":1609624851,"event":{"mods":["2.2 Compatiblity","BaseMod","Block Reminder","DeckTracker","Minty Spire (QoL Compilation)","Relic Stats","Slay the Relics Exporter","StSLib","ojb\u0027s Info Mod"],"gold_per_floor":[111,411,376,376,388,408,408,408,434,460,492,257,285,295,295,368,368,385,385,385,22,34,34,8,25,52,70,102,27,59,74,74,148,148,164,180,192,262,282,315,332,365,392,392,411,437,166,180,180,180,180,180,180,20,50,50],"floor_reached":57,"playtime":6760,"items_purged":["Decay","Strike_B"],"score":2938,"play_id":"2c99e5ae-372e-4319-8dda-e3af0db827af","local_time":"20210102170051","is_ascension_mode":true,"campfire_choices":[{"data":"Static Discharge","floor":8.0,"key":"SMITH"},{"data":"Reboot","floor":15.0,"key":"SMITH"},{"floor":23.0,"key":"REST"},{"data":"Hologram","floor":32.0,"key":"SMITH"},{"data":"Biased Cognition","floor":44.0,"key":"SMITH"},{"floor":49.0,"key":"RECALL"},{"data":"Fission","floor":53.0,"key":"SMITH"}],"circlet_count":0,"master_deck":["AscendersBane","Defend_B","Defend_B","Defend_B","Zap","Dualcast","Ball Lightning","Static Discharge+1","Leap","Reinforced Body","Hello World","FTL","Self Repair","Reboot+1","Sweeping Beam","Rainbow","Steam","Amplify","Creative AI","Impatience","Capacitor+1","Hologram+1","Cold Snap","Conserve Battery","Heatsinks","Hello World","Multi-Cast","Echo Form","Hologram+1","Fission+1","Glacier","Cold Snap","Undo","BootSequence+1","Biased Cognition+1","White Noise","Stack","Rainbow","Dark Shackles","Defragment"],"relics":["Runic Dome","Old Coin","Potion Belt","MawBank","Blood Vial","Nuclear Battery","Enchiridion","OrangePellets","Centennial Puzzle","Toy Ornithopter","Question Card","SacredBark","Meat on the Bone","Strawberry","Juzu Bracelet","Happy Flower","Cauldron","Oddly Smooth Stone"],"acts_visited":["Exordium","TheCity","TheBeyond","TheEnding"],"potions_floor_usage":[54,56,56,56],"damage_taken":[{"damage":0.0,"enemies":"2 Louse","floor":1.0,"turns":3.0},{"damage":16.0,"enemies":"Small Slimes","floor":5.0,"turns":3.0},{"damage":6.0,"enemies":"Cultist","floor":6.0,"turns":4.0},{"damage":12.0,"enemies":"3 Sentries","floor":10.0,"turns":4.0},{"damage":12.0,"enemies":"Large Slime","floor":11.0,"turns":5.0},{"damage":14.0,"enemies":"Lagavulin","floor":13.0,"turns":6.0},{"damage":13.0,"enemies":"3 Louse","floor":14.0,"turns":3.0},{"damage":21.0,"enemies":"Slime Boss","floor":16.0,"turns":8.0},{"damage":4.0,"enemies":"Spheric Guardian","floor":18.0,"turns":3.0},{"damage":18.0,"enemies":"Chosen","floor":22.0,"turns":4.0},{"damage":4.0,"enemies":"Snake Plant","floor":25.0,"turns":4.0},{"damage":8.0,"enemies":"Shelled Parasite and Fungi","floor":27.0,"turns":5.0},{"damage":10.0,"enemies":"Gremlin Leader","floor":28.0,"turns":6.0},{"damage":15.0,"enemies":"Book of Stabbing","floor":30.0,"turns":5.0},{"damage":16.0,"enemies":"Cultist and Chosen","floor":31.0,"turns":4.0},{"damage":0.0,"enemies":"Champ","floor":33.0,"turns":13.0},{"damage":23.0,"enemies":"3 Darklings","floor":35.0,"turns":4.0},{"damage":6.0,"enemies":"Orb Walker","floor":36.0,"turns":2.0},{"damage":32.0,"enemies":"4 Shapes","floor":37.0,"turns":8.0},{"damage":20.0,"enemies":"Sphere and 2 Shapes","floor":39.0,"turns":12.0},{"damage":32.0,"enemies":"Reptomancer","floor":40.0,"turns":5.0},{"damage":0.0,"enemies":"Maw","floor":41.0,"turns":7.0},{"damage":0.0,"enemies":"Giant Head","floor":42.0,"turns":12.0},{"damage":2.0,"enemies":"4 Shapes","floor":45.0,"turns":5.0},{"damage":10.0,"enemies":"Reptomancer","floor":46.0,"turns":10.0},{"damage":24.0,"enemies":"Transient","floor":48.0,"turns":6.0},{"damage":34.0,"enemies":"Donu and Deca","floor":50.0,"turns":16.0},{"damage":41.0,"enemies":"Time Eater","floor":51.0,"turns":16.0},{"damage":38,"enemies":"Shield and Spear","floor":55,"turns":15},{"damage":50,"enemies":"The Heart","floor":56,"turns":13}],"seed_played":"6018108439676501215","potions_obtained":[{"floor":5.0,"key":"AttackPotion"},{"floor":6.0,"key":"Fire Potion"},{"floor":10.0,"key":"Strength Potion"},{"floor":11.0,"key":"BlessingOfTheForge"},{"floor":22.0,"key":"FocusPotion"},{"floor":28.0,"key":"FocusPotion"},{"floor":30.0,"key":"Weak Potion"},{"floor":33.0,"key":"Dexterity Potion"},{"floor":36.0,"key":"SteroidPotion"},{"floor":37.0,"key":"ColorlessPotion"},{"floor":39.0,"key":"SpeedPotion"},{"floor":45.0,"key":"Swift Potion"},{"floor":54,"key":"Fruit Juice"},{"floor":54,"key":"Dexterity Potion"}],"is_trial":false,"path_per_floor":["M","?","?","?","M","M","?","R","T","E","M","$","E","M","R","B",null,"M","?","?","$","M","R","$","M","T","M","E","?","E","M","R","B",null,"M","M","M","T","M","E","M","E","T","R","M","E","$","M","R","B","B",null,"R","$","E","B",null],"character_chosen":"DEFECT","items_purchased":["FTL","Self Repair","Impatience","OrangePellets","Hologram","Dark Shackles","Dexterity Potion","FairyPotion","Cauldron"],"campfire_rested":1,"item_purchase_floors":[12,12,21,21,24,47,47,47,54],"current_hp_per_floor":[64,46,63,63,47,41,64,64,64,52,40,40,33,29,29,17,58,56,56,35,35,19,40,40,38,38,46,45,45,44,30,30,39,63,42,45,34,34,42,48,57,73,73,73,78,75,75,60,60,54,41,69,69,84,62,41],"gold":50,"neow_bonus":"BOSS_RELIC","is_daily":false,"chose_seed":false,"campfire_upgraded":5,"win_rate":0.0,"timestamp":1609624851,"path_taken":["M","?","?","?","M","?","?","R","T","E","M","$","E","M","R","BOSS","M","?","?","$","M","R","$","M","T","?","E","?","E","M","R","BOSS","M","M","M","?","M","E","M","E","T","R","M","E","$","M","R","BOSS","BOSS","R","$","E","BOSS"],"items_purchased_type":["Card","Card","Card","Relic","Card","Card","Potion","Potion","Relic"],"build_version":"2020-12-22","purchased_purges":2,"victory":true,"max_hp_per_floor":[71,71,71,71,71,71,71,71,71,71,71,71,71,71,71,71,71,71,71,71,71,71,71,71,71,71,71,71,71,71,71,71,71,71,71,71,71,71,71,78,78,78,78,78,78,78,78,78,78,78,78,78,78,88,88,88],"relic_stats":{"Blood Vial":46,"OrangePellets":[51],"Centennial Puzzle":[48],"Happy Flower":[22],"counters":[30,211],"Juzu Bracelet":0,"MawBank":24,"Question Card":14,"obtain_stats":[{"Potion Belt":9,"Happy Flower":46,"SacredBark":34,"Enchiridion":20,"Oddly Smooth Stone":55,"Juzu Bracelet":42,"MawBank":10,"Question Card":30,"Old Coin":2,"Nuclear Battery":17,"Blood Vial":13,"Runic Dome":0,"OrangePellets":21,"Cauldron":54,"Centennial Puzzle":26,"Strawberry":40,"Cracked Core":0,"Toy Ornithopter":28,"Meat on the Bone":38},{"Potion Belt":3,"Happy Flower":25,"SacredBark":16,"Enchiridion":9,"Oddly Smooth Stone":29,"Juzu Bracelet":23,"MawBank":4,"Question Card":14,"Old Coin":1,"Nuclear Battery":8,"Blood Vial":6,"Runic Dome":0,"OrangePellets":9,"Cauldron":28,"Centennial Puzzle":11,"Strawberry":21,"Cracked Core":0,"Toy Ornithopter":13,"Meat on the Bone":19},{"Potion Belt":10,"Happy Flower":145,"SacredBark":80,"Enchiridion":39,"Oddly Smooth Stone":198,"Juzu Bracelet":130,"MawBank":14,"Question Card":63,"Old Coin":3,"Nuclear Battery":36,"Blood Vial":25,"Runic Dome":0,"OrangePellets":39,"Cauldron":183,"Centennial Puzzle":47,"Strawberry":111,"Cracked Core":0,"Toy Ornithopter":58,"Meat on the Bone":94}],"Toy Ornithopter":40,"Meat on the Bone":60},"card_choices":[{"not_picked":["Steam","Coolheaded"],"picked":"Ball Lightning","floor":1.0},{"not_picked":["BootSequence","Glacier"],"picked":"Static Discharge","floor":5.0},{"not_picked":["Recycle","Stack"],"picked":"Leap","floor":6.0},{"not_picked":["Gash","Steam"],"picked":"Reinforced Body","floor":10.0},{"not_picked":["Leap","Hologram"],"picked":"Hello World","floor":11.0},{"not_picked":["Stack","Gash"],"picked":"Reboot","floor":13.0},{"not_picked":["Steam","Ball Lightning"],"picked":"Sweeping Beam","floor":14.0},{"not_picked":["Thunder Strike","Amplify"],"picked":"Rainbow","floor":16.0},{"not_picked":["Self Repair","Ball Lightning"],"picked":"Steam","floor":18.0},{"not_picked":["Undo","Barrage"],"picked":"Capacitor+1","floor":22.0},{"not_picked":["Melter","Compile Driver"],"picked":"Cold Snap","floor":25.0},{"not_picked":["Steam","Barrage"],"picked":"Conserve Battery","floor":27.0},{"not_picked":["Streamline","Storm"],"picked":"Heatsinks","floor":28.0},{"not_picked":["Doom and Gloom","Streamline"],"picked":"Echo Form","floor":30.0},{"not_picked":["Compile Driver","Capacitor","Stack"],"picked":"Hologram+1","floor":31.0},{"not_picked":["Creative AI","Meteor Strike","Thunder Strike"],"picked":"Fission","floor":33.0},{"not_picked":["Rebound","Recycle","Compile Driver"],"picked":"Glacier","floor":35.0},{"not_picked":["Storm","Steam","Redo+1"],"picked":"Cold Snap","floor":36.0},{"not_picked":["Darkness+1","Hello World","Recycle+1"],"picked":"Undo","floor":37.0},{"not_picked":["Compile Driver+1","Melter","Steam Power"],"picked":"BootSequence+1","floor":39.0},{"not_picked":["Capacitor","Defragment","Hologram"],"picked":"Biased Cognition","floor":40.0},{"not_picked":["Steam","Beam Cell","Sweeping Beam"],"picked":"White Noise","floor":41.0},{"not_picked":["Melter","Cold Snap","Fusion","All For One"],"picked":"SKIP","floor":42.0},{"not_picked":["Rebound+1","Steam","Gash"],"picked":"Stack","floor":45.0},{"not_picked":["Ball Lightning","Cold Snap","Turbo"],"picked":"Rainbow","floor":46.0},{"not_picked":["Stack","Hologram","Coolheaded","Gash"],"picked":"SKIP","floor":48.0},{"not_picked":["Ball Lightning","Static Discharge","Heatsinks"],"picked":"Defragment","floor":55}],"player_experience":765402,"relics_obtained":[{"floor":9.0,"key":"Potion Belt"},{"floor":10.0,"key":"MawBank"},{"floor":13.0,"key":"Blood Vial"},{"floor":20.0,"key":"Enchiridion"},{"floor":26.0,"key":"Centennial Puzzle"},{"floor":28.0,"key":"Toy Ornithopter"},{"floor":30.0,"key":"Question Card"},{"floor":38.0,"key":"Meat on the Bone"},{"floor":40.0,"key":"Strawberry"},{"floor":42.0,"key":"Juzu Bracelet"},{"floor":46.0,"key":"Happy Flower"},{"floor":55,"key":"Oddly Smooth Stone"}],"event_choices":[{"damage_healed":0.0,"max_hp_gain":0.0,"max_hp_loss":0.0,"gold_gain":0.0,"event_name":"Scrap Ooze","player_choice":"Success","floor":2.0,"gold_loss":0.0,"damage_taken":18.0,"relics_obtained":["Old Coin"]},{"damage_healed":17.0,"max_hp_gain":0.0,"max_hp_loss":0.0,"gold_gain":0.0,"event_name":"The Cleric","player_choice":"Healed","floor":3.0,"gold_loss":35.0,"damage_taken":0.0},{"damage_healed":0.0,"max_hp_gain":0.0,"max_hp_loss":0.0,"gold_gain":0.0,"event_name":"Wheel of Change","player_choice":"Cursed","floor":4.0,"gold_loss":0.0,"damage_taken":0.0,"cards_obtained":["Decay"]},{"damage_healed":23.0,"max_hp_gain":0.0,"max_hp_loss":0.0,"gold_gain":0.0,"event_name":"Big Fish","player_choice":"Banana","floor":7.0,"gold_loss":0.0,"damage_taken":0.0},{"damage_healed":0.0,"max_hp_gain":0.0,"max_hp_loss":0.0,"gold_gain":0.0,"cards_transformed":["Strike_B","Strike_B"],"event_name":"Drug Dealer","player_choice":"Became Test Subject","floor":19.0,"gold_loss":0.0,"damage_taken":0.0,"cards_obtained":["Amplify","Creative AI"]},{"damage_healed":0.0,"max_hp_gain":0.0,"max_hp_loss":0.0,"gold_gain":0.0,"event_name":"Cursed Tome","player_choice":"Obtained Book","floor":20.0,"gold_loss":0.0,"damage_taken":21.0},{"damage_healed":0.0,"max_hp_gain":0.0,"max_hp_loss":0.0,"gold_gain":0.0,"cards_transformed":["Strike_B","Defend_B"],"event_name":"Designer","player_choice":"Transformed Cards","floor":29.0,"gold_loss":75.0,"damage_taken":0.0,"cards_obtained":["Hello World","Multi-Cast"]}],"is_beta":false,"boss_relics":[{"not_picked":["Cursed Key","Ectoplasm"],"picked":"Nuclear Battery"},{"not_picked":["Busted Crown","Calling Bell"],"picked":"SacredBark"}],"items_purged_floors":[12,21],"is_endless":false,"potions_floor_spawned":[5,6,10,11,22,28,30,33,36,37,39,45],"ascension_level":20}}