{"host":"hfxp6ue4pvwo3fit","time":1609577103,"event":{"mods":["AchievementEnabler","BaseMod","Colored Map","Colored Powertips","Highlight Path","Minty Spire (QoL Compilation)","Relic Stats","StSLib","SuperFastMode"],"gold_per_floor":[109,128,139,109,122,122,133,160,186,214,214,226,241,306,306,306,306],"floor_reached":16,"playtime":636,"items_purged":[],"score":228,"play_id":"bfa9756a-4771-4525-999b-47733ab938c8","local_time":"20210102024503","is_ascension_mode":true,"campfire_choices":[{"floor":6,"key":"REST"},{"data":"True Grit","floor":11,"key":"SMITH"},{"floor":15,"key":"REST"}],"circlet_count":0,"master_deck":["AscendersBane","Strike_R","Strike_R","Strike_R","Strike_R","Defend_R","Defend_R","Defend_R","Bash","Wild Strike","Spot Weakness","Pommel Strike","True Grit+1","Pummel","Dropkick","Cleave","Evolve","Thunderclap","Disarm"],"relics":["Empty Cage","Pear","Happy Flower","Blood Vial","Omamori"],"acts_visited":["Exordium"],"potions_floor_usage":[8,8,10,14],"damage_taken":[{"damage":1,"enemies":"Cultist","floor":1,"turns":3},{"damage":5,"enemies":"Small Slimes","floor":2,"turns":3},{"damage":0,"enemies":"2 Louse","floor":3,"turns":2},{"damage":17,"enemies":"Looter","floor":5,"turns":3},{"damage":16,"enemies":"Lots of Slimes","floor":7,"turns":7},{"damage":35,"enemies":"3 Sentries","floor":8,"turns":6},{"damage":4,"enemies":"Gremlin Nob","floor":10,"turns":3},{"damage":0,"enemies":"2 Fungi Beasts","floor":12,"turns":2},{"damage":11,"enemies":"Looter","floor":13,"turns":2},{"damage":9,"enemies":"3 Sentries","floor":14,"turns":6},{"damage":36,"enemies":"The Guardian","floor":16,"turns":11}],"seed_played":"-2442719576854589825","potions_obtained":[{"floor":3,"key":"EssenceOfSteel"},{"floor":4,"key":"DuplicationPotion"},{"floor":4,"key":"EntropicBrew"},{"floor":13,"key":"Block Potion"}],"is_trial":false,"path_per_floor":["M","M","M","?","M","R","M","E","T","E","R","M","M","?","R","B"],"character_chosen":"IRONCLAD","items_purchased":[],"campfire_rested":2,"item_purchase_floors":[],"current_hp_per_floor":[67,62,62,62,45,67,51,26,26,22,22,24,15,8,33,0,0],"gold":306,"neow_bonus":"BOSS_RELIC","is_daily":false,"chose_seed":false,"campfire_upgraded":1,"win_rate":0.0,"timestamp":1609577103,"path_taken":["M","?","M","?","?","R","M","E","T","E","R","M","M","?","R","BOSS"],"items_purchased_type":[],"build_version":"2020-12-22","purchased_purges":0,"victory":false,"max_hp_per_floor":[75,75,75,75,75,75,75,85,85,85,85,85,85,85,85,85,85],"relic_stats":{"Blood Vial":8,"Happy Flower":[8],"counters":[11,48],"obtain_stats":[{"Blood Vial":10,"Pear":8,"Happy Flower":9,"Omamori":14,"Empty Cage":0,"Burning Blood":0},{"Blood Vial":7,"Pear":6,"Happy Flower":6,"Omamori":10,"Empty Cage":0,"Burning Blood":0},{"Blood Vial":27,"Pear":24,"Happy Flower":24,"Omamori":37,"Empty Cage":0,"Burning Blood":0}]},"card_choices":[{"not_picked":["Perfected Strike","Sword Boomerang"],"picked":"Wild Strike","floor":1},{"not_picked":["Feel No Pain","Rage"],"picked":"Spot Weakness","floor":2},{"not_picked":["Flex","True Grit"],"picked":"Pommel Strike","floor":3},{"not_picked":["Dual Wield","Bludgeon"],"picked":"True Grit","floor":5},{"not_picked":["Iron Wave","True Grit"],"picked":"Pummel","floor":7},{"not_picked":["Spot Weakness","Sever Soul"],"picked":"Dropkick","floor":8},{"not_picked":["Power Through","Second Wind"],"picked":"Cleave","floor":10},{"not_picked":["Pommel Strike","Wild Strike"],"picked":"Evolve","floor":12},{"not_picked":["Carnage","Exhume"],"picked":"Thunderclap","floor":13},{"not_picked":["Headbutt","Hemokinesis"],"picked":"Disarm","floor":14}],"player_experience":458373,"relics_obtained":[{"floor":8,"key":"Pear"},{"floor":9,"key":"Happy Flower"},{"floor":10,"key":"Blood Vial"},{"floor":14,"key":"Omamori"}],"event_choices":[{"damage_healed":0,"gold_gain":0,"player_choice":"Bought 2 Potions","damage_taken":0,"max_hp_gain":0,"max_hp_loss":0,"event_name":"The Woman in Blue","floor":4,"gold_loss":0},{"damage_healed":0,"gold_gain":0,"player_choice":"Searched \u00271\u0027 times","damage_taken":0,"max_hp_gain":0,"max_hp_loss":0,"event_name":"Dead Adventurer","floor":14,"gold_loss":0}],"is_beta":false,"boss_relics":[],"items_purged_floors":[],"is_endless":false,"potions_floor_spawned":[3,5,13],"killed_by":"The Guardian","ascension_level":20}}