{"host":"8i4doyxqctgl5qb0","time":1609620386,"event":{"mods":["AchievementEnabler","BaseMod","Block Reminder","Colored Powertips","Downfall","Marisa£®ÏF”Í°°ƒß¿Ì…≥£©","Minty Spire (QoL Compilation)","Permanent Neow","Potion Indicator Mod","Rare Cards Sparkle","StSLib","SuperFastMode"],"gold_per_floor":[114,189,189,189,209,209,239,239,264,294,29,40,58,112,112,212,212,222,47,47,47,0,32,32,32,32,32,32,50,50,69,69,172,172,184,195,195,12,12,12,39,39,39,72,72,86,100,118,118,118],"floor_reached":51,"playtime":2664,"items_purged":[],"score":802,"play_id":"1ae9a95e-72de-441a-9724-055b9e71f7d9","local_time":"20210103044626","is_ascension_mode":true,"campfire_choices":[{"data":"Dualcast","floor":6.0,"key":"SMITH"},{"data":"Redo","floor":8.0,"key":"SMITH"},{"floor":15.0,"key":"REST"},{"floor":24.0,"key":"REST"},{"floor":30.0,"key":"REST"},{"data":"Creative AI","floor":32.0,"key":"SMITH"},{"data":"Rainbow","floor":40.0,"key":"SMITH"},{"data":"Defragment","floor":42.0,"key":"SMITH"},{"data":"Self Repair","floor":45.0,"key":"SMITH"},{"data":"Defragment","floor":49.0,"key":"SMITH"}],"circlet_count":0,"master_deck":["Strike_B","Strike_B","Strike_B","Strike_B","Defend_B","Defend_B","Defend_B","Zap","Dualcast+1","Redo+1","Barrage","Reinforced Body","Leap","Reinforced Body","Beam Cell+1","Thunder Strike+1","Go for the Eyes+1","Creative AI+1","Ball Lightning+1","J.A.X.","Chill","Conserve Battery","Heatsinks+1","Defragment+1","Cold Snap+1","Rainbow+1","Heatsinks+1","Blizzard+1","Self Repair+1","Chill","Melter+1","Madness","Madness","Self Repair","Defragment+1","Coolheaded+1","Storm","Defragment+1"],"relics":["FrozenCore","Bird Faced Urn","Pen Nib","TungstenRod","Molten Egg 2","Oddly Smooth Stone","Gambling Chip","Du-Vu Doll","Philosopher\u0027s Stone","Bottled Tornado","Ancient Tea Set","Strawberry"],"acts_visited":["Exordium","TheCity","TheBeyond"],"potions_floor_usage":[50,50,50],"damage_taken":[{"damage":0.0,"enemies":"2 Louse","floor":1.0,"turns":1.0},{"damage":0.0,"enemies":"Small Slimes","floor":5.0,"turns":3.0},{"damage":29.0,"enemies":"Lagavulin","floor":10.0,"turns":6.0},{"damage":0.0,"enemies":"Cultist","floor":12.0,"turns":3.0},{"damage":0.0,"enemies":"Blue Slaver","floor":13.0,"turns":3.0},{"damage":46.0,"enemies":"The Guardian","floor":16.0,"turns":14.0},{"damage":9.0,"enemies":"Shell Parasite","floor":18.0,"turns":9.0},{"damage":11.0,"enemies":"2 Thieves","floor":22.0,"turns":4.0},{"damage":57.0,"enemies":"Slavers","floor":23.0,"turns":10.0},{"damage":16.0,"enemies":"Shelled Parasite and Fungi","floor":29.0,"turns":9.0},{"damage":4.0,"enemies":"Centurion and Healer","floor":31.0,"turns":9.0},{"damage":45.0,"enemies":"Champ","floor":33.0,"turns":13.0},{"damage":4.0,"enemies":"Orb Walker","floor":35.0,"turns":4.0},{"damage":6.0,"enemies":"3 Darklings","floor":36.0,"turns":5.0},{"damage":7.0,"enemies":"Giant Head","floor":41.0,"turns":9.0},{"damage":48.0,"enemies":"Nemesis","floor":44.0,"turns":7.0},{"damage":31.0,"enemies":"Jaw Worm Horde","floor":46.0,"turns":6.0},{"damage":15.0,"enemies":"Sphere and 2 Shapes","floor":47.0,"turns":5.0},{"damage":35.0,"enemies":"Transient","floor":48.0,"turns":5.0},{"damage":95,"enemies":"Awakened One","floor":50,"turns":9}],"seed_played":"5538236787452100947","potions_obtained":[{"floor":0.0,"key":"LiquidMemories"},{"floor":0.0,"key":"Fire Potion"},{"floor":0.0,"key":"Explosive Potion"},{"floor":5.0,"key":"CultistPotion"},{"floor":13.0,"key":"hexamod:EctoCoolerPotion"},{"floor":16.0,"key":"FearPotion"},{"floor":23.0,"key":"Regen Potion"},{"floor":46.0,"key":"BlessingOfTheForge"},{"floor":48.0,"key":"Strength Potion"}],"is_trial":false,"path_per_floor":["M","?","?","?","M","R","?","R","T","E","$","M","M","T","R","B",null,"M","$","?","?","M","E","R","$","T","?","?","M","R","M","R","B",null,"M","M","?","$","?","R","E","R","T","E","R","M","M","M","R","B",null],"character_chosen":"DEFECT","items_purchased":["Molten Egg 2","Leap","Creative AI","Ball Lightning+1","Self Repair","Chill","Melter+1"],"campfire_rested":3,"item_purchase_floors":[11,11,19,19,38,38,38],"current_hp_per_floor":[75,64,64,64,64,64,64,64,64,35,35,35,35,35,57,11,75,66,66,66,66,59,12,34,34,34,59,46,44,68,80,80,80,80,78,80,80,80,71,71,80,80,80,76,76,84,87,81,81,24],"gold":118,"neow_bonus":"THREE_SMALL_POTIONS","is_daily":false,"chose_seed":false,"campfire_upgraded":7,"win_rate":0.0,"timestamp":1609620386,"path_taken":["M","?","?","?","?","R","?","R","T","E","$","M","M","?","R","BOSS","M","$","?","?","?","E","R","?","T","?","?","M","R","M","R","BOSS","M","M","?","?","?","R","E","R","T","E","R","?","M","?","R","BOSS"],"items_purchased_type":["Relic","Card","Card","Card","Card","Card","Card"],"build_version":"2020-12-22","purchased_purges":0,"victory":true,"max_hp_per_floor":[75,75,75,75,75,75,75,75,75,75,75,75,75,75,75,75,75,75,75,75,75,75,75,75,75,75,75,80,80,80,80,80,80,80,80,80,80,80,80,80,80,80,80,87,87,87,87,87,87,87],"card_choices":[{"not_picked":["Reprogram","Force Field"],"picked":"Redo","floor":1.0},{"not_picked":["Doom and Gloom","Steam Power"],"picked":"Barrage","floor":5.0},{"not_picked":["Aggregate","Go for the Eyes"],"picked":"Reinforced Body","floor":10.0},{"not_picked":["Hologram","Genetic Algorithm"],"picked":"Reinforced Body","floor":12.0},{"not_picked":["Barrage+1","Blizzard+1"],"picked":"Beam Cell+1","floor":13.0},{"not_picked":["All For One+1","Fission"],"picked":"Thunder Strike+1","floor":16.0},{"not_picked":["Leap","Beam Cell+1"],"picked":"Go for the Eyes+1","floor":18.0},{"not_picked":["Beam Cell+1","Go for the Eyes+1"],"picked":"Conserve Battery","floor":22.0},{"not_picked":["Coolheaded","Stack"],"picked":"Heatsinks+1","floor":23.0},{"not_picked":["Hologram+1","Cold Snap+1"],"picked":"Defragment","floor":29.0},{"not_picked":["Steam","Genetic Algorithm"],"picked":"Cold Snap+1","floor":31.0},{"not_picked":["Reboot","Biased Cognition"],"picked":"Rainbow","floor":33.0},{"not_picked":["Lockon+1","Leap"],"picked":"Heatsinks+1","floor":35.0},{"not_picked":["Rip and Tear+1","Coolheaded"],"picked":"Blizzard+1","floor":36.0},{"not_picked":["Stack","Redo+1"],"picked":"Self Repair","floor":41.0},{"not_picked":["Redo+1","Stack"],"picked":"Defragment+1","floor":44.0},{"not_picked":["Biased Cognition","Rebound+1"],"picked":"Coolheaded+1","floor":46.0},{"not_picked":["Rebound+1","Barrage+1"],"picked":"Storm","floor":47.0},{"not_picked":["Steam+1","Cold Snap+1"],"picked":"Defragment","floor":48.0}],"player_experience":28859,"relics_obtained":[{"floor":9.0,"key":"Pen Nib"},{"floor":10.0,"key":"TungstenRod"},{"floor":14.0,"key":"Oddly Smooth Stone"},{"floor":23.0,"key":"Gambling Chip"},{"floor":26.0,"key":"Du-Vu Doll"},{"floor":41.0,"key":"Bottled Tornado"},{"floor":43.0,"key":"Ancient Tea Set"},{"floor":44.0,"key":"Strawberry"}],"event_choices":[{"damage_healed":0.0,"max_hp_gain":0.0,"max_hp_loss":0.0,"gold_gain":75.0,"event_name":"World of Goop","player_choice":"Gather Gold","floor":2.0,"gold_loss":0.0,"damage_taken":11.0},{"damage_healed":0.0,"max_hp_gain":0.0,"max_hp_loss":0.0,"gold_gain":0.0,"event_name":"Big Fish","player_choice":"Box","floor":3.0,"gold_loss":0.0,"damage_taken":0.0,"relics_obtained":["Bird Faced Urn"],"cards_obtained":["Regret"]},{"damage_healed":0.0,"max_hp_gain":0.0,"max_hp_loss":0.0,"gold_gain":0.0,"event_name":"The Woman in Blue","player_choice":"Bought 0 Potions","floor":4.0,"gold_loss":0.0,"damage_taken":0.0},{"damage_healed":0.0,"max_hp_gain":0.0,"max_hp_loss":0.0,"gold_gain":30.0,"event_name":"Dead Adventurer","player_choice":"Searched \u00271\u0027 times","floor":7.0,"gold_loss":0.0,"damage_taken":0.0},{"damage_healed":0.0,"max_hp_gain":0.0,"max_hp_loss":0.0,"gold_gain":0.0,"event_name":"Drug Dealer","player_choice":"Obtain J.A.X.","floor":20.0,"gold_loss":0.0,"damage_taken":0.0,"cards_obtained":["J.A.X."]},{"damage_healed":0.0,"max_hp_gain":0.0,"max_hp_loss":0.0,"gold_gain":0.0,"cards_transformed":["Defend_B"],"event_name":"Transmorgrifier","player_choice":"Transformed","floor":21.0,"gold_loss":0.0,"damage_taken":0.0,"cards_obtained":["Chill"]},{"damage_healed":25.0,"max_hp_gain":0.0,"max_hp_loss":0.0,"gold_gain":0.0,"event_name":"The Library","player_choice":"Heal","floor":27.0,"gold_loss":0.0,"damage_taken":0.0},{"damage_healed":0.0,"max_hp_gain":5.0,"max_hp_loss":0.0,"gold_gain":0.0,"event_name":"Forgotten Altar","player_choice":"Shed Blood","floor":28.0,"gold_loss":0.0,"damage_taken":19.0},{"cards_removed":["Regret"],"damage_healed":0.0,"max_hp_gain":0.0,"max_hp_loss":0.0,"gold_gain":0.0,"event_name":"Purifier","player_choice":"Purged","floor":37.0,"gold_loss":0.0,"damage_taken":0.0},{"damage_healed":0.0,"max_hp_gain":0.0,"max_hp_loss":0.0,"gold_gain":0.0,"event_name":"Winding Halls","player_choice":"Embrace Madness","floor":39.0,"gold_loss":0.0,"damage_taken":10.0,"cards_obtained":["Madness","Madness"]}],"is_beta":false,"boss_relics":[{"not_picked":["SlaversCollar","Runic Dome"],"picked":"FrozenCore"},{"not_picked":["Runic Pyramid","Velvet Choker"],"picked":"Philosopher\u0027s Stone"}],"items_purged_floors":[],"is_endless":false,"potions_floor_spawned":[5,13,16,23,29,36,46,48],"ascension_level":1}}