{"host":"fubl5olmpa6illow","time":1609619799,"event":{"mods":["BaseMod","Minty Spire (QoL Compilation)","Random Character Button","Relic Sorter","Relic Stats"],"gold_per_floor":[113,123,133,133,145,178,178,128,128,160,160,6,6,16,16,120,120,133,151,162,162,262,262,274,294,294,304,335,351,351,379,379,474,474,485,1484,1494,950,964,976,976,976,1030,1030,1048,505,505,515,515,515,515,515,9,35,35,35],"floor_reached":55,"playtime":7115,"items_purged":["Defend_G","Normality","Normality","Strike_G"],"score":746,"play_id":"de2267ca-c961-4e88-8adb-db497f0659a7","local_time":"20210102213639","is_ascension_mode":false,"campfire_choices":[{"floor":7,"key":"RECALL"},{"data":"1","floor":11,"key":"LIFT"},{"data":"PiercingWail","floor":13,"key":"SMITH"},{"data":"2","floor":15,"key":"LIFT"},{"data":"3","floor":23,"key":"LIFT"},{"data":"Malaise","floor":30,"key":"SMITH"},{"data":"Caltrops","floor":32,"key":"SMITH"},{"floor":41,"key":"REST"},{"data":"Dark Shackles","floor":49,"key":"SMITH"},{"data":"PiercingWail","floor":52,"key":"SMITH"}],"circlet_count":0,"master_deck":["Strike_G","Strike_G","Strike_G","Defend_G","Defend_G+1","Defend_G+1","Survivor","Neutralize","CurseOfTheBell","PiercingWail+1","All Out Attack","Masterful Stab","Terror","Predator","Caltrops+1","Dagger Spray","Dagger Throw","Tactician","Malaise+1","Crippling Poison+1","Backstab","Footwork","Prepared","PiercingWail+1","Heel Hook","Night Terror","Well Laid Plans","Corpse Explosion","Cloak And Dagger+1","Noxious Fumes","Secret Technique","Footwork","Dark Shackles+1","Burst","Underhanded Strike+1","PiercingWail"],"relics":["Calling Bell","Girya","Matryoshka","War Paint","Bag of Preparation","Anchor","Gremlin Horn","Happy Flower","Velvet Choker","Ninja Scroll","MealTicket","Smiling Mask","Runic Pyramid","Medical Kit","Orichalcum","Sundial","Bottled Lightning","HornCleat"],"acts_visited":["TheCity","TheBeyond","TheEnding"],"potions_floor_usage":[10,25,29,31,33,33,40,45,48,50,54,55],"damage_taken":[{"damage":0,"enemies":"2 Louse","floor":1,"turns":3},{"damage":0,"enemies":"Small Slimes","floor":2,"turns":4},{"damage":3,"enemies":"Jaw Worm","floor":3,"turns":6},{"damage":0,"enemies":"Looter","floor":5,"turns":3},{"damage":6,"enemies":"Gremlin Nob","floor":6,"turns":4},{"damage":9,"enemies":"Lagavulin","floor":10,"turns":7},{"damage":0,"enemies":"Exordium Thugs","floor":14,"turns":3},{"damage":43,"enemies":"The Guardian","floor":16,"turns":8},{"damage":0,"enemies":"2 Thieves","floor":18,"turns":3},{"damage":0,"enemies":"Shell Parasite","floor":19,"turns":4},{"damage":0,"enemies":"Centurion and Healer","floor":20,"turns":4},{"damage":0,"enemies":"Cultist and Chosen","floor":24,"turns":4},{"damage":0,"enemies":"Snecko","floor":25,"turns":2},{"damage":0,"enemies":"Centurion and Healer","floor":27,"turns":4},{"damage":2,"enemies":"Book of Stabbing","floor":28,"turns":4},{"damage":0,"enemies":"Chosen and Byrds","floor":29,"turns":3},{"damage":12,"enemies":"Slavers","floor":31,"turns":4},{"damage":55,"enemies":"Champ","floor":33,"turns":12},{"damage":0,"enemies":"Orb Walker","floor":35,"turns":2},{"damage":0,"enemies":"3 Darklings","floor":37,"turns":3},{"damage":30,"enemies":"Spire Growth","floor":39,"turns":7},{"damage":9,"enemies":"Sphere and 2 Shapes","floor":40,"turns":2},{"damage":16,"enemies":"Writhing Mass","floor":45,"turns":8},{"damage":13,"enemies":"4 Shapes","floor":48,"turns":3},{"damage":10,"enemies":"Time Eater","floor":50,"turns":15},{"damage":29,"enemies":"Shield and Spear","floor":54,"turns":7},{"damage":54,"enemies":"The Heart","floor":55,"turns":5}],"seed_played":"-2757878608249767450","potions_obtained":[{"floor":2,"key":"Energy Potion"},{"floor":6,"key":"Weak Potion"},{"floor":16,"key":"SneckoOil"},{"floor":18,"key":"CunningPotion"},{"floor":20,"key":"AttackPotion"},{"floor":28,"key":"SkillPotion"},{"floor":31,"key":"AttackPotion"},{"floor":37,"key":"Explosive Potion"},{"floor":39,"key":"Block Potion"},{"floor":40,"key":"Fire Potion"}],"is_trial":false,"path_per_floor":["M","M","M","?","M","E","R","?","T","E","R","$","R","M","R","B",null,"M","M","M","?","?","R","M","M","T","M","E","M","R","E","R","B",null,"M","?","M","$","M","M","R","?","T","?","M","$","?","M","R","B",null,"R","$","E","B"],"character_chosen":"THE_SILENT","items_purchased":["Dagger Spray","Dagger Throw","Secret Technique","Medical Kit","Footwork","Dark Shackles","Burst","Strength Potion","Fruit Juice","Sundial","PiercingWail","Bottled Lightning","SmokeBomb","PowerPotion"],"campfire_rested":1,"item_purchase_floors":[12,12,38,38,38,38,46,46,46,46,53,53,53,53],"current_hp_per_floor":[70,70,67,67,67,61,61,61,61,52,52,52,52,52,52,9,70,70,70,70,70,70,70,70,70,70,70,68,68,68,56,56,1,70,70,70,70,70,40,31,52,52,52,52,36,51,51,43,43,33,71,71,71,42,0,0],"gold":35,"neow_bonus":"BOSS_RELIC","is_daily":false,"chose_seed":false,"campfire_upgraded":5,"win_rate":0.0,"timestamp":1609619799,"path_taken":["M","M","M","?","M","E","R","?","T","E","R","$","R","M","R","BOSS","M","M","M","?","?","R","M","M","T","M","E","?","R","E","R","BOSS","M","?","M","$","M","M","R","?","T","?","M","$","?","M","R","BOSS","R","$","E","BOSS"],"items_purchased_type":["Card","Card","Card","Relic","Card","Card","Card","Potion","Potion","Relic","Card","Relic","Potion","Potion"],"build_version":"2020-12-22","purchased_purges":4,"victory":false,"max_hp_per_floor":[70,70,70,70,70,70,70,70,70,70,70,70,70,70,70,70,70,70,70,70,70,70,70,70,70,70,70,70,70,70,70,70,70,70,70,70,70,70,70,70,70,66,66,66,66,66,66,71,71,71,71,71,71,71,71,71],"relic_stats":{"Gremlin Horn":[13,13],"Happy Flower":[38],"counters":[27,134],"Sundial":[0],"MealTicket":15,"Bag of Preparation":[44],"War Paint":["Defend_G","Defend_G"],"Orichalcum":[90],"Smiling Mask":225,"Medical Kit":[3],"obtain_stats":[{"Girya":0,"Happy Flower":9,"Gremlin Horn":10,"Velvet Choker":17,"Bag of Preparation":9,"War Paint":0,"Orichalcum":43,"Smiling Mask":31,"Medical Kit":38,"Calling Bell":0,"Anchor":6,"Matryoshka":0,"HornCleat":54,"Ninja Scroll":26,"Sundial":46,"MealTicket":28,"Bottled Lightning":53,"Ring of the Snake":0,"Runic Pyramid":34},{"Girya":0,"Happy Flower":5,"Gremlin Horn":6,"Velvet Choker":8,"Bag of Preparation":5,"War Paint":0,"Orichalcum":22,"Smiling Mask":17,"Medical Kit":20,"Calling Bell":0,"Anchor":5,"Matryoshka":0,"HornCleat":26,"Ninja Scroll":13,"Sundial":23,"MealTicket":15,"Bottled Lightning":25,"Ring of the Snake":0,"Runic Pyramid":18},{"Girya":0,"Happy Flower":20,"Gremlin Horn":27,"Velvet Choker":38,"Bag of Preparation":20,"War Paint":0,"Orichalcum":96,"Smiling Mask":70,"Medical Kit":87,"Calling Bell":0,"Anchor":20,"Matryoshka":0,"HornCleat":129,"Ninja Scroll":55,"Sundial":104,"MealTicket":63,"Bottled Lightning":122,"Ring of the Snake":0,"Runic Pyramid":82}]},"card_choices":[{"not_picked":["Caltrops","Slice"],"picked":"PiercingWail","floor":1},{"not_picked":["Blade Dance","Flechettes"],"picked":"All Out Attack","floor":2},{"not_picked":["Deflect","Blur"],"picked":"Masterful Stab","floor":3},{"not_picked":["Outmaneuver","Calculated Gamble"],"picked":"Terror","floor":5},{"not_picked":["Well Laid Plans","Terror"],"picked":"Predator","floor":6},{"not_picked":["Terror","Dagger Spray"],"picked":"Caltrops","floor":10},{"not_picked":["Choke","Distraction"],"picked":"Tactician","floor":14},{"not_picked":["Burst","Phantasmal Killer"],"picked":"Malaise","floor":16},{"not_picked":["Prepared+1","Expertise"],"picked":"Crippling Poison+1","floor":18},{"not_picked":["Terror","Skewer"],"picked":"Backstab","floor":19},{"not_picked":["Cloak And Dagger","Poisoned Stab"],"picked":"Footwork","floor":20},{"not_picked":["Cloak And Dagger","Backstab"],"picked":"Prepared","floor":24},{"not_picked":["Reflex","Deflect"],"picked":"PiercingWail","floor":25},{"not_picked":["Eviscerate+1","Dagger Spray"],"picked":"Heel Hook","floor":27},{"not_picked":["Quick Slash","Reflex"],"picked":"Night Terror","floor":28},{"not_picked":["Deadly Poison","PiercingWail"],"picked":"Well Laid Plans","floor":29},{"not_picked":["All Out Attack","Dagger Spray","Dagger Throw"],"picked":"SKIP","floor":31},{"not_picked":["A Thousand Cuts","Unload"],"picked":"Corpse Explosion","floor":33},{"not_picked":["Poisoned Stab","Slice"],"picked":"Cloak And Dagger+1","floor":35},{"not_picked":["Escape Plan+1","Skewer"],"picked":"Noxious Fumes","floor":37},{"not_picked":["Quick Slash","Masterful Stab","Flying Knee"],"picked":"SKIP","floor":39},{"not_picked":["Infinite Blades","Acrobatics","Distraction+1"],"picked":"SKIP","floor":40},{"not_picked":["Acrobatics+1","Well Laid Plans+1","Slice"],"picked":"SKIP","floor":45},{"not_picked":["Choke","Flying Knee+1"],"picked":"Underhanded Strike+1","floor":48},{"not_picked":["Riddle With Holes","Tactician+1","Distraction"],"picked":"SKIP","floor":54}],"player_experience":132160,"relics_obtained":[{"floor":0,"key":"War Paint"},{"floor":0,"key":"Matryoshka"},{"floor":0,"key":"Girya"},{"floor":6,"key":"Anchor"},{"floor":9,"key":"Bag of Preparation"},{"floor":9,"key":"Happy Flower"},{"floor":10,"key":"Gremlin Horn"},{"floor":26,"key":"Ninja Scroll"},{"floor":28,"key":"MealTicket"},{"floor":31,"key":"Smiling Mask"},{"floor":43,"key":"Orichalcum"},{"floor":54,"key":"HornCleat"}],"event_choices":[{"cards_removed":["Defend_G"],"damage_healed":0,"gold_gain":0,"player_choice":"Forget","damage_taken":0,"max_hp_gain":0,"max_hp_loss":0,"event_name":"Living Wall","floor":4,"gold_loss":0},{"cards_removed":["Strike_G"],"damage_healed":0,"gold_gain":0,"player_choice":"Card Removal","damage_taken":0,"max_hp_gain":0,"max_hp_loss":0,"event_name":"The Cleric","floor":8,"gold_loss":50},{"damage_healed":0,"gold_gain":0,"player_choice":"Ignored","damage_taken":0,"max_hp_gain":0,"max_hp_loss":0,"event_name":"Ghosts","floor":21,"gold_loss":0},{"damage_healed":0,"gold_gain":100,"player_choice":"Pray","damage_taken":0,"max_hp_gain":0,"max_hp_loss":0,"event_name":"Golden Shrine","floor":22,"gold_loss":0},{"damage_healed":0,"gold_gain":999,"player_choice":"Gold","damage_taken":0,"max_hp_gain":0,"max_hp_loss":0,"event_name":"MindBloom","floor":36,"gold_loss":0,"cards_obtained":["Normality","Normality"]},{"damage_healed":0,"gold_gain":0,"player_choice":"Max HP","damage_taken":0,"max_hp_gain":0,"max_hp_loss":4,"event_name":"Winding Halls","floor":42,"gold_loss":0},{"damage_healed":0,"gold_gain":0,"player_choice":"Memory 1","damage_taken":0,"max_hp_gain":0,"max_hp_loss":0,"event_name":"SensoryStone","floor":44,"gold_loss":0},{"damage_healed":0,"gold_gain":0,"player_choice":"Ignored","damage_taken":0,"max_hp_gain":0,"max_hp_loss":0,"event_name":"Tomb of Lord Red Mask","floor":47,"gold_loss":0}],"is_beta":false,"boss_relics":[{"not_picked":["Empty Cage","Cursed Key"],"picked":"Velvet Choker"},{"not_picked":["Sozu","Tiny House"],"picked":"Runic Pyramid"}],"items_purged_floors":[12,38,46,53],"is_endless":false,"potions_floor_spawned":[2,6,16,18,20,28,31,37,39,40],"killed_by":"The Heart","ascension_level":0}}