{"host":"zrerxgu8lagrk16e","time":1609630954,"event":{"mods":["AchievementEnabler","BaseMod","Better Altar","Better Match","Better Note","Better Sensory Stone","Better Skull","Better Third Choice","Colored Map","Colored Powertips","Minty Spire (QoL Compilation)","Permanent Neow","Quick Restart","Relic Stats","StSLib","Waifu the Spire","slay the spire mod where everything is the same but ironclad has a cowboy hat"],"gold_per_floor":[109,25,25,25,25,25,66,99,122,137,137,155,155,180,180,310,310,323,323,336,26,26,64,64,98,98,98,139,163,163,204,204,324,324,338,338,401,426,233,233,574,796,819,819,834,868,868,893,893,893,893],"floor_reached":50,"playtime":2284,"items_purged":["Shame"],"score":779,"play_id":"17350cc1-1a4e-4690-ac27-37943d8d3202","local_time":"20210102184234","is_ascension_mode":true,"campfire_choices":[{"data":"Blasphemy","floor":6.0,"key":"SMITH"},{"data":"Conclude","floor":11.0,"key":"SMITH"},{"floor":15.0,"key":"REST"},{"floor":24.0,"key":"REST"},{"floor":27,"key":"REST"},{"floor":32,"key":"REST"},{"floor":49,"key":"REST"}],"circlet_count":0,"master_deck":["Strike_P","Strike_P","Strike_P","Strike_P","Defend_P","Defend_P","Defend_P","Defend_P","Eruption","Vigilance","Blasphemy+1","Wireheading","Conclude+1","CutThroughFate","FlyingSleeves","FlurryOfBlows","CarveReality","Tantrum","Prostrate","MasterReality","MentalFortress","RitualDagger","Prostrate","RitualDagger","WindmillStrike","ReachHeaven","WindmillStrike+1","Wish","FlurryOfBlows+1","FlurryOfBlows+1","ClearTheMind","DevaForm","Consecrate+1","Worship+1","SandsOfTime+1","CrushJoints+1","JustLucky+1","Tantrum+1","MentalFortress"],"relics":["PureWater","Golden Idol","Potion Belt","WingedGreaves","Bottled Flame","Vajra","SlaversCollar","DollysMirror","Akabeko","Molten Egg 2","Omamori","Mango","Tiny Chest","Necronomicon","Red Mask","Philosopher\u0027s Stone","Ginger","Lantern","Old Coin","Mercury Hourglass","CaptainsWheel","Anchor"],"acts_visited":["TheCity","TheBeyond"],"potions_floor_usage":[25,25,31,33,33,36,41,41,50],"damage_taken":[{"damage":2.0,"enemies":"Jaw Worm","floor":1.0,"turns":3.0},{"damage":22.0,"enemies":"Lagavulin","floor":7.0,"turns":6.0},{"damage":14.0,"enemies":"3 Sentries","floor":8.0,"turns":5.0},{"damage":0.0,"enemies":"2 Louse","floor":10.0,"turns":1.0},{"damage":0.0,"enemies":"Cultist","floor":12.0,"turns":1.0},{"damage":3.0,"enemies":"Blue Slaver","floor":14.0,"turns":3.0},{"damage":27.0,"enemies":"Hexaghost","floor":16.0,"turns":4.0},{"damage":0.0,"enemies":"Spheric Guardian","floor":18.0,"turns":2.0},{"damage":10.0,"enemies":"3 Byrds","floor":20.0,"turns":7.0},{"damage":23.0,"enemies":"Slavers","floor":23.0,"turns":3.0},{"damage":40,"enemies":"Book of Stabbing","floor":25,"turns":4},{"damage":0,"enemies":"Gremlin Leader","floor":28,"turns":3},{"damage":0,"enemies":"Centurion and Healer","floor":29,"turns":2},{"damage":0,"enemies":"Masked Bandits","floor":31,"turns":2},{"damage":27,"enemies":"Collector","floor":33,"turns":7},{"damage":8,"enemies":"Orb Walker","floor":35,"turns":2},{"damage":8,"enemies":"3 Darklings","floor":36,"turns":2},{"damage":0,"enemies":"Mind Bloom Boss Battle","floor":37,"turns":3},{"damage":15,"enemies":"Giant Head","floor":41,"turns":5},{"damage":0,"enemies":"Sphere and 2 Shapes","floor":45,"turns":1},{"damage":36,"enemies":"Reptomancer","floor":46,"turns":4},{"damage":23,"enemies":"Spire Growth","floor":48,"turns":3},{"damage":100026,"enemies":"Donu and Deca","floor":50,"turns":4}],"seed_played":"-1407054077688067263","potions_obtained":[{"floor":1.0,"key":"Explosive Potion"},{"floor":7.0,"key":"SkillPotion"},{"floor":13.0,"key":"SpeedPotion"},{"floor":13.0,"key":"Swift Potion"},{"floor":13.0,"key":"ColorlessPotion"},{"floor":25,"key":"Weak Potion"},{"floor":28,"key":"SmokeBomb"},{"floor":31,"key":"ColorlessPotion"},{"floor":37,"key":"Block Potion"},{"floor":45,"key":"Energy Potion"},{"floor":48,"key":"StancePotion"}],"is_trial":false,"path_per_floor":["M","$","?","?","?","R","E","E","T","M","R","M","?","M","R","B",null,"M","?","M","$","?","E","R","E","T","R","E","M","?","?","R","B",null,"M","M","?","T","$","?","E","?","T","T","M","E","T","M","R","B"],"character_chosen":"WATCHER","items_purchased":["Conclude","CutThroughFate","DollysMirror","WindmillStrike","ReachHeaven","SandsOfTime+1","SteroidPotion"],"campfire_rested":5,"item_purchase_floors":[2,2,21,21,21,39,39],"current_hp_per_floor":[70,70,67,67,67,67,45,31,31,31,31,31,31,28,48,21,67,67,61,51,51,51,28,48,8,22,46,46,46,30,30,54,27,81,73,65,65,65,65,81,66,66,66,66,66,30,30,7,31,0,0],"gold":893,"neow_bonus":"ONE_RANDOM_RARE_CARD","is_daily":false,"chose_seed":false,"campfire_upgraded":2,"win_rate":0.0,"timestamp":1609630954,"path_taken":["M","$","?","?","?","R","E","E","T","M","R","?","?","?","R","BOSS","M","?","M","$","?","E","R","E","T","R","E","M","?","?","R","BOSS","M","M","?","?","$","?","E","?","T","?","M","E","?","M","R","BOSS"],"items_purchased_type":["Card","Card","Relic","Card","Card","Card","Potion"],"build_version":"2020-12-22","purchased_purges":1,"victory":false,"max_hp_per_floor":[72,72,67,67,67,67,67,67,67,67,67,67,67,67,67,67,67,67,67,67,67,67,67,67,67,81,81,81,81,81,81,81,81,81,81,81,81,81,81,81,81,81,81,81,81,81,81,81,81,81,81],"relic_stats":{"counters":[23,76],"Golden Idol":162,"Tiny Chest":2,"Necronomicon":[8],"Ginger":[2],"obtain_stats":[{"Potion Belt":4,"Lantern":38,"Golden Idol":3,"Vajra":9,"Mango":26,"Omamori":25,"Ginger":37,"Akabeko":22,"Old Coin":41,"Mercury Hourglass":44,"SlaversCollar":17,"Bottled Flame":8,"CaptainsWheel":46,"Anchor":47,"DollysMirror":21,"Molten Egg 2":23,"Tiny Chest":28,"Philosopher\u0027s Stone":34,"WingedGreaves":7,"Necronomicon":30,"Red Mask":31,"PureWater":0},{"Potion Belt":1,"Lantern":18,"Golden Idol":1,"Vajra":3,"Mango":11,"Omamori":11,"Ginger":18,"Akabeko":9,"Old Coin":19,"Mercury Hourglass":19,"SlaversCollar":7,"Bottled Flame":3,"CaptainsWheel":21,"Anchor":21,"DollysMirror":9,"Molten Egg 2":10,"Tiny Chest":12,"Philosopher\u0027s Stone":15,"WingedGreaves":2,"Necronomicon":13,"Red Mask":14,"PureWater":0},{"Potion Belt":3,"Lantern":60,"Golden Idol":3,"Vajra":14,"Mango":39,"Omamori":39,"Ginger":60,"Akabeko":32,"Old Coin":65,"Mercury Hourglass":65,"SlaversCollar":23,"Bottled Flame":14,"CaptainsWheel":70,"Anchor":70,"DollysMirror":32,"Molten Egg 2":35,"Tiny Chest":42,"Philosopher\u0027s Stone":53,"WingedGreaves":9,"Necronomicon":44,"Red Mask":46,"PureWater":0}],"Mercury Hourglass":[58]},"card_choices":[{"not_picked":["EmptyMind","LikeWater"],"picked":"Wireheading","floor":1.0},{"not_picked":["SignatureMove","LikeWater"],"picked":"FlyingSleeves","floor":7.0},{"not_picked":["CutThroughFate","Prostrate"],"picked":"FlurryOfBlows","floor":8.0},{"not_picked":["EmptyFist","Pray"],"picked":"CarveReality","floor":10.0},{"not_picked":["Swivel","ThirdEye"],"picked":"Tantrum","floor":12.0},{"not_picked":["InnerPeace","EmptyFist"],"picked":"Prostrate","floor":14.0},{"not_picked":["DeusExMachina","Vault"],"picked":"MasterReality","floor":16.0},{"not_picked":["FollowUp","ThirdEye+1"],"picked":"MentalFortress","floor":18.0},{"not_picked":["FollowUp","LikeWater+1"],"picked":"Prostrate","floor":20.0},{"not_picked":["CutThroughFate+1","SashWhip+1"],"picked":"WindmillStrike+1","floor":23.0},{"not_picked":["PathToVictory+1","ForeignInfluence+1"],"picked":"Wish","floor":25},{"not_picked":["Sanctity","CrushJoints+1"],"picked":"FlurryOfBlows+1","floor":28},{"not_picked":["Halt","Collect+1"],"picked":"FlurryOfBlows+1","floor":29},{"not_picked":["ReachHeaven+1","Evaluate"],"picked":"ClearTheMind","floor":31},{"not_picked":["Scrawl","Wish"],"picked":"DevaForm","floor":33},{"not_picked":["JustLucky+1","EmptyBody+1"],"picked":"Consecrate+1","floor":35},{"not_picked":["FollowUp+1","Sanctity"],"picked":"Worship+1","floor":37},{"not_picked":["DeusExMachina","Study+1"],"picked":"CrushJoints+1","floor":41},{"not_picked":["BowlingBash+1","Consecrate+1"],"picked":"JustLucky+1","floor":45},{"not_picked":["SignatureMove+1","CutThroughFate+1"],"picked":"Tantrum+1","floor":46},{"not_picked":["Tantrum+1","EmptyBody+1"],"picked":"MentalFortress","floor":48}],"player_experience":145474,"relics_obtained":[{"floor":7.0,"key":"WingedGreaves"},{"floor":8.0,"key":"Bottled Flame"},{"floor":9.0,"key":"Vajra"},{"floor":23.0,"key":"Molten Egg 2"},{"floor":25,"key":"Omamori"},{"floor":26,"key":"Mango"},{"floor":28,"key":"Tiny Chest"},{"floor":30,"key":"Necronomicon"},{"floor":31,"key":"Red Mask"},{"floor":37,"key":"Ginger"},{"floor":38,"key":"Lantern"},{"floor":41,"key":"Old Coin"},{"floor":44,"key":"Mercury Hourglass"},{"floor":46,"key":"CaptainsWheel"},{"floor":47,"key":"Anchor"}],"event_choices":[{"damage_healed":0.0,"max_hp_gain":0.0,"max_hp_loss":5.0,"gold_gain":0.0,"event_name":"Golden Idol","player_choice":"Lose Max HP","floor":3.0,"gold_loss":0.0,"damage_taken":0.0,"relics_obtained":["Golden Idol"]},{"damage_healed":0.0,"max_hp_gain":0.0,"max_hp_loss":0.0,"gold_gain":0.0,"event_name":"Big Fish","player_choice":"Box","floor":4.0,"gold_loss":0.0,"damage_taken":0.0,"relics_obtained":["Potion Belt"],"cards_obtained":["Regret"]},{"cards_removed":["Regret"],"damage_healed":0.0,"max_hp_gain":0.0,"max_hp_loss":0.0,"gold_gain":0.0,"event_name":"Living Wall","player_choice":"Forget","floor":5.0,"gold_loss":0.0,"damage_taken":0.0},{"damage_healed":0.0,"max_hp_gain":0.0,"max_hp_loss":0.0,"gold_gain":0.0,"event_name":"Lab","player_choice":"Got Potions","floor":13.0,"gold_loss":0.0,"damage_taken":0.0},{"damage_healed":0.0,"max_hp_gain":0.0,"max_hp_loss":0.0,"gold_gain":0.0,"event_name":"betterThird:BetterNest","player_choice":"Dagger","floor":19.0,"gold_loss":0.0,"damage_taken":6.0,"cards_obtained":["RitualDagger"]},{"damage_healed":0.0,"max_hp_gain":0.0,"max_hp_loss":0.0,"gold_gain":0.0,"event_name":"Addict","player_choice":"Stole Relic","floor":22.0,"gold_loss":0.0,"damage_taken":0.0,"relics_obtained":["Akabeko"],"cards_obtained":["Shame"]},{"damage_healed":0,"gold_gain":0,"player_choice":"Obtained Book","damage_taken":16,"max_hp_gain":0,"max_hp_loss":0,"event_name":"Cursed Tome","floor":30,"gold_loss":0},{"damage_healed":0,"gold_gain":0,"player_choice":"Fought Bandits","damage_taken":0,"max_hp_gain":0,"max_hp_loss":0,"event_name":"Masked Bandits","floor":31,"gold_loss":0},{"damage_healed":0,"gold_gain":0,"player_choice":"Fight","damage_taken":0,"max_hp_gain":0,"max_hp_loss":0,"event_name":"MindBloom","floor":37,"gold_loss":0},{"damage_healed":20,"gold_gain":0,"player_choice":"Writhe","damage_taken":0,"max_hp_gain":0,"max_hp_loss":0,"event_name":"Winding Halls","floor":40,"gold_loss":0,"cards_obtained":["Writhe"]},{"damage_healed":0,"gold_gain":222,"player_choice":"Wore Mask","damage_taken":0,"max_hp_gain":0,"max_hp_loss":0,"event_name":"Tomb of Lord Red Mask","floor":42,"gold_loss":0}],"is_beta":false,"boss_relics":[{"not_picked":["HolyWater","Black Star"],"picked":"SlaversCollar"},{"not_picked":["Astrolabe","Runic Pyramid"],"picked":"Philosopher\u0027s Stone"}],"items_purged_floors":[39],"is_endless":false,"potions_floor_spawned":[1,7,25,28,31,37,45,48],"killed_by":"Donu and Deca","ascension_level":3}}