{"host":"bux1pdxjwq4dkad9","time":1609549953,"event":{"mods":["ATMod(阿瑾Mod)","BaseMod","Colored Map","Evolution","HumanHunterMod(怪物杀人mod)","Minty Spire (QoL Compilation)","MostiFishMod","Quick Restart","StSLib","SuperFastMode","TestMod","【遗物Mod】死灵法师NEW","【遗物Mod】简单游戏","【遗物卡牌】REMEMod"],"gold_per_floor":[118,98,108,128,168,168,168],"floor_reached":6,"playtime":212,"items_purged":[],"score":72,"play_id":"1226119b-c309-48e9-9389-18ad90a1ef97","local_time":"20210102091233","is_ascension_mode":true,"campfire_choices":[],"circlet_count":0,"master_deck":["AscendersBane","Strike_W","Strike_W","Strike_W","Defend_W","Defend_W","Defend_W","Defend_W","Negative_Energy_Arrows","Bone_Wall","MostiFishMod:Chiaki","testmod-DisillusionmentEcho","AT_RealFormLess","Bone_Armor","Uncharnel","Uncharnel","Pandemic"],"relics":["Vampire_Amulet","EVO:Axolotl","AT_ATBox","DaveBox","testmod-TestBox","REME_ComplimentaryCards","TimeKeys","JellyFishMachine","NeowsBlessing","SynthV:TestCard"],"acts_visited":["Exordium"],"potions_floor_usage":[],"damage_taken":[{"damage":0.0,"enemies":"Small Slimes","floor":1.0,"turns":1.0},{"damage":0.0,"enemies":"Cultist","floor":3.0,"turns":1.0},{"damage":0.0,"enemies":"2 Louse","floor":4.0,"turns":2.0},{"damage":8.0,"enemies":"Looter","floor":5.0,"turns":5.0},{"damage":79,"enemies":"Gremlin Nob","floor":6,"turns":6}],"seed_played":"1158800160532697194","potions_obtained":[{"floor":2.0,"key":"SkillPotion"},{"floor":3.0,"key":"LiquidBronze"},{"floor":4.0,"key":"Explosive Potion"}],"is_trial":false,"path_per_floor":["M","?","M","M","M","E"],"character_chosen":"NECROMANCER","items_purchased":[],"campfire_rested":0,"item_purchase_floors":[],"current_hp_per_floor":[60,60,60,60,52,0,0],"gold":168,"neow_bonus":"THREE_ENEMY_KILL","is_daily":false,"chose_seed":false,"campfire_upgraded":0,"win_rate":0.0,"timestamp":1609549953,"path_taken":["M","?","M","?","M","E"],"items_purchased_type":[],"build_version":"2020-12-22","purchased_purges":0,"victory":false,"max_hp_per_floor":[66,66,66,66,66,66,66],"card_choices":[{"not_picked":["Shade_Step","PosionWeak"],"picked":"Bone_Armor","floor":1.0},{"not_picked":["Scare","Thousand_Bone_Knives","Negative_Energy_Mist","Strike_from_Beyond"],"picked":"Uncharnel","floor":3.0},{"not_picked":["Bone_Armor","Acid_Javelin","PosionBreak","Vampiric_Strike"],"picked":"Uncharnel","floor":4.0},{"not_picked":["Blood_Shield","PosionWeak","LuckyCard","Negative_Energy_Burst"],"picked":"Pandemic","floor":5.0}],"player_experience":3172418,"relics_obtained":[{"floor":1.0,"key":"SynthV:TestCard"}],"event_choices":[{"damage_healed":0.0,"max_hp_gain":0.0,"max_hp_loss":0.0,"gold_gain":0.0,"event_name":"The Woman in Blue","player_choice":"Bought 1 Potion","floor":2.0,"gold_loss":0.0,"damage_taken":0.0}],"is_beta":false,"boss_relics":[],"items_purged_floors":[],"is_endless":false,"potions_floor_spawned":[3,4],"killed_by":"Gremlin Nob","ascension_level":20}}