{"host":"9d9dhukr2jywmy0f","time":1609546800,"event":{"mods":["2.2 Compatiblity","Alarm Clock","BaseMod","Bestiary","Block Reminder","Colored Map","Colored Powertips","Curses Come First","DeckTracker","Highlight Path","Key Reminder","Keyboard Shortcuts","Koishi","Minty Spire (QoL Compilation)","MonsterHotkey","Quick Restart","Rare Cards Sparkle","Relic Sorter","Relic Stats","Spire Birthday Party","StSLib","SuperFastMode","Synergy Search","Unceasing Turn Reminder","Unknown Chances"],"gold_per_floor":[11,11,86,104,122,134,191,209,263,263,276,276,291,325,325,402,402,417,467,485,60,73,73,85,85,139,152,177,196,196,210,210,210,210],"floor_reached":33,"playtime":1078,"items_purged":["Koishi:BasicStrike"],"score":491,"play_id":"9b41dc73-61cc-4cc7-b458-92fc376f399a","local_time":"20210102082000","is_ascension_mode":true,"campfire_choices":[{"floor":10.0,"key":"DIG"},{"floor":12.0,"key":"DIG"},{"floor":15.0,"key":"DIG"},{"floor":23.0,"key":"DIG"},{"floor":25.0,"key":"DIG"},{"floor":30,"key":"DIG"},{"floor":32,"key":"DIG"}],"circlet_count":0,"master_deck":["AscendersBane","Koishi:BasicStrike","Koishi:BasicStrike","Koishi:BasicDefend","Koishi:BasicDefend","Koishi:BasicDefend","Koishi:Provoke","Koishi:HauntingSlash","Koishi:HeartAttack+1","Koishi:Whimsy","Koishi:MassHysteria+1","Koishi:SubterraneanRose+1","Koishi:ReflexRadar","Koishi:UnconsciousUprising","Koishi:UnconsciousUprising+1","Apotheosis","Koishi:IdleWhim"],"relics":["Koishi:ImaginaryFriend","Shovel","Molten Egg 2","Centennial Puzzle","War Paint","Regal Pillow","Blue Candle","Bag of Marbles","Empty Cage","Koishi:AHoleWhereASisterShouldBe","Oddly Smooth Stone","Boot","Omamori","Art of War","keyreminder:keyreminder","Potion Belt","Ornamental Fan"],"acts_visited":["Exordium","TheCity"],"potions_floor_usage":[28,28,33],"damage_taken":[{"damage":0.0,"enemies":"Small Slimes","floor":1.0,"turns":5.0},{"damage":0.0,"enemies":"2 Louse","floor":4.0,"turns":2.0},{"damage":0.0,"enemies":"Cultist","floor":5.0,"turns":2.0},{"damage":5.0,"enemies":"Gremlin Gang","floor":6.0,"turns":3.0},{"damage":13.0,"enemies":"3 Sentries","floor":7.0,"turns":8.0},{"damage":0.0,"enemies":"Red Slaver","floor":8.0,"turns":2.0},{"damage":2.0,"enemies":"3 Louse","floor":11.0,"turns":3.0},{"damage":0.0,"enemies":"2 Fungi Beasts","floor":13.0,"turns":3.0},{"damage":5.0,"enemies":"3 Sentries","floor":14.0,"turns":5.0},{"damage":12.0,"enemies":"Hexaghost","floor":16.0,"turns":10.0},{"damage":0.0,"enemies":"3 Byrds","floor":18.0,"turns":3.0},{"damage":3.0,"enemies":"Shell Parasite","floor":20.0,"turns":3.0},{"damage":1.0,"enemies":"Snecko","floor":22.0,"turns":4.0},{"damage":0.0,"enemies":"Snake Plant","floor":24.0,"turns":3.0},{"damage":0.0,"enemies":"Centurion and Healer","floor":27.0,"turns":4.0},{"damage":12,"enemies":"Book of Stabbing","floor":28,"turns":4},{"damage":6,"enemies":"Shelled Parasite and Fungi","floor":29,"turns":5},{"damage":0,"enemies":"3 Cultists","floor":31,"turns":4},{"damage":45,"enemies":"Collector","floor":33,"turns":7}],"seed_played":"-2515010564002553373","potions_obtained":[{"floor":4.0,"key":"FearPotion"},{"floor":5.0,"key":"PowerPotion"},{"floor":6.0,"key":"SpeedPotion"},{"floor":11.0,"key":"SpeedPotion"},{"floor":14.0,"key":"BlessingOfTheForge"},{"floor":16.0,"key":"Weak Potion"},{"floor":22.0,"key":"FearPotion"},{"floor":31,"key":"LiquidMemories"}],"is_trial":false,"path_per_floor":["M","?","?","M","M","M","?","M","T","R","M","R","M","E","R","B",null,"M","?","M","$","M","R","M","R","T","M","E","M","R","M","R","B"],"character_chosen":"KOISHI","items_purchased":["Apotheosis","Koishi:AHoleWhereASisterShouldBe"],"campfire_rested":0,"item_purchase_floors":[21,21],"current_hp_per_floor":[54,54,43,44,45,40,27,27,27,27,25,25,26,21,21,10,45,45,45,42,42,43,43,43,43,43,44,33,29,29,29,29,0,0],"gold":210,"neow_bonus":"ONE_RARE_RELIC","is_daily":false,"chose_seed":false,"campfire_upgraded":0,"win_rate":0.0,"timestamp":1609546800,"path_taken":["M","?","?","M","M","M","?","M","T","R","M","R","M","E","R","BOSS","M","?","?","$","?","R","M","R","T","M","E","M","R","M","R","BOSS"],"items_purchased_type":["Card","Relic"],"build_version":"2020-11-30","purchased_purges":1,"victory":false,"max_hp_per_floor":[57,57,57,57,57,57,57,57,57,57,57,57,57,57,57,57,57,57,57,57,57,57,57,57,57,57,57,57,57,57,57,57,57,57],"relic_stats":{"Centennial Puzzle":[7],"Regal Pillow":0,"Shovel":7,"counters":[19,80],"Ornamental Fan":[0],"Blue Candle":[0],"Art of War":[3],"War Paint":["Koishi:MassHysteria","Koishi:SubterraneanRose"],"Boot":[1],"obtain_stats":[{"Potion Belt":30,"Regal Pillow":12,"Blue Candle":14,"Oddly Smooth Stone":23,"Omamori":26,"War Paint":10,"Empty Cage":17,"Boot":25,"keyreminder:keyreminder":28,"Centennial Puzzle":9,"Shovel":0,"Ornamental Fan":32,"Molten Egg 2":7,"Koishi:AHoleWhereASisterShouldBe":21,"Bag of Marbles":15,"Art of War":28,"Koishi:ImaginaryFriend":0},{"Potion Belt":17,"Regal Pillow":7,"Blue Candle":9,"Oddly Smooth Stone":13,"Omamori":14,"War Paint":6,"Empty Cage":10,"Boot":14,"keyreminder:keyreminder":16,"Centennial Puzzle":6,"Shovel":0,"Ornamental Fan":18,"Molten Egg 2":4,"Koishi:AHoleWhereASisterShouldBe":12,"Bag of Marbles":9,"Art of War":16,"Koishi:ImaginaryFriend":0},{"Potion Belt":69,"Regal Pillow":25,"Blue Candle":33,"Oddly Smooth Stone":53,"Omamori":56,"War Paint":22,"Empty Cage":43,"Boot":56,"keyreminder:keyreminder":64,"Centennial Puzzle":22,"Shovel":0,"Ornamental Fan":73,"Molten Egg 2":12,"Koishi:AHoleWhereASisterShouldBe":49,"Bag of Marbles":33,"Art of War":64,"Koishi:ImaginaryFriend":0}]},"card_choices":[{"not_picked":["Koishi:RacingHeart","Koishi:MindNumbingTerror"],"picked":"Koishi:HeartAttack","floor":1.0},{"not_picked":["Koishi:PredatoryInstincts","Koishi:StrangeCloudFist"],"picked":"Koishi:Whimsy","floor":4.0},{"not_picked":["Koishi:DanmakuParanoia","Koishi:MindNumbingTerror"],"picked":"Koishi:MassHysteria","floor":5.0},{"not_picked":["Koishi:PhantomStrike","Koishi:Whimsy"],"picked":"Koishi:SubterraneanRose","floor":6.0},{"not_picked":["Koishi:MindNumbingTerror+1","Koishi:PhantomBarrier"],"picked":"Koishi:ReflexRadar","floor":8.0},{"not_picked":["Koishi:CatchAndRose","Koishi:UnansweredLove"],"picked":"Koishi:UnconsciousUprising","floor":11.0},{"not_picked":["Koishi:Jaunt+1","Koishi:ParalyzingFear+1","Koishi:FleetingPhantom"],"picked":"SKIP","floor":13.0},{"not_picked":["Koishi:RollingInRichesHeart","Koishi:StingingMind+1","Koishi:SubconsciousSweep+1"],"picked":"SKIP","floor":14.0},{"not_picked":["Koishi:StingingMind+1","Koishi:ApparitionsStalkTheNight"],"picked":"Koishi:UnconsciousUprising+1","floor":18.0},{"not_picked":["Koishi:TraumaticStroke+1","Koishi:DNAsFlaw","Koishi:Prune+1"],"picked":"SKIP","floor":20.0},{"not_picked":["Koishi:DreadfulBlow+1","Koishi:PhantomBarrier","Koishi:Untouchable"],"picked":"SKIP","floor":22.0},{"not_picked":["Koishi:StingingMind+1","Koishi:SpiritedAway+1","Koishi:UnconsciousUrges"],"picked":"SKIP","floor":24.0},{"not_picked":["Koishi:BloodcurdlingScream+1","Koishi:DreadfulBlow+1","Koishi:JumpScare"],"picked":"SKIP","floor":27.0},{"not_picked":["Koishi:ParalyzingFear+1","Koishi:BramblyRoseGarden","Koishi:SubterraneanRose"],"picked":"SKIP","floor":28},{"not_picked":["Koishi:SpiritedAway+1","Koishi:FleetingPhantom"],"picked":"Koishi:IdleWhim","floor":29},{"not_picked":["Koishi:YoukaiPolygraph+1","Koishi:MindNumbingTerror+1","Koishi:Possession"],"picked":"SKIP","floor":31}],"player_experience":868588,"relics_obtained":[{"floor":9.0,"key":"Centennial Puzzle"},{"floor":10.0,"key":"War Paint"},{"floor":12.0,"key":"Regal Pillow"},{"floor":14.0,"key":"Blue Candle"},{"floor":15.0,"key":"Bag of Marbles"},{"floor":23.0,"key":"Oddly Smooth Stone"},{"floor":25.0,"key":"Boot"},{"floor":26.0,"key":"Omamori"},{"floor":28,"key":"Art of War"},{"floor":30,"key":"Potion Belt"},{"floor":32,"key":"Ornamental Fan"}],"event_choices":[{"damage_healed":0.0,"max_hp_gain":0.0,"max_hp_loss":0.0,"gold_gain":0.0,"event_name":"Living Wall","player_choice":"Grow","floor":2.0,"gold_loss":0.0,"damage_taken":0.0,"cards_upgraded":["Koishi:HeartAttack"]},{"damage_healed":0.0,"max_hp_gain":0.0,"max_hp_loss":0.0,"gold_gain":75.0,"event_name":"World of Goop","player_choice":"Gather Gold","floor":3.0,"gold_loss":0.0,"damage_taken":11.0},{"damage_healed":0.0,"max_hp_gain":0.0,"max_hp_loss":0.0,"gold_gain":0.0,"event_name":"Dead Adventurer","player_choice":"Searched \u00273\u0027 times","floor":7.0,"gold_loss":0.0,"damage_taken":0.0,"relics_obtained":["Molten Egg 2"]},{"damage_healed":0.0,"max_hp_gain":0.0,"max_hp_loss":0.0,"gold_gain":50.0,"event_name":"Golden Shrine","player_choice":"Pray","floor":19.0,"gold_loss":0.0,"damage_taken":0.0}],"is_beta":false,"boss_relics":[{"not_picked":["Coffee Dripper","Fusion Hammer"],"picked":"Empty Cage"}],"items_purged_floors":[21],"is_endless":false,"potions_floor_spawned":[4,5,6,11,14,16,22,27,31],"killed_by":"Collector","ascension_level":16}}