{"host":"w5vfr18i2ft1pzo2","time":1609625449,"event":{"mods":["Act Like it!","Aspiration","Bartender","BaseMod","Better Third Choice","BetterRewards","Colored Map","Colored Powertips","Conspire","Curses Come First","DNKmod","Defuse TimeMaze Blight","Dota2Spire","Energized Spire","Evolution","Force Act Four","Friendly Minions","Gensokyo","GifTheSpireLib","Gold Saver","Halation","Hubris","Hyrulean Relics","Infinite Spire","Jedi Mod","Magitek Elite","Marisa????????","Minty Spire (QoL Compilation)","MostiFishMod","Prisma Mod","Remilia??????","Replay The Spire","SacredBarkPlus","Small Relic Pack","Spicy Shops","Spikes Relics","StSLib","Stuff the Spire","Synergy Search","The Blue Laboratory","The Construct","The Servant 0.9.4","Trackpad","Treasure Hunter","Uncapped","Wandering Minibosses","Yakumo Yukari mod","noobMod","vexMod","??????REMEMod"],"gold_per_floor":[1111,1128,1053,1053,1066,1097,1097,1114,1114,1125,1125,1157,1157,1157,1157,1262,1262,1274,1274,1286,1296,1306,1340,1360,1376,1399,1399,1399,1424,1424,1439,1439,1543,1543,1562,1581,1046,1046,1071,1106,981,993,993,1013,1013,1013,1033,1059,1059,1060,1060,1060,1060,1086,1066],"floor_reached":56,"playtime":3397,"items_purged":["Defend_Bartender","Defend_Bartender","Strike_Bartender","Strike_Bartender"],"score":1634,"play_id":"44382edd-67d3-47da-adbc-82cd55a40bfb","local_time":"20210103061049","is_ascension_mode":false,"campfire_choices":[{"floor":7.0,"key":"RECALL"},{"data":"PrismaMod:ChloeAnySkillTrace","floor":13.0,"key":"SMITH"},{"data":"Vortex","floor":27.0,"key":"SMITH"},{"data":"Vortex","floor":30.0,"key":"SMITH"},{"data":"Defend_Bartender","floor":32.0,"key":"PURGE"},{"data":"REME_PuzzleBox","floor":46,"key":"SMITH"},{"data":"Strike_Bartender","floor":49,"key":"PURGE"},{"data":"TH:DeckOfManyThings","floor":52,"key":"SMITH"}],"circlet_count":0,"master_deck":["Somersault","PrismaMod:ChloeAnySkillTrace+1","Bouncer","OpoOpo_Form","Greased_Lightning","TH:CursedSword+1","Fight_Dirty","TH:DeckOfManyThings","Greased_Lightning","Momentum","TH:DeckOfManyThings+1","Dragonkick","TH:BikiniMail","Moonsault_Kick","Greased_Lightning+1","RitualDagger","Momentum+1","Dolphin_Blow","TH:CursedSword","Vortex","Vortex","TH:CursedSword","TH:ArmorSpikes","Perfect_Balance","TH:TreasureMap","Top_Shelf","Rope_A_Dope","Meteodrive","REME_PuzzleBox+1","TH:CursedSword","TH:CursedSword","Surge","TH:CopperCoins","wanderingMiniBosses:FinaleOfPromise","Greased_Lightning+1","TH:CursedSword","TH:TreasureMap","Moonsault_Kick"],"relics":["Sneakers","EVO:Axolotl","DaveBox","ice","REME_ComplimentaryCards","NeowsBlessing","BirthdayGift-Icosahedron","SynthV:TestCard","Vajra","Dota2Spire:DivineRapier","SlaversCollar","hubris:64BitClover","trackpad:WritersBlock","ReplayTheSpireMod:Lightbulb","ChiXiaoBlade","halation:PrussianBluePaint","relicPack:AllForOne","infinitespire:PuzzleCube","jedi:shrinkray","Sundial","trackpad:WondrousWand","wanderingMiniBosses:Blackblade","Angel_Ring"],"acts_visited":["TheEnding"],"potions_floor_usage":[42,55],"damage_taken":[{"damage":0.0,"enemies":"Cultist","floor":1.0,"turns":1.0},{"damage":0.0,"enemies":"Small Slimes","floor":2.0,"turns":1.0},{"damage":0.0,"enemies":"Jaw Worm","floor":5.0,"turns":1.0},{"damage":0.0,"enemies":"Lagavulin","floor":6.0,"turns":3.0},{"damage":0.0,"enemies":"Lots of Slimes","floor":8.0,"turns":1.0},{"damage":0.0,"enemies":"Large Slime","floor":10.0,"turns":1.0},{"damage":0.0,"enemies":"3 Sentries","floor":12.0,"turns":2.0},{"damage":21.0,"enemies":"The Guardian","floor":16.0,"turns":3.0},{"damage":0.0,"enemies":"Chosen","floor":18.0,"turns":1.0},{"damage":0.0,"enemies":"2 Thieves","floor":20.0,"turns":1.0},{"damage":0.0,"enemies":"conspire:HollyBat","floor":21.0,"turns":2.0},{"damage":7.0,"enemies":"Cultist and Chosen","floor":22.0,"turns":2.0},{"damage":9.0,"enemies":"Book of Stabbing","floor":23.0,"turns":2.0},{"damage":0.0,"enemies":"Snake Plant","floor":24.0,"turns":1.0},{"damage":12.0,"enemies":"Centurion and Healer","floor":25.0,"turns":2.0},{"damage":0.0,"enemies":"Gremlin Leader","floor":29.0,"turns":1.0},{"damage":0.0,"enemies":"Sentry and Sphere","floor":31.0,"turns":1.0},{"damage":0.0,"enemies":"Collector","floor":33.0,"turns":3.0},{"damage":3.0,"enemies":"3 Shapes","floor":35.0,"turns":2.0},{"damage":0.0,"enemies":"Orb Walker","floor":36.0,"turns":2.0},{"damage":0,"enemies":"Reptomancer","floor":40,"turns":1},{"damage":0,"enemies":"Sphere and 2 Shapes","floor":42,"turns":1},{"damage":14,"enemies":"Transient","floor":44,"turns":9},{"damage":0,"enemies":"3 Darklings","floor":47,"turns":1},{"damage":0,"enemies":"Giant Head","floor":48,"turns":1},{"damage":0,"enemies":"Donu and Deca","floor":50,"turns":1},{"damage":0,"enemies":"Shield and Spear","floor":54,"turns":1},{"damage":13,"enemies":"The Heart","floor":55,"turns":3}],"seed_played":"7810644402494269246","potions_obtained":[{"floor":1.0,"key":"PowerPotion"},{"floor":10.0,"key":"blueLaboratory:FruitPunch"},{"floor":31.0,"key":"blueLaboratory:FruitPunch"},{"floor":44,"key":"BlessingOfTheForge"}],"is_trial":false,"path_per_floor":["M","M","$","?","M","E","R","M","T","M","?","E","R","?","R","B",null,"M","?","M","M","M","E","M","M","T","R","?","E","R","M","R","B",null,"M","M","$","?","T","E","$","M","T","M","AVR","R","M","E","R_BF","B",null,"R","$","E","B",null],"character_chosen":"BARTENDER","items_purchased":["REME_PuzzleBox","halation:PrussianBluePaint"],"campfire_rested":0,"item_purchase_floors":[37,37],"current_hp_per_floor":[70,70,70,70,70,70,70,70,70,70,70,70,70,75,75,55,75,75,69,70,71,65,57,58,47,47,47,47,48,48,51,51,52,77,75,76,76,76,76,77,77,79,79,71,71,71,72,75,75,79,79,79,79,79,73],"gold":1066,"neow_bonus":"THREE_ENEMY_KILL","is_daily":false,"chose_seed":false,"campfire_upgraded":5,"win_rate":0.0,"timestamp":1609625449,"path_taken":["M","?","$","?","M","E","R","M","T","M","?","E","R","?","R","BOSS","M","?","M","M","M","E","M","M","T","R","?","E","R","?","R","BOSS","M","M","?","?","?","E","$","M","T","M","AVR","R","M","E","R_BF","BOSS","R","$","E","BOSS"],"items_purchased_type":["Card","Relic"],"build_version":"2020-12-22","purchased_purges":4,"victory":true,"max_hp_per_floor":[70,70,70,70,70,70,70,70,70,70,70,70,70,75,75,75,75,75,75,75,75,75,75,75,75,75,75,75,75,75,77,77,77,77,77,77,77,77,77,77,77,79,79,79,79,79,79,79,79,79,79,79,79,79,160],"card_choices":[{"not_picked":["Cross","RockBreaker"],"picked":"Bouncer","floor":1.0},{"not_picked":["Coeurl_Form","Hook","Well_Drinks","Greased_Lightning"],"picked":"OpoOpo_Form","floor":2.0},{"not_picked":["Blizzard_Spikes","Dancing_Jab","Stick_and_Move","Rising_Crane"],"picked":"Greased_Lightning","floor":5.0},{"not_picked":["TH:ElvenBoots","TH:BikiniMail","TH:EnergyPotion"],"picked":"TH:CursedSword","floor":6.0},{"not_picked":["On_The_House","Well_Drinks","Scowl","Raptor_Form","Ball_Of_Ice"],"picked":"SKIP","floor":6.0},{"not_picked":["Sucker_Punch","With_A_Twist","On_The_Rocks","Power_Up_Punch"],"picked":"Fight_Dirty","floor":8.0},{"not_picked":["TH:CopperCoins","TH:ArmorSpikes","TH:TreasureMap"],"picked":"TH:DeckOfManyThings","floor":9.0},{"not_picked":["Pony_Shot","Free_Pour","Meteodrive","Foot_Thrust"],"picked":"Greased_Lightning","floor":10.0},{"not_picked":["TH:BikiniMail","TH:ArmorSpikes","TH:PixieDust"],"picked":"TH:DeckOfManyThings","floor":12.0},{"not_picked":["Free_Pour","On_The_House","Step_Of_The_Wind","Fading_Blow"],"picked":"Dragonkick","floor":12.0},{"not_picked":["TH:ElvenBoots","TH:CopperCoins","TH:Mimic"],"picked":"TH:BikiniMail","floor":16.0},{"not_picked":["Breathe_Deep","Spirits_Within","Patience","Combo_Master"],"picked":"Moonsault_Kick","floor":16.0},{"not_picked":["Scoop","Free_Pour","Foot_Thrust+1","Ripple"],"picked":"Greased_Lightning+1","floor":18.0},{"not_picked":["Step_Of_The_Wind","Foot_Thrust","Fading_Blow","On_The_Rocks"],"picked":"Momentum+1","floor":20.0},{"not_picked":["Ball_Of_Ice","Press_Forward","Fading_Blow","Raptor_Form"],"picked":"Dolphin_Blow","floor":21.0},{"not_picked":["Ball_Of_Ice","On_The_Rocks","Pony_Shot+1","Raptor_Form+1","Bitters"],"picked":"SKIP","floor":22.0},{"not_picked":["TH:ArmorSpikes","TH:TreasureMap","TH:EnergyPotion"],"picked":"TH:CursedSword","floor":23.0},{"not_picked":["Free_Pour","Rising_Crane","ThreeSidedStar","Power_Up_Punch+1"],"picked":"Vortex","floor":23.0},{"not_picked":["Cross+1","Elbow_Slash","Pony_Shot","Bitters"],"picked":"Vortex","floor":24.0},{"not_picked":["Training_Dummy","Coeurl_Form","Insight_B","Surge","Scowl"],"picked":"SKIP","floor":25.0},{"not_picked":["TH:ArmorSpikes","TH:BikiniMail","TH:ElvenBoots"],"picked":"TH:CursedSword","floor":26.0},{"not_picked":["TH:TreasureMap","TH:CopperCoins","TH:PixieDust"],"picked":"TH:ArmorSpikes","floor":29.0},{"not_picked":["Ripple","Bitters","Dancing_Jab","Rope_A_Dope"],"picked":"Perfect_Balance","floor":29.0},{"not_picked":["Scoop+1","Ripple","Cross","Pony_Shot","Elbow_Slash"],"picked":"SKIP","floor":31.0},{"not_picked":["TH:Mimic","TH:CopperCoins","TH:PixieDust"],"picked":"TH:TreasureMap","floor":33.0},{"not_picked":["Windup","Beat_Rush","Moonsault_Kick","Breathe_Deep"],"picked":"Top_Shelf","floor":33.0},{"not_picked":["Rising_Crane","Pony_Shot+1","Dancing_Jab","Dart"],"picked":"Rope_A_Dope","floor":35.0},{"not_picked":["With_A_Twist+1","Bitters","Press_Forward","Ripple"],"picked":"Meteodrive","floor":36.0},{"not_picked":["TH:BikiniMail","TH:ArmorSpikes","TH:ElvenBoots"],"picked":"TH:CursedSword","floor":39.0},{"not_picked":["TH:ElvenBoots","TH:EnergyPotion","TH:PixieDust"],"picked":"TH:CursedSword","floor":40},{"not_picked":["Step_Of_The_Wind+1","Dancing_Jab+1","On_The_Rocks+1","Axe_Heel_Kick+1"],"picked":"Surge","floor":40},{"not_picked":["Glare+1","Elbow_Slash+1","Center_Self","Dart+1","Meditate+1"],"picked":"SKIP","floor":42},{"not_picked":["TH:Mimic","TH:EnergyPotion","TH:PixieDust"],"picked":"TH:CopperCoins","floor":43},{"not_picked":[],"picked":"wanderingMiniBosses:FinaleOfPromise","floor":44},{"not_picked":["Rising_Crane","Fading_Blow+1","Snap_Punch","Rope_A_Dope","Center_Self+1"],"picked":"SKIP","floor":44},{"not_picked":["Step_Of_The_Wind+1","Center_Self","Beat_Rush","Dancing_Jab+1"],"picked":"Greased_Lightning+1","floor":47},{"not_picked":["TH:ElvenBoots","TH:Mimic","TH:EnergyPotion"],"picked":"TH:CursedSword","floor":48},{"not_picked":["Bitters","Step_Of_The_Wind","Free_Pour+1","Glare+1","Meditate+1"],"picked":"SKIP","floor":48},{"not_picked":["TH:EnergyPotion","TH:Mimic","TH:ArmorSpikes"],"picked":"TH:TreasureMap","floor":54},{"not_picked":["Bitters","With_A_Twist+1","Scoop+1","Sucker_Punch+1"],"picked":"Moonsault_Kick","floor":54}],"player_experience":183436,"relics_obtained":[{"floor":1.0,"key":"SynthV:TestCard"},{"floor":6.0,"key":"Vajra"},{"floor":12.0,"key":"Dota2Spire:DivineRapier"},{"floor":23.0,"key":"hubris:64BitClover"},{"floor":26.0,"key":"trackpad:WritersBlock"},{"floor":29.0,"key":"ReplayTheSpireMod:Lightbulb"},{"floor":39.0,"key":"infinitespire:PuzzleCube"},{"floor":40,"key":"jedi:shrinkray"},{"floor":42,"key":"Sundial"},{"floor":43,"key":"trackpad:WondrousWand"},{"floor":44,"key":"wanderingMiniBosses:Blackblade"},{"floor":48,"key":"Angel_Ring"}],"event_choices":[{"damage_healed":0.0,"max_hp_gain":0.0,"max_hp_loss":0.0,"gold_gain":0.0,"event_name":"betterThird:BetterSerpent","player_choice":"Ignored","floor":4.0,"gold_loss":0.0,"damage_taken":1053.0},{"damage_healed":0.0,"max_hp_gain":5.0,"max_hp_loss":0.0,"gold_gain":0.0,"event_name":"Big Fish","player_choice":"Donut","floor":14.0,"gold_loss":0.0,"damage_taken":0.0},{"damage_healed":0.0,"max_hp_gain":0.0,"max_hp_loss":0.0,"gold_gain":0.0,"event_name":"betterThird:BetterNest","player_choice":"Dagger","floor":19.0,"gold_loss":0.0,"damage_taken":6.0,"cards_obtained":["RitualDagger"]},{"cards_removed":["Defend_Bartender"],"damage_healed":0.0,"max_hp_gain":0.0,"max_hp_loss":0.0,"gold_gain":0.0,"event_name":"betterThird:BetterWriting","player_choice":"Elegance","floor":28.0,"gold_loss":0.0,"damage_taken":0.0}],"is_beta":false,"boss_relics":[{"not_picked":["hubris:BlackHole","RhineSuit"],"picked":"SlaversCollar"},{"not_picked":["hubris:HollowSoul","halation:PlatinumPhoenix"],"picked":"ChiXiaoBlade"}],"items_purged_floors":[3,37,41,45],"is_endless":false,"potions_floor_spawned":[1,10,16,20,24,29,31,35,40,44],"ascension_level":0}}