{"host":"4sl6z5xrlou33vwc","time":1609617082,"event":{"mods":["AchievementEnabler","BaseMod","Colored Powertips","DeckTracker","Downfall","Minty Spire (QoL Compilation)","StSLib"],"gold_per_floor":[99,111,261,261,273,273,273,88,99,109,126,137,152,178,197,294,294,294,304,304,119,119,135,210,210,310,323,248,263,263,274,293,397,397,397,409,247,247,259,278,278,293,311,311,331,341,341,341,353,353],"floor_reached":51,"playtime":3635,"items_purged":["hexamod:Strike","hexamod:Defend"],"score":674,"play_id":"0a671bb0-76d4-43ff-bedc-8fec27413cdb","local_time":"20210102205122","is_ascension_mode":false,"campfire_choices":[{"data":"hexamod:Sear","floor":1,"key":"SMITH"},{"data":"hexamod:InspiringFlames","floor":6,"key":"SMITH"},{"data":"hexamod:GhostOfSpirePast","floor":18,"key":"SMITH"},{"data":"hexamod:CatchUp","floor":28,"key":"SMITH"},{"data":"hexamod:CatchUp","floor":30,"key":"SMITH"},{"data":"hexamod:TimeWarp","floor":35,"key":"SMITH"},{"data":"hexamod:TimeWarp","floor":44,"key":"SMITH"},{"data":"hexamod:ThermalTransfer","floor":47,"key":"SMITH"}],"circlet_count":0,"master_deck":["hexamod:Strike","hexamod:Strike","hexamod:Strike","hexamod:Defend","hexamod:Defend","hexamod:Defend","hexamod:Float","hexamod:InspiringFlames+1","hexamod:HauntingEcho","hexamod:ThermalTransfer","hexamod:ExtraCrispy","hexamod:Hexaguard","hexamod:EmpoweredFlame","hexamod:Hexaguard","hexamod:GhostOfSpirePast+1","hexamod:AdvancingGuard","hexamod:HexaLevel","hexamod:BacktrackSmack","hexamod:CatchUp+1","hexamod:VolcanoVisage","hexamod:CatchUp+1","hexamod:Firestarter+1","hexamod:FastForward","hexamod:TimeWarp+1","hexamod:SkipABeat","hexamod:Hexaguard+1","hexamod:TimeWarp+1","hexamod:Firestarter+1","hexamod:RadiantFlame+1","hexamod:InspiringFlames","hexamod:ThermalTransfer+1"],"relics":["hexamod:SpiritBrand","Eternal Feather","Odd Mushroom","SlaversCollar","CaptainsWheel","Kunai","downfall:HeartBlessingBlue","hexamod:IceCube","Bottled Tornado"],"acts_visited":["Exordium","TheCity","TheBeyond"],"potions_floor_usage":[9,13,14,19,33],"damage_taken":[{"damage":6,"enemies":"Jaw Worm","floor":2,"turns":3},{"damage":0,"enemies":"Small Slimes","floor":5,"turns":3},{"damage":0,"enemies":"downfall:FleeingMerchant","floor":8,"turns":4},{"damage":0,"enemies":"2 Louse","floor":9,"turns":2},{"damage":15,"enemies":"Large Slime","floor":10,"turns":7},{"damage":1,"enemies":"2 Fungi Beasts","floor":11,"turns":3},{"damage":0,"enemies":"Exordium Wildlife","floor":12,"turns":4},{"damage":0,"enemies":"3 Louse","floor":13,"turns":4},{"damage":0,"enemies":"The Mushroom Lair","floor":14,"turns":4},{"damage":1,"enemies":"Gremlin Gang","floor":15,"turns":5},{"damage":34,"enemies":"downfall:Ironclad","floor":16,"turns":11},{"damage":9,"enemies":"Spheric Guardian","floor":19,"turns":7},{"damage":0,"enemies":"downfall:FleeingMerchant","floor":21,"turns":4},{"damage":13,"enemies":"3 Byrds","floor":23,"turns":5},{"damage":24,"enemies":"downfall:Defect","floor":26,"turns":8},{"damage":3,"enemies":"Snake Plant","floor":27,"turns":6},{"damage":0,"enemies":"Shelled Parasite and Fungi","floor":29,"turns":4},{"damage":0,"enemies":"Snecko","floor":31,"turns":5},{"damage":4,"enemies":"Centurion and Healer","floor":32,"turns":7},{"damage":34,"enemies":"downfall:Silent","floor":33,"turns":9},{"damage":25,"enemies":"3 Darklings","floor":36,"turns":7},{"damage":0,"enemies":"downfall:FleeingMerchant","floor":37,"turns":4},{"damage":0,"enemies":"3 Shapes","floor":39,"turns":6},{"damage":2,"enemies":"Jaw Worm Horde","floor":40,"turns":5},{"damage":1,"enemies":"Writhing Mass","floor":42,"turns":5},{"damage":0,"enemies":"Transient","floor":43,"turns":5},{"damage":4,"enemies":"3 Darklings","floor":45,"turns":6},{"damage":13,"enemies":"Maw","floor":46,"turns":7},{"damage":0,"enemies":"4 Shapes","floor":49,"turns":5},{"damage":0,"enemies":"downfall:Watcher","floor":50,"turns":7}],"seed_played":"-1569849089925747814","potions_obtained":[{"floor":9,"key":"Fruit Juice"},{"floor":10,"key":"Guardian:BlockOnCardUsePotion"},{"floor":12,"key":"LiquidBronze"},{"floor":13,"key":"BlessingOfTheForge"},{"floor":14,"key":"Block Potion"},{"floor":16,"key":"Swift Potion"},{"floor":20,"key":"CultistPotion"},{"floor":26,"key":"Guardian:BlockOnCardUsePotion"},{"floor":27,"key":"SteroidPotion"},{"floor":32,"key":"ColorlessPotion"},{"floor":36,"key":"hexamod:InfernoChargePotion"},{"floor":42,"key":"EntropicBrew"}],"is_trial":false,"path_per_floor":["R","M","?","?","M","R","T","$","M","M","M","M","M","?","M","B",null,"R","M","?","$","?","M","T","?","?","M","R","M","R","M","M","B",null,"R","M","$","?","M","M","T","M","M","R","M","M","R","?","M","B",null],"character_chosen":"THE_SPIRIT","items_purchased":["hexamod:ThermalTransfer","hexamod:ExtraCrispy","hexamod:CatchUp","hexamod:TimeWarp"],"campfire_rested":0,"item_purchase_floors":[8,8,21,37],"current_hp_per_floor":[77,71,71,71,71,71,71,71,76,61,60,60,60,60,59,25,82,82,73,73,73,73,60,60,60,36,33,55,55,67,67,63,29,92,92,67,67,67,67,65,65,64,64,82,78,65,83,83,83,83],"gold":353,"neow_bonus":"TEN_PERCENT_HP_BONUS","is_daily":false,"chose_seed":false,"campfire_upgraded":8,"win_rate":0.0,"timestamp":1609617082,"path_taken":["R","M","?","?","M","R","T","$","?","M","M","M","M","?","M","BOSS","R","M","?","$","?","M","T","?","?","M","R","M","R","M","M","BOSS","R","M","$","?","M","M","T","M","M","R","M","M","R","?","M","BOSS"],"items_purchased_type":["Card","Card","Card","Card"],"build_version":"2020-12-22","purchased_purges":2,"victory":true,"max_hp_per_floor":[77,77,77,77,77,77,77,77,82,82,82,82,82,82,82,82,82,82,82,82,82,82,82,82,82,82,82,92,92,92,92,92,92,92,92,92,92,92,92,92,92,92,92,92,92,92,92,92,92,92],"card_choices":[{"not_picked":["hexamod:BurningTouch","hexamod:RadiantFlame"],"picked":"hexamod:InspiringFlames","floor":2},{"not_picked":["hexamod:ChargedBarrage","hexamod:SecondSeal"],"picked":"hexamod:HauntingEcho","floor":5},{"not_picked":["hexamod:EtherealExpedition","hexamod:Haunt","hexamod:RainOfEmbers"],"picked":"SKIP","floor":8},{"not_picked":["hexamod:AdvancingGuard","hexamod:NightmareGuise"],"picked":"hexamod:Hexaguard","floor":9},{"not_picked":["hexamod:SpectersWail","hexamod:CrushingStance"],"picked":"hexamod:EmpoweredFlame","floor":10},{"not_picked":["hexamod:SkipABeat","hexamod:BurningTouch","hexamod:Again"],"picked":"SKIP","floor":11},{"not_picked":["hexamod:FirstSeal","hexamod:HeatShield"],"picked":"hexamod:Hexaguard","floor":12},{"not_picked":["hexamod:SwordOfDarkness","hexamod:SpectersWail"],"picked":"hexamod:GhostOfSpirePast","floor":13},{"not_picked":["hexamod:RainOfEmbers","hexamod:FastForward"],"picked":"hexamod:AdvancingGuard","floor":15},{"not_picked":["hexamod:WildfireWeapon","hexamod:TurnItUp"],"picked":"hexamod:HexaLevel","floor":16},{"not_picked":["hexamod:Firestarter","hexamod:FirstSeal"],"picked":"hexamod:BacktrackSmack","floor":19},{"not_picked":["hexamod:BurningTouch","hexamod:SecondSeal","hexamod:RetreatToShadows"],"picked":"SKIP","floor":21},{"not_picked":["hexamod:RetreatToShadows","hexamod:FirstSeal","hexamod:AdvancingGuard"],"picked":"SKIP","floor":23},{"not_picked":["hexamod:RadiantFlame","hexamod:EtherealExpedition"],"picked":"hexamod:VolcanoVisage","floor":26},{"not_picked":["hexamod:RainOfEmbers","hexamod:NightmareStrike"],"picked":"hexamod:CatchUp","floor":27},{"not_picked":["hexamod:GhostShield","hexamod:SwordOfDarkness"],"picked":"hexamod:Firestarter+1","floor":29},{"not_picked":["hexamod:GhostShield","hexamod:SwordOfDarkness"],"picked":"hexamod:FastForward","floor":31},{"not_picked":["hexamod:SpectersWail","hexamod:Hexaguard","hexamod:RainOfEmbers"],"picked":"SKIP","floor":32},{"not_picked":["hexamod:SixthSeal","hexamod:UnleashSpirits"],"picked":"hexamod:TimeWarp","floor":33},{"not_picked":["hexamod:EtherealExpedition+1","hexamod:HeatCrush+1"],"picked":"hexamod:SkipABeat","floor":36},{"not_picked":["hexamod:GhostLash","hexamod:BurningTouch"],"picked":"hexamod:Hexaguard+1","floor":37},{"not_picked":["hexamod:NightmareStrike+1","hexamod:RainOfEmbers","hexamod:GhostShield+1"],"picked":"SKIP","floor":39},{"not_picked":["hexamod:BacktrackSmack+1","hexamod:AdvancingGuard+1"],"picked":"hexamod:Firestarter+1","floor":40},{"not_picked":["hexamod:FifthSeal","hexamod:AdvancingGuard+1"],"picked":"hexamod:RadiantFlame+1","floor":42},{"not_picked":["hexamod:GhostShield+1","hexamod:ShieldOfDarkness"],"picked":"hexamod:InspiringFlames","floor":43},{"not_picked":["hexamod:BurningTouch+1","hexamod:SwordOfDarkness+1","hexamod:SpectersWail+1"],"picked":"SKIP","floor":45},{"not_picked":["hexamod:ParanormalForm","hexamod:HeatShield+1"],"picked":"hexamod:ThermalTransfer","floor":46},{"not_picked":["hexamod:InspiringFlames","hexamod:GhostOfSpirePast+1","hexamod:SpectersWail"],"picked":"SKIP","floor":49}],"player_experience":359751,"relics_obtained":[{"floor":7,"key":"Eternal Feather"},{"floor":14,"key":"Odd Mushroom"},{"floor":26,"key":"CaptainsWheel"},{"floor":26,"key":"Kunai"},{"floor":41,"key":"Bottled Tornado"}],"event_choices":[{"cards_removed":["Slimebound:Icky"],"damage_healed":0,"gold_gain":0,"player_choice":"Card Removal","damage_taken":0,"max_hp_gain":0,"max_hp_loss":0,"event_name":"The Cleric","floor":4,"gold_loss":0},{"damage_healed":0,"gold_gain":0,"player_choice":"Fought Mushrooms","damage_taken":0,"max_hp_gain":0,"max_hp_loss":0,"event_name":"Mushrooms","floor":14,"gold_loss":0},{"cards_removed":["hexamod:Sear"],"damage_healed":0,"gold_gain":0,"player_choice":"Elegance","damage_taken":0,"max_hp_gain":0,"max_hp_loss":0,"event_name":"Back to Basics","floor":25,"gold_loss":0}],"is_beta":false,"boss_relics":[{"not_picked":["Astrolabe","Black Star"],"picked":"SlaversCollar"},{"not_picked":["Cursed Key","Coffee Dripper"],"picked":"hexamod:IceCube"}],"items_purged_floors":[8,21],"is_endless":false,"potions_floor_spawned":[9,10,12,13,14,16,26,27,29,32,36,42,43,45,46],"ascension_level":0}}