{"host":"yi49lbnhh35mzi7n","time":1609579112,"event":{"mods":["BaseMod","Bestiary","BetterRewards","Colored Map","Conspire","Downfall","Googly Eyes","Hermit","Hubris","Infinite Spire","Minty Spire (QoL Compilation)","Quick Restart","Replay The Spire","StSLib","The Bladedancer","The Construct","The Jungle","The Necromancer","Yuri Mod"],"gold_per_floor":[115,129,144,159,172,172,202,202,202,231,84,44,44,70,70,70,70],"floor_reached":16,"playtime":388,"items_purged":["Strike_R"],"score":126,"play_id":"9a325070-042a-4f97-92e0-82cd39c55e45","local_time":"20210102101832","is_ascension_mode":true,"campfire_choices":[{"data":"Rampage","floor":6,"key":"SMITH"},{"data":"Ghostly Armor","floor":8,"key":"SMITH"},{"data":"Bash","floor":15,"key":"SMITH"}],"circlet_count":0,"master_deck":["Strike_R","Strike_R","Strike_R","Strike_R","Defend_R","Defend_R","Defend_R","Defend_R","Bash+1","Ghostly Armor+1","Feel No Pain","Rampage+1","Wild Strike","Body Slam","Evolve"],"relics":["Burning Blood","NeowsBlessing","conspire:BottledYoYo","Letter Opener","Juzu Bracelet","Prayer Wheel"],"acts_visited":["Exordium"],"potions_floor_usage":[4,7,7,14,16,16],"damage_taken":[{"damage":0,"enemies":"Cultist","floor":1,"turns":1},{"damage":0,"enemies":"conspire:RoseBush","floor":2,"turns":1},{"damage":0,"enemies":"infinitespire:Voidling","floor":3,"turns":1},{"damage":2,"enemies":"Blue Slaver","floor":4,"turns":4},{"damage":2,"enemies":"Exordium Thugs","floor":5,"turns":5},{"damage":21,"enemies":"Gremlin Nob","floor":7,"turns":4},{"damage":24,"enemies":"3 Sentries","floor":10,"turns":8},{"damage":16,"enemies":"Lagavulin","floor":14,"turns":6},{"damage":37,"enemies":"The Guardian","floor":16,"turns":8}],"seed_played":"-7056453822543675185","potions_obtained":[{"floor":1,"key":"sneckomod:MuddlingPotion"},{"floor":2,"key":"DistilledChaos"},{"floor":5,"key":"Languid Potion"},{"floor":12,"key":"Block Potion"},{"floor":12,"key":"LiquidBronze"},{"floor":12,"key":"PowerPotion"}],"is_trial":false,"path_per_floor":["M","M","M","M","M","R","E","R","T","E","$","?","$","E","R","B"],"character_chosen":"IRONCLAD","items_purchased":["Evolve"],"campfire_rested":0,"item_purchase_floors":[11],"current_hp_per_floor":[80,80,80,80,80,80,65,65,65,47,47,47,47,37,37,0,0],"gold":70,"neow_bonus":"THREE_ENEMY_KILL","is_daily":false,"chose_seed":false,"campfire_upgraded":3,"win_rate":0.0,"timestamp":1609579112,"path_taken":["M","M","?","M","M","R","E","R","T","E","?","?","$","E","R","BOSS"],"items_purchased_type":["Card"],"build_version":"2020-12-22","purchased_purges":1,"victory":false,"max_hp_per_floor":[80,80,80,80,80,80,80,80,80,80,80,80,80,80,80,80,80],"card_choices":[{"not_picked":["Anger","ReplayTheSpireMod:Corrosion Curse","Havoc"],"picked":"SKIP","floor":1},{"not_picked":["Thunderclap","Warcry"],"picked":"Ghostly Armor","floor":2},{"not_picked":["Replay:Undeath\u0027s Touch","Havoc"],"picked":"Feel No Pain","floor":3},{"not_picked":["Anger","Iron Wave"],"picked":"Rampage","floor":4},{"not_picked":["conspire:Purge","Perfected Strike","Combust"],"picked":"SKIP","floor":5},{"not_picked":["Run Through","Perfected Strike"],"picked":"Wild Strike","floor":7},{"not_picked":["Bludgeon","Whirlwind"],"picked":"Body Slam","floor":10},{"not_picked":["Searing Blow","conspire:Charge","conspire:Purge"],"picked":"SKIP","floor":14}],"player_experience":555152,"relics_obtained":[{"floor":7,"key":"conspire:BottledYoYo"},{"floor":9,"key":"Letter Opener"},{"floor":10,"key":"Juzu Bracelet"},{"floor":14,"key":"Prayer Wheel"}],"event_choices":[{"damage_healed":0,"gold_gain":0,"player_choice":"Bought 3 Potions","damage_taken":0,"max_hp_gain":0,"max_hp_loss":0,"event_name":"The Woman in Blue","floor":12,"gold_loss":0}],"is_beta":false,"boss_relics":[],"items_purged_floors":[11],"is_endless":false,"potions_floor_spawned":[1,2,5],"killed_by":"The Guardian","ascension_level":1}}