{"host":"3jjxuhjpio8e4zkv","time":1609550489,"event":{"mods":["BaseMod","Colored Map","Highlight Path","Minty Spire (QoL Compilation)","Permanent Neow","Relic Stats","StSLib"],"gold_per_floor":[215,232,244,394,36,67,67,67,67],"floor_reached":8,"playtime":249,"items_purged":[],"score":112,"play_id":"5a7373e1-0927-4df3-bfda-a7c17b55b006","local_time":"20210101202129","is_ascension_mode":true,"campfire_choices":[{"data":"Glass Knife","floor":7.0,"key":"SMITH"}],"circlet_count":0,"master_deck":["AscendersBane","Strike_G","Strike_G","Strike_G","Strike_G","Strike_G","Defend_G","Defend_G","Defend_G","Defend_G","Defend_G","Survivor","Neutralize","Acrobatics","PiercingWail","Predator","Doubt","Glass Knife+1","Crippling Poison"],"relics":["Ring of the Snake","StrikeDummy","Unceasing Top"],"acts_visited":["Exordium"],"potions_floor_usage":[],"damage_taken":[{"damage":1.0,"enemies":"Small Slimes","floor":1.0,"turns":4.0},{"damage":2.0,"enemies":"2 Louse","floor":2.0,"turns":4.0},{"damage":3.0,"enemies":"Cultist","floor":3.0,"turns":5.0},{"damage":36.0,"enemies":"Gremlin Nob","floor":6.0,"turns":4.0},{"damage":28,"enemies":"3 Sentries","floor":8,"turns":6}],"seed_played":"-1721677620482694971","potions_obtained":[{"floor":1.0,"key":"GamblersBrew"},{"floor":2.0,"key":"Regen Potion"}],"is_trial":false,"path_per_floor":["M","M","M","?","$","E","R","E"],"character_chosen":"THE_SILENT","items_purchased":["StrikeDummy","Glass Knife"],"campfire_rested":0,"item_purchase_floors":[5,5],"current_hp_per_floor":[58,56,53,53,53,29,29,1,1],"gold":67,"neow_bonus":"HUNDRED_GOLD","is_daily":false,"chose_seed":false,"campfire_upgraded":1,"win_rate":0.0,"timestamp":1609550489,"path_taken":["M","M","M","?","$","E","R","E"],"items_purchased_type":["Relic","Card"],"build_version":"2020-12-22","purchased_purges":0,"victory":false,"max_hp_per_floor":[66,66,66,66,66,66,66,66,66],"relic_stats":{"counters":[5,23],"obtain_stats":[{"StrikeDummy":5,"Unceasing Top":6,"Ring of the Snake":0},{"StrikeDummy":3,"Unceasing Top":4,"Ring of the Snake":0},{"StrikeDummy":13,"Unceasing Top":17,"Ring of the Snake":0}],"Unceasing Top":[0],"Ring of the Snake":[10]},"card_choices":[{"not_picked":["Dagger Spray","Escape Plan"],"picked":"Acrobatics","floor":1.0},{"not_picked":["Acrobatics","Deflect"],"picked":"PiercingWail","floor":2.0},{"not_picked":["Setup","All Out Attack"],"picked":"Predator","floor":3.0},{"not_picked":["Bane","Leg Sweep"],"picked":"Crippling Poison","floor":6.0}],"player_experience":1166608,"relics_obtained":[{"floor":6.0,"key":"Unceasing Top"}],"event_choices":[{"damage_healed":0.0,"max_hp_gain":0.0,"max_hp_loss":0.0,"gold_gain":150.0,"event_name":"Liars Game","player_choice":"AGREE","floor":4.0,"gold_loss":0.0,"damage_taken":0.0,"cards_obtained":["Doubt"]}],"is_beta":false,"boss_relics":[],"items_purged_floors":[],"is_endless":false,"potions_floor_spawned":[1,2],"killed_by":"3 Sentries","ascension_level":20}}