{"host":"idmgg8r816nmas40","time":1609580260,"event":{"mods":["AchievementEnabler","AlwaysNeverKeys","BaseMod","BetterRewards","Block Reminder","Colored Map","Colored Powertips","DeckTracker","Googly Eyes","Highlight Path","Hubris","Infinite Spire","Minty Spire (QoL Compilation)","Quick Restart","Relic Stats","Replay The Spire","Shop Mod","StSLib","SuperFastMode","Synergy Search","Transform Curses"],"gold_per_floor":[116,147,72,222,238,271,271,296,320,330,330,19,19,32,32,109,109,121,121,134,134,134,161,173,185,197,209,237,249,292,323,335,424,436,491,503,566,578,590,676,688,700,736,748,829,891,989,1001,1013,1025,1025],"floor_reached":50,"playtime":12424,"items_purged":["Normality"],"score":994,"play_id":"1e233449-2903-41ba-af7c-9cd2f49cdb0f","local_time":"20210102023740","is_ascension_mode":true,"campfire_choices":[{"floor":11.0,"key":"REST"},{"floor":13.0,"key":"REST"},{"data":"Venomology","floor":15.0,"key":"SMITH"},{"data":"Dash","floor":25.0,"key":"SMITH"},{"data":"Footwork","floor":32.0,"key":"SMITH"},{"floor":41,"key":"REST"},{"floor":44,"key":"REST"},{"floor":49,"key":"REST"}],"circlet_count":0,"master_deck":["AscendersBane","Strike_G","Strike_G+1","Strike_G","Defend_G","Defend_G+1","Defend_G+1","Defend_G","Survivor","Neutralize+1","Noxious Fumes+1","Slice","Backstab","Dash+1","Doubt","Footwork+1","Venomology+1","Cloak And Dagger+1","Poisoned Stab","Die Die Die","PiercingWail","hubris:NaturalOne","Fluid Movement","Flying Knee","Madness","Hidden Blade+1","AbeCurse","Envenom","Blade Dance+1","Blade Dance+1","Predator+1","Pot Of Greed","Pot Of Greed","Pot Of Greed","Hidden Blade","Flechettes+1","infinitespire:UltimateForm"],"relics":["Ring of the Snake","Blood Vial","War Paint","Potion Belt","ReplayTheSpireMod:CursedCoin","Happy Flower","Tingsha","infinitespire:Lucky Rock","StrikeDummy","ChewingGum","Bag of Preparation","MutagenicStrength","hubris:Icosahedron","MawBank","Replay:Accelerometer","ReplayTheSpireMod:Ring of Addiction","Toy Ornithopter","hubris:EmptyBottle","Vampiric Spirits","infinitespire:EvilPickle","Fusion Hammer","Whetstone","Grinning Jar","hubris:64BitClover"],"acts_visited":["Exordium","TheCity","TheBeyond"],"potions_floor_usage":[42,42,45,47,47,47,47,50,50,50,50],"damage_taken":[{"damage":0.0,"enemies":"Cultist","floor":1.0,"turns":4.0},{"damage":0.0,"enemies":"2 Louse","floor":5.0,"turns":3.0},{"damage":61.0,"enemies":"Gremlin Nob","floor":6.0,"turns":6.0},{"damage":1.0,"enemies":"Lagavulin","floor":8.0,"turns":7.0},{"damage":0.0,"enemies":"Small Slimes","floor":10.0,"turns":3.0},{"damage":1.0,"enemies":"Looter","floor":14.0,"turns":3.0},{"damage":12.0,"enemies":"The Guardian","floor":16.0,"turns":9.0},{"damage":9.0,"enemies":"3 Byrds","floor":18.0,"turns":6.0},{"damage":5.0,"enemies":"Shell Parasite","floor":20.0,"turns":4.0},{"damage":0.0,"enemies":"Slavers","floor":23.0,"turns":5.0},{"damage":2.0,"enemies":"Cultist and Chosen","floor":28.0,"turns":7.0},{"damage":33.0,"enemies":"Book of Stabbing","floor":30.0,"turns":6.0},{"damage":12.0,"enemies":"Shelled Parasite and Fungi","floor":31.0,"turns":5.0},{"damage":65.0,"enemies":"Pondfish","floor":33.0,"turns":18.0},{"damage":27.0,"enemies":"Orb Walker","floor":35.0,"turns":4.0},{"damage":10.0,"enemies":"3 Shapes","floor":37.0,"turns":3.0},{"damage":43.0,"enemies":"Giant Head","floor":40.0,"turns":8.0},{"damage":41,"enemies":"Nemesis","floor":42,"turns":5},{"damage":29,"enemies":"Jaw Worm Horde","floor":45,"turns":4},{"damage":81,"enemies":"Reptomancer","floor":47,"turns":6},{"damage":91,"enemies":"Replay:Hell Engine","floor":50,"turns":8}],"seed_played":"6403620426613939727","potions_obtained":[{"floor":6.0,"key":"Elixir"},{"floor":8.0,"key":"Strength Potion"},{"floor":10.0,"key":"Venom Potion"},{"floor":14.0,"key":"FearPotion"},{"floor":18.0,"key":"Adrenaline Potion"},{"floor":20.0,"key":"SteroidPotion"},{"floor":28.0,"key":"SkillPotion"},{"floor":29.0,"key":"LifebloodPotion"},{"floor":35.0,"key":"ColorlessPotion"},{"floor":40,"key":"SmokeBomb"},{"floor":47,"key":"Elixir"}],"is_trial":false,"path_per_floor":["M","$","?","?","M","E","?","E","T","M","R","$","R","M","R","B",null,"M","AVR","M","?","?","E","$","R","T","?","M","?","E","M","R","B",null,"M","$","M","?","?","E","R","E","T","R","M","?","E","AVR","R","B"],"character_chosen":"THE_SILENT","items_purchased":["Noxious Fumes+1","Blood Vial","War Paint","Potion Belt","FairyPotion","Slice","ReplayTheSpireMod:CursedCoin","Dash","StrikeDummy","Cloak And Dagger+1"],"campfire_rested":5,"item_purchase_floors":[0,0,0,0,0,0,2,2,12,12],"current_hp_per_floor":[61,61,61,61,63,4,4,5,5,7,26,26,45,46,46,36,59,52,52,49,49,49,51,51,51,51,51,51,51,40,52,52,9,52,39,39,59,59,59,34,53,32,32,51,35,35,9,9,28,0,0],"gold":1025,"neow_bonus":"","is_daily":false,"chose_seed":false,"campfire_upgraded":3,"win_rate":0.0,"timestamp":1609580260,"path_taken":["M","?","?","?","M","E","?","E","T","?","R","?","R","?","R","BOSS","M","AVR","M","?","?","E","$","R","T","?","M","?","E","M","R","BOSS","M","$","M","?","?","E","R","E","T","R","M","?","E","AVR","R","BOSS"],"items_purchased_type":["Card","Relic","Relic","Relic","Potion","Card","Relic","Card","Relic","Card"],"build_version":"2020-12-22","purchased_purges":1,"victory":false,"max_hp_per_floor":[66,66,66,66,66,66,66,66,66,66,66,66,66,66,66,66,66,66,66,66,66,66,66,66,66,66,66,66,66,66,66,66,66,66,66,66,64,64,64,64,64,64,64,64,64,64,64,64,64,64,64],"relic_stats":{"Blood Vial":42,"Happy Flower":[37],"counters":[82,392],"Tingsha":[67],"Bag of Preparation":[26],"Whetstone":["Strike_G","Neutralize"],"War Paint":["Defend_G","Defend_G"],"MawBank":324,"obtain_stats":[{"TwistedFunnel":0,"Replay:Accelerometer":26,"Vampiric Spirits":30,"CeramicFish":24,"Vajra":29,"Whetstone":40,"hubris:MysteriousPyramids":6,"Boot":26,"Sling":0,"Blood Vial":19,"Replay:Ringing Soul":36,"DollysMirror":0,"MealTicket":40,"Philosopher\u0027s Stone":17,"Fusion Hammer":34,"Kunai":8,"hubris:TinFlute":31,"hubris:MobiusCoin":0,"Happy Flower":6,"ReplayTheSpireMod:CursedCoin":0,"ReplayTheSpireMod:Ring of Addiction":29,"Oddly Smooth Stone":26,"Tingsha":8,"Pen Nib":6,"hubris:HollowSoul":17,"infinitespire:Beetle Shell":46,"infinitespire:Magic Flask":14,"War Paint":0,"infinitespire:EvilPickle":33,"SlaversCollar":17,"OrangePellets":0,"ReplayTheSpireMod:Shallot":2,"Shuriken":0,"Bronze Scales":11,"MutagenicStrength":21,"Onion Ring":13,"Molten Egg 2":26,"hubris:ToyBattleship":41,"hubris:TenFootPole":13,"Grinning Jar":43,"StrikeDummy":12,"Ring of the Serpent":19,"ReplayFunnel":0,"Lantern":0,"Snecko Heart":19,"Enchiridion":21,"StoneCalendar":27,"Bag of Preparation":0,"hubris:SlimyHat":46,"Juzu Bracelet":28,"hubris:EmptyBottle":29,"Smiling Mask":43,"Cursed Key":34,"ClockworkSouvenir":0,"Tough Bandages":43,"Nunchaku":0,"Replay:Bandana":10,"hubris:Icosahedron":8,"Matryoshka":9,"Ninja Scroll":26,"infinitespire:Bottled Soul":0,"Mummified Hand":54,"Tiny Chest":0,"Replay:Lucky Slots":0,"hubris:CuriousFeather":0,"Ring of the Snake":0,"Gremlin Food":9,"Potion Belt":0,"BargainBundle":0,"Lee\u0027s Waffle":36,"Golden Idol":3,"hubris:64BitClover":47,"PreservedInsect":43,"Replay:WaspNest":0,"infinitespire:FocusingShard":0,"infinitespire:Lucky Rock":25,"Odd Mushroom":12,"hubris:Towel":19,"MawBank":23,"Replay:Arrowhead":0,"White Beast Statue":10,"infinitespire:WardingShard":23,"infinitespire:Satchel":13,"ChewingGum":17,"Garlic":24,"Bottled Lightning":19,"hubris:AncientText":44,"hubris:OldNail":11,"Toy Ornithopter":29},{"TwistedFunnel":0,"Replay:Accelerometer":71,"Vampiric Spirits":73,"CeramicFish":12,"Vajra":13,"Whetstone":78,"hubris:MysteriousPyramids":4,"Boot":12,"Sling":23,"Blood Vial":56,"Replay:Ringing Soul":39,"DollysMirror":48,"MealTicket":41,"Philosopher\u0027s Stone":55,"Fusion Hammer":75,"Kunai":26,"hubris:TinFlute":37,"hubris:MobiusCoin":59,"Happy Flower":64,"ReplayTheSpireMod:CursedCoin":0,"ReplayTheSpireMod:Ring of Addiction":72,"Oddly Smooth Stone":58,"Tingsha":65,"Pen Nib":25,"hubris:HollowSoul":30,"infinitespire:Beetle Shell":44,"infinitespire:Magic Flask":54,"War Paint":61,"infinitespire:EvilPickle":38,"SlaversCollar":9,"OrangePellets":48,"ReplayTheSpireMod:Shallot":1,"Shuriken":48,"Bronze Scales":5,"MutagenicStrength":70,"Onion Ring":28,"Molten Egg 2":34,"hubris:ToyBattleship":19,"hubris:TenFootPole":54,"Grinning Jar":79,"StrikeDummy":66,"Ring of the Serpent":56,"ReplayFunnel":23,"Lantern":23,"Snecko Heart":10,"Enchiridion":56,"StoneCalendar":13,"Bag of Preparation":0,"hubris:SlimyHat":21,"Juzu Bracelet":34,"hubris:EmptyBottle":72,"Smiling Mask":19,"Cursed Key":38,"ClockworkSouvenir":23,"Tough Bandages":42,"Nunchaku":48,"Replay:Bandana":53,"hubris:Icosahedron":4,"Matryoshka":4,"Ninja Scroll":12,"infinitespire:Bottled Soul":23,"Mummified Hand":47,"Tiny Chest":23,"Replay:Lucky Slots":48,"hubris:CuriousFeather":59,"Ring of the Snake":0,"Gremlin Food":26,"Potion Belt":61,"BargainBundle":0,"Lee\u0027s Waffle":39,"Golden Idol":24,"hubris:64BitClover":81,"PreservedInsect":19,"Replay:WaspNest":23,"infinitespire:FocusingShard":48,"infinitespire:Lucky Rock":34,"Odd Mushroom":27,"hubris:Towel":31,"MawBank":71,"Replay:Arrowhead":0,"White Beast Statue":26,"infinitespire:WardingShard":33,"infinitespire:Satchel":7,"ChewingGum":68,"Garlic":58,"Bottled Lightning":10,"hubris:AncientText":20,"hubris:OldNail":53,"Toy Ornithopter":72},{"TwistedFunnel":0,"Replay:Accelerometer":318,"Vampiric Spirits":331,"CeramicFish":43,"Vajra":47,"Whetstone":369,"hubris:MysteriousPyramids":12,"Boot":43,"Sling":94,"Blood Vial":245,"Replay:Ringing Soul":175,"DollysMirror":221,"MealTicket":187,"Philosopher\u0027s Stone":242,"Fusion Hammer":354,"Kunai":107,"hubris:TinFlute":158,"hubris:MobiusCoin":257,"Happy Flower":281,"ReplayTheSpireMod:CursedCoin":0,"ReplayTheSpireMod:Ring of Addiction":325,"Oddly Smooth Stone":251,"Tingsha":288,"Pen Nib":102,"hubris:HollowSoul":124,"infinitespire:Beetle Shell":198,"infinitespire:Magic Flask":236,"War Paint":268,"infinitespire:EvilPickle":172,"SlaversCollar":33,"OrangePellets":221,"ReplayTheSpireMod:Shallot":3,"Shuriken":221,"Bronze Scales":15,"MutagenicStrength":313,"Onion Ring":114,"Molten Egg 2":146,"hubris:ToyBattleship":72,"hubris:TenFootPole":236,"Grinning Jar":374,"StrikeDummy":291,"Ring of the Serpent":245,"ReplayFunnel":94,"Lantern":94,"Snecko Heart":37,"Enchiridion":245,"StoneCalendar":47,"Bag of Preparation":0,"hubris:SlimyHat":81,"Juzu Bracelet":146,"hubris:EmptyBottle":325,"Smiling Mask":72,"Cursed Key":172,"ClockworkSouvenir":94,"Tough Bandages":192,"Nunchaku":221,"Replay:Bandana":234,"hubris:Icosahedron":12,"Matryoshka":12,"Ninja Scroll":43,"infinitespire:Bottled Soul":94,"Mummified Hand":215,"Tiny Chest":94,"Replay:Lucky Slots":221,"hubris:CuriousFeather":257,"Ring of the Snake":0,"Gremlin Food":107,"Potion Belt":268,"BargainBundle":0,"Lee\u0027s Waffle":175,"Golden Idol":99,"hubris:64BitClover":384,"PreservedInsect":72,"Replay:WaspNest":94,"infinitespire:FocusingShard":221,"infinitespire:Lucky Rock":146,"Odd Mushroom":111,"hubris:Towel":129,"MawBank":318,"Replay:Arrowhead":0,"White Beast Statue":107,"infinitespire:WardingShard":139,"infinitespire:Satchel":21,"ChewingGum":303,"Garlic":251,"Bottled Lightning":37,"hubris:AncientText":76,"hubris:OldNail":234,"Toy Ornithopter":325}],"Toy Ornithopter":120,"Ring of the Snake":[154]},"card_choices":[{"not_picked":["Dodge and Roll","Acrobatics"],"picked":"Backstab","floor":1.0},{"not_picked":["hubris:TrickCloak","Acrobatics","Slice"],"picked":"SKIP","floor":5.0},{"not_picked":["Eviscerate","Setup"],"picked":"Footwork","floor":6.0},{"not_picked":["Tactician","Cloak And Dagger"],"picked":"Venomology","floor":8.0},{"not_picked":["hubris:SlightOfHand","Dodge and Roll","Tactician"],"picked":"SKIP","floor":10.0},{"not_picked":["ReplayTheSpireMod:Tripwire","Flechettes"],"picked":"Poisoned Stab","floor":14.0},{"not_picked":["Glass Knife","Unload"],"picked":"Die Die Die","floor":16.0},{"not_picked":["hubris:Counter","Dagger Throw","Blade Dance"],"picked":"SKIP","floor":18.0},{"not_picked":["hubris:SlightOfHand","ReplayTheSpireMod:Exploit Weakness"],"picked":"PiercingWail","floor":20.0},{"not_picked":["Outmaneuver","Hidden Blade"],"picked":"Fluid Movement","floor":23.0},{"not_picked":["Quick Slash","Dodge and Roll"],"picked":"Flying Knee","floor":28.0},{"not_picked":["Blade Dance","Slice","Underhanded Strike"],"picked":"SKIP","floor":30.0},{"not_picked":["Distraction","Dodge and Roll"],"picked":"Hidden Blade+1","floor":31.0},{"not_picked":["Poison Darts","Phantasmal Killer"],"picked":"Envenom","floor":33.0},{"not_picked":["Bane","Sneak Up"],"picked":"Blade Dance+1","floor":35.0},{"not_picked":["PiercingWail","Dagger Throw"],"picked":"Blade Dance+1","floor":37.0},{"not_picked":["ReplayTheSpireMod:Necrosis","Toxin Wave"],"picked":"Predator+1","floor":40},{"not_picked":["Expertise","Slice"],"picked":"Hidden Blade","floor":45},{"not_picked":["Slice","Blur"],"picked":"Flechettes+1","floor":47}],"player_experience":1040732,"relics_obtained":[{"floor":6.0,"key":"Happy Flower"},{"floor":8.0,"key":"Tingsha"},{"floor":9.0,"key":"infinitespire:Lucky Rock"},{"floor":23.0,"key":"MawBank"},{"floor":26.0,"key":"Replay:Accelerometer"},{"floor":29.0,"key":"ReplayTheSpireMod:Ring of Addiction"},{"floor":29.0,"key":"Toy Ornithopter"},{"floor":29.0,"key":"hubris:EmptyBottle"},{"floor":30.0,"key":"Vampiric Spirits"},{"floor":40,"key":"Whetstone"},{"floor":43,"key":"Grinning Jar"},{"floor":47,"key":"hubris:64BitClover"}],"event_choices":[{"cards_removed":["Strike_G"],"damage_healed":0.0,"max_hp_gain":0.0,"max_hp_loss":0.0,"gold_gain":0.0,"event_name":"The Cleric","player_choice":"Card Removal","floor":3.0,"gold_loss":75.0,"damage_taken":0.0},{"damage_healed":0.0,"max_hp_gain":0.0,"max_hp_loss":0.0,"gold_gain":150.0,"event_name":"Liars Game","player_choice":"AGREE","floor":4.0,"gold_loss":0.0,"damage_taken":0.0,"cards_obtained":["Doubt"]},{"cards_removed":["Strike_G"],"damage_healed":0.0,"max_hp_gain":0.0,"max_hp_loss":0.0,"gold_gain":0.0,"event_name":"Purifier","player_choice":"Purged","floor":7.0,"gold_loss":0.0,"damage_taken":0.0},{"damage_healed":0.0,"max_hp_gain":0.0,"max_hp_loss":0.0,"gold_gain":0.0,"event_name":"Drug Dealer","player_choice":"Inject Mutagens","floor":21.0,"gold_loss":0.0,"damage_taken":0.0,"relics_obtained":["MutagenicStrength"]},{"cards_removed":["Defend_G"],"damage_healed":0.0,"max_hp_gain":0.0,"max_hp_loss":0.0,"gold_gain":0.0,"event_name":"Falling","player_choice":"Removed Skill","floor":39.0,"gold_loss":0.0,"damage_taken":0.0},{"damage_healed":0,"gold_gain":50,"player_choice":"Pray","damage_taken":0,"max_hp_gain":0,"max_hp_loss":0,"event_name":"Golden Shrine","floor":46,"gold_loss":0}],"is_beta":false,"boss_relics":[{"not_picked":["Runic Dome","Sozu"],"picked":"ChewingGum"},{"not_picked":["Runic Pyramid","hubris:ScarierMask"],"picked":"Fusion Hammer"}],"items_purged_floors":[2],"is_endless":false,"potions_floor_spawned":[6,8,10,14,18,20,28,35,40,47],"killed_by":"Replay:Hell Engine","ascension_level":18}}