{"host":"a1u4jo6xlg3w0wsm","time":1609577414,"event":{"mods":["BaseMod","Better Third Choice","DeckTracker","Downfall","Hermit","Hubris","Minty Spire (QoL Compilation)","Rare Cards Sparkle","Replay The Spire","StSLib"],"gold_per_floor":[115,115,6,6,26,52,69,99,99,19,53,64,64,89,89,189,189,205,12,72,42,42],"floor_reached":21,"playtime":1020,"items_purged":["Strike_B","sneckomod:Bewildered","hubris:SpecializedCircuitry"],"score":242,"play_id":"56d5cc52-1e4f-49a5-8955-d9c1751865a7","local_time":"20210102215014","is_ascension_mode":true,"campfire_choices":[{"floor":13,"key":"REST"},{"data":"ReplayGash","floor":15,"key":"SMITH"}],"circlet_count":0,"master_deck":["Zap","Dualcast","Gash","Leap+1","Lockon","Gash","FTL","Sweeping Beam","ReplayGash+1","Ball Lightning","Double Energy","Skim","Buffer","Exhume","FTL","ReplayTheSpireMod:Repulse","Coolheaded","hubris:Prefetch","Scrape","Turbo","Loop","Hologram"],"relics":["Cracked Core","NeowsBlessing","Mirror","Lantern","Meat on the Bone","ReplayTheSpireMod:CursedCoin","Nunchaku","hubris:DisguiseKit","Pandora\u0027s Box","Pear"],"acts_visited":["Exordium","TheCity"],"potions_floor_usage":[8,16,16],"damage_taken":[{"damage":0,"enemies":"Jaw Worm","floor":1,"turns":1},{"damage":0,"enemies":"Cultist","floor":5,"turns":1},{"damage":0,"enemies":"3 Sentries","floor":6,"turns":1},{"damage":3,"enemies":"Small Slimes","floor":7,"turns":3},{"damage":14,"enemies":"Lagavulin","floor":8,"turns":5},{"damage":5,"enemies":"Replay:BlueRogue","floor":11,"turns":4},{"damage":1,"enemies":"3 Louse","floor":12,"turns":2},{"damage":21,"enemies":"Lagavulin","floor":14,"turns":5},{"damage":41,"enemies":"The Guardian","floor":16,"turns":8},{"damage":44,"enemies":"Shell Parasite","floor":18,"turns":6},{"damage":20,"enemies":"2 Thieves","floor":21,"turns":2}],"seed_played":"-3697794694893401152","potions_obtained":[{"floor":6,"key":"DuplicationPotion"},{"floor":8,"key":"Guardian:BlockOnCardUsePotion"},{"floor":11,"key":"Ancient Potion"},{"floor":14,"key":"FearPotion"},{"floor":20,"key":"hexamod:EctoCoolerPotion"}],"is_trial":false,"path_per_floor":["M","?","$","$","M","E","M","E","T","$","E","M","R","E","R","B",null,"M","$","?","M"],"character_chosen":"DEFECT","items_purchased":["Leap+1","ReplayTheSpireMod:CursedCoin","ReplayGash","Ball Lightning","Loop"],"campfire_rested":1,"item_purchase_floors":[3,10,10,10,19],"current_hp_per_floor":[75,75,75,75,75,75,72,58,58,58,53,52,74,53,53,24,75,43,43,23,3,3],"gold":42,"neow_bonus":"THREE_ENEMY_KILL","is_daily":false,"chose_seed":false,"campfire_upgraded":1,"win_rate":0.0,"timestamp":1609577414,"path_taken":["M","?","?","$","?","E","M","E","T","$","E","M","R","E","R","BOSS","M","$","?","M"],"items_purchased_type":["Card","Relic","Card","Card","Card"],"build_version":"2020-12-13","purchased_purges":3,"victory":false,"max_hp_per_floor":[75,75,75,75,75,75,75,75,75,75,75,75,75,75,75,75,75,75,75,85,85,85],"card_choices":[{"not_picked":["Streamline","Glacier"],"picked":"Gash","floor":1},{"not_picked":["Cold Snap","Consume"],"picked":"Lockon","floor":5},{"not_picked":["ReplayTheSpireMod:Fabricate Wheel","Rebound"],"picked":"Gash","floor":6},{"not_picked":["Streamline","Go for the Eyes"],"picked":"FTL","floor":7},{"not_picked":["Conserve Battery","Ball Lightning"],"picked":"Sweeping Beam","floor":8},{"not_picked":["Streamline","Consume"],"picked":"Double Energy","floor":11},{"not_picked":["Rebound","Cold Snap"],"picked":"Skim","floor":12},{"not_picked":["Go for the Eyes","Self Repair"],"picked":"Buffer","floor":14},{"not_picked":["hubris:SpecializedCircuitry","Meteor Strike","hubris:Prefetch"],"picked":"Exhume","floor":16},{"not_picked":["ReplayTheSpireMod:GoodbyeWorld","Reprogram","Body Slam"],"picked":"Turbo","floor":18},{"not_picked":["Crystallizer+1","Go for the Eyes","Clash"],"picked":"Hologram","floor":20}],"player_experience":280790,"relics_obtained":[{"floor":6,"key":"Mirror"},{"floor":8,"key":"Lantern"},{"floor":9,"key":"Meat on the Bone"},{"floor":11,"key":"Nunchaku"},{"floor":14,"key":"hubris:DisguiseKit"},{"floor":20,"key":"Pear"}],"event_choices":[{"cards_removed":["Strike_B"],"damage_healed":0,"gold_gain":0,"player_choice":"Purged","damage_taken":0,"max_hp_gain":0,"max_hp_loss":0,"event_name":"Purifier","floor":2,"gold_loss":0}],"is_beta":false,"boss_relics":[{"not_picked":["ChewingGum","Painkiller Herb"],"picked":"Pandora\u0027s Box"}],"items_purged_floors":[3,10,19],"is_endless":false,"potions_floor_spawned":[6,8,11,14],"killed_by":"2 Thieves","ascension_level":1}}