{"host":"y0hoofe7zdp41twi","time":1609603344,"event":{"mods":["BaseMod","Conspire","Downfall","Minty Spire (QoL Compilation)","Replay The Spire","Shop Mod","StSLib","Waifu the Spire"],"gold_per_floor":[111,40,54,72,90,117,131,145,145,145,164,164,180,198,198,294,294,306,306,321,340,13,13,13,13,36,54,73,73,73,103,103,103,103],"floor_reached":33,"playtime":3527,"items_purged":[],"score":273,"play_id":"e4801c0f-a06d-46da-94a1-e18ab97ed2e2","local_time":"20210102110224","is_ascension_mode":false,"campfire_choices":[{"floor":10.0,"key":"REST"},{"data":"Armaments","floor":12,"key":"SMITH"},{"floor":15,"key":"REST"},{"floor":23,"key":"REST"},{"data":"Heavy Blade","floor":25,"key":"SMITH"},{"data":"Demon Form","floor":30,"key":"SMITH"},{"floor":32,"key":"REST"}],"circlet_count":0,"master_deck":["Strike_R+1","Strike_R+1","Strike_R+1","Strike_R+1","Strike_R+1","Defend_R+1","Defend_R+1","Defend_R+1","Bash","Armaments+1","ReplayTheSpireMod:LeadingStrike","Inflame","Uppercut","Heavy Blade+1","Flex","Shrug It Off","Thunderclap","Headbutt","Perfected Strike","Rage","Reaper","Shockwave+1","Flex","Thunderclap","Twin Strike","ReplayReversal","ReplayReversal","Demon Form+1","Pommel Strike","Uppercut","Armaments"],"relics":["Burning Blood","Blue Doll","Regal Pillow","MerchantsRug","Strange Spoon","Happy Flower","Dream Catcher"],"acts_visited":["Exordium","TheCity"],"potions_floor_usage":[13,16,16,18,27,28],"damage_taken":[{"damage":6.0,"enemies":"Cultist","floor":1.0,"turns":3.0},{"damage":17.0,"enemies":"Small Slimes","floor":3.0,"turns":3.0},{"damage":6.0,"enemies":"Jaw Worm","floor":4.0,"turns":3.0},{"damage":19.0,"enemies":"Red Slaver","floor":5.0,"turns":3.0},{"damage":19.0,"enemies":"Gremlin Nob","floor":6.0,"turns":4.0},{"damage":0.0,"enemies":"Large Slime","floor":7.0,"turns":5.0},{"damage":17.0,"enemies":"Gremlin Gang","floor":8.0,"turns":3.0},{"damage":29.0,"enemies":"Exordium Wildlife","floor":11.0,"turns":4.0},{"damage":12,"enemies":"Blue Slaver","floor":13,"turns":2},{"damage":10,"enemies":"Looter","floor":14,"turns":2},{"damage":89,"enemies":"Fading Forest","floor":16,"turns":11},{"damage":24,"enemies":"conspire:FuzzyDice","floor":18,"turns":6},{"damage":6,"enemies":"Chosen","floor":20,"turns":4},{"damage":36,"enemies":"Snake Plant","floor":21,"turns":4},{"damage":21,"enemies":"Centurion and Healer","floor":27,"turns":6},{"damage":29,"enemies":"Shelled Parasite and Fungi","floor":28,"turns":4},{"damage":48,"enemies":"Slavers","floor":31,"turns":5},{"damage":93,"enemies":"Automaton","floor":33,"turns":6}],"seed_played":"-3192547501105140036","potions_obtained":[{"floor":1.0,"key":"Fire Potion"},{"floor":3.0,"key":"Strength Potion"},{"floor":7.0,"key":"AttackPotion"},{"floor":8.0,"key":"Toxic Potion"},{"floor":13,"key":"Explosive Potion"},{"floor":27,"key":"ColorlessPotion"}],"is_trial":false,"path_per_floor":["M","$","M","M","M","E","M","M","T","R","M","R","M","M","R","B",null,"M","?","M","M","$","R","?","R","T","M","M","?","R","E","R","B"],"character_chosen":"IRONCLAD","items_purchased":["ReplayTheSpireMod:LeadingStrike","MerchantsRug","Twin Strike","Strange Spoon","Adrenaline Potion","ReplayReversal"],"campfire_rested":4,"item_purchase_floors":[2,22,22,22,22,22],"current_hp_per_floor":[88,88,77,77,64,51,57,46,46,87,64,64,58,54,88,15,88,70,70,78,53,53,88,88,88,88,87,64,64,64,22,63,0,0],"gold":103,"neow_bonus":"TEN_PERCENT_HP_BONUS","is_daily":false,"chose_seed":false,"campfire_upgraded":3,"win_rate":0.0,"timestamp":1609603344,"path_taken":["M","$","M","M","M","E","M","M","T","R","M","R","M","M","R","BOSS","M","?","?","M","$","R","?","R","T","M","M","?","R","E","R","BOSS"],"items_purchased_type":["Card","Relic","Card","Relic","Potion","Card"],"build_version":"2020-12-22","purchased_purges":0,"victory":false,"max_hp_per_floor":[88,88,88,88,88,88,88,88,88,88,88,88,88,88,88,88,88,88,88,88,88,88,88,88,88,88,88,88,88,88,88,88,88,88],"card_choices":[{"not_picked":["Shockwave","True Grit"],"picked":"Armaments","floor":1.0},{"not_picked":["Armaments","Uppercut"],"picked":"Inflame","floor":3.0},{"not_picked":["Warcry","Rupture"],"picked":"Uppercut","floor":4.0},{"not_picked":["Twin Strike","Flex"],"picked":"Heavy Blade","floor":5.0},{"not_picked":["Armaments","Exhume"],"picked":"Flex","floor":6.0},{"not_picked":["Dark Embrace","Sword Boomerang"],"picked":"Shrug It Off","floor":7.0},{"not_picked":["Clash","Headbutt"],"picked":"Thunderclap","floor":8.0},{"not_picked":["Dark Embrace","Warcry"],"picked":"Headbutt","floor":11.0},{"not_picked":["Twin Strike","Armaments"],"picked":"Perfected Strike","floor":13},{"not_picked":["Carnage","Dark Embrace"],"picked":"Rage","floor":14},{"not_picked":["conspire:HitWhereItHurts","conspire:Purge"],"picked":"Reaper","floor":16},{"not_picked":["Disarm","Run Through"],"picked":"Shockwave+1","floor":18},{"not_picked":["Combust+1","Headbutt"],"picked":"Flex","floor":20},{"not_picked":["Sword Boomerang","Warcry+1"],"picked":"Thunderclap","floor":21},{"not_picked":["Shockwave+1","Sword Boomerang"],"picked":"Demon Form","floor":27},{"not_picked":["Intimidate","Havoc+1"],"picked":"Pommel Strike","floor":28},{"not_picked":["True Grit","Demon Form"],"picked":"Uppercut","floor":31},{"not_picked":["Headbutt+1","ReplayTheSpireMod:Strike From Hell"],"picked":"Armaments","floor":32}],"player_experience":119316,"relics_obtained":[{"floor":6.0,"key":"Blue Doll"},{"floor":9.0,"key":"Regal Pillow"},{"floor":26,"key":"Happy Flower"},{"floor":31,"key":"Dream Catcher"}],"event_choices":[{"cards_removed":["Defend_R"],"damage_healed":0,"gold_gain":0,"player_choice":"Purged","damage_taken":0,"max_hp_gain":0,"max_hp_loss":0,"event_name":"Purifier","floor":19,"gold_loss":0},{"damage_healed":0,"gold_gain":0,"player_choice":"Simplicity","damage_taken":0,"max_hp_gain":0,"max_hp_loss":0,"event_name":"Back to Basics","floor":24,"gold_loss":0,"cards_upgraded":["Strike_R","Strike_R","Strike_R","Strike_R","Strike_R","Defend_R","Defend_R","Defend_R"]}],"is_beta":false,"boss_relics":[{"not_picked":["Velvet Choker","Kintsugi"],"picked":"Snecko Eye"}],"items_purged_floors":[],"is_endless":false,"potions_floor_spawned":[1,3,7,8,13,27],"killed_by":"Automaton","ascension_level":0}}