{"host":"9tch52zpouts7b2p","time":1609556271,"event":{"mods":["BaseMod","Colored Map","Minty Spire (QoL Compilation)","StSLib","UnlockEverythingMod"],"gold_per_floor":[115,46,46,67,67,103,116,157,228,244,244,258,333,72,72,200,200,216,216,216,216,236,236,236,236],"floor_reached":24,"playtime":1386,"items_purged":[],"score":252,"play_id":"8a6d8f4d-f59d-4c7b-8467-24fbc239aa89","local_time":"20210102105751","is_ascension_mode":true,"campfire_choices":[{"floor":11.0,"key":"REST"},{"floor":15.0,"key":"REST"},{"floor":23.0,"key":"REST"}],"circlet_count":0,"master_deck":["Strike_B","Strike_B","Strike_B","Strike_B","Defend_B","Defend_B","Defend_B","Defend_B","Zap","Dualcast","Self Repair","Melter","Rip and Tear","All For One","Stack","Barrage","White Noise","Conserve Battery","Conserve Battery","Auto Shields","Storm","Rainbow","Steam","Stack","Decay","Cold Snap+1"],"relics":["Cracked Core","NeowsBlessing","Golden Idol","Prayer Wheel","Potion Belt","Blue Candle","Bottled Lightning","Snecko Eye","Orichalcum"],"acts_visited":["Exordium","TheCity"],"potions_floor_usage":[],"damage_taken":[{"damage":0.0,"enemies":"Cultist","floor":1.0,"turns":1.0},{"damage":0.0,"enemies":"Jaw Worm","floor":4.0,"turns":1.0},{"damage":0.0,"enemies":"Lagavulin","floor":6.0,"turns":1.0},{"damage":14.0,"enemies":"2 Louse","floor":7.0,"turns":3.0},{"damage":24.0,"enemies":"Gremlin Nob","floor":8.0,"turns":4.0},{"damage":19.0,"enemies":"Exordium Wildlife","floor":10.0,"turns":5.0},{"damage":6.0,"enemies":"Large Slime","floor":12.0,"turns":5.0},{"damage":22.0,"enemies":"Hexaghost","floor":16.0,"turns":9.0},{"damage":41.0,"enemies":"Chosen","floor":18.0,"turns":5.0},{"damage":1.0,"enemies":"Spheric Guardian","floor":22.0,"turns":3.0},{"damage":72,"enemies":"Gremlin Leader","floor":24,"turns":10}],"seed_played":"-8287467036869831568","potions_obtained":[{"floor":1.0,"key":"FearPotion"},{"floor":12.0,"key":"EssenceOfDarkness"},{"floor":16.0,"key":"PowerPotion"},{"floor":22.0,"key":"DuplicationPotion"}],"is_trial":false,"path_per_floor":["M","$","?","M","?","E","M","E","T","M","R","M","?","$","R","B",null,"M","?","?","?","M","R","E"],"character_chosen":"DEFECT","items_purchased":["Melter","Bottled Lightning"],"campfire_rested":3,"item_purchase_floors":[2,14],"current_hp_per_floor":[75,75,75,75,75,75,68,51,51,39,61,62,51,51,73,58,75,41,41,41,41,40,62,0,0],"gold":236,"neow_bonus":"THREE_ENEMY_KILL","is_daily":false,"chose_seed":false,"campfire_upgraded":0,"win_rate":0.0,"timestamp":1609556271,"path_taken":["M","$","?","M","?","E","M","E","T","M","R","M","?","?","R","BOSS","M","?","?","?","M","R","E"],"items_purchased_type":["Card","Relic"],"build_version":"2020-12-22","purchased_purges":0,"victory":false,"max_hp_per_floor":[75,75,75,75,75,75,75,75,75,75,75,75,75,75,75,75,75,75,75,75,75,75,75,75,75],"card_choices":[{"not_picked":["Sweeping Beam","Barrage"],"picked":"Self Repair","floor":1.0},{"not_picked":["Gash","Compile Driver"],"picked":"Rip and Tear","floor":4.0},{"not_picked":["Barrage","Auto Shields"],"picked":"All For One","floor":6.0},{"not_picked":["Heatsinks","Redo"],"picked":"Stack","floor":7.0},{"not_picked":["Sweeping Beam","Steam"],"picked":"Barrage","floor":7.0},{"not_picked":["Consume","Reprogram"],"picked":"White Noise","floor":8.0},{"not_picked":["Doom and Gloom","Turbo"],"picked":"Conserve Battery","floor":10.0},{"not_picked":["Rebound","Redo"],"picked":"Conserve Battery","floor":10.0},{"not_picked":["Hello World","Cold Snap"],"picked":"Auto Shields","floor":12.0},{"not_picked":["Gash","Chaos"],"picked":"Storm","floor":12.0},{"not_picked":["Seek","Electrodynamics"],"picked":"Rainbow","floor":16.0},{"not_picked":["Beam Cell","Static Discharge+1"],"picked":"Steam","floor":18.0},{"not_picked":["Streamline","Beam Cell"],"picked":"Stack","floor":18.0},{"not_picked":["Storm","Streamline"],"picked":"Cold Snap+1","floor":22.0},{"not_picked":["Reprogram+1","Steam","Stack"],"picked":"SKIP","floor":22.0}],"player_experience":102306,"relics_obtained":[{"floor":6.0,"key":"Prayer Wheel"},{"floor":8.0,"key":"Potion Belt"},{"floor":9.0,"key":"Blue Candle"}],"event_choices":[{"damage_healed":0.0,"max_hp_gain":0.0,"max_hp_loss":0.0,"gold_gain":0.0,"event_name":"Golden Idol","player_choice":"Take Wound","floor":3.0,"gold_loss":0.0,"damage_taken":0.0,"relics_obtained":["Golden Idol"],"cards_obtained":["Injury"]},{"cards_removed":["Injury"],"damage_healed":0.0,"max_hp_gain":0.0,"max_hp_loss":0.0,"gold_gain":0.0,"event_name":"Living Wall","player_choice":"Forget","floor":5.0,"gold_loss":0.0,"damage_taken":0.0},{"damage_healed":0.0,"max_hp_gain":0.0,"max_hp_loss":0.0,"gold_gain":75.0,"event_name":"World of Goop","player_choice":"Gather Gold","floor":13.0,"gold_loss":0.0,"damage_taken":11.0},{"damage_healed":0.0,"max_hp_gain":0.0,"max_hp_loss":0.0,"gold_gain":0.0,"event_name":"Forgotten Altar","player_choice":"Smashed Altar","floor":19.0,"gold_loss":0.0,"damage_taken":0.0,"cards_obtained":["Decay"]},{"damage_healed":0.0,"max_hp_gain":0.0,"max_hp_loss":0.0,"gold_gain":0.0,"event_name":"Ghosts","player_choice":"Ignored","floor":20.0,"gold_loss":0.0,"damage_taken":0.0},{"damage_healed":0.0,"max_hp_gain":0.0,"max_hp_loss":0.0,"gold_gain":0.0,"event_name":"The Mausoleum","player_choice":"Opened","floor":21.0,"gold_loss":0.0,"damage_taken":0.0,"relics_obtained":["Orichalcum"]}],"is_beta":false,"boss_relics":[{"not_picked":["Runic Dome","Calling Bell"],"picked":"Snecko Eye"}],"items_purged_floors":[],"is_endless":false,"potions_floor_spawned":[1,12,16,22],"killed_by":"Gremlin Leader","ascension_level":2}}