{"host":"4atjpfa3b4v97p31","time":1609564311,"event":{"mods":["AchievementEnabler","Act Like it!","BaseMod","BetterRewards","Colored Map","Downfall","Friendly Minions","Minty Spire (QoL Compilation)","Shop Mod","StSLib","The Animator"],"gold_per_floor":[115,39,39,39,66,66,80,124,149,149,162,162,162,162,162,293,293,316,340,253,279,190,190,190],"floor_reached":23,"playtime":2002,"items_purged":["hexamod:Haunted"],"score":212,"play_id":"29d63a2d-629c-4dd0-875a-885bb3cadf02","local_time":"20210102131151","is_ascension_mode":false,"campfire_choices":[{"data":"animator:NagisaMomoe","floor":6.0,"key":"SMITH"},{"data":"animator:SuzuneAmano","floor":10.0,"key":"SMITH"},{"data":"animator:KyokoSakura","floor":15.0,"key":"SMITH"}],"circlet_count":0,"master_deck":["animator:Strike_MadokaMagica","animator:Defend_MadokaMagica","animator:Strike","animator:Defend","animator:Defend","animator:IrohaTamaki+1","animator:YuiTsuruno","animator:NagisaMomoe+1","animator:Pride","animator:Benimaru","animator:SuzuneAmano+1","animator:KyokoSakura+1","animator:MadokaKaname","animator:FielNirvalen","animator:LeleiLaLalena","animator:Aqua","animator:Shimakaze"],"relics":["animator:LivingPicture","animator:TheMissingPiece","Tiny Chest","Smiling Mask","animator:Hoodie","Golden Idol","Cursed Key"],"acts_visited":["Exordium","TheCity"],"potions_floor_usage":[],"damage_taken":[{"damage":0.0,"enemies":"Jaw Worm","floor":1.0,"turns":4.0},{"damage":0.0,"enemies":"Cultist","floor":5.0,"turns":3.0},{"damage":0.0,"enemies":"2 Louse","floor":7.0,"turns":3.0},{"damage":11.0,"enemies":"Gremlin Nob","floor":8.0,"turns":5.0},{"damage":9.0,"enemies":"Blue Slaver","floor":11.0,"turns":4.0},{"damage":7.0,"enemies":"The Guardian","floor":16.0,"turns":6.0},{"damage":6.0,"enemies":"2 Thieves","floor":18.0,"turns":3.0},{"damage":0.0,"enemies":"Chosen","floor":21.0,"turns":4.0},{"damage":67,"enemies":"animator:HornedBat","floor":23,"turns":6}],"seed_played":"7239316004165576997","potions_obtained":[{"floor":11.0,"key":"Regen Potion"},{"floor":16.0,"key":"SpeedPotion"},{"floor":18.0,"key":"Guardian:BlockOnCardUsePotion"}],"is_trial":false,"path_per_floor":["M","$","?","$","M","R","M","E","T","R","M","?","T","?","R","B",null,"M","T","$","M","$","E"],"character_chosen":"THE_ANIMATOR","items_purchased":["animator:NagisaMomoe","animator:LeleiLaLalena","animator:Shimakaze"],"campfire_rested":0,"item_purchase_floors":[2,20,22],"current_hp_per_floor":[60,60,60,60,60,60,60,49,49,49,41,41,41,41,41,34,57,51,51,51,54,54,0,0],"gold":190,"neow_bonus":"REMOVE_TWO","is_daily":false,"chose_seed":false,"campfire_upgraded":3,"win_rate":0.0,"timestamp":1609564311,"path_taken":["M","$","?","$","?","R","M","E","T","R","M","?","?","?","R","BOSS","M","?","$","M","$","E"],"items_purchased_type":["Card","Card","Card"],"build_version":"2020-12-22","purchased_purges":1,"victory":false,"max_hp_per_floor":[60,60,60,60,60,60,60,60,60,60,61,61,61,57,57,57,57,57,57,57,60,60,60,60],"card_choices":[{"not_picked":["animator:Tyuule","animator:Ain","animator:Lu"],"picked":"SKIP","floor":1.0},{"not_picked":["animator:Millim","animator:Shuna"],"picked":"animator:Pride","floor":5.0},{"not_picked":["animator:ElricEdward","animator:Aisha"],"picked":"animator:Benimaru","floor":7.0},{"not_picked":["animator:IrohaTamaki","animator:YuiTsuruno"],"picked":"animator:SuzuneAmano","floor":8.0},{"not_picked":["animator:Benimaru","animator:YunYun"],"picked":"animator:KyokoSakura","floor":11.0},{"not_picked":["animator:Sora","animator:Eve"],"picked":"animator:MadokaKaname","floor":16.0},{"not_picked":["animator:Kazuma","animator:DolaCouronne"],"picked":"animator:FielNirvalen","floor":18.0},{"not_picked":["animator:SuzuneAmano","animator:TukaLunaMarceau"],"picked":"animator:Aqua","floor":21.0}],"player_experience":785988,"relics_obtained":[{"floor":8.0,"key":"Tiny Chest"},{"floor":9.0,"key":"Smiling Mask"},{"floor":13.0,"key":"animator:Hoodie"}],"event_choices":[{"damage_healed":0.0,"max_hp_gain":0.0,"max_hp_loss":0.0,"gold_gain":0.0,"event_name":"Upgrade Shrine","player_choice":"Upgraded","floor":3.0,"gold_loss":0.0,"damage_taken":0.0,"cards_upgraded":["animator:IrohaTamaki"]},{"cards_removed":["animator:Strike"],"damage_healed":0.0,"max_hp_gain":0.0,"max_hp_loss":0.0,"gold_gain":0.0,"event_name":"Living Wall","player_choice":"Forget","floor":12.0,"gold_loss":0.0,"damage_taken":0.0},{"damage_healed":0.0,"max_hp_gain":0.0,"max_hp_loss":4.0,"gold_gain":0.0,"event_name":"Golden Idol","player_choice":"Lose Max HP","floor":14.0,"gold_loss":0.0,"damage_taken":0.0,"relics_obtained":["Golden Idol"]}],"is_beta":false,"boss_relics":[{"not_picked":["Tiny House","Runic Dome"],"picked":"Cursed Key"}],"items_purged_floors":[20],"is_endless":false,"potions_floor_spawned":[11,16,18],"killed_by":"animator:HornedBat","ascension_level":0}}