{"host":"0nndazl0keusavit","time":1609591470,"event":{"mods":["AchievementEnabler","BaseMod","Colored Map","Curses Come First","Highlight Path","Minty Spire (QoL Compilation)","Relic Stats","StSLib"],"gold_per_floor":[365,375,389,405,169,203,177,277,277,277,290,290,290,302,302,403,403,413,413,413,338,348,364,364,221,221,221,241,273,273,284,284,284,284],"floor_reached":33,"playtime":2306,"items_purged":[],"score":292,"play_id":"3eecea63-97f3-4505-980e-ea808ece72fd","local_time":"20210102084430","is_ascension_mode":false,"campfire_choices":[{"data":"Bash","floor":10.0,"key":"SMITH"},{"data":"Feed","floor":12.0,"key":"SMITH"},{"data":"Flex","floor":15.0,"key":"SMITH"},{"floor":24,"key":"REST"},{"floor":27,"key":"REST"},{"floor":32,"key":"REST"}],"circlet_count":0,"master_deck":["Defend_R","Defend_R","Defend_R","Bash+1","Dual Wield","Feed+1","Good Instincts","Anger","Flex+1","Feed","Intimidate","Rage","Metallicize","Offering","Metallicize","Spot Weakness+1","Bite","Bite","Bite","Bite","Bite"],"relics":["Burning Blood"],"acts_visited":["TheCity"],"potions_floor_usage":[29,33],"damage_taken":[{"damage":6.0,"enemies":"Cultist","floor":1.0,"turns":4.0},{"damage":9.0,"enemies":"Jaw Worm","floor":2.0,"turns":4.0},{"damage":7.0,"enemies":"2 Louse","floor":3.0,"turns":2.0},{"damage":7.0,"enemies":"Looter","floor":4.0,"turns":5.0},{"damage":28.0,"enemies":"Gremlin Nob","floor":6.0,"turns":6.0},{"damage":8.0,"enemies":"Blue Slaver","floor":11.0,"turns":4.0},{"damage":8.0,"enemies":"Exordium Thugs","floor":14.0,"turns":4.0},{"damage":58.0,"enemies":"Hexaghost","floor":16.0,"turns":9.0},{"damage":40.0,"enemies":"Chosen","floor":18.0,"turns":6.0},{"damage":16,"enemies":"3 Byrds","floor":22,"turns":7},{"damage":26,"enemies":"Centurion and Healer","floor":23,"turns":7},{"damage":25,"enemies":"3 Cultists","floor":28,"turns":6},{"damage":29,"enemies":"Book of Stabbing","floor":29,"turns":7},{"damage":30,"enemies":"Snecko","floor":31,"turns":6},{"damage":92,"enemies":"Champ","floor":33,"turns":11}],"seed_played":"-3016381781877033630","potions_obtained":[{"floor":3.0,"key":"Explosive Potion"},{"floor":11.0,"key":"BloodPotion"},{"floor":23,"key":"BlessingOfTheForge"},{"floor":28,"key":"PowerPotion"}],"is_trial":false,"path_per_floor":["M","M","M","M","$","E","$","?","T","R","M","R","?","M","R","B",null,"M","?","?","?","M","M","R","$","T","R","M","E","?","M","R","B"],"character_chosen":"IRONCLAD","items_purchased":["Feed","Good Instincts","Flex","Offering"],"campfire_rested":3,"item_purchase_floors":[5,5,7,25],"current_hp_per_floor":[72,69,68,67,67,45,45,45,45,45,46,46,46,48,48,11,79,49,49,49,49,43,27,54,54,54,81,66,43,43,35,56,0,0],"gold":284,"neow_bonus":"TWO_FIFTY_GOLD","is_daily":false,"chose_seed":false,"campfire_upgraded":3,"win_rate":0.0,"timestamp":1609591470,"path_taken":["M","M","M","M","$","E","?","?","T","R","?","R","?","M","R","BOSS","M","?","?","?","M","?","R","$","T","R","?","E","?","M","R","BOSS"],"items_purchased_type":["Card","Card","Card","Card"],"build_version":"2020-12-22","purchased_purges":0,"victory":false,"max_hp_per_floor":[72,72,72,72,72,72,72,72,72,72,75,75,75,79,79,79,79,83,83,83,83,87,91,91,91,91,91,95,95,66,70,70,70,70],"relic_stats":{"counters":[15,88],"obtain_stats":[{"Burning Blood":0},{"Burning Blood":0},{"Burning Blood":0}],"Burning Blood":84},"card_choices":[{"not_picked":["Wild Strike","Perfected Strike","Clash"],"picked":"SKIP","floor":1.0},{"not_picked":["Perfected Strike","Shockwave"],"picked":"Dual Wield","floor":2.0},{"not_picked":["Havoc","Anger","Perfected Strike"],"picked":"SKIP","floor":3.0},{"not_picked":["Clothesline","Anger","Cleave"],"picked":"SKIP","floor":4.0},{"not_picked":["Blood for Blood","Spot Weakness"],"picked":"Anger","floor":6.0},{"not_picked":["Searing Blow","Seeing Red","Combust"],"picked":"SKIP","floor":11.0},{"not_picked":["Flex","Bludgeon","Clothesline"],"picked":"SKIP","floor":14.0},{"not_picked":["Offering","Fiend Fire"],"picked":"Feed","floor":16.0},{"not_picked":["Body Slam+1","Perfected Strike","Pommel Strike"],"picked":"SKIP","floor":18.0},{"not_picked":["Iron Wave","Rage+1","Clash"],"picked":"SKIP","floor":22},{"not_picked":["Headbutt","Sword Boomerang"],"picked":"Metallicize","floor":23},{"not_picked":["True Grit","Wild Strike"],"picked":"Metallicize","floor":28},{"not_picked":["Evolve","Rampage"],"picked":"Spot Weakness+1","floor":29},{"not_picked":["Clash","Headbutt+1","True Grit+1"],"picked":"SKIP","floor":31}],"player_experience":876545,"relics_obtained":[],"event_choices":[{"damage_healed":0.0,"max_hp_gain":0.0,"max_hp_loss":0.0,"gold_gain":100.0,"event_name":"Golden Shrine","player_choice":"Pray","floor":8.0,"gold_loss":0.0,"damage_taken":0.0},{"damage_healed":0.0,"max_hp_gain":0.0,"max_hp_loss":0.0,"gold_gain":0.0,"event_name":"Liars Game","player_choice":"Ignored","floor":13.0,"gold_loss":0.0,"damage_taken":0.0},{"damage_healed":0,"gold_gain":0,"cards_transformed":["Strike_R","Defend_R"],"player_choice":"Became Test Subject","damage_taken":0,"max_hp_gain":0,"max_hp_loss":0,"event_name":"Drug Dealer","floor":20,"gold_loss":0,"cards_obtained":["Intimidate","Rage"]},{"cards_removed":["Strike_R"],"damage_healed":0,"gold_gain":0,"player_choice":"Gave Gold","damage_taken":0,"max_hp_gain":0,"max_hp_loss":0,"event_name":"Beggar","floor":21,"gold_loss":75},{"damage_healed":0,"gold_gain":0,"player_choice":"Became a vampire","damage_taken":0,"max_hp_gain":0,"max_hp_loss":29,"event_name":"Vampires","floor":30,"gold_loss":0,"cards_obtained":["Bite","Bite","Bite","Bite","Bite"]}],"is_beta":false,"boss_relics":[{"not_picked":["Calling Bell","Pandora\u0027s Box","Velvet Choker"]}],"items_purged_floors":[],"is_endless":false,"potions_floor_spawned":[3,11,23,28],"killed_by":"Champ","ascension_level":0}}