{"host":"j356dfgkwbkgh9zu","time":1609590522,"event":{"mods":["2.2 Compatiblity","ATMod(阿瑾Mod)","Act Like it!","BaseMod","Colored Map","Colored Powertips","Hermit","Lobotomy","Luminous","Minty Spire (QoL Compilation)","Quick Restart","RumiaBox-露米娅的神秘盒子","Shop Mod","Spicy Shops","StSLib","The Marked","The Mystic","【功能Mod】混沌之环修复补丁","篝火指南"],"gold_per_floor":[147,177,177,177,234,234,330,324,324,347,347,4,109,45,29,351,351,402,35,35,35,35],"floor_reached":21,"playtime":2086,"items_purged":["Pain","Shame"],"score":461,"play_id":"1b3d4c4a-ed4e-4440-a1aa-ed5271640b49","local_time":"20210102202842","daily_mods":["Heirloom","Time Dilation","Flight","DeadlyEvents","Elite Swarm","Midas"],"is_ascension_mode":true,"campfire_choices":[{"floor":6,"key":"REST"},{"floor":11,"key":"REST"}],"circlet_count":0,"master_deck":["AscendersBane","mysticmod:Strike_Mystic","mysticmod:Strike_Mystic","mysticmod:Strike_Mystic","mysticmod:Strike_Mystic","mysticmod:Defend_Mystic","mysticmod:Defend_Mystic","mysticmod:Defend_Mystic+1","mysticmod:Defend_Mystic+1","mysticmod:ArcaneDodge","mysticmod:ShockingGrasp","mysticmod:LightningBolt","mysticmod:SuddenClarity","mysticmod:Lunge","mysticmod:GeminiForm","mysticmod:Dedication","mysticmod:KnowledgePool","Decay"],"relics":["mysticmod:SpellBook","mysticmod:CrystalBall","AT_ATBox","Baka2","The Courier","Singing Bowl","MealTicket","MerchantsRug","AT_TheCollector","AT_SpeedBoots","Smiling Mask","Black Star","MagicDraw2","AT_ArchangelStaff","Dream Catcher"],"acts_visited":["Exordium","TheCity"],"potions_floor_usage":[18],"damage_taken":[{"damage":0,"enemies":"Cultist","floor":1,"turns":4},{"damage":0,"enemies":"Small Slimes","floor":2,"turns":1},{"damage":7,"enemies":"2 Louse","floor":5,"turns":4},{"damage":9,"enemies":"Lagavulin","floor":7,"turns":3},{"damage":18,"enemies":"3 Sentries","floor":8,"turns":6},{"damage":36,"enemies":"Lagavulin","floor":13,"turns":4},{"damage":36,"enemies":"Hexaghost","floor":16,"turns":10},{"damage":45,"enemies":"3 Byrds","floor":18,"turns":4},{"damage":44,"enemies":"Book of Stabbing","floor":21,"turns":5}],"seed_played":"4801485290552572111","potions_obtained":[{"floor":2,"key":"Energy Potion"},{"floor":8,"key":"BlessingOfTheForge"},{"floor":16,"key":"DistilledChaos"}],"is_trial":true,"path_per_floor":["M","M","?","?","M","R","E","E","T","T","R","$","E","$","R","B",null,"M","$","?","E"],"character_chosen":"MYSTIC_CLASS","items_purchased":["MerchantsRug","PreservedInsect","mysticmod:Dedication","AT_TheCollector","AT_SpeedBoots","Smiling Mask","MagicDraw2","AT_ArchangelStaff"],"campfire_rested":2,"item_purchase_floors":[12,12,12,14,14,15,19,19],"current_hp_per_floor":[65,65,43,43,36,57,48,30,30,30,51,66,58,72,72,48,66,23,38,38,0,0],"gold":35,"neow_bonus":"","is_daily":false,"chose_seed":false,"campfire_upgraded":0,"win_rate":0.0,"timestamp":1609590522,"path_taken":["M","M","?","?","?","R","E","E","T","?","R","$","?","$","R","BOSS","M","$","?","?"],"items_purchased_type":["Relic","Relic","Card","Relic","Relic","Relic","Relic","Relic"],"build_version":"2020-12-22","purchased_purges":2,"victory":false,"max_hp_per_floor":[72,72,72,72,72,72,72,72,72,72,72,72,72,72,72,72,72,74,74,74,74,74],"card_choices":[{"not_picked":["mysticmod:Sideswipe","mysticmod:Probe"],"picked":"mysticmod:LightningBolt","floor":1},{"not_picked":["mysticmod:Daze","mysticmod:CorrosiveTouch"],"picked":"mysticmod:SuddenClarity","floor":2},{"not_picked":["mysticmod:CorrosiveTouch","mysticmod:Alacrity","mysticmod:Probe"],"picked":"SKIP","floor":5},{"not_picked":["mysticmod:Doublecast","mysticmod:Natural20"],"picked":"mysticmod:Lunge","floor":7},{"not_picked":["mysticmod:MysticalShield","mysticmod:EnchantedMoulinet"],"picked":"mysticmod:GeminiForm","floor":8},{"not_picked":["mysticmod:SpellRecall","mysticmod:Spellstrike"],"picked":"mysticmod:KnowledgePool","floor":13},{"not_picked":["mysticmod:KnowledgePool","mysticmod:ObscuringMist"],"picked":"mysticmod:MirrorEntity","floor":16},{"not_picked":["mysticmod:Dedication","mysticmod:LightningBolt","mysticmod:HeavyStrike"],"picked":"Singing Bowl","floor":18}],"player_experience":218027,"relics_obtained":[{"floor":1,"key":"Baka"},{"floor":2,"key":"Baka2"},{"floor":7,"key":"InkBottle"},{"floor":8,"key":"The Courier"},{"floor":9,"key":"Singing Bowl"},{"floor":10,"key":"MealTicket"},{"floor":13,"key":"MawBank"}],"event_choices":[{"damage_healed":0,"gold_gain":0,"player_choice":"Entered Light","damage_taken":22,"max_hp_gain":0,"max_hp_loss":0,"event_name":"Shining Light","floor":3,"gold_loss":0,"cards_upgraded":["mysticmod:Defend_Mystic","mysticmod:Defend_Mystic"]},{"damage_healed":0,"gold_gain":0,"player_choice":"Rummage","damage_taken":0,"relics_obtained":["WarpedTongs"],"max_hp_gain":0,"max_hp_loss":0,"event_name":"Accursed Blacksmith","floor":4,"gold_loss":0,"cards_obtained":["Pain"]},{"cards_removed":["mysticmod:MirrorEntity"],"damage_healed":0,"gold_gain":0,"player_choice":"Gave Card","damage_taken":0,"relics_obtained":["Dream Catcher"],"max_hp_gain":0,"max_hp_loss":0,"event_name":"WeMeetAgain","floor":20,"gold_loss":0}],"is_beta":false,"boss_relics":[{"not_picked":["SacredBark","AT_TrinityForce"],"picked":"Black Star"}],"items_purged_floors":[12,14],"is_endless":true,"potions_floor_spawned":[2,8,16],"killed_by":"Book of Stabbing","ascension_level":20}}