{"host":"jm9833yuloeli2yd","time":1609621709,"event":{"mods":["AchievementEnabler","BaseMod","Better Altar","Better Match","Better Note","Better Sensory Stone","Better Skull","Better Third Choice","Better Vampires","BetterRewards","Colored Map","Colored Powertips","DeckTracker","Marked Mod","Minty Spire (QoL Compilation)","Permanent Neow","Quick Restart","StSLib","SuperFastMode"],"gold_per_floor":[111,124,135,151,116,143,143,174,174,190,202,232,82,115,115,190,190,149,149,199,42,42,74,74,103,149,174,186,214,239,263,275,358,370,402,424,449,461,492,542,575,587,624,664,697,745,757,813,825,837,849,861,873,43,43,43],"floor_reached":55,"playtime":5100,"items_purged":["Strike_G+1"],"score":3019,"play_id":"2c02d778-1a47-44e9-99c0-b1ec9fa584b9","local_time":"20210102160829","is_ascension_mode":true,"campfire_choices":[{"data":"Footwork","floor":7.0,"key":"SMITH"},{"floor":15.0,"key":"REST"},{"floor":24.0,"key":"REST"},{"floor":32.0,"key":"REST"},{"data":"Bouncing Flask","floor":42.0,"key":"SMITH"},{"data":"Burst","floor":47,"key":"SMITH"},{"floor":49,"key":"RECALL"},{"data":"Adrenaline","floor":53,"key":"SMITH"}],"circlet_count":0,"master_deck":["AscendersBane","Strike_G+1","Strike_G+1","Strike_G+1","Strike_G+1","Defend_G+1","Defend_G+1","Defend_G+1","Defend_G+1","Defend_G+1","Survivor+1","Neutralize+1","Footwork+1","Swift Strike+1","Dagger Throw+1","Noxious Fumes+1","Blur+1","Bane+1","Infinite Blades+1","Blur+1","Escape Plan+1","Blur+1","Backflip+1","Crippling Poison+1","Footwork+1","Heel Hook+1","Die Die Die+1","Adrenaline+1","Cloak And Dagger+1","Dark Shackles+1","Bandage Up+1","Catalyst+1","Backflip+1","Deflect+1","Well Laid Plans+1","PiercingWail+1","Malaise+1","PiercingWail+1","Dodge and Roll+1","Calculated Gamble","Bouncing Flask+1","Caltrops","Burst+1","Adrenaline+1","Corpse Explosion","Blur"],"relics":["Ring of the Serpent","OrangePellets","Ornamental Fan","Du-Vu Doll","Whetstone","Strawberry","Question Card","WingedGreaves","TungstenRod","InkBottle","Black Star","Art of War","Bag of Marbles","Regal Pillow","Potion Belt","Singing Bowl","Centennial Puzzle","Ginger","Oddly Smooth Stone","Paper Crane","MawBank","Mark of the Bloom","Matryoshka","CeramicFish","Snake Skull","Pantograph","Pen Nib","Blue Candle","Mercury Hourglass","Sundial","Boot","White Beast Statue","TheAbacus"],"acts_visited":["Exordium","TheCity","TheBeyond","TheEnding"],"potions_floor_usage":[50,55,55],"damage_taken":[{"damage":0.0,"enemies":"Small Slimes","floor":1.0,"turns":3.0},{"damage":0.0,"enemies":"Jaw Worm","floor":2.0,"turns":4.0},{"damage":0.0,"enemies":"2 Louse","floor":3.0,"turns":4.0},{"damage":4.0,"enemies":"Looter","floor":4.0,"turns":4.0},{"damage":4.0,"enemies":"Gremlin Nob","floor":6.0,"turns":3.0},{"damage":23.0,"enemies":"3 Sentries","floor":8.0,"turns":9.0},{"damage":5.0,"enemies":"Gremlin Gang","floor":10.0,"turns":4.0},{"damage":5.0,"enemies":"Exordium Wildlife","floor":11.0,"turns":4.0},{"damage":0.0,"enemies":"Lagavulin","floor":12.0,"turns":8.0},{"damage":27.0,"enemies":"Gremlin Nob","floor":14.0,"turns":4.0},{"damage":3.0,"enemies":"The Guardian","floor":16.0,"turns":13.0},{"damage":15.0,"enemies":"2 Thieves","floor":18.0,"turns":5.0},{"damage":6.0,"enemies":"Gremlin Leader","floor":23.0,"turns":6.0},{"damage":20.0,"enemies":"Book of Stabbing","floor":25.0,"turns":9.0},{"damage":24.0,"enemies":"Slavers","floor":27.0,"turns":7.0},{"damage":0.0,"enemies":"Shell Parasite","floor":28.0,"turns":8.0},{"damage":22.0,"enemies":"Book of Stabbing","floor":29.0,"turns":9.0},{"damage":3.0,"enemies":"Sentry and Sphere","floor":30.0,"turns":7.0},{"damage":0.0,"enemies":"Snecko","floor":31.0,"turns":7.0},{"damage":28.0,"enemies":"Automaton","floor":33.0,"turns":12.0},{"damage":15.0,"enemies":"3 Darklings","floor":35.0,"turns":10.0},{"damage":0.0,"enemies":"3 Shapes","floor":36.0,"turns":5.0},{"damage":0.0,"enemies":"Spire Growth","floor":37.0,"turns":9.0},{"damage":0.0,"enemies":"Jaw Worm Horde","floor":39.0,"turns":5.0},{"damage":0.0,"enemies":"Nemesis","floor":40.0,"turns":11.0},{"damage":10.0,"enemies":"3 Darklings","floor":41.0,"turns":2.0},{"damage":23,"enemies":"Reptomancer","floor":44,"turns":7},{"damage":0,"enemies":"Maw","floor":45,"turns":8},{"damage":1,"enemies":"Nemesis","floor":46,"turns":9},{"damage":0,"enemies":"Giant Head","floor":48,"turns":6},{"damage":0,"enemies":"Donu and Deca","floor":50,"turns":12},{"damage":10,"enemies":"Time Eater","floor":51,"turns":14},{"damage":32,"enemies":"Shield and Spear","floor":55,"turns":5}],"seed_played":"-1833320454008197397","potions_obtained":[{"floor":3.0,"key":"Poison Potion"},{"floor":4.0,"key":"ColorlessPotion"},{"floor":8.0,"key":"SmokeBomb"},{"floor":11.0,"key":"SkillPotion"},{"floor":12.0,"key":"Energy Potion"},{"floor":18.0,"key":"CunningPotion"},{"floor":22.0,"key":"EntropicBrew"},{"floor":22.0,"key":"Strength Potion"},{"floor":25.0,"key":"FearPotion"},{"floor":28.0,"key":"Energy Potion"},{"floor":29.0,"key":"Poison Potion"},{"floor":37.0,"key":"Block Potion"},{"floor":44,"key":"LiquidBronze"},{"floor":46,"key":"Strength Potion"},{"floor":48,"key":"PowerPotion"}],"is_trial":false,"path_per_floor":["M","M","M","M","?","E","R","E","T","M","M","E","$","E","R","B",null,"M","?","?","$","?","E","R","E","T","E","M","E","M","M","R","B",null,"M","M","M","?","M","E","M","R","T","E","M","E","R","E","R","B","B",null,"R","$","E"],"character_chosen":"THE_SILENT","items_purchased":["Footwork","OrangePellets","Ornamental Fan","Swift Strike","Whetstone","Dagger Throw","Footwork","Heel Hook","Art of War","White Beast Statue","Corpse Explosion","TheAbacus","Blur","DistilledChaos"],"campfire_rested":3,"item_purchase_floors":[0,0,0,0,0,0,13,13,21,54,54,54,54,54],"current_hp_per_floor":[52,52,52,48,64,67,67,44,44,39,34,34,34,7,28,25,61,46,46,46,46,46,44,73,57,57,37,43,25,28,32,70,46,69,60,64,68,68,68,68,58,58,58,35,35,34,34,34,34,34,24,24,24,24,0,0],"gold":43,"neow_bonus":"","is_daily":false,"chose_seed":false,"campfire_upgraded":4,"win_rate":0.0,"timestamp":1609621709,"path_taken":["M","M","M","M","?","E","R","E","T","M","M","E","$","E","R","BOSS","M","?","?","$","?","E","R","E","T","E","M","E","M","?","R","BOSS","M","?","M","?","M","E","M","R","T","E","M","E","R","E","R","BOSS","BOSS","R","$","E"],"items_purchased_type":["Card","Relic","Relic","Card","Relic","Card","Card","Card","Relic","Relic","Card","Relic","Card","Potion"],"build_version":"2020-12-22","purchased_purges":1,"victory":false,"max_hp_per_floor":[66,66,66,66,66,73,73,73,73,73,73,73,73,73,73,73,73,73,73,73,73,73,73,73,73,73,73,75,75,77,77,77,77,77,79,79,79,79,81,81,81,81,81,83,83,83,83,83,83,83,83,83,83,83,83,83],"card_choices":[{"not_picked":["Cloak And Dagger","Endless Agony"],"picked":"Noxious Fumes","floor":1.0},{"not_picked":["Deadly Poison","Poisoned Stab"],"picked":"Blur","floor":2.0},{"not_picked":["Cloak And Dagger","Riddle With Holes"],"picked":"Bane","floor":3.0},{"not_picked":["Tactician","Deadly Poison"],"picked":"Infinite Blades","floor":4.0},{"not_picked":["Expertise","Dagger Spray"],"picked":"Blur","floor":6.0},{"not_picked":["Poisoned Stab","Quick Slash"],"picked":"Escape Plan","floor":8.0},{"not_picked":["Finisher","Choke","Bane"],"picked":"Blur","floor":10.0},{"not_picked":["Accuracy","Outmaneuver","Reflex"],"picked":"Backflip","floor":11.0},{"not_picked":["Riddle With Holes","Eviscerate","Heel Hook"],"picked":"Crippling Poison","floor":12.0},{"not_picked":["Quick Slash","PiercingWail","Endless Agony"],"picked":"Die Die Die","floor":14.0},{"not_picked":["Tools of the Trade","Grand Finale","Phantasmal Killer"],"picked":"Adrenaline","floor":16.0},{"not_picked":["Expertise","Masterful Stab+1","Poisoned Stab"],"picked":"Cloak And Dagger","floor":18.0},{"not_picked":["Good Instincts","Sadistic Nature","Impatience"],"picked":"Dark Shackles","floor":19.0},{"not_picked":["Panacea","Good Instincts","Mayhem"],"picked":"Bandage Up","floor":19.0},{"not_picked":["Riddle With Holes","Footwork","Poisoned Stab"],"picked":"Catalyst","floor":23.0},{"not_picked":["Dagger Throw","Prepared","Tactician"],"picked":"Backflip","floor":25.0},{"not_picked":["Bane","Outmaneuver+1","Poisoned Stab"],"picked":"Deflect","floor":27.0},{"not_picked":["Acrobatics+1","Crippling Poison","Dagger Throw","Outmaneuver"],"picked":"Singing Bowl","floor":28.0},{"not_picked":["Poisoned Stab","Dagger Throw","Deadly Poison"],"picked":"Well Laid Plans","floor":29.0},{"not_picked":["Dagger Spray","Blade Dance","Masterful Stab","Quick Slash"],"picked":"Singing Bowl","floor":30.0},{"not_picked":["Flechettes","Poisoned Stab","Finisher"],"picked":"PiercingWail","floor":31.0},{"not_picked":["A Thousand Cuts","After Image","Envenom"],"picked":"Malaise","floor":33.0},{"not_picked":["Deadly Poison","Blade Dance+1","Tactician+1","Deflect"],"picked":"Singing Bowl","floor":35.0},{"not_picked":["Dagger Throw","Setup","Cloak And Dagger"],"picked":"PiercingWail+1","floor":36.0},{"not_picked":["Reflex","PiercingWail","Poisoned Stab"],"picked":"Dodge and Roll","floor":37.0},{"not_picked":["PiercingWail","All Out Attack","Acrobatics","Sucker Punch"],"picked":"Singing Bowl","floor":39.0},{"not_picked":["Grand Finale","Acrobatics","Poisoned Stab"],"picked":"Calculated Gamble","floor":40.0},{"not_picked":["Caltrops","Blade Dance","Acrobatics"],"picked":"Bouncing Flask","floor":41.0},{"not_picked":["Quick Slash","Deadly Poison","Eviscerate","Dagger Spray+1"],"picked":"Singing Bowl","floor":44},{"not_picked":["Reflex","Bane","Footwork"],"picked":"Caltrops","floor":45},{"not_picked":["Noxious Fumes","Dagger Throw","Outmaneuver"],"picked":"Burst","floor":46},{"not_picked":["After Image","Poisoned Stab","Venomology"],"picked":"Adrenaline","floor":48}],"player_experience":1234819,"relics_obtained":[{"floor":6.0,"key":"Strawberry"},{"floor":8.0,"key":"Question Card"},{"floor":9.0,"key":"WingedGreaves"},{"floor":12.0,"key":"TungstenRod"},{"floor":14.0,"key":"InkBottle"},{"floor":23.0,"key":"Bag of Marbles"},{"floor":23.0,"key":"Regal Pillow"},{"floor":25.0,"key":"Potion Belt"},{"floor":25.0,"key":"Singing Bowl"},{"floor":26.0,"key":"Centennial Puzzle"},{"floor":27.0,"key":"Ginger"},{"floor":27.0,"key":"Oddly Smooth Stone"},{"floor":29.0,"key":"Paper Crane"},{"floor":29.0,"key":"MawBank"},{"floor":40.0,"key":"Matryoshka"},{"floor":40.0,"key":"CeramicFish"},{"floor":43.0,"key":"Snake Skull"},{"floor":44,"key":"Pantograph"},{"floor":44,"key":"Pen Nib"},{"floor":46,"key":"Blue Candle"},{"floor":46,"key":"Mercury Hourglass"},{"floor":48,"key":"Sundial"},{"floor":48,"key":"Boot"}],"event_choices":[{"damage_healed":16.0,"max_hp_gain":0.0,"max_hp_loss":0.0,"gold_gain":0.0,"event_name":"The Cleric","player_choice":"Healed","floor":5.0,"gold_loss":35.0,"damage_taken":0.0},{"damage_healed":0.0,"max_hp_gain":0.0,"max_hp_loss":0.0,"gold_gain":2.0,"event_name":"betterStone:BetterStone","player_choice":"1","floor":19.0,"gold_loss":0.0,"damage_taken":0.0},{"damage_healed":0.0,"max_hp_gain":0.0,"max_hp_loss":0.0,"gold_gain":50.0,"event_name":"betterThird:BetterNest","player_choice":"Steal","floor":20.0,"gold_loss":0.0,"damage_taken":0.0},{"damage_healed":0.0,"max_hp_gain":0.0,"max_hp_loss":0.0,"gold_gain":0.0,"event_name":"Lab","player_choice":"Got Potions","floor":22.0,"gold_loss":0.0,"damage_taken":0.0},{"damage_healed":0.0,"max_hp_gain":0.0,"max_hp_loss":0.0,"gold_gain":0.0,"event_name":"MindBloom","player_choice":"Upgrade","floor":38.0,"gold_loss":0.0,"damage_taken":0.0,"cards_upgraded":["Strike_G","Strike_G","Strike_G","Strike_G","Defend_G","Defend_G","Defend_G","Defend_G","Defend_G","Survivor","Neutralize","Dagger Throw","Noxious Fumes","Blur","Bane","Infinite Blades","Blur","Escape Plan","Blur","Backflip","Crippling Poison","Footwork","Heel Hook","Die Die Die","Adrenaline","Cloak And Dagger","Dark Shackles","Bandage Up","Catalyst","Backflip","Deflect","Well Laid Plans","PiercingWail","Malaise","Dodge and Roll"],"relics_obtained":["Mark of the Bloom"]}],"is_beta":false,"boss_relics":[{"not_picked":["Tiny House","Empty Cage"],"picked":"Black Star"},{"not_picked":["Fusion Hammer","Sozu"],"picked":"Ring of the Serpent"}],"items_purged_floors":[54],"is_endless":false,"potions_floor_spawned":[3,4,8,11,12,18,25,28,29,37,44,46,48],"killed_by":"Shield and Spear","ascension_level":20}}