{"host":"qxeepl7ydvsgmfdb","time":1609595223,"event":{"mods":["AchievementEnabler","BaseMod","Colored Powertips","Minty Spire (QoL Compilation)","Quick Restart","slay the spire mod where everything is the same but ironclad has a cowboy hat"],"gold_per_floor":[117,117,137,152,152,187,187,82,82,82,98,131,91,120,120,221,221,237,220,220,71,91,91,91],"floor_reached":23,"playtime":820,"items_purged":[],"score":272,"play_id":"e7ce7849-d575-44a5-9d97-3b55a7514bdf","local_time":"20210102084703","is_ascension_mode":true,"campfire_choices":[{"floor":7,"key":"REST"},{"floor":10,"key":"REST"},{"floor":15,"key":"REST"}],"circlet_count":0,"master_deck":["Strike_G","Strike_G","Strike_G","Strike_G","Strike_G","Defend_G","Defend_G","Defend_G","Defend_G","Defend_G","Survivor","Neutralize","Backflip","Deadly Poison","Deadly Poison","Noxious Fumes","All Out Attack","Cloak And Dagger","Blade Dance","Sucker Punch","After Image","Blade Dance","Caltrops+1","Cloak And Dagger+1"],"relics":["Ring of the Snake","NeowsBlessing","FaceOfCleric","Gremlin Horn","White Beast Statue","Pantograph","Blood Vial","Black Star","MealTicket"],"acts_visited":["Exordium","TheCity"],"potions_floor_usage":[14,23,23,23],"damage_taken":[{"damage":0,"enemies":"Small Slimes","floor":1,"turns":1},{"damage":0,"enemies":"Cultist","floor":3,"turns":1},{"damage":0,"enemies":"Jaw Worm","floor":4,"turns":1},{"damage":47,"enemies":"3 Sentries","floor":6,"turns":12},{"damage":11,"enemies":"Gremlin Gang","floor":11,"turns":3},{"damage":15,"enemies":"Lagavulin","floor":12,"turns":5},{"damage":29,"enemies":"Gremlin Nob","floor":14,"turns":5},{"damage":27,"enemies":"The Guardian","floor":16,"turns":10},{"damage":12,"enemies":"Shell Parasite","floor":18,"turns":7},{"damage":20,"enemies":"2 Thieves","floor":19,"turns":4},{"damage":17,"enemies":"Shelled Parasite and Fungi","floor":22,"turns":6},{"damage":15,"enemies":"Slavers","floor":23,"turns":1}],"seed_played":"1999021706096810871","potions_obtained":[{"floor":3,"key":"Dexterity Potion"},{"floor":4,"key":"Regen Potion"},{"floor":6,"key":"FearPotion"},{"floor":12,"key":"Poison Potion"},{"floor":14,"key":"BlessingOfTheForge"},{"floor":18,"key":"Strength Potion"}],"is_trial":false,"path_per_floor":["M","?","M","M","$","E","R","$","T","R","M","E","?","E","R","B",null,"M","M","?","$","M","E"],"character_chosen":"THE_SILENT","items_purchased":["All Out Attack","Cloak And Dagger","MealTicket"],"campfire_rested":3,"item_purchase_floors":[8,8,21],"current_hp_per_floor":[63,63,64,65,65,19,40,40,40,61,51,37,37,18,40,41,68,59,42,26,26,12,0,0],"gold":91,"neow_bonus":"THREE_ENEMY_KILL","is_daily":false,"chose_seed":false,"campfire_upgraded":0,"win_rate":0.0,"timestamp":1609595223,"path_taken":["M","?","M","?","?","E","R","$","T","R","M","E","?","E","R","BOSS","M","?","?","$","M","E"],"items_purchased_type":["Card","Card","Relic"],"build_version":"2020-12-22","purchased_purges":0,"victory":false,"max_hp_per_floor":[70,70,71,72,72,73,73,73,73,73,74,75,75,76,76,77,77,78,79,79,79,80,80,80],"card_choices":[{"not_picked":["Predator","Accuracy"],"picked":"Backflip","floor":1},{"not_picked":["Masterful Stab","Bane"],"picked":"Deadly Poison","floor":3},{"not_picked":["Deflect","PiercingWail"],"picked":"Deadly Poison","floor":4},{"not_picked":["Footwork","Leg Sweep"],"picked":"Noxious Fumes","floor":6},{"not_picked":["Riddle With Holes","Flying Knee"],"picked":"Blade Dance","floor":11},{"not_picked":["Crippling Poison","Well Laid Plans","Flechettes"],"picked":"SKIP","floor":12},{"not_picked":["Crippling Poison","Expertise"],"picked":"Sucker Punch","floor":14},{"not_picked":["A Thousand Cuts","Doppelganger"],"picked":"After Image","floor":16},{"not_picked":["Blur","Prepared"],"picked":"Blade Dance","floor":18},{"not_picked":["Backflip","Underhanded Strike"],"picked":"Caltrops+1","floor":19},{"not_picked":["Terror","Outmaneuver"],"picked":"Cloak And Dagger+1","floor":22}],"player_experience":353874,"relics_obtained":[{"floor":6,"key":"Gremlin Horn"},{"floor":9,"key":"White Beast Statue"},{"floor":12,"key":"Pantograph"},{"floor":14,"key":"Blood Vial"}],"event_choices":[{"damage_healed":0,"gold_gain":0,"player_choice":"Trade","damage_taken":0,"relics_obtained":["FaceOfCleric"],"max_hp_gain":0,"max_hp_loss":0,"event_name":"FaceTrader","floor":2,"gold_loss":0},{"damage_healed":0,"gold_gain":0,"player_choice":"Bought 3 Potions","damage_taken":0,"max_hp_gain":0,"max_hp_loss":0,"event_name":"The Woman in Blue","floor":13,"gold_loss":0},{"damage_healed":0,"gold_gain":0,"player_choice":"Obtained Book","damage_taken":16,"max_hp_gain":0,"max_hp_loss":0,"event_name":"Cursed Tome","floor":20,"gold_loss":0}],"is_beta":false,"boss_relics":[{"not_picked":["Sozu","Cursed Key"],"picked":"Black Star"}],"items_purged_floors":[],"is_endless":false,"potions_floor_spawned":[3,4,6,11,12,14,16,18,19,22],"killed_by":"Slavers","ascension_level":6}}