{"host":"a2lvm7nbw6nkrc91","time":1609581210,"event":{"mods":["BaseMod","Friendly Minions","Hermit","Kiyohime£¨?ýï£©","Koishi","Marisa£¨Ùöéë¡¡Øª×âÞÞ£©","Minty Spire (QoL Compilation)","Prisma Mod","Replay The Spire","StSLib","Td1madao Mod","The Bug Knight","The Dragon Tamer"],"gold_per_floor":[110,122,136,155,155,187,187,204,229,257,68,68,81,96,96,96,96],"floor_reached":16,"playtime":802,"items_purged":["Strike_C","Strike_C"],"score":114,"play_id":"19de5861-0498-4aef-a0af-e01e13f4c727","local_time":"20210102185330","is_ascension_mode":false,"campfire_choices":[{"floor":7,"key":"REST"},{"floor":15,"key":"REST"}],"circlet_count":0,"master_deck":["Strike_C","Defend_C","Defend_C","Defend_C","Defend_C","Knight Kick","Chip+1","Reinforcement Parts","Provocative","Preloading","Overclocking","Pod Fire","Sudden Beat","Cursed Blade","Defend System","Optimization","ReplayTheSpireMod:IOU","Black Contract","ReplayTheSpireMod:IOU","Sub Weapons","Bursts"],"relics":["Apod","Happy Flower","Replay:Wax Seal"],"acts_visited":["Exordium"],"potions_floor_usage":[10,14,16],"damage_taken":[{"damage":2.0,"enemies":"Cultist","floor":1.0,"turns":4.0},{"damage":4.0,"enemies":"Jaw Worm","floor":2.0,"turns":5.0},{"damage":0.0,"enemies":"2 Louse","floor":3.0,"turns":2.0},{"damage":8.0,"enemies":"Large Slime","floor":4.0,"turns":6.0},{"damage":45,"enemies":"3 Sentries","floor":6,"turns":11},{"damage":11,"enemies":"3 Louse","floor":8,"turns":3},{"damage":4,"enemies":"Lagavulin","floor":10,"turns":3},{"damage":9,"enemies":"2 Fungi Beasts","floor":13,"turns":3},{"damage":0,"enemies":"Blue Slaver","floor":14,"turns":4},{"damage":29,"enemies":"The Guardian","floor":16,"turns":12}],"seed_played":"-4841724625985053270","potions_obtained":[{"floor":1.0,"key":"Block Potion"},{"floor":3.0,"key":"LifebloodPotion"},{"floor":8,"key":"Dexterity Potion"}],"is_trial":false,"path_per_floor":["M","M","M","M","?","E","R","M","T","E","$","$","M","M","R","B"],"character_chosen":"TD1MADAO_CLASS","items_purchased":["Optimization","Black Contract"],"campfire_rested":2,"item_purchase_floors":[11,11],"current_hp_per_floor":[68,64,64,56,56,11,32,21,21,17,17,17,8,8,29,0,0],"gold":96,"neow_bonus":"UPGRADE_CARD","is_daily":false,"chose_seed":false,"campfire_upgraded":0,"win_rate":0.0,"timestamp":1609581210,"path_taken":["M","M","?","M","?","E","R","M","T","E","?","$","M","M","R","BOSS"],"items_purchased_type":["Card","Card"],"build_version":"2020-12-22","purchased_purges":2,"victory":false,"max_hp_per_floor":[70,70,70,70,70,70,70,70,70,70,70,70,70,70,70,70,70],"card_choices":[{"not_picked":["E MP","Reflection Mechanism"],"picked":"Reinforcement Parts","floor":1.0},{"not_picked":["Three Hit","Floating Swing Kick"],"picked":"Provocative","floor":2.0},{"not_picked":["Lunge","Fixing"],"picked":"Preloading","floor":3.0},{"not_picked":["Sudden Beat","Perfect Defend"],"picked":"Overclocking","floor":4.0},{"not_picked":["Three Hit","Fixing"],"picked":"Sudden Beat","floor":6},{"not_picked":["Oblique Hack","Twin Teeth"],"picked":"Cursed Blade","floor":8},{"not_picked":["Cursed Blade","Black Dance"],"picked":"Defend System","floor":10},{"not_picked":["Black Execution","Weapon Shift"],"picked":"Sub Weapons","floor":13},{"not_picked":["Machining","Fire Up"],"picked":"Bursts","floor":14}],"player_experience":514721,"relics_obtained":[{"floor":9,"key":"Happy Flower"},{"floor":10,"key":"Replay:Wax Seal"}],"event_choices":[{"damage_healed":0.0,"max_hp_gain":0.0,"max_hp_loss":0.0,"gold_gain":0.0,"cards_transformed":["Strike_C"],"event_name":"Transmorgrifier","player_choice":"Transformed","floor":5.0,"gold_loss":0.0,"damage_taken":0.0,"cards_obtained":["Pod Fire"]}],"is_beta":false,"boss_relics":[],"items_purged_floors":[11,12],"is_endless":false,"potions_floor_spawned":[1,3,8],"killed_by":"The Guardian","ascension_level":0}}