{"host":"cr892wvdvh6p7gzy","time":1609546748,"event":{"mods":["A Magickal Journey","BaseMod","Dio Mod","GifTheSpireLib","Minty Spire (QoL Compilation)","READ ME - Guardian Mod","SOS???????","StSLib","The Bug Knight","The Necromancer","The Servant 0.9.4","???Mod??????Boss"],"gold_per_floor":[111,111,111,111,121,121,133,133,180,180,180,209,209,209,209,310,310,325,345,345,345,345],"floor_reached":21,"playtime":923,"items_purged":[],"score":193,"play_id":"970d5438-a36b-42df-8688-280155a4a5de","local_time":"20210102011908","is_ascension_mode":true,"campfire_choices":[{"data":"Whirlwind","floor":6,"key":"SMITH"},{"data":"Bash","floor":8,"key":"SMITH"},{"data":"Rampage","floor":10,"key":"SMITH"},{"data":"Bash","floor":13,"key":"SMITH"},{"data":"Defend_R","floor":15,"key":"SMITH"}],"circlet_count":0,"master_deck":["Strike_R+1","Strike_R+1","Strike_R+1","Strike_R+1","Strike_R+1","Defend_R+1","Defend_R+1","Defend_R+1","Defend_R+1","Bash+1","Rampage+1","Limit Break+1","Bash+1","Whirlwind+1","Demon Form"],"relics":["Burning Blood","Omamori","StoneCalendar","SacredBark"],"acts_visited":["Exordium","TheCity"],"potions_floor_usage":[12,18,19,21],"damage_taken":[{"damage":5,"enemies":"2 Louse","floor":1,"turns":4},{"damage":2,"enemies":"Jaw Worm","floor":5,"turns":3},{"damage":6,"enemies":"Cultist","floor":7,"turns":3},{"damage":21,"enemies":"Lagavulin","floor":12,"turns":5},{"damage":18,"enemies":"Slime Boss","floor":16,"turns":7},{"damage":20,"enemies":"2 Thieves","floor":18,"turns":3},{"damage":43,"enemies":"Shell Parasite","floor":19,"turns":5},{"damage":35,"enemies":"Shelled Parasite and Fungi","floor":21,"turns":4}],"seed_played":"-5492594424118794754","potions_obtained":[{"floor":1,"key":"LiquidBronze"},{"floor":5,"key":"DuplicationPotion"},{"floor":16,"key":"Explosive Potion"},{"floor":18,"key":"CultistPotion"}],"is_trial":false,"path_per_floor":["M","$","?","?","M","R","M","R","T","R","?","E","R","?","R","B",null,"M","M","?","M"],"character_chosen":"IRONCLAD","items_purchased":[],"campfire_rested":0,"item_purchase_floors":[],"current_hp_per_floor":[88,88,88,88,88,88,88,88,88,88,88,73,73,73,73,61,88,74,37,37,2,2],"gold":345,"neow_bonus":"TEN_PERCENT_HP_BONUS","is_daily":false,"chose_seed":false,"campfire_upgraded":5,"win_rate":0.0,"timestamp":1609546748,"path_taken":["M","$","?","?","?","R","M","R","T","R","?","E","R","?","R","BOSS","M","M","?","M"],"items_purchased_type":[],"build_version":"2020-12-22","purchased_purges":0,"victory":false,"max_hp_per_floor":[88,88,88,88,88,88,88,88,88,88,88,88,88,88,88,88,88,88,88,88,88,88],"card_choices":[{"not_picked":["Anger","Blood for Blood"],"picked":"Rampage","floor":1},{"not_picked":["Sentinel","Thunderclap"],"picked":"Whirlwind","floor":5},{"not_picked":["True Grit","Feel No Pain","Intimidate"],"picked":"SKIP","floor":7},{"not_picked":["Iron Wave","Anger","Shockwave"],"picked":"SKIP","floor":12},{"not_picked":["Berserk","Offering"],"picked":"Demon Form","floor":16},{"not_picked":["Havoc","Ghostly Armor","Burning Pact"],"picked":"SKIP","floor":18},{"not_picked":["Wild Strike","Dropkick","Twin Strike+1"],"picked":"SKIP","floor":19}],"player_experience":430669,"relics_obtained":[{"floor":9,"key":"Omamori"},{"floor":12,"key":"StoneCalendar"}],"event_choices":[{"damage_healed":0,"gold_gain":0,"player_choice":"Ignored","damage_taken":0,"max_hp_gain":0,"max_hp_loss":0,"event_name":"Golden Idol","floor":3,"gold_loss":0},{"damage_healed":0,"gold_gain":0,"player_choice":"2 cards matched","damage_taken":0,"max_hp_gain":0,"max_hp_loss":0,"event_name":"Match and Keep!","floor":4,"gold_loss":0,"cards_obtained":["Limit Break","Bash"]},{"damage_healed":0,"gold_gain":0,"player_choice":"Grow","damage_taken":0,"max_hp_gain":0,"max_hp_loss":0,"event_name":"Living Wall","floor":11,"gold_loss":0,"cards_upgraded":["Limit Break"]},{"damage_healed":0,"gold_gain":0,"player_choice":"Cursed","damage_taken":0,"max_hp_gain":0,"max_hp_loss":0,"event_name":"Wheel of Change","floor":14,"gold_loss":0,"cards_obtained":["Decay"]},{"damage_healed":0,"gold_gain":0,"player_choice":"Simplicity","damage_taken":0,"max_hp_gain":0,"max_hp_loss":0,"event_name":"Back to Basics","floor":20,"gold_loss":0,"cards_upgraded":["Strike_R","Strike_R","Strike_R","Strike_R","Strike_R","Defend_R","Defend_R","Defend_R"]}],"is_beta":false,"boss_relics":[{"not_picked":["Empty Cage","Astrolabe"],"picked":"SacredBark"}],"items_purged_floors":[],"is_endless":false,"potions_floor_spawned":[1,5,16,18],"killed_by":"Shelled Parasite and Fungi","ascension_level":2}}