{"host":"t4bl6qmmsws2mq4o","time":1609566637,"event":{"mods":["AchievementEnabler","BaseMod","Better Note","Downfall","GifTheSpireLib","Hermit","Melee Mod","Minty Spire (QoL Compilation)","Replay The Spire","StSLib","The Alterego","The Jungle","The Marked"],"gold_per_floor":[119,119,65,81,156,185,204,223,302,302,302,322,332,332,332,431,431,449,33,33,33,33,33,45,73,73,73,83,118,118,137,137,137,137],"floor_reached":33,"playtime":1287,"items_purged":[],"score":283,"play_id":"2ceba136-6562-46ef-8773-142a18afed7d","local_time":"20210101215037","is_ascension_mode":false,"campfire_choices":[{"data":"ReplayTheSpireMod:Limb From Limb","floor":10.0,"key":"SMITH"},{"data":"Life Link","floor":15.0,"key":"SMITH"},{"data":"Body Slam","floor":23.0,"key":"SMITH"},{"data":"Demonic Infusion","floor":27,"key":"SMITH"},{"floor":32,"key":"DIG"}],"circlet_count":0,"master_deck":["Strike_R","Strike_R","Strike_R","Strike_R","Strike_R","Defend_R","Defend_R","Defend_R+1","Defend_R","Bash","Cleave","Shrug It Off+1","Perfected Strike","Body Slam+1","Perfected Strike","ReplayTheSpireMod:Limb From Limb+1","Shrug It Off","Life Link+1","Bash","Demonic Infusion+1","Run Through","Bludgeon+1","Rupture","Replay:Undeath\u0027s Touch","Dropkick","Flame Barrier","Thunderclap"],"relics":["Burning Blood","Magic Flower","Quantum Egg","Juzu Bracelet","Odd Mushroom","Replay:Bronze Core","War Paint","Toolbox","Gambling Chip","Replay:Multitool","Gremlin Horn","Unceasing Top","Blue Candle"],"acts_visited":["Exordium","TheCity"],"potions_floor_usage":[29,33],"damage_taken":[{"damage":0.0,"enemies":"Small Slimes","floor":1.0,"turns":3.0},{"damage":0.0,"enemies":"Cultist","floor":4.0,"turns":3.0},{"damage":28.0,"enemies":"Lagavulin","floor":6.0,"turns":5.0},{"damage":3.0,"enemies":"Jaw Worm","floor":7.0,"turns":3.0},{"damage":11.0,"enemies":"Lots of Slimes","floor":8.0,"turns":2.0},{"damage":9.0,"enemies":"The Mushroom Lair","floor":12.0,"turns":4.0},{"damage":0.0,"enemies":"3 Louse","floor":13.0,"turns":4.0},{"damage":53.0,"enemies":"Hexaghost","floor":16.0,"turns":8.0},{"damage":17.0,"enemies":"2 Thieves","floor":18.0,"turns":4.0},{"damage":1,"enemies":"3 Byrds","floor":24,"turns":5},{"damage":33,"enemies":"Gremlin Leader","floor":25,"turns":4},{"damage":0,"enemies":"Centurion and Healer","floor":28,"turns":6},{"damage":3,"enemies":"Book of Stabbing","floor":29,"turns":3},{"damage":0,"enemies":"3 Cultists","floor":31,"turns":3},{"damage":90,"enemies":"Automaton","floor":33,"turns":8}],"seed_played":"-901693687383196435","potions_obtained":[{"floor":2.0,"key":"Block Potion"},{"floor":2.0,"key":"ElixirPotion"},{"floor":2.0,"key":"Cursed Concoction"},{"floor":4.0,"key":"Toxic Potion"},{"floor":6.0,"key":"Toxic Potion"},{"floor":12.0,"key":"BlessingOfTheForge"},{"floor":16.0,"key":"Fruit Juice"},{"floor":28,"key":"ColorlessPotion"},{"floor":29,"key":"PowerPotion"}],"is_trial":false,"path_per_floor":["M","?","$","M","?","E","M","M","T","R","?","?","M","?","R","B",null,"M","$","T","?","?","R","M","E","T","R","M","E","$","M","R","B"],"character_chosen":"IRONCLAD","items_purchased":["Shrug It Off","War Paint","Bludgeon+1","Toolbox"],"campfire_rested":0,"item_purchase_floors":[3,19,19,19],"current_hp_per_floor":[85,85,85,85,74,52,58,56,56,56,53,53,62,62,62,23,90,82,82,82,82,82,82,90,66,66,66,75,81,81,90,90,0,0],"gold":137,"neow_bonus":"RANDOM_EVENT","is_daily":false,"chose_seed":false,"campfire_upgraded":4,"win_rate":0.0,"timestamp":1609566637,"path_taken":["M","?","?","M","?","E","M","M","T","R","?","?","M","?","R","BOSS","M","$","?","?","?","R","M","E","T","R","M","E","$","M","R","BOSS"],"items_purchased_type":["Card","Relic","Card","Relic"],"build_version":"2020-12-22","purchased_purges":0,"victory":false,"max_hp_per_floor":[85,85,85,85,85,85,85,85,85,85,85,85,85,85,85,90,90,90,90,90,90,90,90,90,90,90,90,90,90,90,90,90,90,90],"card_choices":[{"not_picked":["Wild Strike","Twin Strike"],"picked":"Cleave","floor":1.0},{"not_picked":["Headbutt","Twin Strike"],"picked":"Perfected Strike","floor":4.0},{"not_picked":["Spot Weakness","Rampage"],"picked":"Body Slam","floor":6.0},{"not_picked":["Rampage","Heavy Blade"],"picked":"Perfected Strike","floor":7.0},{"not_picked":["Iron Wave","Havoc"],"picked":"ReplayTheSpireMod:Limb From Limb","floor":8.0},{"not_picked":["Dropkick","Reckless Charge"],"picked":"Shrug It Off","floor":12.0},{"not_picked":["Heavy Blade","Anger"],"picked":"Warcry","floor":13.0},{"not_picked":["Immolate","Demon Form"],"picked":"Demonic Infusion","floor":16.0},{"not_picked":["Dark Embrace","Havoc+1"],"picked":"Run Through","floor":18.0},{"not_picked":["Replay:Undeath\u0027s Touch","True Grit","Power Through+1"],"picked":"SKIP","floor":24},{"not_picked":["Dual Wield","Sentinel"],"picked":"Replay:Undeath\u0027s Touch","floor":25},{"not_picked":["Rampage+1","Iron Wave+1"],"picked":"Dropkick","floor":28},{"not_picked":["Hemokinesis","Armaments"],"picked":"Flame Barrier","floor":29},{"not_picked":["Flex","Searing Blow"],"picked":"Thunderclap","floor":31}],"player_experience":450331,"relics_obtained":[{"floor":6.0,"key":"Magic Flower"},{"floor":9.0,"key":"Quantum Egg"},{"floor":12.0,"key":"Odd Mushroom"},{"floor":20.0,"key":"Gambling Chip"},{"floor":25,"key":"Replay:Multitool"},{"floor":26,"key":"Gremlin Horn"},{"floor":29,"key":"Unceasing Top"},{"floor":32,"key":"Blue Candle"}],"event_choices":[{"damage_healed":0.0,"max_hp_gain":5.0,"max_hp_loss":0.0,"gold_gain":0.0,"event_name":"Big Fish","player_choice":"Donut","floor":0.0,"gold_loss":0.0,"damage_taken":0.0},{"damage_healed":0.0,"max_hp_gain":0.0,"max_hp_loss":0.0,"gold_gain":0.0,"event_name":"Lab","player_choice":"Got Potions","floor":2.0,"gold_loss":0.0,"damage_taken":0.0},{"damage_healed":0.0,"max_hp_gain":0.0,"max_hp_loss":0.0,"gold_gain":75.0,"event_name":"World of Goop","player_choice":"Gather Gold","floor":5.0,"gold_loss":0.0,"damage_taken":11.0},{"damage_healed":0.0,"max_hp_gain":0.0,"max_hp_loss":0.0,"gold_gain":0.0,"event_name":"Scrap Ooze","player_choice":"Success","floor":11.0,"gold_loss":0.0,"damage_taken":3.0,"relics_obtained":["Juzu Bracelet"]},{"damage_healed":0.0,"max_hp_gain":0.0,"max_hp_loss":0.0,"gold_gain":0.0,"event_name":"Mushrooms","player_choice":"Fought Mushrooms","floor":12.0,"gold_loss":0.0,"damage_taken":0.0},{"damage_healed":0.0,"max_hp_gain":0.0,"max_hp_loss":0.0,"gold_gain":0.0,"event_name":"Match and Keep!","player_choice":"2 cards matched","floor":14.0,"gold_loss":0.0,"damage_taken":0.0,"cards_obtained":["Life Link","Bash"]},{"damage_healed":0.0,"max_hp_gain":0.0,"max_hp_loss":0.0,"gold_gain":0.0,"event_name":"N\u0027loth","player_choice":"Ignored","floor":21.0,"gold_loss":0.0,"damage_taken":0.0},{"damage_healed":0.0,"max_hp_gain":0.0,"max_hp_loss":0.0,"gold_gain":0.0,"cards_transformed":["Warcry"],"event_name":"Transmorgrifier","player_choice":"Transformed","floor":22.0,"gold_loss":0.0,"damage_taken":0.0,"cards_obtained":["Rupture"]}],"is_beta":false,"boss_relics":[{"not_picked":["Tiny House","Black Star"],"picked":"Replay:Bronze Core"}],"items_purged_floors":[],"is_endless":false,"potions_floor_spawned":[4,6,7,12,16,28,29],"killed_by":"Automaton","ascension_level":0}}