{"host":"u7lm8z2rvb4dg2oo","time":1609553860,"event":{"mods":["AchievementEnabler","BaseMod","Colored Map","Colored Powertips","Curses Come First","Googly Eyes","Highlight Path","Minty Spire (QoL Compilation)","Quick Restart","StSLib"],"gold_per_floor":[114,114,126,141,141,166,181,216,216,216,229,184,219,233,233,338,338,351,362,58,69,83,83,101,135,135,135,154,170,170,180,180,283,283,283,283],"floor_reached":35,"playtime":3226,"items_purged":["Strike_P"],"score":554,"play_id":"504983a9-d31e-4f30-ad52-f99c49ceb0e5","local_time":"20210101211740","is_ascension_mode":true,"campfire_choices":[{"floor":10.0,"key":"REST"},{"floor":15.0,"key":"REST"},{"data":"Establishment","floor":23,"key":"SMITH"},{"floor":27,"key":"REST"},{"data":"SpiritShield","floor":30,"key":"SMITH"},{"floor":32,"key":"REST"}],"circlet_count":0,"master_deck":["Strike_P","Strike_P","Strike_P","Defend_P","Defend_P","Defend_P","Defend_P","Eruption","Vigilance","BattleHymn","Vengeance","CutThroughFate","SpiritShield+1","WindmillStrike","Blasphemy+1","Establishment+1","TalkToTheHand","ForeignInfluence+1","Perseverance+1","Worship+1","Ragnarok"],"relics":["HolyWater","Bag of Marbles","FaceOfCleric","Damaru","Toxic Egg 2","Letter Opener","Pear","MealTicket","Art of War","Meat on the Bone","Philosopher\u0027s Stone"],"acts_visited":["Exordium","TheCity","TheBeyond"],"potions_floor_usage":[22,25,33],"damage_taken":[{"damage":0.0,"enemies":"Small Slimes","floor":1.0,"turns":1.0},{"damage":0.0,"enemies":"Cultist","floor":3.0,"turns":3.0},{"damage":0.0,"enemies":"Jaw Worm","floor":4.0,"turns":3.0},{"damage":40.0,"enemies":"Lagavulin","floor":6.0,"turns":5.0},{"damage":0.0,"enemies":"Exordium Wildlife","floor":7.0,"turns":2.0},{"damage":34.0,"enemies":"Gremlin Nob","floor":8.0,"turns":4.0},{"damage":1.0,"enemies":"2 Fungi Beasts","floor":11.0,"turns":3.0},{"damage":2.0,"enemies":"Looter","floor":12.0,"turns":5.0},{"damage":15.0,"enemies":"Lagavulin","floor":13.0,"turns":4.0},{"damage":5.0,"enemies":"Gremlin Gang","floor":14.0,"turns":2.0},{"damage":30.0,"enemies":"Slime Boss","floor":16.0,"turns":6.0},{"damage":12.0,"enemies":"Shell Parasite","floor":18.0,"turns":3.0},{"damage":0.0,"enemies":"Spheric Guardian","floor":19.0,"turns":3.0},{"damage":14.0,"enemies":"Snake Plant","floor":21.0,"turns":2.0},{"damage":3,"enemies":"Shelled Parasite and Fungi","floor":22,"turns":3},{"damage":5,"enemies":"Centurion and Healer","floor":24,"turns":4},{"damage":24,"enemies":"Slavers","floor":25,"turns":5},{"damage":1,"enemies":"Snake Plant","floor":28,"turns":3},{"damage":0,"enemies":"3 Cultists","floor":29,"turns":3},{"damage":0,"enemies":"Snecko","floor":31,"turns":2},{"damage":54,"enemies":"Collector","floor":33,"turns":8},{"damage":100074,"enemies":"3 Darklings","floor":35,"turns":5}],"seed_played":"-2589322696838803199","potions_obtained":[{"floor":1.0,"key":"Energy Potion"},{"floor":4.0,"key":"Dexterity Potion"},{"floor":7.0,"key":"ColorlessPotion"},{"floor":13.0,"key":"Fire Potion"},{"floor":19.0,"key":"AttackPotion"},{"floor":21.0,"key":"DuplicationPotion"},{"floor":24,"key":"GamblersBrew"},{"floor":25,"key":"StancePotion"}],"is_trial":false,"path_per_floor":["M","?","M","M","?","E","M","E","T","R","M","M","E","M","R","B",null,"M","M","$","M","M","R","M","E","T","R","M","M","R","M","R","B",null,"M"],"character_chosen":"WATCHER","items_purchased":["MealTicket","Ancient Potion"],"campfire_rested":4,"item_purchase_floors":[20,20],"current_hp_per_floor":[72,72,73,74,74,35,36,3,3,26,26,25,21,17,44,15,73,62,63,63,50,48,48,44,21,21,50,62,63,63,64,94,53,90,0,0],"gold":283,"neow_bonus":"RANDOM_COMMON_RELIC","is_daily":false,"chose_seed":false,"campfire_upgraded":2,"win_rate":0.0,"timestamp":1609553860,"path_taken":["M","?","M","?","?","E","M","E","T","R","M","M","E","M","R","BOSS","M","M","$","M","M","R","M","E","T","R","M","?","R","M","R","BOSS","M"],"items_purchased_type":["Relic","Potion"],"build_version":"2020-12-22","purchased_purges":1,"victory":false,"max_hp_per_floor":[72,72,73,74,74,75,76,77,77,77,78,79,90,91,91,92,92,93,94,94,95,96,96,97,98,98,98,99,100,100,101,101,102,102,102,102],"card_choices":[{"not_picked":["Adaptation","CarveReality"],"picked":"BattleHymn","floor":1.0},{"not_picked":["CrushJoints","JustLucky"],"picked":"Vengeance","floor":3.0},{"not_picked":["BowlingBash","WaveOfTheHand"],"picked":"CutThroughFate","floor":4.0},{"not_picked":["BowlingBash","FlyingSleeves"],"picked":"SpiritShield","floor":6.0},{"not_picked":["CarveReality","WaveOfTheHand","Study"],"picked":"SKIP","floor":7.0},{"not_picked":["WaveOfTheHand+1","PathToVictory+1","Nirvana"],"picked":"SKIP","floor":8.0},{"not_picked":["Crescendo+1","FlyingSleeves","PathToVictory+1"],"picked":"SKIP","floor":11.0},{"not_picked":["ThirdEye+1","FlyingSleeves"],"picked":"WindmillStrike","floor":12.0},{"not_picked":["FollowUp","Worship+1","BattleHymn"],"picked":"SKIP","floor":13.0},{"not_picked":["Study","BowlingBash"],"picked":"Blasphemy+1","floor":14.0},{"not_picked":["Judgement+1","DevaForm"],"picked":"Establishment","floor":16.0},{"not_picked":["Perseverance+1","FlurryOfBlows"],"picked":"TalkToTheHand","floor":18.0},{"not_picked":["Consecrate","Crescendo+1","EmptyFist+1"],"picked":"SKIP","floor":19.0},{"not_picked":["Sanctity+1","Evaluate+1"],"picked":"ForeignInfluence+1","floor":21.0},{"not_picked":["Evaluate+1","SignatureMove"],"picked":"Perseverance+1","floor":22},{"not_picked":["PathToVictory+1","Adaptation","WreathOfFlame+1"],"picked":"SKIP","floor":24},{"not_picked":["MasterReality","CrushJoints","JustLucky+1"],"picked":"SKIP","floor":25},{"not_picked":["CarveReality+1","BattleHymn","Swivel+1"],"picked":"SKIP","floor":28},{"not_picked":["PathToVictory+1","CutThroughFate+1"],"picked":"Worship+1","floor":29},{"not_picked":["Halt+1","EmptyFist+1","Evaluate+1"],"picked":"SKIP","floor":31},{"not_picked":["Scrawl+1","Vault+1"],"picked":"Ragnarok","floor":33}],"player_experience":1028271,"relics_obtained":[{"floor":6.0,"key":"Damaru"},{"floor":8.0,"key":"Toxic Egg 2"},{"floor":9.0,"key":"Letter Opener"},{"floor":13.0,"key":"Pear"},{"floor":25,"key":"Art of War"},{"floor":26,"key":"Meat on the Bone"}],"event_choices":[{"damage_healed":0.0,"max_hp_gain":0.0,"max_hp_loss":0.0,"gold_gain":0.0,"event_name":"FaceTrader","player_choice":"Trade","floor":2.0,"gold_loss":0.0,"damage_taken":0.0,"relics_obtained":["FaceOfCleric"]},{"damage_healed":0.0,"max_hp_gain":0.0,"max_hp_loss":0.0,"gold_gain":0.0,"event_name":"Wheel of Change","player_choice":"Full Heal","floor":5.0,"gold_loss":0.0,"damage_taken":0.0}],"is_beta":false,"boss_relics":[{"not_picked":["SacredBark","Astrolabe"],"picked":"HolyWater"},{"not_picked":["Coffee Dripper","Runic Pyramid"],"picked":"Philosopher\u0027s Stone"}],"items_purged_floors":[20],"is_endless":false,"potions_floor_spawned":[1,4,7,13,19,21,24,25],"killed_by":"3 Darklings","ascension_level":5}}