{"host":"bbjnqymry46jz0fa","time":1609587227,"event":{"mods":["BaseMod","DeckTracker","Minty Spire (QoL Compilation)","Quick Restart","StSLib","SuperFastMode"],"gold_per_floor":[17,17,35,59,72,72,97,97,97,97,111,111,36,51,51,51,51],"floor_reached":16,"playtime":335,"items_purged":["Strike_R"],"score":184,"play_id":"4d7ccdd3-33d9-49d6-92c2-51705dce0750","local_time":"20210102203347","is_ascension_mode":true,"campfire_choices":[{"data":"True Grit","floor":6.0,"key":"SMITH"},{"data":"Armaments","floor":8.0,"key":"SMITH"},{"floor":10.0,"key":"REST"},{"data":"Bludgeon","floor":15.0,"key":"SMITH"}],"circlet_count":0,"master_deck":["AscendersBane","Strike_R","Strike_R","Strike_R","Defend_R","Defend_R","Defend_R","Bash","Shrug It Off","True Grit+1","Armaments+1","Bludgeon+1"],"relics":["Burning Blood","Golden Idol","Odd Mushroom","Shuriken","Matryoshka"],"acts_visited":["Exordium"],"potions_floor_usage":[16,16],"damage_taken":[{"damage":10.0,"enemies":"Small Slimes","floor":1.0,"turns":3.0},{"damage":3.0,"enemies":"2 Louse","floor":3.0,"turns":4.0},{"damage":8.0,"enemies":"Jaw Worm","floor":4.0,"turns":4.0},{"damage":9.0,"enemies":"2 Fungi Beasts","floor":5.0,"turns":4.0},{"damage":45.0,"enemies":"The Mushroom Lair","floor":7.0,"turns":10.0},{"damage":0.0,"enemies":"3 Louse","floor":11.0,"turns":4.0},{"damage":2.0,"enemies":"Looter","floor":14.0,"turns":4.0},{"damage":53,"enemies":"Hexaghost","floor":16,"turns":5}],"seed_played":"6050779427046026869","potions_obtained":[{"floor":3.0,"key":"GamblersBrew"},{"floor":7.0,"key":"CultistPotion"}],"is_trial":false,"path_per_floor":["M","?","M","M","M","R","?","R","T","R","M","?","$","M","R","B"],"character_chosen":"IRONCLAD","items_purchased":[],"campfire_rested":1,"item_purchase_floors":[],"current_hp_per_floor":[64,64,67,65,62,62,23,23,23,43,49,44,44,48,48,0,0],"gold":51,"neow_bonus":"REMOVE_TWO","is_daily":false,"chose_seed":false,"campfire_upgraded":3,"win_rate":0.0,"timestamp":1609587227,"path_taken":["M","?","M","M","M","R","?","R","T","R","M","?","$","M","R","BOSS"],"items_purchased_type":[],"build_version":"2020-12-22","purchased_purges":1,"victory":false,"max_hp_per_floor":[75,68,68,68,68,68,68,68,68,68,68,68,68,68,68,68,68],"card_choices":[{"not_picked":["Iron Wave","Clothesline"],"picked":"Shrug It Off","floor":1.0},{"not_picked":["Blood for Blood","Warcry","Cleave"],"picked":"SKIP","floor":3.0},{"not_picked":["True Grit","Havoc","Armaments"],"picked":"SKIP","floor":4.0},{"not_picked":["True Grit","Havoc","Armaments"],"picked":"SKIP","floor":4.0},{"not_picked":["Havoc","Armaments"],"picked":"True Grit","floor":4.0},{"not_picked":["Heavy Blade","Uppercut","Havoc"],"picked":"SKIP","floor":5.0},{"not_picked":["Twin Strike","Spot Weakness"],"picked":"Armaments","floor":7.0},{"not_picked":["Whirlwind","Iron Wave","Inflame"],"picked":"SKIP","floor":11.0},{"not_picked":["True Grit","Anger"],"picked":"Bludgeon","floor":14.0}],"player_experience":728225,"relics_obtained":[{"floor":7.0,"key":"Odd Mushroom"},{"floor":9.0,"key":"Shuriken"}],"event_choices":[{"damage_healed":0.0,"max_hp_gain":0.0,"max_hp_loss":7.0,"gold_gain":0.0,"event_name":"Golden Idol","player_choice":"Lose Max HP","floor":2.0,"gold_loss":0.0,"damage_taken":0.0,"relics_obtained":["Golden Idol"]},{"damage_healed":0.0,"max_hp_gain":0.0,"max_hp_loss":0.0,"gold_gain":0.0,"event_name":"Mushrooms","player_choice":"Fought Mushrooms","floor":7.0,"gold_loss":0.0,"damage_taken":0.0},{"damage_healed":0.0,"max_hp_gain":0.0,"max_hp_loss":0.0,"gold_gain":0.0,"event_name":"Scrap Ooze","player_choice":"Success","floor":12.0,"gold_loss":0.0,"damage_taken":5.0,"relics_obtained":["Matryoshka"]}],"is_beta":false,"boss_relics":[],"items_purged_floors":[13],"is_endless":false,"potions_floor_spawned":[3,7,11],"killed_by":"Hexaghost","ascension_level":20}}