{"host":"gk9qdtkqd8dwfeg2","time":1609580044,"event":{"mods":["Aspiration","BaseMod","Colored Powertips","KomeijiMod","Minty Spire (QoL Compilation)","Quick Restart","Replay The Spire","Shop Mod","StSLib","TestMod","The Gatherer","The Servant 0.9.4","Waifu the Spire","WarShipGirlsR/战舰少女R mod","Yuri Mod"],"gold_per_floor":[135,135,228,267,312,387,435,437,489,540,591,693,719,777,777,1036,1036,1134,1179,212,270,375,481,539,626,703,703,815,815,815,845,845,1101,1101,1155,571,638,638,11,154,264,413,413,413,413,114,254,308,308,574,855,855,885,865,387,416,586,714,714,803,803,803,895,939,1025,1069,1069,1290,1290,1355,350,399,449,526,642,642,725,829,829,927,968,968,968,968,1219,1219,1275,1355,404,404,490,618,348,348,437,437,523,523,621,621,621,881,1183,1183,1290,1370,487,487,534,611,611,715,792,792,848,848,1000,1107,1107,1319,1319,1372,1292,1292,1345,1386,1386,1613,1654,1755,1252,1284,1284,808,961,961,1255,1255,1299,679,714,788,832,930,930,930,1025,1025,1025,1117,299,358,358,588,882,882,882],"floor_reached":156,"playtime":6248,"items_purged":["Normality","Overencumbered","Strike_P","Defend_P","Looming Evil","Normality","Replay:LoomingThreat"],"score":11594,"play_id":"8924fa82-7060-4107-bd50-327caf417a4d","local_time":"20210102173404","daily_mods":["Cursed Run","Time Dilation","Midas"],"is_ascension_mode":true,"campfire_choices":[{"floor":32.0,"key":"REST"},{"floor":44.0,"key":"REST"},{"floor":49.0,"key":"REST"},{"floor":59.0,"key":"REST"},{"floor":62.0,"key":"REST"},{"floor":67.0,"key":"REST"},{"floor":76.0,"key":"REST"},{"floor":79.0,"key":"REST"},{"floor":84.0,"key":"REST"},{"floor":94.0,"key":"REST"},{"floor":96.0,"key":"REST"},{"floor":98.0,"key":"REST"},{"floor":101.0,"key":"REST"},{"floor":111.0,"key":"REST"},{"floor":114.0,"key":"REST"},{"floor":119,"key":"REST"},{"floor":127,"key":"REST"},{"floor":136,"key":"REST"},{"floor":145,"key":"REST"},{"floor":149,"key":"REST"},{"floor":153,"key":"REST"}],"circlet_count":0,"master_deck":["AscendersBane","Eruption+1","Vigilance+1","CommonCold","Reaper+1","SignatureMove+1","Wallop+1","Ragnarok+1","CutThroughFate+1","After Image+1","Wish+1","Crescendo+1","Shame","Omniscience+1","testmod-Dream+1","Echo Form+1","Impervious+1","Exhaustion","Injury","rmod:windflower+1","CurseOfTheBell","Solidify+1","yuri:TeaSet+1","Adaptation+1","Hidden Blade+1","Feel No Pain+1","Shame","Burning Pact+1","Fasting2+1","Tantrum+1","Shame","testmod-Reverberation+1","Delirium","rmod:seals+1","Replay:Hum+1","Injury","Replay:Vibes+1","ForeignInfluence+1","Offering+1","Decay","Exhaustion","Amnesia","Exhaustion","Doubt","LessonLearned+1","Crescendo+1","ReplayTheSpireMod:Restless Dread","Second Wind+1","Doubt","Regret","Feel No Pain+1","Armaments+1","testmod-TradeIn+1","testmod-SelfRegulatingSystem+1","testmod-Superconductor+1","ReplayUltimateDefense+1","SignatureMove+1","Echo Form+1","Decay"],"relics":["Cursed Key","Darkstone Periapt","Du-Vu Doll","testmod-TestBox","testmod-HeartOfDaVinci","Ring of Peace","Ring of Hypnosis","ReplayTheSpireMod:Spearhead","Replay:PocketPolymizer","HornCleat","aspiration:SecretTechniqueScroll","MerchantsRug","Red Mask","Ornamental Fan","ReplayTheSpireMod:TigerMarble","PrismaticShard","aspiration:Stabinomicon","aspiration:RitualStick","Fusion Hammer","Philosopher\u0027s Stone","testmod-EnergyCheck","Damaru","m_SnakeCloak","yuri:GlassOfWater","Kunai","Sling","Self Forming Clay","aspiration:StickyExplosives","Orichalcum","testmod-Antiphasic","Paper Frog","Golden Egg","ReplayFunnel","MysterySword","testmod-Charity","Replay:Bandana","Replay:Wax Seal","Bottled Flame","testmod-NegativeEmotionEnhancer","ClockworkSouvenir","testmod-Maize","Prayer Wheel","Replay:Ancient Bell","Vajra","Replay:Bottled Eggs","testmod-Laevatain","testmod-BouquetWithThorns","Bottled Tornado","testmod-Mahjong","Blue Candle","aspiration:PoetsPen","TungstenRod","ReplayTheSpireMod:ShopPack","testmod-DreamHouse","Happy Flower","Lantern","Guide Book","Toy Ornithopter","Blood Vial","testmod-Justice","Chemical X","Mango","Empty Cage","Juzu Bracelet","Replay:WaspNest","OrangePellets","Torii","aspiration:Lifesprig","Frozen Egg 2","DollysMirror","SlaversCollar"],"acts_visited":["Exordium","TheCity","TheBeyond","Exordium","TheCity","TheBeyond","Exordium","TheCity","TheBeyond","Exordium"],"potions_floor_usage":[],"damage_taken":[{"damage":0.0,"enemies":"Cultist","floor":1.0,"turns":2.0},{"damage":0.0,"enemies":"Small Slimes","floor":4.0,"turns":2.0},{"damage":0.0,"enemies":"Jaw Worm","floor":5.0,"turns":1.0},{"damage":0.0,"enemies":"Gremlin Nob","floor":6.0,"turns":3.0},{"damage":1.0,"enemies":"Lots of Slimes","floor":7.0,"turns":3.0},{"damage":0.0,"enemies":"Lagavulin","floor":8.0,"turns":5.0},{"damage":0.0,"enemies":"3 Louse","floor":10.0,"turns":2.0},{"damage":0.0,"enemies":"2 Fungi Beasts","floor":11.0,"turns":2.0},{"damage":15.0,"enemies":"3 Sentries","floor":12.0,"turns":7.0},{"damage":0.0,"enemies":"Looter","floor":14.0,"turns":2.0},{"damage":0.0,"enemies":"Fading Forest","floor":16.0,"turns":13.0},{"damage":18.0,"enemies":"3 Byrds","floor":18.0,"turns":4.0},{"damage":0.0,"enemies":"Spheric Guardian","floor":19.0,"turns":1.0},{"damage":25.0,"enemies":"Chosen and Byrds","floor":21.0,"turns":4.0},{"damage":0.0,"enemies":"Masked Bandits","floor":22.0,"turns":3.0},{"damage":13.0,"enemies":"Slavers","floor":23.0,"turns":4.0},{"damage":0.0,"enemies":"Snecko","floor":24.0,"turns":2.0},{"damage":0.0,"enemies":"Replay:Snechameleon","floor":25.0,"turns":3.0},{"damage":18.0,"enemies":"Book of Stabbing","floor":28.0,"turns":4.0},{"damage":0.0,"enemies":"Sentry and Sphere","floor":31.0,"turns":1.0},{"damage":0.0,"enemies":"Champ","floor":33.0,"turns":6.0},{"damage":0.0,"enemies":"Orb Walker","floor":35.0,"turns":1.0},{"damage":9.0,"enemies":"3 Shapes","floor":37.0,"turns":3.0},{"damage":0.0,"enemies":"R_Hoarder","floor":40.0,"turns":3.0},{"damage":45.0,"enemies":"3 Darklings","floor":41.0,"turns":5.0},{"damage":0.0,"enemies":"Giant Head","floor":42.0,"turns":4.0},{"damage":0.0,"enemies":"R_Hoarder","floor":47.0,"turns":5.0},{"damage":0.0,"enemies":"Maw","floor":48.0,"turns":1.0},{"damage":15.0,"enemies":"Time Eater","floor":50.0,"turns":5.0},{"damage":42.0,"enemies":"Donu and Deca","floor":51.0,"turns":5.0},{"damage":0.0,"enemies":"Jaw Worm","floor":53.0,"turns":1.0},{"damage":0.0,"enemies":"Cultist","floor":56.0,"turns":1.0},{"damage":0.0,"enemies":"3 Sentries","floor":57.0,"turns":2.0},{"damage":0.0,"enemies":"Gremlin Nob","floor":58.0,"turns":2.0},{"damage":0.0,"enemies":"Lagavulin","floor":60.0,"turns":1.0},{"damage":0.0,"enemies":"Gremlin Nob","floor":63.0,"turns":1.0},{"damage":0.0,"enemies":"2 Louse","floor":64.0,"turns":1.0},{"damage":0.0,"enemies":"3 Sentries","floor":65.0,"turns":2.0},{"damage":0.0,"enemies":"2 Fungi Beasts","floor":66.0,"turns":1.0},{"damage":0.0,"enemies":"The Guardian","floor":68.0,"turns":2.0},{"damage":0.0,"enemies":"3 Byrds","floor":70.0,"turns":3.0},{"damage":0.0,"enemies":"2 Thieves","floor":73.0,"turns":1.0},{"damage":0.0,"enemies":"Sentry and Sphere","floor":74.0,"turns":3.0},{"damage":0.0,"enemies":"Slavers","floor":75.0,"turns":1.0},{"damage":0.0,"enemies":"Gremlin Leader","floor":77.0,"turns":1.0},{"damage":0.0,"enemies":"Book of Stabbing","floor":78.0,"turns":1.0},{"damage":0.0,"enemies":"Slavers","floor":80.0,"turns":2.0},{"damage":0.0,"enemies":"Cultist and Chosen","floor":81.0,"turns":2.0},{"damage":57.0,"enemies":"Champ","floor":85.0,"turns":4.0},{"damage":0.0,"enemies":"3 Shapes","floor":87.0,"turns":1.0},{"damage":0.0,"enemies":"3 Darklings","floor":88.0,"turns":1.0},{"damage":0.0,"enemies":"Transient","floor":91.0,"turns":2.0},{"damage":181.0,"enemies":"Nemesis","floor":92.0,"turns":3.0},{"damage":0.0,"enemies":"R_Hoarder","floor":95.0,"turns":2.0},{"damage":9.0,"enemies":"Reptomancer","floor":97.0,"turns":2.0},{"damage":0.0,"enemies":"R_Hoarder","floor":99.0,"turns":2.0},{"damage":59.0,"enemies":"Time Eater","floor":102.0,"turns":4.0},{"damage":18.0,"enemies":"Replay:Hell Engine","floor":103.0,"turns":4.0},{"damage":0.0,"enemies":"Small Slimes","floor":105.0,"turns":1.0},{"damage":1.0,"enemies":"Cultist","floor":106.0,"turns":2.0},{"damage":0.0,"enemies":"2 Louse","floor":109.0,"turns":2.0},{"damage":0.0,"enemies":"Lagavulin","floor":110.0,"turns":1.0},{"damage":0.0,"enemies":"3 Sentries","floor":112.0,"turns":2.0},{"damage":5.0,"enemies":"Lagavulin","floor":113.0,"turns":1.0},{"damage":0.0,"enemies":"Blue Slaver","floor":115.0,"turns":1.0},{"damage":0,"enemies":"3 Sentries","floor":117,"turns":2},{"damage":0,"enemies":"3 Louse","floor":118,"turns":1},{"damage":10,"enemies":"Hexaghost","floor":120,"turns":2},{"damage":0,"enemies":"2 Thieves","floor":122,"turns":1},{"damage":0,"enemies":"Spheric Guardian","floor":125,"turns":1},{"damage":0,"enemies":"Cultist and Chosen","floor":126,"turns":1},{"damage":42,"enemies":"Slavers","floor":128,"turns":2},{"damage":0,"enemies":"Centurion and Healer","floor":129,"turns":2},{"damage":20,"enemies":"Book of Stabbing","floor":130,"turns":2},{"damage":10,"enemies":"Snake Plant","floor":132,"turns":2},{"damage":22,"enemies":"Slavers","floor":135,"turns":2},{"damage":0,"enemies":"Champ","floor":137,"turns":4},{"damage":3,"enemies":"3 Shapes","floor":139,"turns":2},{"damage":0,"enemies":"Orb Walker","floor":141,"turns":1},{"damage":0,"enemies":"Mind Bloom Boss Battle","floor":142,"turns":1},{"damage":0,"enemies":"Jaw Worm Horde","floor":143,"turns":1},{"damage":0,"enemies":"R_Hoarder","floor":144,"turns":2},{"damage":0,"enemies":"Reptomancer","floor":147,"turns":1},{"damage":0,"enemies":"R_Hoarder","floor":150,"turns":1},{"damage":0,"enemies":"Maw","floor":152,"turns":1},{"damage":0,"enemies":"Replay:Hell Engine","floor":154,"turns":1},{"damage":94,"enemies":"Awakened One","floor":155,"turns":4}],"seed_played":"2218424937639757777","potions_obtained":[{"floor":3.0,"key":"Milkshake"},{"floor":6.0,"key":"LiquidMemories"},{"floor":14.0,"key":"Ambrosia"},{"floor":40.0,"key":"Block Potion"},{"floor":42.0,"key":"Dexterity Potion"},{"floor":48.0,"key":"ColorlessPotion"},{"floor":50.0,"key":"LiquidMemories"},{"floor":54.0,"key":"ExcitationPotion"},{"floor":103.0,"key":"ColorlessPotion"}],"is_trial":true,"path_per_floor":["M","?","?","M","M","E","M","E","T","M","M","E","T","M","R","B",null,"M","M","$","M","?","E","M","E","T","?","E","?","?","M","R","B",null,"M","$","M","?","$","E","M","E","T","R","?","$","E","M","R","B","B",null,"M","?","$","M","?","E","R","E","T","R","E","M","E","M","R","B",null,"M","$","?","M","M","E","R","E","E","R","E","M","?","?","R","B",null,"M","M","$","?","M","E","$","R","E","R","E","R","E","?","R","B","B",null,"M","M","$","?","M","E","R","E","E","R","M","?","E","M","R","B",null,"M","?","?","M","M","R","E","M","E","$","M","?","$","E","R","B",null,"M","$","M","?","M","E","R","?","E","?","R","E","$","M","R","B","B",null],"character_chosen":"WATCHER","items_purchased":["MerchantsRug","Replay:Bottled Eggs","testmod-Dream","Solar Panel","testmod-SpacePotion","Kunai","Sling","Tantrum","Adaptation","testmod-SpacePotion","Self Forming Clay","aspiration:StickyExplosives","Golden Egg","Fasting2","testmod-Charity","Replay:Bandana","ClockworkSouvenir","testmod-Maize","Prayer Wheel","testmod-BouquetWithThorns","Bottled Tornado","LessonLearned","Blue Candle","TungstenRod","ReplayTheSpireMod:ShopPack","testmod-TradeIn","Guide Book","Toy Ornithopter","Blood Vial","Chemical X","Mango","Juzu Bracelet","Replay:WaspNest","OrangePellets","aspiration:Lifesprig","Frozen Egg 2","DollysMirror","Master of Strategy"],"campfire_rested":21,"item_purchase_floors":[20,20,20,20,36,36,36,36,39,39,39,39,46,46,55,55,71,71,71,89,89,89,93,107,107,107,131,131,131,134,134,140,140,140,151,151,151,151],"current_hp_per_floor":[61,67,73,80,80,80,80,80,86,86,86,86,92,92,92,98,98,80,80,80,98,98,85,85,85,91,79,61,35,41,41,74,80,113,113,113,108,108,108,108,86,122,128,128,128,128,128,128,128,130,94,129,140,140,140,149,168,181,181,194,200,200,209,216,241,246,246,267,267,294,294,295,307,328,343,343,357,369,375,399,415,421,421,427,394,472,491,512,512,512,539,397,397,579,604,617,628,633,653,653,653,668,705,710,723,733,733,733,739,745,745,759,765,769,777,777,800,810,810,825,832,844,844,844,852,868,868,848,866,901,901,900,900,914,915,958,984,984,997,997,1010,1024,1038,1062,1068,1074,1092,1102,1102,1122,1122,1144,1144,1182,1210,1210,1210],"gold":882,"neow_bonus":"","is_daily":false,"chose_seed":false,"campfire_upgraded":0,"win_rate":0.0,"timestamp":1609580044,"path_taken":["M","?","?","M","?","E","?","E","T","?","M","E","?","M","R","BOSS","M","M","$","M","?","E","M","E","T","?","E","?","?","M","R","BOSS","M","$","M","?","$","E","?","E","T","R","?","$","E","M","R","BOSS","BOSS","M","?","$","?","?","E","R","E","T","R","E","M","E","M","R","BOSS","M","$","?","M","M","E","R","E","E","R","E","M","?","?","R","BOSS","M","M","$","?","M","E","$","R","E","R","E","R","E","?","R","BOSS","BOSS","M","M","$","?","M","E","R","E","E","R","M","?","E","M","R","BOSS","M","?","?","M","?","R","E","M","E","$","?","?","?","E","R","BOSS","M","$","M","?","M","E","R","?","E","?","R","E","$","M","R","BOSS","BOSS"],"items_purchased_type":["Relic","Relic","Card","Relic","Potion","Relic","Relic","Card","Card","Potion","Relic","Relic","Relic","Card","Relic","Relic","Relic","Relic","Relic","Relic","Relic","Card","Relic","Relic","Relic","Card","Relic","Relic","Relic","Relic","Relic","Relic","Relic","Relic","Relic","Relic","Relic","Card"],"build_version":"2020-12-22","purchased_purges":7,"victory":false,"max_hp_per_floor":[68,74,80,80,80,80,80,80,86,86,86,86,92,92,92,98,98,98,98,98,98,98,98,98,98,104,104,104,104,110,110,110,116,122,122,122,122,122,122,122,122,122,128,128,128,128,128,128,128,134,140,140,140,140,140,149,168,181,181,194,200,200,209,216,241,246,246,267,267,294,294,295,307,328,343,343,357,369,375,399,415,421,421,427,450,486,502,517,517,517,543,581,581,587,611,617,633,633,653,653,653,675,712,712,723,733,733,733,739,745,745,759,769,769,777,777,800,810,810,834,834,844,844,844,852,868,868,888,904,920,920,926,926,940,958,958,984,984,1000,1000,1010,1024,1038,1062,1068,1074,1092,1102,1102,1122,1122,1144,1144,1182,1210,1210,1210],"card_choices":[{"not_picked":["SashWhip","WaveOfTheHand"],"picked":"FollowUp","floor":1.0},{"not_picked":["Perseverance","Wireheading"],"picked":"SignatureMove","floor":3.0},{"not_picked":["Indignation","FearNoEvil"],"picked":"Wallop","floor":4.0},{"not_picked":["EmptyBody","Replay:ManipulateFuture"],"picked":"Collect","floor":5.0},{"not_picked":["SashWhip","EmptyBody","ConjureBlade"],"picked":"SKIP","floor":6.0},{"not_picked":["Protect","Replay:AtTheReady","EmptyBody"],"picked":"SKIP","floor":7.0},{"not_picked":["FlyingSleeves","InnerPeace"],"picked":"Ragnarok","floor":8.0},{"not_picked":["FlyingSleeves","EmptyBody"],"picked":"MentalFortress","floor":10.0},{"not_picked":["Replay:AtTheReady","Consecrate"],"picked":"CutThroughFate","floor":11.0},{"not_picked":["Meditate","SignatureMove"],"picked":"Wish","floor":12.0},{"not_picked":["JustLucky","EmptyBody"],"picked":"Crescendo","floor":14.0},{"not_picked":["MasterReality","DeusExMachina"],"picked":"Omniscience","floor":16.0},{"not_picked":["Evaluate","Replay:BluntJabs","SignatureMove"],"picked":"SKIP","floor":18.0},{"not_picked":["SashWhip","Replay:Cycle","Replay:AtTheReady"],"picked":"SKIP","floor":19.0},{"not_picked":["Pray","BowlingBash","ThirdEye"],"picked":"SKIP","floor":21.0},{"not_picked":["Study","EmptyFist+1","CrushJoints"],"picked":"SKIP","floor":23.0},{"not_picked":["FlyingSleeves+1","ThirdEye","Protect"],"picked":"SKIP","floor":24.0},{"not_picked":["PathToVictory+1","CrushJoints","CarveReality"],"picked":"SKIP","floor":25.0},{"not_picked":["Flash of Steel","Hemogenesis"],"picked":"Impervious","floor":28.0},{"not_picked":["yuri:RecklessStrike","Deflect","Anger"],"picked":"SKIP","floor":31.0},{"not_picked":["testmod-EnhanceArmerment","HeartBreak_Remiria"],"picked":"rmod:windflower","floor":33.0},{"not_picked":["rmod:victimresponsibility","rmod:firesupport","ClearTheMind"],"picked":"SKIP","floor":35.0},{"not_picked":["yuri:GlitchedStrike","Crescendo","Anger"],"picked":"SKIP","floor":37.0},{"not_picked":["Gatherer:BambuSword","Flex+1","testmod-Mystery"],"picked":"SKIP","floor":40.0},{"not_picked":["Gatherer:Herbalism","ShyakuBuku"],"picked":"Hidden Blade","floor":41.0},{"not_picked":["SeekerWire+1","Exhume"],"picked":"Feel No Pain+1","floor":42.0},{"not_picked":["ReplayTheSpireMod:Strike From Hell+1","rmod:highspeedshooting+1","Agarareta+1"],"picked":"SKIP","floor":47.0},{"not_picked":["BowlingBash","rmod:diaomin","Gatherer:TacticalStrike+1"],"picked":"SKIP","floor":48.0},{"not_picked":["BowlingBash","rmod:diaomin","Gatherer:TacticalStrike+1"],"picked":"SKIP","floor":48.0},{"not_picked":["Juggernaut","FlawlessForm"],"picked":"testmod-Reverberation","floor":50.0},{"not_picked":["Unload","yuri:DisableStrike"],"picked":"rmod:seals","floor":51.0},{"not_picked":["FollowUp","ReplayTheSpireMod:Corrosion Curse","rmod:intelligenceanalysis"],"picked":"SKIP","floor":53.0},{"not_picked":["Spin","ReplayTheSpireMod:Exploit Weakness","RoshinSou+1"],"picked":"SKIP","floor":56.0},{"not_picked":["testmod-AutoReboundSystem","Body Slam","MusuNoYume"],"picked":"SKIP","floor":58.0},{"not_picked":["ArtfulChanter","Replay:Parry","Warpath"],"picked":"SKIP","floor":60.0},{"not_picked":["Gatherer:SaveValuables","yuri:InduceGlitch","rmod:highspeedshooting"],"picked":"SKIP","floor":63.0},{"not_picked":["ShatteredReality","Storm of Steel","MusuNoYume"],"picked":"SKIP","floor":64.0},{"not_picked":["Outmaneuver","Rip and Tear","rmod:circuitoustactics"],"picked":"SKIP","floor":65.0},{"not_picked":["Bloodletting","DemonsDinnerFork","GasuOrimono"],"picked":"SKIP","floor":66.0},{"not_picked":["The Bomb","Vault"],"picked":"Offering","floor":68.0},{"not_picked":["Protect","Snipe","Rewind+1"],"picked":"SKIP","floor":70.0},{"not_picked":["ReplayTheSpireMod:LeadingStrike","Hologram","SuitokuNoKyoryu"],"picked":"SKIP","floor":73.0},{"not_picked":["SenseofElegance","NingyouKisou+1","yuri:MPose"],"picked":"SKIP","floor":73.0},{"not_picked":["Defragment","Flex","Gatherer:QuickSynthesis"],"picked":"SKIP","floor":74.0},{"not_picked":["Concentrate+1","Body Slam","DamonLordCradle_Remiria+1"],"picked":"SKIP","floor":74.0},{"not_picked":["Foresight","Gatherer:FragileHammer+1","Gatherer:AcidicSpray"],"picked":"SKIP","floor":75.0},{"not_picked":["Replay:Vibes+1","ShiftingGears+1","testmod-PocketStoneCalender"],"picked":"SKIP","floor":77.0},{"not_picked":["rmod:firesupport","yuri:Stalk","Sentinel"],"picked":"SKIP","floor":78.0},{"not_picked":["EnMu+1","VampireClaw","rmod:aluminumsupply+1"],"picked":"SKIP","floor":80.0},{"not_picked":["Gatherer:WitheringStrike","yuri:ThornRemove","rmod:goodsister"],"picked":"SKIP","floor":81.0},{"not_picked":["Replay:Undeath\u0027s Touch","DamonLordCradle_Remiria","Feint"],"picked":"SKIP","floor":81.0},{"not_picked":["ReplayTheSpireMod:Restless Dread","Replay:Hysterical Blindness"],"picked":"Amnesia","floor":86.0},{"not_picked":["Spreading Infection","Doubt"],"picked":"Exhaustion","floor":86.0},{"not_picked":["Amnesia","Looming Evil"],"picked":"Doubt","floor":86.0},{"not_picked":["yuri:TPose+1","yuri:RecklessStrike+1","CutThroughFate"],"picked":"SKIP","floor":87.0},{"not_picked":["Reprogram","testmod-PocketStoneCalender+1","CruelSlaughter+1"],"picked":"SKIP","floor":87.0},{"not_picked":["FateEnsemble","FierceSweep","rmod:spoils"],"picked":"SKIP","floor":88.0},{"not_picked":["MakuraSeki","Gatherer:BambuSword","rmod:smokecover+1"],"picked":"SKIP","floor":88.0},{"not_picked":["RemiliaStalker","Slice+1","Pommel Strike"],"picked":"SKIP","floor":91.0},{"not_picked":["Body Slam+1","Conserve Battery","Gatherer:GatherMaterial"],"picked":"SKIP","floor":91.0},{"not_picked":["Gatherer:DrugPower+1","Quick Slash","ReturningBlade"],"picked":"SKIP","floor":92.0},{"not_picked":["yuri:NerfBat","Potential","Storm of Steel"],"picked":"SKIP","floor":95.0},{"not_picked":["KeiseiJin+1","SashWhip"],"picked":"Second Wind+1","floor":97.0},{"not_picked":["rmod:mineteam","yuri:CalmingAura","RocketKickup+1"],"picked":"SKIP","floor":99.0},{"not_picked":["ServantFlier","InnerPeace"],"picked":"Feel No Pain","floor":105.0},{"not_picked":["Barrage","TricksterDevil"],"picked":"Armaments","floor":105.0},{"not_picked":["Barrage","FastHealing","Sabishigari+1"],"picked":"SKIP","floor":106.0},{"not_picked":["Blur","NingyouKisou+1","Pommel Strike"],"picked":"SKIP","floor":106.0},{"not_picked":["Swift Strike","Replay:Sssssssssshield"],"picked":"testmod-SelfRegulatingSystem","floor":107.0},{"not_picked":["testmod-ChaoticCore","testmod-TemporaryDeletion"],"picked":"testmod-Superconductor","floor":107.0},{"not_picked":["PathToVictory","Seeing Red","rmod:unsinkable"],"picked":"SKIP","floor":109.0},{"not_picked":["Gatherer:SaveValuables","Deadline","Hidden Blade"],"picked":"SKIP","floor":109.0},{"not_picked":["Steam","Storm"],"picked":"ReplayUltimateDefense","floor":110.0},{"not_picked":["VampireKiss","Gatherer:ScherryThrow","Hello World"],"picked":"SKIP","floor":112.0},{"not_picked":["Cleave","FearNoEvil","Comet"],"picked":"SKIP","floor":113.0},{"not_picked":["Gatherer:SaveValuables","Pommel Strike","Pray"],"picked":"SKIP","floor":115.0},{"not_picked":["Gatherer:Snatch","PiercingWail","rmod:wolves"],"picked":"SKIP","floor":115.0},{"not_picked":["Sucker Punch","Heavy Blade"],"picked":"Echo Form","floor":117},{"not_picked":["Gatherer:FlowerFalling","rmod:garrisonisland","Quick Slash"],"picked":"SKIP","floor":118},{"not_picked":["StigmaNizer","Gatherer:Duality","Weave"],"picked":"SKIP","floor":118},{"not_picked":["Blur","NingyouSousou+1","Outmaneuver"],"picked":"SKIP","floor":122},{"not_picked":["Eviscerate","Replace","VampireClaw"],"picked":"SKIP","floor":122},{"not_picked":["rmod:intelligenceanalysis","Capacitor","rmod:lonelyqueen"],"picked":"SKIP","floor":125},{"not_picked":["VampireKiss","ReplayTheSpireMod:Strike From Hell","Clash"],"picked":"SKIP","floor":125},{"not_picked":["rmod:circuitoustactics","rmod:intelligenceanalysis","rmod:victimresponsibility"],"picked":"SKIP","floor":126},{"not_picked":["Gatherer:BomberForm","yuri:TPose","rmod:goodsister"],"picked":"SKIP","floor":126},{"not_picked":["testmod-ChaoticCore","Flame Barrier+1","Headbutt+1"],"picked":"SKIP","floor":128},{"not_picked":["Melting","Blur","ServantFlier"],"picked":"SKIP","floor":129},{"not_picked":["Gatherer:WoolGloves","Rearm","NingyouYunhei+1"],"picked":"SKIP","floor":129},{"not_picked":["yuri:DisableStrike","Cleave","WaveOfTheHand"],"picked":"SKIP","floor":130},{"not_picked":["rmod:overbreakdown","Mishyaguji+1","Sabishigari+1"],"picked":"SKIP","floor":132},{"not_picked":["Gatherer:WoolGloves+1","Hidden Blade","Gatherer:AromaProtection"],"picked":"SKIP","floor":132},{"not_picked":["JigokuNoTaiyou","Replay:Undeath\u0027s Touch","ReplaySolidLightProjector"],"picked":"SKIP","floor":135},{"not_picked":["Alpha","yuri:RelentlessStrikes"],"picked":"yuri:GhostForm","floor":137},{"not_picked":["Conserve Battery","yuri:WickedSlash","DamonLordCradle_Remiria"],"picked":"SKIP","floor":139},{"not_picked":["Slice","BloodySuit","Dagger Spray"],"picked":"SKIP","floor":139},{"not_picked":["ThePrice","Thunderclap+1","Reset"],"picked":"SKIP","floor":141},{"not_picked":["yuri:AdaptiveAI","Gatherer:FlowerShield","Gatherer:AcidicSpray"],"picked":"SKIP","floor":141},{"not_picked":["rmod:fletcherpendant","Cloak And Dagger"],"picked":"Demon Form","floor":142},{"not_picked":["Tactician+1","Warpath","PiercingWail"],"picked":"SKIP","floor":143},{"not_picked":["Calculated Gamble","Good Instincts+1","Alleviate+1"],"picked":"SKIP","floor":143},{"not_picked":["rmod:supportescort","yuri:ThornRemove+1","EmptyMind+1"],"picked":"SKIP","floor":144},{"not_picked":["SeparateFleshBlood","rmod:diamondstrike","Rip and Tear+1"],"picked":"SKIP","floor":147},{"not_picked":["Gash","Sunlight","RocketKickup+1"],"picked":"SKIP","floor":150},{"not_picked":["ReplayTheSpireMod:Corrosion Curse","rmod:diamondstrike","PathToVictory+1"],"picked":"SKIP","floor":152},{"not_picked":["NingyouSousou+1","Reflex+1","Gatherer:RecipeChange+1"],"picked":"SKIP","floor":152}],"player_experience":595514,"relics_obtained":[{"floor":2.0,"key":"Ring of Peace"},{"floor":2.0,"key":"Ring of Hypnosis"},{"floor":3.0,"key":"ReplayTheSpireMod:Spearhead"},{"floor":6.0,"key":"Replay:PocketPolymizer"},{"floor":8.0,"key":"HornCleat"},{"floor":9.0,"key":"testmod-TurbochargingSystem"},{"floor":12.0,"key":"Snake Skull"},{"floor":13.0,"key":"Whetstone"},{"floor":22.0,"key":"Red Mask"},{"floor":23.0,"key":"Ornamental Fan"},{"floor":25.0,"key":"ReplayTheSpireMod:TigerMarble"},{"floor":26.0,"key":"Carrot"},{"floor":27.0,"key":"PrismaticShard"},{"floor":28.0,"key":"aspiration:Stabinomicon"},{"floor":34.0,"key":"Damaru"},{"floor":34.0,"key":"m_SnakeCloak"},{"floor":34.0,"key":"yuri:GlassOfWater"},{"floor":40.0,"key":"Orichalcum"},{"floor":42.0,"key":"testmod-Antiphasic"},{"floor":43.0,"key":"Paper Frog"},{"floor":47.0,"key":"ReplayFunnel"},{"floor":61.0,"key":"Bottled Flame"},{"floor":142,"key":"Torii"}],"event_choices":[{"damage_healed":0.0,"max_hp_gain":0.0,"max_hp_loss":0.0,"gold_gain":0.0,"event_name":"Masked Bandits","player_choice":"Fought Bandits","floor":22.0,"gold_loss":0.0,"damage_taken":0.0},{"damage_healed":0.0,"max_hp_gain":0.0,"max_hp_loss":0.0,"gold_gain":0.0,"event_name":"Fountain of Cleansing","player_choice":"Ignored","floor":38.0,"gold_loss":0.0,"damage_taken":0.0},{"damage_healed":0.0,"max_hp_gain":0.0,"max_hp_loss":0.0,"gold_gain":0.0,"event_name":"SensoryStone","player_choice":"Memory 1","floor":45.0,"gold_loss":0.0,"damage_taken":0.0},{"damage_healed":0.0,"max_hp_gain":0.0,"max_hp_loss":0.0,"gold_gain":0.0,"event_name":"The Woman in Blue","player_choice":"Bought 1 Potion","floor":54.0,"gold_loss":0.0,"damage_taken":0.0},{"damage_healed":0.0,"max_hp_gain":0.0,"max_hp_loss":0.0,"gold_gain":0.0,"event_name":"Dead Adventurer","player_choice":"Searched \u00272\u0027 times","floor":57.0,"gold_loss":0.0,"damage_taken":0.0,"relics_obtained":["Replay:Wax Seal"]},{"damage_healed":0.0,"max_hp_gain":0.0,"max_hp_loss":0.0,"gold_gain":50.0,"event_name":"Nest","player_choice":"Stole From Cult","floor":72.0,"gold_loss":0.0,"damage_taken":0.0},{"damage_healed":0.0,"max_hp_gain":0.0,"max_hp_loss":0.0,"gold_gain":0.0,"event_name":"Forgotten Altar","player_choice":"Smashed Altar","floor":82.0,"gold_loss":0.0,"damage_taken":0.0,"cards_obtained":["Decay"]},{"damage_healed":0.0,"max_hp_gain":0.0,"max_hp_loss":0.0,"gold_gain":0.0,"event_name":"Vampires","player_choice":"Ignored","floor":83.0,"gold_loss":0.0,"damage_taken":0.0},{"damage_healed":0.0,"max_hp_gain":0.0,"max_hp_loss":0.0,"gold_gain":0.0,"event_name":"给自己的盒子","player_choice":"Swap Relic","floor":90.0,"relics_lost":["Calling Bell"],"gold_loss":0.0,"damage_taken":0.0,"relics_obtained":["testmod-Mahjong"]},{"damage_healed":0,"gold_gain":0,"cards_transformed":["FollowUp"],"player_choice":"Transformed","damage_taken":0,"max_hp_gain":0,"max_hp_loss":0,"event_name":"Transmorgrifier","floor":124,"gold_loss":0,"cards_obtained":["MentalFortress"]},{"cards_removed":["DeceiveReality"],"damage_healed":0,"gold_gain":0,"player_choice":"Gave Card","damage_taken":0,"relics_obtained":["testmod-Justice"],"max_hp_gain":0,"max_hp_loss":0,"event_name":"WeMeetAgain","floor":133,"gold_loss":0},{"damage_healed":0,"gold_gain":0,"player_choice":"Fight","damage_taken":0,"max_hp_gain":0,"max_hp_loss":0,"event_name":"MindBloom","floor":142,"gold_loss":0},{"cards_removed":["Brilliance"],"damage_healed":0,"gold_gain":0,"player_choice":"Offered Rare","damage_taken":0,"max_hp_gain":10,"max_hp_loss":0,"event_name":"Bonfire Elementals","floor":148,"gold_loss":0}],"is_beta":false,"boss_relics":[{"not_picked":["aspiration:IroncladSkillbook","aspiration:SilentSkillbook"],"picked":"aspiration:SecretTechniqueScroll"},{"not_picked":["testmod-Prudence","Sozu"],"picked":"Replay:Grab Bag"},{"not_picked":["Runic Dome","Busted Crown"],"picked":"Fusion Hammer"},{"not_picked":["Velvet Choker","Ooze Armor"],"picked":"Philosopher\u0027s Stone"},{"not_picked":["Empty Cage","Black Star"],"picked":"Calling Bell"},{"not_picked":["StoneMask","testmod-HarvestTotem"],"picked":"testmod-EnergyCheck"},{"not_picked":["Gatherer:ExplorersPath","Replay:Wanted Poster"],"picked":"MysterySword"},{"not_picked":["testmod-Nine","aspiration:RunicSpoon"],"picked":"testmod-NegativeEmotionEnhancer"},{"not_picked":["VioletLotus","Replay:Wanted Poster"],"picked":"Replay:Ancient Bell"},{"not_picked":["Ancient Tea Set","aspiration:HiddenCompartment"],"picked":"Vajra"},{"not_picked":["Divine Protection","ReplayTheSpireMod:Shallot"],"picked":"Replay:Bottled Eggs"},{"not_picked":["Lizard Tail","testmod-Déjàvu"],"picked":"testmod-Laevatain"},{"not_picked":["aspiration:RandomNobGenerator","Velvet Choker"],"picked":"aspiration:PoetsPen"},{"not_picked":["VioletLotus","testmod-Prudence"],"picked":"testmod-DreamHouse"},{"not_picked":["Painkiller Herb","aspiration:FutureDiary"],"picked":"Empty Cage"},{"not_picked":["Runic Pyramid","Runic Dome"],"picked":"SlaversCollar"}],"items_purged_floors":[20,39,46,55,71,89,107],"is_endless":true,"potions_floor_spawned":[6,8,10,14,16,18,23,24,25,28,40,42,48,50,57,64,66,73,78,80,81,85,87,97,103,106,109,110,113,120,126,129,132,141,144,150,154],"ascension_level":20}}