{"host":"aeidq2c3auzxo1yh","time":1609556921,"event":{"mods":["AchievementEnabler","BaseMod","Colored Map","Colored Powertips","Minty Spire (QoL Compilation)","Relic Stats","StSLib"],"gold_per_floor":[112,112,0,0,16,16,49,49,49,49,80,5,21,46,46,120,120,138,112,37,57,70,70,105,105,105,105,105],"floor_reached":27,"playtime":1091,"items_purged":["Strike_G"],"score":548,"play_id":"4a5f1345-b7be-4f5a-920b-7eea98f13a25","local_time":"20210102080841","is_ascension_mode":true,"campfire_choices":[{"data":"Neutralize","floor":6,"key":"SMITH"},{"data":"Dagger Spray","floor":8,"key":"SMITH"},{"data":"Deadly Poison","floor":10,"key":"SMITH"},{"data":"Crippling Poison","floor":15,"key":"SMITH"},{"floor":23,"key":"REST"},{"data":"Bane","floor":25,"key":"SMITH"}],"circlet_count":0,"master_deck":["AscendersBane","Strike_G","Strike_G","Strike_G","Strike_G","Defend_G","Defend_G","Defend_G","Defend_G","Survivor","Neutralize+1","Dagger Spray+1","Deadly Poison+1","Crippling Poison+1","Blade Dance","Backflip","Blur","Burst","Bane+1","Caltrops+1","Dash+1"],"relics":["Ring of the Snake","NeowsBlessing","Lantern","Vajra","Bronze Scales","Akabeko","Velvet Choker","Bottled Lightning"],"acts_visited":["Exordium","TheCity"],"potions_floor_usage":[11,22,22],"damage_taken":[{"damage":0,"enemies":"2 Louse","floor":1,"turns":1},{"damage":0,"enemies":"Cultist","floor":5,"turns":1},{"damage":0,"enemies":"Gremlin Nob","floor":7,"turns":1},{"damage":7,"enemies":"Lagavulin","floor":11,"turns":5},{"damage":0,"enemies":"Jaw Worm","floor":13,"turns":2},{"damage":17,"enemies":"3 Sentries","floor":14,"turns":5},{"damage":16,"enemies":"The Guardian","floor":16,"turns":9},{"damage":0,"enemies":"3 Byrds","floor":18,"turns":2},{"damage":15,"enemies":"2 Thieves","floor":19,"turns":4},{"damage":10,"enemies":"Centurion and Healer","floor":21,"turns":4},{"damage":27,"enemies":"Cultist and Chosen","floor":22,"turns":5},{"damage":8,"enemies":"Slavers","floor":24,"turns":3},{"damage":14,"enemies":"Book of Stabbing","floor":27,"turns":3}],"seed_played":"8607607103747165309","potions_obtained":[{"floor":7,"key":"SpeedPotion"},{"floor":13,"key":"FearPotion"},{"floor":16,"key":"DuplicationPotion"},{"floor":21,"key":"DistilledChaos"}],"is_trial":false,"path_per_floor":["M","?","$","?","M","R","E","R","T","R","E","$","M","E","R","B",null,"M","M","?","M","M","R","E","R","T","E"],"character_chosen":"THE_SILENT","items_purchased":["Dagger Spray","Deadly Poison"],"campfire_rested":1,"item_purchase_floors":[3,3],"current_hp_per_floor":[59,59,59,59,59,59,59,59,59,59,52,52,52,35,35,19,54,54,39,39,29,2,21,13,13,13,0,0],"gold":105,"neow_bonus":"THREE_ENEMY_KILL","is_daily":false,"chose_seed":false,"campfire_upgraded":5,"win_rate":0.0,"timestamp":1609556921,"path_taken":["M","?","?","?","?","R","E","R","T","R","E","?","M","E","R","BOSS","M","M","?","M","M","R","E","R","T","E"],"items_purchased_type":["Card","Card"],"build_version":"2020-12-22","purchased_purges":1,"victory":false,"max_hp_per_floor":[66,66,66,66,66,66,66,66,66,66,66,66,66,66,66,66,66,66,66,66,66,66,66,66,66,66,66,66],"relic_stats":{"counters":[13,45],"Bronze Scales":[183],"obtain_stats":[{"Lantern":7,"NeowsBlessing":0,"Bronze Scales":11,"Vajra":9,"Velvet Choker":17,"Bottled Lightning":24,"Akabeko":14,"Ring of the Snake":0},{"Lantern":3,"NeowsBlessing":0,"Bronze Scales":4,"Vajra":3,"Velvet Choker":7,"Bottled Lightning":12,"Akabeko":6,"Ring of the Snake":0},{"Lantern":3,"NeowsBlessing":0,"Bronze Scales":8,"Vajra":3,"Velvet Choker":24,"Bottled Lightning":42,"Akabeko":15,"Ring of the Snake":0}],"Ring of the Snake":[26]},"card_choices":[{"not_picked":["Backflip","Quick Slash"],"picked":"Deflect","floor":1},{"not_picked":["Reflex","Sucker Punch"],"picked":"Crippling Poison","floor":5},{"not_picked":["Riddle With Holes","Prepared"],"picked":"Blade Dance","floor":7},{"not_picked":["Phantasmal Killer","Flying Knee","Underhanded Strike"],"picked":"SKIP","floor":11},{"not_picked":["Setup","Eviscerate"],"picked":"Backflip","floor":13},{"not_picked":["Backflip","Dagger Spray"],"picked":"Blur","floor":14},{"not_picked":["Grand Finale","A Thousand Cuts"],"picked":"Burst","floor":16},{"not_picked":["Blur","Sucker Punch"],"picked":"Bane","floor":18},{"not_picked":["Flechettes","Dodge and Roll","Dagger Throw"],"picked":"SKIP","floor":19},{"not_picked":["Dagger Throw","Backflip","Quick Slash"],"picked":"SKIP","floor":21},{"not_picked":["Outmaneuver","Riddle With Holes"],"picked":"Caltrops+1","floor":22},{"not_picked":["Cloak And Dagger","Backstab"],"picked":"Dash+1","floor":24}],"player_experience":878806,"relics_obtained":[{"floor":7,"key":"Lantern"},{"floor":9,"key":"Vajra"},{"floor":11,"key":"Bronze Scales"},{"floor":14,"key":"Akabeko"},{"floor":24,"key":"Bottled Lightning"}],"event_choices":[{"cards_removed":["Defend_G"],"damage_healed":0,"gold_gain":0,"player_choice":"Offered Basic","damage_taken":0,"max_hp_gain":0,"max_hp_loss":0,"event_name":"Bonfire Elementals","floor":2,"gold_loss":0},{"damage_healed":0,"gold_gain":0,"player_choice":"Ignored","damage_taken":0,"max_hp_gain":0,"max_hp_loss":0,"event_name":"Liars Game","floor":4,"gold_loss":0},{"cards_removed":["Deflect"],"damage_healed":0,"gold_gain":0,"player_choice":"Gave Gold","damage_taken":0,"max_hp_gain":0,"max_hp_loss":0,"event_name":"Beggar","floor":20,"gold_loss":75}],"is_beta":false,"boss_relics":[{"not_picked":["Snecko Eye","Runic Dome"],"picked":"Velvet Choker"}],"items_purged_floors":[12],"is_endless":false,"potions_floor_spawned":[7,13,16,19,21],"killed_by":"Book of Stabbing","ascension_level":20}}