{"host":"nlbr7nnijupf3yfg","time":1609552015,"event":{"mods":["AchievementEnabler","BaseMod","Colored Powertips","DeckTracker","Downfall","Hubris","Minty Spire (QoL Compilation)","Replay The Spire","StSLib","SuperFastMode"],"gold_per_floor":[109,109,109,109,72,107,107,136,136,167,184,184,199,225,225,322,322,340,340,357,115,139,139,172,22,48,48,77,93,104,114,114,114,114],"floor_reached":33,"playtime":641,"items_purged":[],"score":476,"play_id":"02e10c7f-f5e6-4422-b719-62d3003c388c","local_time":"20210101204655","is_ascension_mode":true,"campfire_choices":[{"data":"Infernal Blade","floor":7,"key":"SMITH"},{"data":"Spot Weakness","floor":15,"key":"SMITH"},{"floor":23,"key":"REST"},{"floor":32,"key":"REST"}],"circlet_count":0,"master_deck":["Strike_R","Strike_R","Strike_R+2","Strike_R+1","Defend_R","Defend_R","Defend_R","Defend_R","Bash","ReplayTheSpireMod:Strike From Hell+1","Iron Wave+1","Infernal Blade+1","Spot Weakness+1","Perfected Strike+1","Feed","Demonic Infusion+1","Flex","Inflame+1","Life Link+1","Thunderclap+1"],"relics":["Burning Blood","NeowsBlessing","Simple Rune","Paper Frog","Mummified Hand","Strawberry","hubris:Icosahedron","Garlic","hubris:Backtick","Another Sword","Replay:WaspNest","Gremlin Food","Pet Ghost","Anchor","Potion Belt","Replay:Baseball","hubris:BottledRain"],"acts_visited":["Exordium","TheCity"],"potions_floor_usage":[14,14,16,30,31,31,31],"damage_taken":[{"damage":0,"enemies":"2 Louse","floor":1,"turns":1},{"damage":0,"enemies":"3 Sentries","floor":6,"turns":2},{"damage":0,"enemies":"Gremlin Nob","floor":8,"turns":1},{"damage":18,"enemies":"3 Sentries","floor":10,"turns":6},{"damage":5,"enemies":"Small Slimes","floor":11,"turns":3},{"damage":0,"enemies":"Cultist","floor":13,"turns":2},{"damage":20,"enemies":"Lagavulin","floor":14,"turns":3},{"damage":30,"enemies":"Slime Boss","floor":16,"turns":9},{"damage":20,"enemies":"2 Thieves","floor":18,"turns":3},{"damage":5,"enemies":"Chosen","floor":20,"turns":3},{"damage":37,"enemies":"Book of Stabbing","floor":24,"turns":4},{"damage":11,"enemies":"Slavers","floor":28,"turns":4},{"damage":15,"enemies":"Snecko","floor":29,"turns":4},{"damage":32,"enemies":"Centurion and Healer","floor":30,"turns":3},{"damage":11,"enemies":"Shelled Parasite and Fungi","floor":31,"turns":3},{"damage":60,"enemies":"Collector","floor":33,"turns":5}],"seed_played":"1272519818863590479","potions_obtained":[{"floor":1,"key":"LiquidMemories"},{"floor":11,"key":"Strength Potion"},{"floor":13,"key":"Swift Potion"},{"floor":14,"key":"ColorlessPotion"},{"floor":28,"key":"LiquidMemories"},{"floor":29,"key":"Guardian:BlockOnCardUsePotion"},{"floor":30,"key":"champ:CounterPotion"}],"is_trial":false,"path_per_floor":["M","$","?","?","$","E","R","E","T","E","M","?","M","E","R","B",null,"M","?","M","$","T","R","E","$","T","$","E","M","M","M","R","B"],"character_chosen":"IRONCLAD","items_purchased":["Iron Wave+1","Replay:WaspNest","Anchor","Replay:Baseball"],"campfire_rested":2,"item_purchase_floors":[5,21,25,27],"current_hp_per_floor":[80,80,80,73,73,79,79,80,80,75,76,76,82,68,68,47,79,68,68,72,72,72,96,65,65,65,55,50,41,15,13,42,0,0],"gold":114,"neow_bonus":"THREE_ENEMY_KILL","is_daily":false,"chose_seed":false,"campfire_upgraded":2,"win_rate":0.0,"timestamp":1609552015,"path_taken":["M","$","?","?","$","E","R","E","T","E","M","?","M","E","R","BOSS","M","?","?","?","?","R","E","$","T","?","E","M","M","M","R","BOSS"],"items_purchased_type":["Card","Relic","Relic","Relic"],"build_version":"2020-12-22","purchased_purges":0,"victory":false,"max_hp_per_floor":[80,80,80,80,80,80,80,80,80,87,87,87,87,87,87,90,90,93,93,96,96,96,96,96,96,96,96,96,96,96,99,99,99,99],"card_choices":[{"not_picked":["Disarm","Entrench"],"picked":"ReplayTheSpireMod:Strike From Hell","floor":1},{"not_picked":["Fire Breathing","Inflame"],"picked":"Infernal Blade","floor":6},{"not_picked":["Fire Breathing","Headbutt"],"picked":"Spot Weakness","floor":8},{"not_picked":["Entrench","Sentinel","Carnage"],"picked":"SKIP","floor":10},{"not_picked":["Replay:Undeath\u0027s Touch","Shrug It Off","Carnage"],"picked":"SKIP","floor":11},{"not_picked":["Anger","Whirlwind"],"picked":"Perfected Strike","floor":13},{"not_picked":["Spot Weakness","Thunderclap"],"picked":"Feed","floor":14},{"not_picked":["Reaper","Impervious"],"picked":"Demonic Infusion","floor":16},{"not_picked":["Headbutt","Heavy Blade+1","Anger"],"picked":"SKIP","floor":18},{"not_picked":["Heavy Blade+1","Massacre+1","Disarm"],"picked":"SKIP","floor":20},{"not_picked":["ReplayTheSpireMod:Corrosion Curse+1","Exhume"],"picked":"Flex","floor":24},{"not_picked":["Run Through","ReplayTheSpireMod:Corrosion Curse"],"picked":"Inflame+1","floor":28},{"not_picked":["Shrug It Off+1","Replay:Undeath\u0027s Touch+1"],"picked":"Life Link+1","floor":29},{"not_picked":["hubris:ReadiedAction","True Grit+1"],"picked":"Thunderclap+1","floor":30},{"not_picked":["Sword Boomerang","Rage","Heavy Blade+1"],"picked":"SKIP","floor":31}],"player_experience":26335,"relics_obtained":[{"floor":6,"key":"Simple Rune"},{"floor":8,"key":"Paper Frog"},{"floor":9,"key":"Mummified Hand"},{"floor":10,"key":"Strawberry"},{"floor":14,"key":"Garlic"},{"floor":22,"key":"Gremlin Food"},{"floor":24,"key":"Pet Ghost"},{"floor":26,"key":"Potion Belt"},{"floor":28,"key":"hubris:BottledRain"}],"event_choices":[{"damage_healed":0,"gold_gain":0,"player_choice":"Grow","damage_taken":0,"max_hp_gain":0,"max_hp_loss":0,"event_name":"Living Wall","floor":3,"gold_loss":0,"cards_upgraded":["ReplayTheSpireMod:Strike From Hell"]},{"cards_removed":["Strike_R"],"damage_healed":0,"gold_gain":0,"player_choice":"Card Removal","damage_taken":7,"max_hp_gain":0,"max_hp_loss":0,"event_name":"Golden Wing","floor":4,"gold_loss":0},{"damage_healed":0,"gold_gain":0,"player_choice":"Upgraded","damage_taken":0,"max_hp_gain":0,"max_hp_loss":0,"event_name":"Upgrade Shrine","floor":19,"gold_loss":0,"cards_upgraded":["Demonic Infusion"]}],"is_beta":false,"boss_relics":[{"not_picked":["Sozu","Painkiller Herb"],"picked":"hubris:Backtick"}],"items_purged_floors":[],"is_endless":false,"potions_floor_spawned":[1,11,13,14,28,29,30],"killed_by":"Collector","ascension_level":5}}