{"host":"9d9dhukr2jywmy0f","time":1609586865,"event":{"mods":["2.2 Compatiblity","Alarm Clock","BaseMod","Bestiary","Block Reminder","Colored Map","Colored Powertips","Curses Come First","DeckTracker","Highlight Path","Key Reminder","Keyboard Shortcuts","Koishi","Minty Spire (QoL Compilation)","MonsterHotkey","Quick Restart","Rare Cards Sparkle","Relic Sorter","Relic Stats","Spire Birthday Party","StSLib","SuperFastMode","Synergy Search","Unceasing Turn Reminder","Unknown Chances"],"gold_per_floor":[122,116,134,59,71,71,71,103,103,103,120,143,172,184,184,184,255,305,318,318,335,17,17,17,49,66,66,98,109,109,143,160,160,238,238,248,248,264,214,214,240,190,190,190,190,218,233,252,286,286,286,286,286,78,103,103],"floor_reached":56,"playtime":2363,"items_purged":["Koishi:BasicStrike","Koishi:BasicDefend","Koishi:HauntingSlash","Koishi:SilentAndRestless","Koishi:Provoke+1"],"score":2811,"play_id":"94b35e9b-4638-4885-a71c-32be106c243e","local_time":"20210102192745","is_ascension_mode":true,"campfire_choices":[{"data":"Koishi:HeartAttack","floor":6.0,"key":"SMITH"},{"data":"Koishi:ReleaseOfTheId","floor":8.0,"key":"SMITH"},{"floor":15.0,"key":"REST"},{"floor":23.0,"key":"RECALL"},{"data":"Koishi:GeneticsOfTheUnconscious","floor":29.0,"key":"SMITH"},{"data":"Koishi:UnconsciousUprising","floor":32.0,"key":"SMITH"},{"data":"Koishi:PhilosophyOfTheDespised","floor":42.0,"key":"SMITH"},{"floor":44.0,"key":"REST"},{"data":"Koishi:SubterraneanRose","floor":49.0,"key":"SMITH"},{"data":"Koishi:ReflexRadar","floor":52.0,"key":"SMITH"}],"circlet_count":0,"master_deck":["AscendersBane","Koishi:HeartAttack+1","Koishi:FreudianInstinct","Koishi:ReflexRadar","Koishi:ReleaseOfTheId+1","Koishi:SubterraneanRose+1","Koishi:MassHysteria","Koishi:GeneticsOfTheUnconscious+1","Koishi:UnconsciousUprising+1","Koishi:ReflexRadar+1","Koishi:ReflexRadar","Koishi:ReflexRadar","Koishi:FourthEye","Koishi:PhilosophyOfTheDespised+1","Koishi:ReflexRadar","Koishi:ApparitionsStalkTheNight","Koishi:FreudianInstinct","Koishi:EmbersOfLove+1","Koishi:HeartAttack+1","Koishi:ReflexRadar","Koishi:FreudianInstinct+1","Koishi:ReflexRadar","Koishi:IdleWhim+1","Koishi:GeneticsOfTheUnconscious"],"relics":["Koishi:ImaginaryFriend","Koishi:LettersToReimu","Odd Mushroom","TungstenRod","Tiny House","TheAbacus","Vajra","Matryoshka","Juzu Bracelet","Smiling Mask","Pandora\u0027s Box","Ornamental Fan","Oddly Smooth Stone","Pen Nib","Pantograph","StoneCalendar","Orrery"],"acts_visited":["Exordium","TheCity","TheBeyond","TheEnding"],"potions_floor_usage":[55],"damage_taken":[{"damage":2.0,"enemies":"2 Louse","floor":1.0,"turns":3.0},{"damage":7.0,"enemies":"Jaw Worm","floor":2.0,"turns":3.0},{"damage":7.0,"enemies":"Small Slimes","floor":4.0,"turns":3.0},{"damage":9.0,"enemies":"Lagavulin","floor":7.0,"turns":4.0},{"damage":0.0,"enemies":"2 Fungi Beasts","floor":10.0,"turns":4.0},{"damage":21.0,"enemies":"The Mushroom Lair","floor":11.0,"turns":5.0},{"damage":6.0,"enemies":"3 Sentries","floor":12.0,"turns":8.0},{"damage":3.0,"enemies":"3 Louse","floor":13.0,"turns":5.0},{"damage":4.0,"enemies":"The Guardian","floor":16.0,"turns":8.0},{"damage":0.0,"enemies":"Chosen","floor":18.0,"turns":3.0},{"damage":0.0,"enemies":"Spheric Guardian","floor":20.0,"turns":3.0},{"damage":9.0,"enemies":"Slavers","floor":24.0,"turns":3.0},{"damage":0.0,"enemies":"Chosen and Byrds","floor":25.0,"turns":5.0},{"damage":6.0,"enemies":"Book of Stabbing","floor":27.0,"turns":4.0},{"damage":0.0,"enemies":"3 Cultists","floor":28.0,"turns":4.0},{"damage":0.0,"enemies":"Slavers","floor":30.0,"turns":2.0},{"damage":7.0,"enemies":"Shelled Parasite and Fungi","floor":31.0,"turns":2.0},{"damage":0.0,"enemies":"Champ","floor":33.0,"turns":5.0},{"damage":0.0,"enemies":"3 Shapes","floor":35.0,"turns":2.0},{"damage":18.0,"enemies":"Orb Walker","floor":37.0,"turns":3.0},{"damage":0.0,"enemies":"Reptomancer","floor":40.0,"turns":4.0},{"damage":4.0,"enemies":"Nemesis","floor":45.0,"turns":3.0},{"damage":0.0,"enemies":"Writhing Mass","floor":46.0,"turns":3.0},{"damage":0.0,"enemies":"3 Darklings","floor":47.0,"turns":2.0},{"damage":0.0,"enemies":"Reptomancer","floor":48.0,"turns":3.0},{"damage":0.0,"enemies":"Donu and Deca","floor":50.0,"turns":4.0},{"damage":0,"enemies":"Shield and Spear","floor":54,"turns":2},{"damage":0,"enemies":"The Heart","floor":55,"turns":6}],"seed_played":"-4508436701124926084","potions_obtained":[{"floor":1.0,"key":"Fruit Juice"},{"floor":10.0,"key":"BlessingOfTheForge"},{"floor":13.0,"key":"DistilledChaos"},{"floor":17.0,"key":"Fruit Juice"},{"floor":18.0,"key":"FearPotion"},{"floor":20.0,"key":"Fruit Juice"},{"floor":31.0,"key":"EssenceOfSteel"},{"floor":33.0,"key":"SkillPotion"},{"floor":37.0,"key":"Strength Potion"}],"is_trial":false,"path_per_floor":["M","M","$","M","?","R","E","R","T","M","?","E","M","?","R","B",null,"M","?","M","$","?","R","E","M","T","E","M","R","E","M","R","B",null,"M","?","M","$","?","E","$","R","T","R","E","M","M","E","R","B",null,"R","$","E","B",null],"character_chosen":"KOISHI","items_purchased":["Koishi:ReflexRadar","TheAbacus","Orrery"],"campfire_rested":2,"item_purchase_floors":[21,21,53],"current_hp_per_floor":[7,54,48,48,41,46,46,38,38,38,39,19,14,11,11,31,29,68,68,68,73,73,73,73,64,64,64,58,58,58,58,51,51,51,74,74,74,56,56,56,56,56,56,56,80,76,76,76,76,76,82,82,82,82,82,82],"gold":103,"neow_bonus":"THREE_CARDS","is_daily":false,"chose_seed":false,"campfire_upgraded":7,"win_rate":0.0,"timestamp":1609586865,"path_taken":["M","M","$","M","?","R","E","R","T","M","?","E","M","?","R","BOSS","M","?","M","$","?","R","E","M","T","E","M","R","E","M","R","BOSS","M","?","M","$","?","E","$","R","T","R","E","M","M","E","R","BOSS","R","$","E","BOSS"],"items_purchased_type":["Card","Relic","Relic"],"build_version":"2020-11-30","purchased_purges":5,"victory":true,"max_hp_per_floor":[71,62,62,62,62,67,67,67,67,67,67,67,67,67,67,67,67,77,77,77,82,82,82,82,82,82,82,82,82,82,82,82,82,82,82,82,82,82,82,82,82,82,82,82,82,82,82,82,82,82,82,82,82,82,82,82],"relic_stats":{"TheAbacus":[198],"counters":[28,106],"Ornamental Fan":[36],"Pantograph":6,"Pandora\u0027s Box":["Koishi:FourthEye","Koishi:PhilosophyOfTheDespised","Koishi:ReflexRadar","Koishi:ApparitionsStalkTheNight","Koishi:SilentAndRestless"],"StoneCalendar":[0],"Pen Nib":[4],"Juzu Bracelet":2,"Smiling Mask":300,"obtain_stats":[{"Tiny House":17,"Vajra":24,"Oddly Smooth Stone":43,"StoneCalendar":48,"Pen Nib":43,"Juzu Bracelet":27,"Odd Mushroom":11,"Smiling Mask":30,"keyreminder:keyreminder":7,"Frozen Eye":35,"TheAbacus":21,"Matryoshka":26,"Ornamental Fan":40,"Pantograph":45,"Orrery":53,"Pandora\u0027s Box":34,"TungstenRod":12,"Koishi:ImaginaryFriend":0,"Koishi:LettersToReimu":7},{"Tiny House":9,"Vajra":12,"Oddly Smooth Stone":21,"StoneCalendar":25,"Pen Nib":21,"Juzu Bracelet":14,"Odd Mushroom":6,"Smiling Mask":16,"keyreminder:keyreminder":4,"Frozen Eye":19,"TheAbacus":11,"Matryoshka":13,"Ornamental Fan":21,"Pantograph":22,"Orrery":26,"Pandora\u0027s Box":18,"TungstenRod":7,"Koishi:ImaginaryFriend":0,"Koishi:LettersToReimu":4},{"Tiny House":43,"Vajra":52,"Oddly Smooth Stone":83,"StoneCalendar":94,"Pen Nib":83,"Juzu Bracelet":61,"Odd Mushroom":22,"Smiling Mask":67,"keyreminder:keyreminder":13,"Frozen Eye":75,"TheAbacus":49,"Matryoshka":57,"Ornamental Fan":83,"Pantograph":86,"Orrery":98,"Pandora\u0027s Box":74,"TungstenRod":30,"Koishi:ImaginaryFriend":0,"Koishi:LettersToReimu":13}],"TungstenRod":12},"card_choices":[{"not_picked":["Koishi:ReleaseOfTheId","Koishi:DreadfulBlow"],"picked":"Koishi:HeartAttack","floor":0.0},{"not_picked":["Koishi:HeartfeltFancy","Koishi:SubterraneanRose"],"picked":"Koishi:FreudianInstinct","floor":1.0},{"not_picked":["Koishi:EmbersOfLove","Koishi:CatchAndRose"],"picked":"Koishi:ReflexRadar","floor":2.0},{"not_picked":["Koishi:IdleWhim","Koishi:ReflexRadar"],"picked":"Koishi:ReleaseOfTheId","floor":4.0},{"not_picked":["Koishi:Jaunt","Koishi:DanmakuParanoia","Koishi:Ego"],"picked":"SKIP","floor":7.0},{"not_picked":["Koishi:SubconsciousSweep","Koishi:LastRemote","Koishi:UnseenTerror"],"picked":"SKIP","floor":10.0},{"not_picked":["Koishi:PhantomStrike","Koishi:EmbryosDream"],"picked":"Koishi:SubterraneanRose","floor":12.0},{"not_picked":["Koishi:PhantomBarrier","Koishi:MentalBreakdown"],"picked":"Koishi:MassHysteria","floor":13.0},{"not_picked":["Koishi:BloodcurdlingScream","Koishi:ParalyzingFear"],"picked":"Koishi:GeneticsOfTheUnconscious","floor":17.0},{"not_picked":["Koishi:DanmakuParanoia","Koishi:BramblyRoseGarden"],"picked":"Koishi:UnconsciousUprising","floor":18.0},{"not_picked":["Koishi:Jaunt","Koishi:SubterraneanRose","Koishi:JumpScare"],"picked":"SKIP","floor":20.0},{"not_picked":["Koishi:RacingHeart","Koishi:ImGoingToCallYouNow","Koishi:Heartbroken"],"picked":"SKIP","floor":24.0},{"not_picked":["Koishi:UnconsciousUprising","Koishi:ParalyzingFear","Koishi:PhantomBarrier"],"picked":"SKIP","floor":25.0},{"not_picked":["Koishi:PhantomBarrier","Koishi:CatchAndRose","Koishi:SubterraneanRose"],"picked":"SKIP","floor":27.0},{"not_picked":["Koishi:JumpScare","Koishi:StrangeCloudFist","Koishi:DreadfulBlow"],"picked":"SKIP","floor":28.0},{"not_picked":["Koishi:HeartStoppingHorror","Koishi:Jaunt"],"picked":"Koishi:ReflexRadar","floor":30.0},{"not_picked":["Koishi:ParalyzingFear","Koishi:Prune"],"picked":"Koishi:ReflexRadar","floor":31.0},{"not_picked":["Koishi:BramblyRoseGarden","Koishi:BloodcurdlingScream+1","Koishi:EmbryosDream"],"picked":"SKIP","floor":35.0},{"not_picked":["Koishi:PredatoryInstincts","Koishi:FleetingPhantom","Koishi:Untouchable"],"picked":"SKIP","floor":37.0},{"not_picked":["Koishi:UnconsciousUprising","Koishi:ImGoingToCallYouNow","Koishi:EmbryosDream"],"picked":"SKIP","floor":40.0},{"not_picked":["Koishi:FidgetySnatcher","Koishi:HeartStoppingHorror","Koishi:DanmakuParanoia+1"],"picked":"SKIP","floor":45.0},{"not_picked":["Koishi:PhantomBarrier","Koishi:DanmakuParanoia"],"picked":"Koishi:EmbersOfLove+1","floor":46.0},{"not_picked":["Koishi:UnconsciousUrges","Koishi:UnconsciousUprising+1","Koishi:Catatonia"],"picked":"SKIP","floor":47.0},{"not_picked":["Koishi:RorschachInDanmaku","Koishi:RacingHeart"],"picked":"Koishi:HeartAttack+1","floor":48.0},{"not_picked":["Koishi:UnconsciousUprising+1","Koishi:FidgetySnatcher"],"picked":"Koishi:ReflexRadar","floor":53},{"not_picked":["Koishi:UnconsciousUprising","Koishi:Prune"],"picked":"Koishi:FreudianInstinct+1","floor":53},{"not_picked":["Koishi:MindNumbingTerror","Koishi:DNAsFlaw"],"picked":"Koishi:ReflexRadar","floor":53},{"not_picked":["Koishi:SpiritedAway","Koishi:ReleaseOfTheId+1"],"picked":"Koishi:IdleWhim+1","floor":53},{"not_picked":["Koishi:TraumaticStroke+1","Koishi:PhantomStrike"],"picked":"Koishi:GeneticsOfTheUnconscious","floor":54}],"player_experience":874283,"relics_obtained":[{"floor":7.0,"key":"Koishi:LettersToReimu"},{"floor":11.0,"key":"Odd Mushroom"},{"floor":12.0,"key":"TungstenRod"},{"floor":24.0,"key":"Vajra"},{"floor":26.0,"key":"Matryoshka"},{"floor":27.0,"key":"Juzu Bracelet"},{"floor":30.0,"key":"Smiling Mask"},{"floor":40.0,"key":"Ornamental Fan"},{"floor":43.0,"key":"Oddly Smooth Stone"},{"floor":43.0,"key":"Pen Nib"},{"floor":45.0,"key":"Pantograph"},{"floor":48.0,"key":"StoneCalendar"}],"event_choices":[{"damage_healed":0.0,"max_hp_gain":5.0,"max_hp_loss":0.0,"gold_gain":0.0,"event_name":"Big Fish","player_choice":"Donut","floor":5.0,"gold_loss":0.0,"damage_taken":0.0},{"damage_healed":0.0,"max_hp_gain":0.0,"max_hp_loss":0.0,"gold_gain":0.0,"event_name":"Mushrooms","player_choice":"Fought Mushrooms","floor":11.0,"gold_loss":0.0,"damage_taken":0.0},{"damage_healed":0.0,"max_hp_gain":0.0,"max_hp_loss":0.0,"gold_gain":0.0,"event_name":"Shining Light","player_choice":"Ignored","floor":14.0,"gold_loss":0.0,"damage_taken":0.0},{"damage_healed":0.0,"max_hp_gain":0.0,"max_hp_loss":0.0,"gold_gain":0.0,"event_name":"Ghosts","player_choice":"Ignored","floor":19.0,"gold_loss":0.0,"damage_taken":0.0},{"cards_removed":["Koishi:BasicStrike"],"damage_healed":0.0,"max_hp_gain":0.0,"max_hp_loss":0.0,"gold_gain":0.0,"event_name":"Bonfire Elementals","player_choice":"Offered Basic","floor":22.0,"gold_loss":0.0,"damage_taken":0.0},{"damage_healed":0.0,"max_hp_gain":0.0,"max_hp_loss":0.0,"gold_gain":0.0,"event_name":"SecretPortal","player_choice":"Ignored","floor":36.0,"gold_loss":0.0,"damage_taken":0.0},{"damage_healed":0.0,"max_hp_gain":0.0,"max_hp_loss":0.0,"gold_gain":0.0,"event_name":"Duplicator","player_choice":"Copied","floor":39.0,"gold_loss":0.0,"damage_taken":0.0,"cards_obtained":["Koishi:FreudianInstinct"]}],"is_beta":false,"boss_relics":[{"not_picked":["SlaversCollar","Runic Dome"],"picked":"Tiny House"},{"not_picked":["Runic Pyramid","SacredBark"],"picked":"Pandora\u0027s Box"}],"items_purged_floors":[3,21,38,41,53],"is_endless":false,"potions_floor_spawned":[1,10,13,18,20,31,33,37,47,48],"ascension_level":17}}