{"host":"Yuki","time":1609546790,"event":{"mods":["AchievementEnabler","BaseMod","Block Reminder","Colored Map","Colored Powertips","Googly Eyes","Highlight Path","Minty Spire (QoL Compilation)","Permanent Neow","Quick Restart","Random Character Button","Random Character Mod","Relic Stats","StSLib","The Wild Card","everything is the same but u backflip on backflip","slay the spire mod where everything is the same but ironclad has a cowboy hat"],"gold_per_floor":[16,28,28,48,62,62,89,89,89,102,102,102,83,83,83,187,187,198,216,227,113,113,113,113,113],"floor_reached":24,"playtime":1465,"items_purged":["theWildCard:BasicStrike"],"score":229,"play_id":"6d769a37-cecc-437c-8fb8-0357ea976b86","local_time":"20210101181950","is_ascension_mode":true,"campfire_choices":[{"data":"theWildCard:MagicalMight","floor":6,"key":"SMITH"},{"data":"theWildCard:ManOfManyFaces","floor":8,"key":"SMITH"},{"floor":12,"key":"REST"},{"data":"theWildCard:StingingStrike","floor":15,"key":"SMITH"},{"floor":23,"key":"REST"}],"circlet_count":0,"master_deck":["theWildCard:BasicDefend","theWildCard:BasicDefend","theWildCard:BasicDefend","theWildCard:BasicDefend","theWildCard:CallToAdventure","theWildCard:Arsene","theWildCard:Attunement+1","theWildCard:BladeOfGenerations","theWildCard:StingingStrike+1","theWildCard:MagicalMight+1","theWildCard:ManOfManyFaces+1","theWildCard:Scathach+1","theWildCard:ArcaneArts+1","theWildCard:FuelForTheFire","theWildCard:SeveringSlash","theWildCard:ArcaneArts+1","theWildCard:PowerOfTheArcana","Mind Blast"],"relics":["theWildCard:VelvetContract","Toxic Egg 2","Pantograph","theWildCard:FigureOfDeath"],"acts_visited":["Exordium","TheCity"],"potions_floor_usage":[11,24,24],"damage_taken":[{"damage":9,"enemies":"2 Louse","floor":1,"turns":4},{"damage":0,"enemies":"Small Slimes","floor":2,"turns":3},{"damage":6,"enemies":"Cultist","floor":4,"turns":3},{"damage":3,"enemies":"3 Louse","floor":5,"turns":4},{"damage":5,"enemies":"Lagavulin","floor":7,"turns":6},{"damage":11,"enemies":"Looter","floor":10,"turns":3},{"damage":20,"enemies":"Gremlin Nob","floor":11,"turns":4},{"damage":13,"enemies":"Exordium Thugs","floor":13,"turns":4},{"damage":14,"enemies":"The Guardian","floor":16,"turns":9},{"damage":22,"enemies":"Chosen","floor":18,"turns":8},{"damage":0,"enemies":"3 Byrds","floor":19,"turns":8},{"damage":50,"enemies":"Sentry and Sphere","floor":20,"turns":11},{"damage":41,"enemies":"Cultist and Chosen","floor":24,"turns":5}],"seed_played":"7127875696665390138","potions_obtained":[{"floor":5,"key":"SmokeBomb"},{"floor":13,"key":"LiquidBronze"},{"floor":18,"key":"ColorlessPotion"},{"floor":20,"key":"SkillPotion"}],"is_trial":false,"path_per_floor":["M","M","?","M","M","R","E","R","T","M","E","R","M","?","R","B",null,"M","M","M","$","?","R","M"],"character_chosen":"THE_WILD_CARD","items_purchased":["theWildCard:PowerOfTheArcana"],"campfire_rested":2,"item_purchase_floors":[21],"current_hp_per_floor":[51,51,51,45,42,42,37,37,37,26,11,29,21,14,14,32,60,43,52,18,18,6,24,0,0],"gold":113,"neow_bonus":"TRANSFORM_TWO_CARDS","is_daily":false,"chose_seed":false,"campfire_upgraded":3,"win_rate":0.0,"timestamp":1609546790,"path_taken":["M","M","?","M","M","R","E","R","T","M","E","R","M","?","R","BOSS","M","M","M","$","?","R","M"],"items_purchased_type":["Card"],"build_version":"2020-12-18","purchased_purges":1,"victory":false,"max_hp_per_floor":[60,60,60,60,60,60,60,60,60,60,60,60,60,60,60,60,60,60,60,60,60,60,60,60,60],"relic_stats":{"counters":[13,72],"Pantograph":25,"obtain_stats":[{"theWildCard:VelvetContract":0,"Pantograph":9,"theWildCard:FigureOfDeath":17,"Toxic Egg 2":7},{"theWildCard:VelvetContract":0,"Pantograph":5,"theWildCard:FigureOfDeath":9,"Toxic Egg 2":5},{"theWildCard:VelvetContract":0,"Pantograph":20,"theWildCard:FigureOfDeath":40,"Toxic Egg 2":20}]},"card_choices":[{"not_picked":["theWildCard:Unburden","theWildCard:BladeOfGenerations","theWildCard:StalwartBlade"],"picked":"SKIP","floor":1},{"not_picked":["theWildCard:Impatience","theWildCard:ArcaneArts"],"picked":"theWildCard:StingingStrike","floor":2},{"not_picked":["theWildCard:Odin","theWildCard:StalwartBlade","theWildCard:TheGreatSeal"],"picked":"SKIP","floor":4},{"not_picked":["theWildCard:EnergizedStroke","theWildCard:SacrificialStroke"],"picked":"theWildCard:MagicalMight","floor":5},{"not_picked":["theWildCard:Michael+1","theWildCard:Loki+1"],"picked":"theWildCard:ManOfManyFaces","floor":7},{"not_picked":["theWildCard:Proficiency+1","theWildCard:Unburden+1"],"picked":"theWildCard:Scathach+1","floor":10},{"not_picked":["theWildCard:UnderLockAndKey+1","theWildCard:Salvation"],"picked":"theWildCard:ArcaneArts+1","floor":13},{"not_picked":["theWildCard:ChangingDestiny+1","theWildCard:Ruination"],"picked":"theWildCard:FuelForTheFire","floor":16},{"not_picked":["theWildCard:TheGreatSeal+1","theWildCard:StingingStrike"],"picked":"theWildCard:SeveringSlash","floor":18},{"not_picked":["theWildCard:Providence","theWildCard:Unburden+1"],"picked":"theWildCard:ArcaneArts+1","floor":19},{"not_picked":["theWildCard:SacrificialStroke","theWildCard:MagicMettle+1","theWildCard:Caesar+1"],"picked":"SKIP","floor":20}],"player_experience":1250604,"relics_obtained":[{"floor":7,"key":"Toxic Egg 2"},{"floor":9,"key":"Pantograph"}],"event_choices":[{"damage_healed":0,"gold_gain":0,"player_choice":"Grow","damage_taken":0,"max_hp_gain":0,"max_hp_loss":0,"event_name":"Living Wall","floor":3,"gold_loss":0,"cards_upgraded":["theWildCard:Attunement"]},{"cards_removed":["theWildCard:BasicStrike"],"damage_healed":0,"gold_gain":0,"player_choice":"Card Removal","damage_taken":7,"max_hp_gain":0,"max_hp_loss":0,"event_name":"Golden Wing","floor":14,"gold_loss":0},{"damage_healed":0,"gold_gain":0,"player_choice":"CARD ","damage_taken":12,"max_hp_gain":0,"max_hp_loss":0,"event_name":"Knowing Skull","floor":22,"potions_obtained":[],"gold_loss":0,"cards_obtained":["Mind Blast"]}],"is_beta":true,"boss_relics":[{"not_picked":["Philosopher\u0027s Stone","Coffee Dripper"],"picked":"theWildCard:FigureOfDeath"}],"items_purged_floors":[21],"is_endless":false,"potions_floor_spawned":[5,13,18,20],"killed_by":"Cultist and Chosen","ascension_level":2}}