{"host":"dcj2yvrgcvh5dl2s","time":1609587308,"event":{"mods":["BaseMod","Better Note","Block Reminder","Colored Powertips","DeckTracker","Minty Spire (QoL Compilation)","Quick Restart","Rare Cards Sparkle","Relic Stats","StSLib"],"gold_per_floor":[112,112,112,122,132,157,177,177,177,505,605,605,615,615,615,615,615],"floor_reached":16,"playtime":385,"items_purged":[],"score":209,"play_id":"24829c42-b754-4111-899f-cb72a4d9e53d","local_time":"20210102213508","is_ascension_mode":true,"campfire_choices":[{"floor":8,"key":"REST"},{"floor":12,"key":"REST"},{"floor":15,"key":"REST"}],"circlet_count":0,"master_deck":["AscendersBane","Strike_R","Strike_R","Strike_R","Strike_R","Strike_R","Defend_R","Defend_R","Defend_R","Bash+1","Inflame","Dropkick","Whirlwind","Battle Trance","Body Slam+1"],"relics":["Burning Blood","NeowsBlessing","Boot","Molten Egg 2","Old Coin"],"acts_visited":["Exordium"],"potions_floor_usage":[7,10,16,16],"damage_taken":[{"damage":0,"enemies":"Jaw Worm","floor":1,"turns":1},{"damage":0,"enemies":"2 Louse","floor":4,"turns":1},{"damage":0,"enemies":"Cultist","floor":5,"turns":1},{"damage":55,"enemies":"Lagavulin","floor":6,"turns":6},{"damage":17,"enemies":"3 Louse","floor":7,"turns":4},{"damage":35,"enemies":"3 Sentries","floor":10,"turns":5},{"damage":13,"enemies":"Red Slaver","floor":13,"turns":3},{"damage":60,"enemies":"Hexaghost","floor":16,"turns":9}],"seed_played":"-5765203287241213940","potions_obtained":[{"floor":4,"key":"GamblersBrew"},{"floor":6,"key":"DistilledChaos"},{"floor":13,"key":"SkillPotion"},{"floor":14,"key":"Regen Potion"}],"is_trial":false,"path_per_floor":["M","?","?","M","M","E","M","R","T","E","?","R","M","?","R","B"],"character_chosen":"IRONCLAD","items_purchased":[],"campfire_rested":3,"item_purchase_floors":[],"current_hp_per_floor":[74,67,67,73,75,26,15,37,37,8,8,30,23,23,45,0,0],"gold":615,"neow_bonus":"THREE_ENEMY_KILL","is_daily":false,"chose_seed":false,"campfire_upgraded":0,"win_rate":0.0,"timestamp":1609587308,"path_taken":["M","?","?","?","M","E","M","R","T","E","?","R","?","?","R","BOSS"],"items_purchased_type":[],"build_version":"2020-12-22","purchased_purges":0,"victory":false,"max_hp_per_floor":[75,75,75,75,75,75,75,75,75,75,75,75,75,75,75,75,75],"relic_stats":{"counters":[8,30],"Boot":[2],"obtain_stats":[{"NeowsBlessing":0,"Molten Egg 2":9,"Boot":6,"Burning Blood":0,"Old Coin":10},{"NeowsBlessing":0,"Molten Egg 2":5,"Boot":4,"Burning Blood":0,"Old Coin":6},{"NeowsBlessing":0,"Molten Egg 2":13,"Boot":9,"Burning Blood":0,"Old Coin":18}],"Burning Blood":38},"card_choices":[{"not_picked":["Havoc","Clothesline","Wild Strike"],"picked":"SKIP","floor":1},{"not_picked":["Warcry","Rage","Havoc"],"picked":"SKIP","floor":4},{"not_picked":["Thunderclap","Armaments"],"picked":"Inflame","floor":5},{"not_picked":["Evolve","Demon Form"],"picked":"Dropkick","floor":6},{"not_picked":["Rage","Cleave"],"picked":"Whirlwind","floor":7},{"not_picked":["Twin Strike+1","Cleave+1"],"picked":"Battle Trance","floor":10},{"not_picked":["Bloodletting","Cleave+1"],"picked":"Body Slam+1","floor":13}],"player_experience":2145642,"relics_obtained":[{"floor":6,"key":"Boot"},{"floor":9,"key":"Molten Egg 2"},{"floor":10,"key":"Old Coin"}],"event_choices":[{"cards_removed":["Defend_R"],"damage_healed":0,"gold_gain":0,"player_choice":"Card Removal","damage_taken":7,"max_hp_gain":0,"max_hp_loss":0,"event_name":"Golden Wing","floor":2,"gold_loss":0},{"damage_healed":0,"gold_gain":0,"player_choice":"Upgraded","damage_taken":0,"max_hp_gain":0,"max_hp_loss":0,"event_name":"Upgrade Shrine","floor":3,"gold_loss":0,"cards_upgraded":["Bash"]},{"damage_healed":0,"gold_gain":100,"player_choice":"Gold","damage_taken":0,"max_hp_gain":0,"max_hp_loss":0,"event_name":"Wheel of Change","floor":11,"gold_loss":0},{"damage_healed":0,"gold_gain":0,"player_choice":"Got Potions","damage_taken":0,"max_hp_gain":0,"max_hp_loss":0,"event_name":"Lab","floor":14,"gold_loss":0}],"is_beta":false,"boss_relics":[],"items_purged_floors":[],"is_endless":false,"potions_floor_spawned":[4,6,13],"killed_by":"Hexaghost","ascension_level":18}}