{"host":"37dk0reb6x0du8wx","time":1609597455,"event":{"mods":["BaseMod","Colored Map","DeckTracker","Minty Spire (QoL Compilation)","Quick Restart","StSLib","The Dragon Tamer"],"gold_per_floor":[117,117,25,38,38,38,38,38,65,79,154,175,200,215,215,346,346,325,338,338,338,338,338],"floor_reached":22,"playtime":1021,"items_purged":[],"score":210,"play_id":"d571e12b-589c-4f08-b180-da3c63d567e1","local_time":"20210102232415","is_ascension_mode":true,"campfire_choices":[{"data":"Cloak And Dagger","floor":6,"key":"SMITH"},{"floor":15,"key":"REST"}],"circlet_count":0,"master_deck":["Defend_G","Defend_G","Defend_G","Defend_G","Defend_G","Survivor","Neutralize","Accuracy","Cloak And Dagger+1","Cloak And Dagger","Corpse Explosion","A Thousand Cuts","Infinite Blades","Blade Dance","Bite","Bite","Bite","Bite","Bite"],"relics":["Ring of the Snake","Orichalcum","Golden Idol","Juzu Bracelet","SacredBark"],"acts_visited":["Exordium","TheCity"],"potions_floor_usage":[16,16],"damage_taken":[{"damage":1,"enemies":"Cultist","floor":1,"turns":5},{"damage":1,"enemies":"2 Louse","floor":4,"turns":4},{"damage":0,"enemies":"Jaw Worm","floor":10,"turns":4},{"damage":2,"enemies":"2 Fungi Beasts","floor":12,"turns":3},{"damage":1,"enemies":"Blue Slaver","floor":13,"turns":5},{"damage":0,"enemies":"3 Louse","floor":14,"turns":4},{"damage":39,"enemies":"The Guardian","floor":16,"turns":14},{"damage":24,"enemies":"2 Thieves","floor":18,"turns":5},{"damage":31,"enemies":"Spheric Guardian","floor":19,"turns":6},{"damage":40,"enemies":"Chosen and Byrds","floor":22,"turns":8}],"seed_played":"-986530431832568272","potions_obtained":[{"floor":1,"key":"Strength Potion"},{"floor":14,"key":"SteroidPotion"},{"floor":19,"key":"Strength Potion"}],"is_trial":false,"path_per_floor":["M","?","$","M","?","R","?","$","T","M","?","M","M","M","R","B",null,"M","M","?","?","M"],"character_chosen":"THE_SILENT","items_purchased":["Accuracy","Cloak And Dagger"],"campfire_rested":1,"item_purchase_floors":[3,3],"current_hp_per_floor":[69,52,52,51,56,56,56,56,56,56,45,43,42,42,64,25,75,51,20,20,20,0,0],"gold":338,"neow_bonus":"RANDOM_COMMON_RELIC","is_daily":false,"chose_seed":false,"campfire_upgraded":1,"win_rate":0.0,"timestamp":1609597455,"path_taken":["M","?","$","M","?","R","?","$","T","M","?","M","M","M","R","BOSS","M","M","?","?","M"],"items_purchased_type":["Card","Card"],"build_version":"2020-12-22","purchased_purges":0,"victory":false,"max_hp_per_floor":[70,70,70,70,75,75,75,75,75,75,75,75,75,75,75,75,75,75,75,75,52,52,52],"card_choices":[{"not_picked":["Calculated Gamble","Escape Plan","Expertise"],"picked":"SKIP","floor":1},{"not_picked":["Backflip","Quick Slash"],"picked":"Cloak And Dagger","floor":4},{"not_picked":["Well Laid Plans","Dodge and Roll","Skewer"],"picked":"SKIP","floor":10},{"not_picked":["Concentrate","Outmaneuver","Quick Slash"],"picked":"SKIP","floor":12},{"not_picked":["Dagger Throw","Well Laid Plans","Deadly Poison"],"picked":"SKIP","floor":13},{"not_picked":["Sucker Punch","Quick Slash"],"picked":"Corpse Explosion","floor":14},{"not_picked":["Die Die Die","Envenom"],"picked":"A Thousand Cuts","floor":16},{"not_picked":["Backflip","Tactician+1"],"picked":"Infinite Blades","floor":18},{"not_picked":["Quick Slash+1","Blur"],"picked":"Blade Dance","floor":19}],"player_experience":122942,"relics_obtained":[{"floor":9,"key":"Juzu Bracelet"}],"event_choices":[{"damage_healed":0,"gold_gain":0,"player_choice":"Take Damage","damage_taken":17,"relics_obtained":["Golden Idol"],"max_hp_gain":0,"max_hp_loss":0,"event_name":"Golden Idol","floor":2,"gold_loss":0},{"damage_healed":0,"gold_gain":0,"player_choice":"Donut","damage_taken":0,"max_hp_gain":5,"max_hp_loss":0,"event_name":"Big Fish","floor":5,"gold_loss":0},{"cards_removed":["Strike_G"],"damage_healed":0,"gold_gain":0,"player_choice":"Forget","damage_taken":0,"max_hp_gain":0,"max_hp_loss":0,"event_name":"Living Wall","floor":7,"gold_loss":0},{"damage_healed":0,"gold_gain":75,"player_choice":"Gather Gold","damage_taken":11,"max_hp_gain":0,"max_hp_loss":0,"event_name":"World of Goop","floor":11,"gold_loss":0},{"damage_healed":0,"gold_gain":0,"player_choice":"Ignored","damage_taken":0,"max_hp_gain":0,"max_hp_loss":0,"event_name":"Cursed Tome","floor":20,"gold_loss":0},{"damage_healed":0,"gold_gain":0,"player_choice":"Became a vampire","damage_taken":0,"max_hp_gain":0,"max_hp_loss":23,"event_name":"Vampires","floor":21,"gold_loss":0,"cards_obtained":["Bite","Bite","Bite","Bite","Bite"]}],"is_beta":false,"boss_relics":[{"not_picked":["Ectoplasm","Runic Dome"],"picked":"SacredBark"}],"items_purged_floors":[],"is_endless":false,"potions_floor_spawned":[1,14,19],"killed_by":"Chosen and Byrds","ascension_level":1}}