{"host":"64h6jdpsiwrne03s","time":1609578205,"event":{"mods":["Act Like it!","BaseMod","Bestiary","Colored Powertips","Gensokyo","Marisa£®ÏF”Í°°ƒß¿Ì…≥£©","Minty Spire (QoL Compilation)","Reimu£®≤©¿ˆ¡È√Œ£©","Remilia£®¿Ÿ√◊¿Ú—«£©","RumiaBox-¬∂√◊Ê´µƒ…Ò√ÿ∫–◊”","StSLib","The Servant 0.9.4","Youmu£®ªÍ∆«—˝√Œ£©"],"gold_per_floor":[111,126,51,51,7,35,35,69,151,151,151],"floor_reached":10,"playtime":288,"items_purged":["Strike_Lin:ReiMu"],"score":139,"play_id":"c20fe221-bcfa-447e-8e30-66312b519d6a","local_time":"20210102170325","is_ascension_mode":true,"campfire_choices":[],"circlet_count":0,"master_deck":["AscendersBane","Strike_Lin:ReiMu","Strike_Lin:ReiMu","Strike_Lin:ReiMu","Defend_Lin:ReiMu","Defend_Lin:ReiMu","Defend_Lin:ReiMu","Defend_Lin:ReiMu","Stagnation:ReiMu","PrayRite:ReiMu","PrayRite:ReiMu","SubAcupoint:ReiMu"],"relics":["FlyPower:ReiMu","NeowsBlessing","Gensokyo:OccultBall","Vajra","Happy Flower","HornCleat"],"acts_visited":["Gensokyo:Gensokyo"],"potions_floor_usage":[8,8],"damage_taken":[{"damage":0.0,"enemies":"Gensokyo:3_Fairies","floor":1.0,"turns":2.0},{"damage":0.0,"enemies":"Gensokyo:Python","floor":2.0,"turns":1.0},{"damage":0.0,"enemies":"Gensokyo:Mamizou","floor":6.0,"turns":4.0},{"damage":15,"enemies":"Gensokyo:Aya","floor":8,"turns":4},{"damage":0,"enemies":"Gensokyo:Mamizou","floor":10,"turns":1}],"seed_played":"-8062206256031906505","potions_obtained":[{"floor":1.0,"key":"ColorlessPotion"},{"floor":2.0,"key":"GrandPatriotsElixir:ReiMu"}],"is_trial":false,"path_per_floor":["M","M","$","?","COS","E","?","E","T","E"],"character_chosen":"REIMU","items_purchased":[],"campfire_rested":0,"item_purchase_floors":[],"current_hp_per_floor":[59,59,59,59,59,59,59,44,44,44,44],"gold":151,"neow_bonus":"THREE_ENEMY_KILL","is_daily":false,"chose_seed":false,"campfire_upgraded":0,"win_rate":0.0,"timestamp":1609578205,"path_taken":["M","M","$","?","COS","E","?","E","T","E"],"items_purchased_type":[],"build_version":"2020-12-22","purchased_purges":1,"victory":false,"max_hp_per_floor":[65,65,65,65,65,65,65,65,65,65,65],"card_choices":[{"not_picked":["BarrageOfMoneybags:ReiMu","SpreadBorder2:ReiMu"],"picked":"TightArray:ReiMu","floor":1.0},{"not_picked":["Dreaming2:ReiMu","EmergencyTakeOff:ReiMu","Conquer:ReiMu"],"picked":"SKIP","floor":2.0},{"not_picked":["SubAcupoint:ReiMu","Meditation:ReiMu"],"picked":"PrayRite:ReiMu","floor":6.0},{"not_picked":["KyokaiOfKami:ReiMu","HakureiPhantom:ReiMu"],"picked":"PrayRite:ReiMu","floor":8},{"not_picked":["KamiSacrifice:ReiMu","SubcavityInstant:ReiMu"],"picked":"SubAcupoint:ReiMu","floor":8}],"player_experience":347470,"relics_obtained":[{"floor":6.0,"key":"Vajra"},{"floor":8,"key":"HornCleat"}],"event_choices":[],"is_beta":false,"boss_relics":[],"items_purged_floors":[3],"is_endless":false,"potions_floor_spawned":[1,2],"killed_by":"Gensokyo:Mamizou","ascension_level":10}}