{"host":"fw947s75r5pnptva","time":1609562036,"event":{"mods":["Act Like it!","Aspiration","BaseMod","BetterRewards","CCEM","CapriCore","Conjunction","Conspire","Custom Start","DeckTracker","Dota2Spire","Downfall","Friendly Minions","Gensokyo","Halation","Hallownest","Highlight Path","Hubris","Infinite Spire","Keyboard Shortcuts","Lobotomy","LobotomyExtend","Menagerie","Minty Spire (QoL Compilation)","MostiFishMod","Pale of the Ancients","Permanent Neow","Potionbrewer","Prisma Mod","QueenMod","Railgun Mod","Random Character Button","RatMod","Relic Filter","Replay The Spire","Shop Mod","StSLib","SuperFastMode","The Factory","The Jungle","[IsaacMod]????","vexMod"],"gold_per_floor":[133,208,256,291,291,333,333,380,404,452,452,452,480,524,524,577,577,692,692,707,707,28,53,149,188,188,262,262,321,362,362,362,417,417,542,542,608,654,654,696,181,228,228,256,256,296,296,337,404,404,404,458],"floor_reached":53,"playtime":4980,"items_purged":["potionbrewer:PotionbrewerDefend","potionbrewer:PotionbrewerDefend"],"score":1060,"play_id":"ebf4635b-b15c-4c43-b473-974f5e2bff29","local_time":"20210102053356","is_ascension_mode":false,"campfire_choices":[{"data":"potionbrewer:BottomlessFlask","floor":7.0,"key":"SMITH"},{"data":"potionbrewer:Hoarder","floor":15,"key":"SMITH"},{"data":"potionbrewer:Shovel","floor":17,"key":"SMITH"},{"data":"potionbrewer:AlchemistForm","floor":26,"key":"SMITH"},{"data":"potionbrewer:DigDeep","floor":34,"key":"SMITH"},{"data":"potionbrewer:BottomlessFlask","floor":43,"key":"SMITH"},{"data":"potionbrewer:Catalyze","floor":47,"key":"SMITH"},{"floor":51,"key":"DIG"}],"circlet_count":0,"master_deck":["potionbrewer:PotionbrewerStrike","potionbrewer:PotionbrewerStrike","potionbrewer:PotionbrewerStrike","potionbrewer:PotionbrewerStrike","potionbrewer:PotionbrewerDefend","potionbrewer:PotionbrewerDefend","potionbrewer:Collect","potionbrewer:ChemicalSpill","potionbrewer:AlchemistForm+1","potionbrewer:QuickStep","potionbrewer:Hoarder+1","potionbrewer:Prototype","potionbrewer:ChoosePotion","potionbrewer:ChoosePotion","potionbrewer:Prototype","potionbrewer:Shovel+1","potionbrewer:DigDeep","potionbrewer:Catalyze+1","potionbrewer:Prototype","potionbrewer:Prototype","potionbrewer:Prototype","potionbrewer:Prototype","potionbrewer:DigDeep+1","potionbrewer:QuickStep+1","potionbrewer:EmptyBottle+1","potionbrewer:Shovel+1","potionbrewer:EmptyBottle","potionbrewer:EmptyBottle+1","potionbrewer:ChoosePotion","potionbrewer:ChoosePotion","potionbrewer:ChoosePotion","potionbrewer:ChoosePotion"],"relics":["potionbrewer:PotionKit","DaveBox","HushsDoor","Transparent","PillsDrop","SynthV:TestCard","LetterFromLob","Eternal Feather","Mercury Hourglass","Juzu Bracelet","Dota2Spire:ArcaneBoots","Smiling Mask","aspiration:StickyExplosives_weak","aspiration:ChemicalBlood","halation:Prosthetics","hubris:Icosahedron","hubris:PeanutButter","Medical Kit","Question Card","Dota2Spire:PhaseBoots","hubris:BottledRain","Replay:Blank Codex","aspiration:RitualStick","SalivaCoin","aspiration:RunicSpoon","Mango","Sling","halation:QuantumPhysicsTextbook","GuppysTail","Bottled Tornado","halation:PinkSoulGem","conspire:Flyswatter"],"acts_visited":["Exordium","TheCity","TheBeyond"],"potions_floor_usage":[14,18],"damage_taken":[{"damage":21.0,"enemies":"Small Slimes","floor":1.0,"turns":3.0},{"damage":14.0,"enemies":"2 Louse","floor":3.0,"turns":2.0},{"damage":21.0,"enemies":"Jaw Worm","floor":4.0,"turns":3.0},{"damage":35.0,"enemies":"Replay:BlueRogue","floor":6.0,"turns":5.0},{"damage":35.0,"enemies":"Lagavulin","floor":8.0,"turns":5.0},{"damage":21.0,"enemies":"Gremlin Nob","floor":10.0,"turns":3.0},{"damage":18,"enemies":"conspire:2 RoseBushes","floor":13,"turns":3},{"damage":18,"enemies":"Replay:BlueRogue","floor":14,"turns":3},{"damage":36,"enemies":"Slime Boss","floor":18,"turns":6},{"damage":9,"enemies":"conspire:FuzzyDice","floor":20,"turns":3},{"damage":1,"enemies":"2 Thieves","floor":23,"turns":3},{"damage":1,"enemies":"Snecko","floor":25,"turns":3},{"damage":1,"enemies":"3 Cultists","floor":27,"turns":3},{"damage":0,"enemies":"Gremlin Leader","floor":29,"turns":2},{"damage":1,"enemies":"Sentry and Sphere","floor":30,"turns":3},{"damage":1,"enemies":"Book of Stabbing","floor":33,"turns":3},{"damage":4,"enemies":"Pondfish","floor":35,"turns":4},{"damage":1,"enemies":"3 Shapes","floor":37,"turns":3},{"damage":7,"enemies":"3 Darklings","floor":38,"turns":5},{"damage":1,"enemies":"4 Shapes","floor":40,"turns":3},{"damage":2,"enemies":"Giant Head","floor":42,"turns":2},{"damage":2,"enemies":"Maw","floor":44,"turns":2},{"damage":0,"enemies":"Transient","floor":46,"turns":1},{"damage":0,"enemies":"Jaw Worm Horde","floor":48,"turns":1},{"damage":11,"enemies":"Nemesis","floor":49,"turns":2},{"damage":4,"enemies":"Donu and Deca","floor":52,"turns":1}],"seed_played":"-1127013651475310630","potions_obtained":[{"floor":1.0,"key":"Explosive Potion"},{"floor":10.0,"key":"Block Potion"},{"floor":14,"key":"ColorlessPotion"},{"floor":18,"key":"potionbrewer:AcidPotion"},{"floor":25,"key":"Energy Potion"},{"floor":30,"key":"potionbrewer:EndurancePotion"},{"floor":46,"key":"AttackPotion"}],"is_trial":false,"path_per_floor":["M","?","M","M","T","E","R","E","T","E","PTL","PTL","M","E","R","T","R","B",null,"M","?","$","M","?","M","R","M","T","E","M","?","?","E","R","B",null,"M","M","?","M","$","E","R","M","T","M","R","M","E","?","R","B",null],"character_chosen":"POTIONBREWER","items_purchased":["hubris:PeanutButter","Medical Kit","Question Card","Mango","Sling"],"campfire_rested":0,"item_purchase_floors":[22,22,22,41,41],"current_hp_per_floor":[78,67,73,73,73,73,73,73,73,68,68,68,68,68,68,68,68,68,33,33,33,33,36,21,36,36,36,36,36,36,20,13,36,36,36,36,36,36,36,36,50,53,53,53,53,53,53,53,53,53,53,53],"gold":458,"neow_bonus":"ONE_RANDOM_RARE_CARD","is_daily":false,"chose_seed":false,"campfire_upgraded":7,"win_rate":0.0,"timestamp":1609562036,"path_taken":["M","?","M","M","?","E","R","E","T","E","PTL","PTL","M","E","R","?","R","BOSS","M","?","$","M","?","M","R","M","T","E","M","?","?","E","R","BOSS","M","M","?","M","$","E","R","M","T","M","R","M","E","?","R","BOSS"],"items_purchased_type":["Relic","Relic","Relic","Relic","Relic"],"build_version":"2020-12-22","purchased_purges":2,"victory":true,"max_hp_per_floor":[78,78,73,73,73,73,73,73,73,68,68,68,68,68,68,68,68,68,33,33,33,33,36,36,36,36,36,36,36,36,36,36,36,36,36,36,36,36,36,36,50,53,53,53,53,53,53,53,53,53,53,53],"card_choices":[{"not_picked":["potionbrewer:AnotherRound","potionbrewer:MicrobeSpray"],"picked":"potionbrewer:BottomlessFlask","floor":1.0},{"not_picked":["potionbrewer:FortifiedSerum","potionbrewer:TimeBomb","potionbrewer:LabJournal","potionbrewer:OneTwoPunch"],"picked":"potionbrewer:QuickStep","floor":3.0},{"not_picked":["potionbrewer:CausticBarrier","potionbrewer:PortableLab","potionbrewer:Smack","potionbrewer:BlindingSpray"],"picked":"potionbrewer:Hoarder","floor":4.0},{"not_picked":["potionbrewer:Shovel","potionbrewer:BlindingSpray","potionbrewer:Brandish","potionbrewer:FlashPowder","potionbrewer:Refill"],"picked":"potionbrewer:Prototype","floor":6.0},{"not_picked":["potionbrewer:Discombobulate","potionbrewer:Fuel","potionbrewer:IronFist","potionbrewer:Toxicity","potionbrewer:FlashPowder","potionbrewer:Prototype"],"picked":"SKIP","floor":8.0},{"not_picked":["potionbrewer:Brandish","potionbrewer:Shovel","potionbrewer:Smokescreen","potionbrewer:TimeBomb","potionbrewer:HazardousMaterials"],"picked":"potionbrewer:Prototype","floor":10.0},{"not_picked":["potionbrewer:MicrobeSpray","potionbrewer:Biohazard","potionbrewer:FortifiedSerum","potionbrewer:Brandish"],"picked":"potionbrewer:Shovel","floor":13},{"not_picked":["potionbrewer:Smack","potionbrewer:PrivateReserves","potionbrewer:HazardousWaste","potionbrewer:FlashPowder","potionbrewer:Prototype"],"picked":"potionbrewer:DigDeep","floor":14},{"not_picked":["potionbrewer:BottomlessFlask","potionbrewer:BrokenBeakers","potionbrewer:SpecialFormula","potionbrewer:HazardousWaste","potionbrewer:Prototype"],"picked":"potionbrewer:Catalyze","floor":18},{"not_picked":["potionbrewer:TestFormula+1","potionbrewer:FlareUp+1","potionbrewer:FlashPowder+1","potionbrewer:EmptyBottle+1","potionbrewer:Contingency","potionbrewer:Prototype"],"picked":"SKIP","floor":20},{"not_picked":["potionbrewer:ExplosiveReaction","potionbrewer:OneTwoPunch","potionbrewer:Shovel","potionbrewer:UnstableFormula+1","potionbrewer:CausticBarrier","potionbrewer:Contingency"],"picked":"potionbrewer:Prototype","floor":23},{"not_picked":["potionbrewer:HazardousMaterials","potionbrewer:AlchemistForm","potionbrewer:Brandish","potionbrewer:Spark","potionbrewer:Smack","potionbrewer:Smokescreen"],"picked":"potionbrewer:Prototype","floor":25},{"not_picked":["potionbrewer:FortifiedSerum","potionbrewer:QuickStep","potionbrewer:BlindingSpray+1","potionbrewer:Shovel","potionbrewer:TimeBomb","potionbrewer:TestFormula"],"picked":"potionbrewer:Prototype","floor":27},{"not_picked":["potionbrewer:CausticBarrier+1","potionbrewer:ChemicalShroud+1","potionbrewer:IronFist","potionbrewer:UnstableFormula","potionbrewer:OneTwoPunch","potionbrewer:ChemicalWeapons"],"picked":"SKIP","floor":29},{"not_picked":["potionbrewer:UnstableFormula","potionbrewer:VolatileSolution","potionbrewer:Contingency","potionbrewer:BlindingSpray","potionbrewer:LeftoverSpecimen","potionbrewer:Brandish"],"picked":"potionbrewer:Prototype","floor":30},{"not_picked":["potionbrewer:ChokingPowder","potionbrewer:ExplosiveReaction","potionbrewer:LeftoverSpecimen+1","potionbrewer:FuelCell","potionbrewer:FlashPowder","potionbrewer:Prototype"],"picked":"potionbrewer:DigDeep","floor":33},{"not_picked":["potionbrewer:PotentialEnergy","potionbrewer:TwoForOne","potionbrewer:Transmute","potionbrewer:BeatDown","potionbrewer:Accelerant","potionbrewer:Prototype"],"picked":"potionbrewer:BottomlessFlask","floor":35},{"not_picked":["potionbrewer:FlashPowder","potionbrewer:Smack","potionbrewer:TimeBomb+1","potionbrewer:FuelCell+1","potionbrewer:Refill+1","potionbrewer:Prototype"],"picked":"potionbrewer:QuickStep+1","floor":37},{"not_picked":["potionbrewer:FlashPowder","potionbrewer:OneTwoPunch+1","potionbrewer:Contingency+1","potionbrewer:QuickStep","potionbrewer:CausticBarrier","potionbrewer:Prototype"],"picked":"potionbrewer:EmptyBottle+1","floor":38},{"not_picked":["potionbrewer:ChemicalWeapons+1","potionbrewer:FlashPowder","potionbrewer:UnstableFormula","potionbrewer:Contingency","potionbrewer:TestSubject","potionbrewer:Prototype"],"picked":"potionbrewer:Shovel+1","floor":40},{"not_picked":["potionbrewer:BeatDown","potionbrewer:VolatileSolution","potionbrewer:Toxicity+1","potionbrewer:Brandish+1","potionbrewer:PrivateReserves","potionbrewer:Prototype"],"picked":"potionbrewer:EmptyBottle","floor":42},{"not_picked":["potionbrewer:BlindingMist+1","potionbrewer:Smack+1","potionbrewer:FlashPowder","potionbrewer:Refill","potionbrewer:AcidCloud+1","potionbrewer:Prototype"],"picked":"potionbrewer:EmptyBottle+1","floor":44},{"not_picked":["potionbrewer:CausticBarrier+1","potionbrewer:Contingency+1","potionbrewer:Shovel","potionbrewer:QuickStep","potionbrewer:LabAccident","potionbrewer:FlareUp+1"],"picked":"SKIP","floor":46},{"not_picked":["potionbrewer:FlashPowder","potionbrewer:LabJournal","potionbrewer:UnstableFormula+1","potionbrewer:TheFinalStraw","potionbrewer:HazardousMaterials+1","potionbrewer:Spark+1"],"picked":"SKIP","floor":48},{"not_picked":["potionbrewer:TimeBomb+1","potionbrewer:Contingency","potionbrewer:FortifiedSerum","potionbrewer:TestFormula","potionbrewer:VolatileSolution+1","potionbrewer:Smack+1"],"picked":"SKIP","floor":49}],"player_experience":138717,"relics_obtained":[{"floor":1.0,"key":"SynthV:TestCard"},{"floor":1.0,"key":"LetterFromLob"},{"floor":5.0,"key":"Eternal Feather"},{"floor":6.0,"key":"Mercury Hourglass"},{"floor":8.0,"key":"Juzu Bracelet"},{"floor":9.0,"key":"Dota2Spire:ArcaneBoots"},{"floor":10.0,"key":"Smiling Mask"},{"floor":14,"key":"aspiration:StickyExplosives_weak"},{"floor":16,"key":"aspiration:ChemicalBlood"},{"floor":28,"key":"Dota2Spire:PhaseBoots"},{"floor":29,"key":"hubris:BottledRain"},{"floor":31,"key":"Replay:Blank Codex"},{"floor":33,"key":"SalivaCoin"},{"floor":42,"key":"halation:QuantumPhysicsTextbook"},{"floor":45,"key":"GuppysTail"},{"floor":49,"key":"Bottled Tornado"},{"floor":51,"key":"conspire:Flyswatter"}],"event_choices":[{"damage_healed":0.0,"max_hp_gain":0.0,"max_hp_loss":0.0,"gold_gain":75.0,"event_name":"World of Goop","player_choice":"Gather Gold","floor":2.0,"gold_loss":0.0,"damage_taken":11.0},{"damage_healed":0,"gold_gain":0,"player_choice":"Obtained Book","damage_taken":16,"max_hp_gain":0,"max_hp_loss":0,"event_name":"Cursed Tome","floor":31,"gold_loss":0},{"damage_healed":0,"gold_gain":0,"player_choice":"Ignored","damage_taken":0,"max_hp_gain":0,"max_hp_loss":0,"event_name":"Tomb of Lord Red Mask","floor":39,"gold_loss":0}],"is_beta":false,"boss_relics":[{"not_picked":["halation:PlatinumPhoenix","halation:CatFaceCupcake"],"picked":"halation:Prosthetics"},{"not_picked":[]},{"not_picked":["RhineSuit","halation:SmartPhone"],"picked":"aspiration:RunicSpoon"},{"not_picked":[]}],"items_purged_floors":[22,41],"is_endless":false,"potions_floor_spawned":[1,10,14,18,20,30,33,35,37,38,46,49],"ascension_level":0}}