{"host":"n7ibbaht59lcm2b7","time":1609550316,"event":{"mods":["AchievementEnabler","Act Like it!","Ascension Unlocker","BaseMod","CapriCore","Challenge The Spire","Chen","Colored Map","Colored Powertips","Gensokyo","Highlight Path","Koishi","Marisa????????","Minty Spire (QoL Compilation)","Reimu??????","Remilia??????","Replay The Spire","StSLib","The Administrix","The Jungle","The Servant 0.9.4","Yuyuko","everything is the same but u backflip on backflip","slay the spire mod where everything is the same but ironclad has a cowboy hat"],"gold_per_floor":[651,379,493,613,732,732,198,57,169,287,398,398,80,80,191,306,416,531],"floor_reached":19,"playtime":1853,"items_purged":["Strike_R","Strike_R","Strike_R","Strike_R","Strike_R+1"],"score":4614,"play_id":"e04ac88e-6a7a-4daf-bb2c-ff6b42e640cb","local_time":"20210102011836","daily_mods":["challengethespire:Gold Difficulty","challengethespire:Boss Rush","Uncertain Future"],"is_ascension_mode":true,"campfire_choices":[{"floor":14,"key":"REST"}],"circlet_count":0,"master_deck":["AscendersBane","Defend_R","Defend_R","Defend_R","Defend_R","Bash+1","Rampage+1","Rampage+1","Armaments+1","True Grit+1","Dark Embrace+1","Impatience+1","Barricade+1","Entrench+1","Impervious+1","CurseOfTheBell","Shrug It Off+1","Shrug It Off+1","Entrench+1","Feel No Pain+1","Power Through+1","Iron Wave+1","Feel No Pain+1","True Grit+1","Juggernaut+1","Headbutt+1","Headbutt+1","Evolve+1","Shrug It Off+1","Defy Death+1","Warcry+1"],"relics":["Burning Blood","The Courier","Molten Egg 2","Toxic Egg 2","Frozen Egg 2","Replay:Arrowhead","Happy Flower","Pear","Calling Bell","Toy Ornithopter","ReplayTheSpireMod:Shallot","Replay:Multitool","Blue Doll","Lee\u0027s Waffle","CrazyTorch:ReiMu","Strawberry","Mango","Whetstone","Mark of Pain","BargainBundle","Mercury Hourglass","ReplayTheSpireMod:Ninjato","Girya","Blood Vial"],"acts_visited":["Exordium"],"potions_floor_usage":[4,11,18,18],"damage_taken":[{"damage":22,"enemies":"The Guardian","floor":3,"turns":15},{"damage":36,"enemies":"Slime Boss","floor":4,"turns":15},{"damage":24,"enemies":"Hexaghost","floor":5,"turns":13},{"damage":1,"enemies":"Champ","floor":9,"turns":11},{"damage":0,"enemies":"Automaton","floor":10,"turns":16},{"damage":82,"enemies":"Collector","floor":11,"turns":15},{"damage":0,"enemies":"Time Eater","floor":15,"turns":18},{"damage":83,"enemies":"Awakened One","floor":16,"turns":19},{"damage":0,"enemies":"Donu and Deca","floor":17,"turns":11},{"damage":0,"enemies":"The Heart","floor":18,"turns":14}],"seed_played":"8199038595796229513","potions_obtained":[{"floor":3,"key":"BloodPotion"},{"floor":9,"key":"Regen Potion"},{"floor":15,"key":"BlessingOfTheForge"},{"floor":16,"key":"EssenceOfSteel"},{"floor":17,"key":"PowerPotion"}],"is_trial":true,"path_per_floor":["$","$","M","M","M","T","$","$","M","M","M","T","$","R","M","M","M","M",null],"character_chosen":"IRONCLAD","items_purchased":["Rampage+1","Armaments+1","True Grit+1","Dark Embrace+1","Impatience+1","Blue Doll","Lee\u0027s Waffle","CrazyTorch:ReiMu","Shrug It Off+1","BargainBundle","Iron Wave+1","Feel No Pain+1","True Grit+1","Juggernaut+1","Headbutt+1"],"campfire_rested":1,"item_purchase_floors":[1,2,2,2,2,7,7,7,8,13,13,13,13,13,13],"current_hp_per_floor":[68,68,52,37,29,29,92,92,99,113,57,57,57,90,96,19,25,41],"gold":531,"neow_bonus":"","is_daily":false,"chose_seed":false,"campfire_upgraded":0,"win_rate":0.0,"timestamp":1609550316,"path_taken":["$","$","M","M","M","T","$","$","M","M","M","T","$","R","M","M","M","M"],"items_purchased_type":["Card","Card","Card","Card","Card","Relic","Relic","Relic","Card","Relic","Card","Card","Card","Card","Card"],"build_version":"2020-12-22","purchased_purges":5,"victory":true,"max_hp_per_floor":[75,75,75,75,85,85,92,92,99,113,113,113,113,113,113,113,113,113],"card_choices":[],"player_experience":1287740,"relics_obtained":[{"floor":3,"key":"Replay:Arrowhead"},{"floor":4,"key":"Happy Flower"},{"floor":5,"key":"Pear"},{"floor":6,"key":"Toy Ornithopter"},{"floor":6,"key":"ReplayTheSpireMod:Shallot"},{"floor":6,"key":"Replay:Multitool"},{"floor":9,"key":"Strawberry"},{"floor":10,"key":"Mango"},{"floor":11,"key":"Whetstone"},{"floor":15,"key":"Mercury Hourglass"},{"floor":16,"key":"ReplayTheSpireMod:Ninjato"},{"floor":17,"key":"Girya"},{"floor":18,"key":"Blood Vial"}],"event_choices":[],"is_beta":false,"boss_relics":[{"not_picked":["ChewingGum","Velvet Choker"],"picked":"Calling Bell"},{"not_picked":["Snecko Eye","RedLine:ReiMu"],"picked":"Mark of Pain"}],"items_purged_floors":[1,2,7,8,13],"is_endless":false,"potions_floor_spawned":[3,9,15,16,17],"ascension_level":15}}