{"host":"2wtnvfw602ymncqx","time":1609557202,"event":{"mods":["BaseMod","Colored Map","Minty Spire (QoL Compilation)","Quick Restart"],"gold_per_floor":[117,127,9,9,20,20,49,59,84,84,99,99,119,7,7,105,105,120,2,2,2,2,35,35,54,128,147,147,77,96,96,96,192,192,207,219,219,219,219],"floor_reached":38,"playtime":7012,"items_purged":["Strike_G"],"score":394,"play_id":"eab282c8-16c9-4c47-88df-5cc44f9d0c27","local_time":"20210101211322","is_ascension_mode":false,"campfire_choices":[{"data":"Footwork","floor":6.0,"key":"SMITH"},{"floor":10.0,"key":"REST"},{"data":"Noxious Fumes","floor":15.0,"key":"SMITH"},{"data":"Caltrops","floor":24.0,"key":"SMITH"},{"data":"Backflip","floor":28.0,"key":"SMITH"},{"data":"Footwork","floor":32.0,"key":"SMITH"}],"circlet_count":0,"master_deck":["Strike_G+1","Strike_G+1","Strike_G+1","Defend_G+1","Defend_G+1","Defend_G+1","Defend_G+1","Defend_G+1","Survivor","Neutralize","Slice","Distraction","Poisoned Stab","Footwork+1","Infinite Blades","Venomology","Blade Dance","Noxious Fumes+1","Skewer+1","All Out Attack+1","Die Die Die+1","Dodge and Roll+1","Caltrops+1","Endless Agony+1","RitualDagger+1","Backflip+1","Choke+1","PiercingWail+1","Footwork+1","Quick Slash+1","Malaise","Flying Knee+1","Terror+1"],"relics":["Ring of the Snake","NeowsBlessing","Boot","MealTicket","Molten Egg 2","SlaversCollar","Bag of Marbles","Gremlin Horn","Runic Pyramid"],"acts_visited":["TheCity","TheBeyond"],"potions_floor_usage":[],"damage_taken":[{"damage":0.0,"enemies":"Jaw Worm","floor":1.0,"turns":1.0},{"damage":0.0,"enemies":"Cultist","floor":2.0,"turns":1.0},{"damage":0.0,"enemies":"2 Louse","floor":5.0,"turns":1.0},{"damage":13.0,"enemies":"Lagavulin","floor":7.0,"turns":8.0},{"damage":0.0,"enemies":"Blue Slaver","floor":8.0,"turns":4.0},{"damage":7.0,"enemies":"3 Louse","floor":11.0,"turns":4.0},{"damage":8.0,"enemies":"Gremlin Gang","floor":13.0,"turns":5.0},{"damage":36.0,"enemies":"Slime Boss","floor":16.0,"turns":9.0},{"damage":12.0,"enemies":"2 Thieves","floor":18.0,"turns":3.0},{"damage":5.0,"enemies":"Gremlin Leader","floor":23.0,"turns":5.0},{"damage":0.0,"enemies":"3 Byrds","floor":25.0,"turns":2.0},{"damage":18.0,"enemies":"Cultist and Chosen","floor":27.0,"turns":5.0},{"damage":12.0,"enemies":"3 Cultists","floor":30.0,"turns":3.0},{"damage":13.0,"enemies":"Champ","floor":33.0,"turns":15.0},{"damage":7.0,"enemies":"Orb Walker","floor":35.0,"turns":4.0},{"damage":52.0,"enemies":"3 Darklings","floor":36.0,"turns":6.0},{"damage":13,"enemies":"Sphere and 2 Shapes","floor":38,"turns":3}],"seed_played":"-6840057116675516329","potions_obtained":[{"floor":7.0,"key":"Swift Potion"},{"floor":13.0,"key":"Dexterity Potion"},{"floor":16.0,"key":"CunningPotion"},{"floor":25.0,"key":"LiquidMemories"},{"floor":27.0,"key":"FearPotion"},{"floor":30.0,"key":"DuplicationPotion"},{"floor":35.0,"key":"Energy Potion"}],"is_trial":false,"path_per_floor":["M","M","$","?","M","R","E","M","T","R","M","T","M","$","R","B",null,"M","$","?","?","$","E","R","M","T","M","R","$","M","$","R","B",null,"M","M","?","M"],"character_chosen":"THE_SILENT","items_purchased":["Poisoned Stab","Footwork","All Out Attack+1","Caltrops","Endless Agony+1","Footwork"],"campfire_rested":1,"item_purchase_floors":[3,3,14,19,19,29],"current_hp_per_floor":[70,70,70,70,70,70,57,57,57,70,63,63,55,70,70,34,70,58,70,70,64,70,65,65,65,65,47,47,62,50,65,65,52,70,63,11,11,0,0],"gold":219,"neow_bonus":"THREE_ENEMY_KILL","is_daily":false,"chose_seed":false,"campfire_upgraded":5,"win_rate":0.0,"timestamp":1609557202,"path_taken":["M","M","$","?","?","R","E","M","T","R","M","?","M","?","R","BOSS","M","?","?","?","?","E","R","M","T","M","R","$","M","$","R","BOSS","M","M","?","?"],"items_purchased_type":["Card","Card","Card","Card","Card","Card"],"build_version":"2020-12-22","purchased_purges":1,"victory":false,"max_hp_per_floor":[70,70,70,70,70,70,70,70,70,70,70,70,70,70,70,70,70,70,70,70,70,70,70,70,70,70,70,70,70,70,70,70,70,70,70,70,70,70,70],"card_choices":[{"not_picked":["Quick Slash","Prepared"],"picked":"Slice","floor":1.0},{"not_picked":["Sucker Punch","Prepared"],"picked":"Distraction","floor":2.0},{"not_picked":["Dodge and Roll","Blur"],"picked":"Infinite Blades","floor":5.0},{"not_picked":["Distraction","Prepared"],"picked":"Venomology","floor":7.0},{"not_picked":["Acrobatics","Poisoned Stab"],"picked":"Blade Dance","floor":8.0},{"not_picked":["Slice","Riddle With Holes"],"picked":"Noxious Fumes","floor":11.0},{"not_picked":["Distraction","Backflip"],"picked":"Skewer+1","floor":13.0},{"not_picked":["Bullet Time","Doppelganger"],"picked":"Die Die Die+1","floor":16.0},{"not_picked":["Skewer+1","Escape Plan"],"picked":"Dodge and Roll+1","floor":18.0},{"not_picked":["Skewer+1","Outmaneuver"],"picked":"Backflip","floor":23.0},{"not_picked":["Reflex","Underhanded Strike+1"],"picked":"Choke+1","floor":25.0},{"not_picked":["Calculated Gamble+1","Prepared+1"],"picked":"PiercingWail+1","floor":27.0},{"not_picked":["Acrobatics","Prepared"],"picked":"Quick Slash+1","floor":30.0},{"not_picked":["Phantasmal Killer","Night Terror"],"picked":"Malaise","floor":33.0},{"not_picked":["Poisoned Stab+1","Expertise"],"picked":"Flying Knee+1","floor":35.0},{"not_picked":["Leg Sweep+1","Flying Knee+1"],"picked":"Terror+1","floor":36.0}],"player_experience":39324,"relics_obtained":[{"floor":7.0,"key":"Boot"},{"floor":9.0,"key":"MealTicket"},{"floor":12.0,"key":"Molten Egg 2"},{"floor":23.0,"key":"Bag of Marbles"},{"floor":26.0,"key":"Gremlin Horn"}],"event_choices":[{"cards_removed":["Strike_G"],"damage_healed":0.0,"max_hp_gain":0.0,"max_hp_loss":0.0,"gold_gain":0.0,"event_name":"Bonfire Elementals","player_choice":"Offered Basic","floor":4.0,"gold_loss":0.0,"damage_taken":0.0},{"damage_healed":0.0,"max_hp_gain":0.0,"max_hp_loss":0.0,"gold_gain":0.0,"event_name":"Back to Basics","player_choice":"Simplicity","floor":20.0,"gold_loss":0.0,"damage_taken":0.0,"cards_upgraded":["Strike_G","Strike_G","Strike_G","Defend_G","Defend_G","Defend_G","Defend_G","Defend_G"]},{"damage_healed":0.0,"max_hp_gain":0.0,"max_hp_loss":0.0,"gold_gain":0.0,"event_name":"Nest","player_choice":"Joined the Cult","floor":21.0,"gold_loss":0.0,"damage_taken":6.0,"cards_obtained":["RitualDagger"]},{"damage_healed":0.0,"max_hp_gain":0.0,"max_hp_loss":0.0,"gold_gain":0.0,"event_name":"SecretPortal","player_choice":"Ignored","floor":37.0,"gold_loss":0.0,"damage_taken":0.0}],"is_beta":false,"boss_relics":[{"not_picked":["Tiny House","Ring of the Serpent"],"picked":"SlaversCollar"},{"not_picked":["Empty Cage","Velvet Choker"],"picked":"Runic Pyramid"}],"items_purged_floors":[14],"is_endless":false,"potions_floor_spawned":[7,13,16,25,27,30,35],"killed_by":"Sphere and 2 Shapes","ascension_level":0}}