{"host":"ayh4nqhr0ddw4ozv","time":1609569562,"event":{"mods":["BaseMod","Minty Spire (QoL Compilation)","Relic Stats","Robot Space Explorer","StSLib"],"gold_per_floor":[114,131,131,141,141,141,176,141,213,90,90,100,131,149,149,227,227,243,243,243,158,171,171,171,171,171,205,205,10,10,44,44,117,117,132,144,193,208,218,218,245,256,256,256,256,256,284,284,284,284,284,284,27,52,52],"floor_reached":56,"playtime":2649,"items_purged":["RobotSpaceExplorer:Defend"],"score":2180,"play_id":"39b8a999-784c-409d-aca6-3577bb220dda","local_time":"20210101223922","is_ascension_mode":true,"campfire_choices":[{"data":"RobotSpaceExplorer:PlasmaMissile","floor":6.0,"key":"SMITH"},{"data":"RobotSpaceExplorer:ShovelStrike","floor":11.0,"key":"SMITH"},{"data":"RobotSpaceExplorer:Multitool","floor":15.0,"key":"SMITH"},{"data":"RobotSpaceExplorer:ScrapToss","floor":23,"key":"SMITH"},{"data":"RobotSpaceExplorer:FranticSearch","floor":25,"key":"SMITH"},{"data":"RobotSpaceExplorer:MiniLasers","floor":28,"key":"SMITH"},{"data":"RobotSpaceExplorer:DualCore","floor":30,"key":"SMITH"},{"data":"RobotSpaceExplorer:FreezingShield","floor":32,"key":"SMITH"},{"data":"RobotSpaceExplorer:ChargingLaser","floor":40,"key":"SMITH"},{"floor":44,"key":"RECALL"},{"data":"RobotSpaceExplorer:Jetpack","floor":46,"key":"SMITH"},{"data":"RobotSpaceExplorer:Blaster","floor":49,"key":"SMITH"},{"data":"RobotSpaceExplorer:Jetpack","floor":52,"key":"SMITH"}],"circlet_count":0,"master_deck":["AscendersBane","RobotSpaceExplorer:Scan","RobotSpaceExplorer:MiniLasers+1","RobotSpaceExplorer:PlasmaMissile+1","RobotSpaceExplorer:StunGrenade","RobotSpaceExplorer:ShovelStrike+1","RobotSpaceExplorer:LuckyStrike","RobotSpaceExplorer:FranticSearch+1","RobotSpaceExplorer:Multitool+1","RobotSpaceExplorer:BlastShield","RobotSpaceExplorer:MiniDrones+1","RobotSpaceExplorer:ScrapToss+1","RobotSpaceExplorer:JunkDive","RobotSpaceExplorer:DualCore+1","RobotSpaceExplorer:FreezingShield+1","RobotSpaceExplorer:ChargingLaser+1","RobotSpaceExplorer:Autoloader","RobotSpaceExplorer:JunkDive","RobotSpaceExplorer:BlastShield","RobotSpaceExplorer:ScrapMissile","RobotSpaceExplorer:FranticSearch+1","RobotSpaceExplorer:Jetpack+1","RobotSpaceExplorer:Blaster+1","RobotSpaceExplorer:ScrapToss","RobotSpaceExplorer:Jetpack+1"],"relics":["RobotSpaceExplorer:RoboCore","Gambling Chip","Omamori","Ornamental Fan","Shuriken","Pantograph","Cursed Key","Potion Belt","Eternal Feather","Lantern","RobotSpaceExplorer:FoglandsKnife","RobotSpaceExplorer:BottledGravity","Pandora\u0027s Box","Unceasing Top","Turnip","Question Card","Kunai","Bottled Flame"],"acts_visited":["Exordium","TheCity","TheBeyond","TheEnding"],"potions_floor_usage":[33,37,38,55,55,55],"damage_taken":[{"damage":7.0,"enemies":"Jaw Worm","floor":1.0,"turns":5.0},{"damage":2.0,"enemies":"2 Louse","floor":2.0,"turns":4.0},{"damage":0.0,"enemies":"Small Slimes","floor":4.0,"turns":5.0},{"damage":15.0,"enemies":"3 Sentries","floor":7.0,"turns":7.0},{"damage":6.0,"enemies":"Exordium Thugs","floor":12.0,"turns":2.0},{"damage":20.0,"enemies":"Lagavulin","floor":13.0,"turns":4.0},{"damage":0.0,"enemies":"Large Slime","floor":14.0,"turns":3.0},{"damage":13,"enemies":"Slime Boss","floor":16,"turns":9},{"damage":11,"enemies":"2 Thieves","floor":18,"turns":3},{"damage":4,"enemies":"Shell Parasite","floor":22,"turns":3},{"damage":12,"enemies":"Slavers","floor":27,"turns":3},{"damage":0,"enemies":"Gremlin Leader","floor":31,"turns":3},{"damage":3,"enemies":"Collector","floor":33,"turns":4},{"damage":0,"enemies":"3 Shapes","floor":35,"turns":2},{"damage":0,"enemies":"3 Darklings","floor":36,"turns":3},{"damage":0,"enemies":"2 Orb Walkers","floor":37,"turns":2},{"damage":9,"enemies":"Spire Growth","floor":38,"turns":3},{"damage":0,"enemies":"Sphere and 2 Shapes","floor":39,"turns":3},{"damage":0,"enemies":"Reptomancer","floor":41,"turns":4},{"damage":0,"enemies":"3 Darklings","floor":42,"turns":1},{"damage":0,"enemies":"Giant Head","floor":47,"turns":2},{"damage":0,"enemies":"Donu and Deca","floor":50,"turns":5},{"damage":11,"enemies":"Shield and Spear","floor":54,"turns":5},{"damage":49,"enemies":"The Heart","floor":55,"turns":6}],"seed_played":"-5378491063809878101","potions_obtained":[{"floor":1.0,"key":"PowerPotion"},{"floor":2.0,"key":"GamblersBrew"},{"floor":7.0,"key":"Swift Potion"},{"floor":14.0,"key":"SpeedPotion"},{"floor":27,"key":"Block Potion"},{"floor":33,"key":"Explosive Potion"},{"floor":37,"key":"FearPotion"},{"floor":42,"key":"Ancient Potion"},{"floor":47,"key":"RobotSpaceExplorer:LiquidFusion"},{"floor":54,"key":"SteroidPotion"}],"is_trial":false,"path_per_floor":["M","M","?","M","?","R","E","?","T","$","R","M","E","M","R","B",null,"M","?","?","?","M","R","?","R","T","E","R","$","R","E","R","B",null,"M","M","?","M","M","R","E","M","T","R","?","R","E","?","R","B",null,"R","$","E","B",null],"character_chosen":"RobotSpaceExplorer","items_purchased":["AttackPotion","RobotSpaceExplorer:FoglandsKnife","FearPotion","Kunai"],"campfire_rested":0,"item_purchase_floors":[10,29,29,53],"current_hp_per_floor":[57,55,55,55,44,44,29,45,45,45,45,39,19,19,19,31,56,45,45,45,45,41,41,41,41,41,29,41,41,53,53,64,61,63,63,63,63,54,54,64,64,64,64,64,61,61,61,71,71,71,71,71,71,60,22],"gold":52,"neow_bonus":"ONE_RARE_RELIC","is_daily":false,"chose_seed":false,"campfire_upgraded":12,"win_rate":0.0,"timestamp":1609569562,"path_taken":["M","M","?","M","?","R","E","?","T","$","R","M","E","M","R","BOSS","M","?","?","?","?","R","?","R","T","E","R","?","R","E","R","BOSS","M","M","?","M","M","R","E","M","T","R","?","R","E","?","R","BOSS","R","$","E","BOSS"],"items_purchased_type":["Potion","Relic","Potion","Relic"],"build_version":"2020-12-22","purchased_purges":1,"victory":true,"max_hp_per_floor":[64,64,64,64,64,64,64,64,64,64,64,64,64,64,64,64,64,64,64,64,64,64,64,64,64,64,64,64,64,64,64,64,64,64,64,64,64,64,64,64,64,64,64,64,61,61,61,71,71,71,71,71,71,71,71],"relic_stats":{"counters":[24,91],"Eternal Feather":45,"Cursed Key":2,"Question Card":1,"Ornamental Fan":[388],"Shuriken":[97],"Gambling Chip":[59],"Pantograph":36,"Pandora\u0027s Box":["RobotSpaceExplorer:Autoloader","RobotSpaceExplorer:JunkDive","RobotSpaceExplorer:BlastShield","RobotSpaceExplorer:ScrapMissile","RobotSpaceExplorer:Asteroid"],"Turnip":[2],"Kunai":[20],"obtain_stats":[{"Potion Belt":21,"Lantern":27,"RobotSpaceExplorer:RoboCore":0,"Eternal Feather":26,"Omamori":5,"Cursed Key":17,"Question Card":47,"RobotSpaceExplorer:FoglandsKnife":29,"Bottled Flame":54,"Ornamental Fan":7,"Shuriken":9,"RobotSpaceExplorer:BottledGravity":31,"Gambling Chip":0,"Pantograph":13,"Pandora\u0027s Box":34,"Turnip":41,"Kunai":53,"Unceasing Top":37},{"Potion Belt":9,"Lantern":11,"RobotSpaceExplorer:RoboCore":0,"Eternal Feather":10,"Omamori":3,"Cursed Key":8,"Question Card":21,"RobotSpaceExplorer:FoglandsKnife":11,"Bottled Flame":23,"Ornamental Fan":4,"Shuriken":4,"RobotSpaceExplorer:BottledGravity":12,"Gambling Chip":0,"Pantograph":6,"Pandora\u0027s Box":13,"Turnip":19,"Kunai":22,"Unceasing Top":16},{"Potion Belt":42,"Lantern":48,"RobotSpaceExplorer:RoboCore":0,"Eternal Feather":45,"Omamori":14,"Cursed Key":39,"Question Card":75,"RobotSpaceExplorer:FoglandsKnife":48,"Bottled Flame":85,"Ornamental Fan":21,"Shuriken":21,"RobotSpaceExplorer:BottledGravity":51,"Gambling Chip":0,"Pantograph":27,"Pandora\u0027s Box":55,"Turnip":72,"Kunai":80,"Unceasing Top":62}],"Unceasing Top":[3]},"card_choices":[{"not_picked":["RobotSpaceExplorer:MakeshiftVolley","RobotSpaceExplorer:DoubleFind"],"picked":"RobotSpaceExplorer:PlasmaMissile","floor":1.0},{"not_picked":["RobotSpaceExplorer:SurgingShield","RobotSpaceExplorer:MiniDrones"],"picked":"RobotSpaceExplorer:StunGrenade","floor":2.0},{"not_picked":["RobotSpaceExplorer:FranticSearch","RobotSpaceExplorer:DoubleBlock"],"picked":"RobotSpaceExplorer:ShovelStrike","floor":4.0},{"not_picked":["RobotSpaceExplorer:DoubleBlock","RobotSpaceExplorer:PowerGlove"],"picked":"RobotSpaceExplorer:LuckyStrike","floor":7.0},{"not_picked":["RobotSpaceExplorer:MiniDrones","RobotSpaceExplorer:SlimeMissile"],"picked":"RobotSpaceExplorer:FranticSearch","floor":12.0},{"not_picked":["RobotSpaceExplorer:IronShell","RobotSpaceExplorer:Accelerator"],"picked":"RobotSpaceExplorer:Multitool","floor":13.0},{"not_picked":["RobotSpaceExplorer:ShovelStrike","RobotSpaceExplorer:ImprovisedAttack","RobotSpaceExplorer:Electropulse"],"picked":"SKIP","floor":14.0},{"not_picked":["RobotSpaceExplorer:TrailblazerForm","RobotSpaceExplorer:Multitool"],"picked":"RobotSpaceExplorer:BlastShield","floor":16},{"not_picked":["RobotSpaceExplorer:IronShell","RobotSpaceExplorer:FranticSearch"],"picked":"RobotSpaceExplorer:MiniDrones+1","floor":18},{"not_picked":["RobotSpaceExplorer:ImprovisedAttack","RobotSpaceExplorer:Ammunition"],"picked":"RobotSpaceExplorer:JunkDive","floor":22},{"not_picked":["RobotSpaceExplorer:Counterblock+1","RobotSpaceExplorer:ScrapMissile","RobotSpaceExplorer:FrostMissile"],"picked":"SKIP","floor":27},{"not_picked":["RobotSpaceExplorer:FreezingShield","RobotSpaceExplorer:Probe","RobotSpaceExplorer:ShovelStrike"],"picked":"SKIP","floor":31},{"not_picked":["RobotSpaceExplorer:Accelerator","RobotSpaceExplorer:HighVoltage"],"picked":"RobotSpaceExplorer:ChargingLaser","floor":33},{"not_picked":["RobotSpaceExplorer:MiniDrones","RobotSpaceExplorer:RigExplosive"],"picked":"RobotSpaceExplorer:FranticSearch+1","floor":35},{"not_picked":["RobotSpaceExplorer:ImprovisedAttack","RobotSpaceExplorer:ShockKick+1"],"picked":"RobotSpaceExplorer:Jetpack","floor":36},{"not_picked":["RobotSpaceExplorer:JunkDive","RobotSpaceExplorer:MiniBoosters"],"picked":"RobotSpaceExplorer:Blaster","floor":38},{"not_picked":["RobotSpaceExplorer:FrostMissile","RobotSpaceExplorer:Discharger","RobotSpaceExplorer:GlueSpray+1"],"picked":"SKIP","floor":39},{"not_picked":["RobotSpaceExplorer:Calculate","RobotSpaceExplorer:Probe"],"picked":"RobotSpaceExplorer:ScrapToss","floor":41},{"not_picked":["RobotSpaceExplorer:PowerGlove","RobotSpaceExplorer:StarDust","RobotSpaceExplorer:MiniDrones"],"picked":"SKIP","floor":42},{"not_picked":["RobotSpaceExplorer:Ammunition","RobotSpaceExplorer:ScrapShield"],"picked":"RobotSpaceExplorer:Jetpack","floor":47},{"not_picked":["RobotSpaceExplorer:Blaster","RobotSpaceExplorer:Comet","RobotSpaceExplorer:Exploration","RobotSpaceExplorer:ScrapMissile"],"picked":"SKIP","floor":54}],"player_experience":275846,"relics_obtained":[{"floor":7.0,"key":"Ornamental Fan"},{"floor":9.0,"key":"Shuriken"},{"floor":13.0,"key":"Pantograph"},{"floor":26,"key":"Eternal Feather"},{"floor":27,"key":"Lantern"},{"floor":31,"key":"RobotSpaceExplorer:BottledGravity"},{"floor":37,"key":"Unceasing Top"},{"floor":41,"key":"Turnip"},{"floor":47,"key":"Question Card"},{"floor":54,"key":"Bottled Flame"}],"event_choices":[{"damage_healed":0.0,"max_hp_gain":0.0,"max_hp_loss":0.0,"gold_gain":0.0,"event_name":"Liars Game","player_choice":"Ignored","floor":3.0,"gold_loss":0.0,"damage_taken":0.0},{"damage_healed":0.0,"max_hp_gain":0.0,"max_hp_loss":0.0,"gold_gain":0.0,"event_name":"Scrap Ooze","player_choice":"Success","floor":5.0,"gold_loss":0.0,"damage_taken":11.0,"relics_obtained":["Omamori"]},{"damage_healed":16.0,"max_hp_gain":0.0,"max_hp_loss":0.0,"gold_gain":0.0,"event_name":"The Cleric","player_choice":"Healed","floor":8.0,"gold_loss":35.0,"damage_taken":0.0},{"damage_healed":0,"gold_gain":0,"player_choice":"Ignored","damage_taken":0,"max_hp_gain":0,"max_hp_loss":0,"event_name":"Cursed Tome","floor":19,"gold_loss":0},{"damage_healed":0,"gold_gain":0,"player_choice":"Read","damage_taken":0,"max_hp_gain":0,"max_hp_loss":0,"event_name":"The Library","floor":20,"gold_loss":0,"cards_obtained":["RobotSpaceExplorer:ScrapToss"]},{"damage_healed":0,"gold_gain":0,"player_choice":"Obtained Relic","damage_taken":0,"relics_obtained":["Potion Belt"],"max_hp_gain":0,"max_hp_loss":0,"event_name":"Addict","floor":21,"gold_loss":85},{"damage_healed":0,"gold_gain":0,"cards_transformed":["RobotSpaceExplorer:Strike","RobotSpaceExplorer:Defend"],"player_choice":"Became Test Subject","damage_taken":0,"max_hp_gain":0,"max_hp_loss":0,"event_name":"Drug Dealer","floor":24,"gold_loss":0,"cards_obtained":["RobotSpaceExplorer:DualCore","RobotSpaceExplorer:FreezingShield"]},{"damage_healed":0,"gold_gain":0,"player_choice":"Fight","damage_taken":0,"max_hp_gain":0,"max_hp_loss":0,"event_name":"Mysterious Sphere","floor":37,"gold_loss":0},{"damage_healed":0,"gold_gain":0,"player_choice":"Max HP","damage_taken":0,"max_hp_gain":0,"max_hp_loss":3,"event_name":"Winding Halls","floor":45,"gold_loss":0},{"cards_removed":["RobotSpaceExplorer:Asteroid"],"damage_healed":0,"gold_gain":0,"player_choice":"Offered Rare","damage_taken":0,"max_hp_gain":10,"max_hp_loss":0,"event_name":"Bonfire Elementals","floor":48,"gold_loss":0}],"is_beta":false,"boss_relics":[{"not_picked":["Snecko Eye","Tiny House"],"picked":"Cursed Key"},{"not_picked":["Velvet Choker","Empty Cage"],"picked":"Pandora\u0027s Box"}],"items_purged_floors":[10],"is_endless":false,"potions_floor_spawned":[1,2,7,14,27,33,37,42,47,54],"ascension_level":15}}