{"host":"3jjxuhjpio8e4zkv","time":1609615319,"event":{"mods":["BaseMod","Colored Map","Highlight Path","Minty Spire (QoL Compilation)","Permanent Neow","Relic Stats","StSLib"],"gold_per_floor":[118,138,154,169,180,180,215,232,256,38,48,48,65,84,84,84,84],"floor_reached":16,"playtime":544,"items_purged":["Strike_G"],"score":216,"play_id":"7c8f2adf-1c34-43bf-a307-dff43e40b5c5","local_time":"20210102142159","is_ascension_mode":true,"campfire_choices":[{"data":"Eviscerate","floor":6.0,"key":"SMITH"},{"floor":12.0,"key":"REST"},{"data":"Eviscerate","floor":15.0,"key":"SMITH"}],"circlet_count":0,"master_deck":["AscendersBane","Strike_G","Strike_G","Strike_G","Strike_G","Defend_G","Defend_G","Defend_G","Defend_G","Defend_G","Survivor","Neutralize+1","Eviscerate+1","Backflip","Corpse Explosion","Flying Knee","Acrobatics","Calculated Gamble","Eviscerate+1","Concentrate"],"relics":["Ring of the Snake","Bronze Scales"],"acts_visited":["Exordium"],"potions_floor_usage":[16],"damage_taken":[{"damage":11.0,"enemies":"Cultist","floor":1.0,"turns":5.0},{"damage":3.0,"enemies":"Small Slimes","floor":2.0,"turns":4.0},{"damage":0.0,"enemies":"2 Louse","floor":3.0,"turns":3.0},{"damage":1.0,"enemies":"Large Slime","floor":4.0,"turns":6.0},{"damage":0.0,"enemies":"Looter","floor":5.0,"turns":5.0},{"damage":27.0,"enemies":"Lagavulin","floor":7.0,"turns":6.0},{"damage":1.0,"enemies":"2 Fungi Beasts","floor":8.0,"turns":2.0},{"damage":7.0,"enemies":"Exordium Wildlife","floor":11.0,"turns":2.0},{"damage":4.0,"enemies":"Blue Slaver","floor":13.0,"turns":4.0},{"damage":0.0,"enemies":"Lots of Slimes","floor":14.0,"turns":3.0},{"damage":15,"enemies":"The Guardian","floor":16,"turns":8}],"seed_played":"-8860434582000582077","potions_obtained":[{"floor":1.0,"key":"DistilledChaos"},{"floor":2.0,"key":"Ancient Potion"},{"floor":11.0,"key":"GamblersBrew"}],"is_trial":false,"path_per_floor":["M","M","M","M","M","R","E","M","T","$","M","R","M","M","R","B"],"character_chosen":"THE_SILENT","items_purchased":["Acrobatics","Calculated Gamble"],"campfire_rested":1,"item_purchase_floors":[10,10],"current_hp_per_floor":[48,45,45,44,44,44,17,16,16,16,9,28,24,24,24,9,9],"gold":84,"neow_bonus":"UPGRADE_CARD","is_daily":false,"chose_seed":false,"campfire_upgraded":2,"win_rate":0.0,"timestamp":1609615319,"path_taken":["M","M","M","M","M","R","E","M","T","$","?","R","M","M","R","BOSS"],"items_purchased_type":["Card","Card"],"build_version":"2020-12-22","purchased_purges":1,"victory":false,"max_hp_per_floor":[66,66,66,66,66,66,66,66,66,66,66,66,66,66,66,66,66],"relic_stats":{"counters":[11,48],"Bronze Scales":[48],"obtain_stats":[{"Bronze Scales":7,"Ring of the Snake":0},{"Bronze Scales":6,"Ring of the Snake":0},{"Bronze Scales":29,"Ring of the Snake":0}],"Ring of the Snake":[22]},"card_choices":[{"not_picked":["PiercingWail","Prepared"],"picked":"Eviscerate","floor":1.0},{"not_picked":["Dash","Poisoned Stab"],"picked":"Backflip","floor":2.0},{"not_picked":["Underhanded Strike","Setup","Sucker Punch"],"picked":"SKIP","floor":3.0},{"not_picked":["Finisher","Cloak And Dagger","Sucker Punch"],"picked":"SKIP","floor":4.0},{"not_picked":["Quick Slash","Masterful Stab"],"picked":"Corpse Explosion","floor":5.0},{"not_picked":["Setup","Slice"],"picked":"Flying Knee","floor":7.0},{"not_picked":["Quick Slash","Deadly Poison","Expertise"],"picked":"SKIP","floor":8.0},{"not_picked":["Setup","Tactician"],"picked":"Eviscerate","floor":11.0},{"not_picked":["Sucker Punch","Outmaneuver"],"picked":"Concentrate","floor":13.0},{"not_picked":["Bane","Dodge and Roll","Setup"],"picked":"SKIP","floor":14.0}],"player_experience":1177997,"relics_obtained":[{"floor":7.0,"key":"Bronze Scales"}],"event_choices":[],"is_beta":false,"boss_relics":[],"items_purged_floors":[10],"is_endless":false,"potions_floor_spawned":[1,2,5,11],"killed_by":"The Guardian","ascension_level":20}}