{"host":"2knyve8x3a5arpop","time":1609601052,"event":{"mods":["Abigail Mod","AchievementEnabler","Arknights The Spire","Ascension Reborn","BaseMod","BetterRewards","Colored Map","Colored Powertips","Conspire","Custom Start","Friendly Minions","Hermit","Hubris","Koishi","Lobotomy","Marisa£¨Ùöéë¡¡Øª×âÞÞ£©","Minty Spire (QoL Compilation)","Practice Mode","Quick Restart","RRrroohrrRGHHhhh!!","Replay The Spire","StSLib","Td1madao Mod","The Cursed","The Dragon Tamer","The Gatherer","The Hierophant","The Jungle","The Poker Player","The Runesmith"],"gold_per_floor":[118,136,61,61,81,81,104,104,186,186,186,205,205,235,235,333,333,353,353,296,296,333,333,333,333,333],"floor_reached":25,"playtime":2223,"items_purged":["SpecialBullet"],"score":224,"play_id":"2042db83-ef80-4be6-ac96-63a4acc9c651","local_time":"20210103002412","is_ascension_mode":true,"campfire_choices":[{"floor":6.0,"key":"RECALL"}],"circlet_count":0,"master_deck":["SpecialBullet","SpecialBullet","SpecialBullet","SpecialBullet","SpecialBullet","SpecialBullet","SpecialBullet","InformationCode","SecurityCode","TrainingCode","Replay:Bootleg Shield Generator","PunishingBird","Ecstasy","Reverberation","CommonCold","VoidDream","ShyLook","ShedSkin","CentralCode","SpecialBullet","OSAHOGD","Mimicry","FairyFestival","Writhe","DisciplinaryCode"],"relics":["CogitoBucket","Ring of Fury","Replay:Baseball","ats:Originium","Dream Catcher","SacredBark","SkinProphecy","Juzu Bracelet","Shovel","Molten Egg 2"],"acts_visited":["Exordium","theJungle:Jungle"],"potions_floor_usage":[],"damage_taken":[{"damage":8.0,"enemies":"Small Slimes","floor":1.0,"turns":3.0},{"damage":12.0,"enemies":"Jaw Worm","floor":2.0,"turns":2.0},{"damage":5.0,"enemies":"2 Louse","floor":5.0,"turns":2.0},{"damage":1.0,"enemies":"Blue Slaver","floor":10.0,"turns":2.0},{"damage":20.0,"enemies":"Red Slaver","floor":12.0,"turns":3.0},{"damage":0.0,"enemies":"Replay:BlueRogue","floor":14.0,"turns":5.0},{"damage":3.0,"enemies":"The Guardian","floor":16.0,"turns":17.0},{"damage":75.0,"enemies":"theJungle:GiantWrat","floor":18.0,"turns":15.0},{"damage":2,"enemies":"theJungle:MUSHROOMGANG","floor":24,"turns":6},{"damage":19,"enemies":"conspire:MimicChest","floor":25,"turns":3}],"seed_played":"984444794979237128","potions_obtained":[{"floor":1.0,"key":"DuplicationPotion"},{"floor":2.0,"key":"Weak Potion"}],"is_trial":false,"path_per_floor":["M","M","$","?","M","R","T","R","T","M","R","M","R","E","R","B",null,"M","?","?","?","?","R","M","?"],"character_chosen":"Angela","items_purchased":[],"campfire_rested":0,"item_purchase_floors":[],"current_hp_per_floor":[70,66,66,66,70,70,70,70,70,70,70,64,64,70,70,70,70,15,17,17,17,17,17,21,0,0],"gold":333,"neow_bonus":"RANDOM_COLORLESS","is_daily":false,"chose_seed":false,"campfire_upgraded":0,"win_rate":0.0,"timestamp":1609601052,"path_taken":["M","M","$","?","M","R","?","R","T","M","R","?","R","E","R","BOSS","M","?","?","?","?","R","M","?"],"items_purchased_type":[],"build_version":"2020-12-22","purchased_purges":1,"victory":false,"max_hp_per_floor":[70,70,70,70,70,70,70,70,70,70,70,70,70,70,70,70,70,70,70,70,70,70,70,72,74,74],"card_choices":[{"not_picked":["Mind Blast","Jack Of All Trades"],"picked":"Replay:Bootleg Shield Generator","floor":0.0},{"not_picked":["OldLady","Murderer"],"picked":"PunishingBird","floor":1.0},{"not_picked":["Galaxy"],"picked":"Ecstasy","floor":1.0},{"not_picked":["CherryBlossom"],"picked":"Reverberation","floor":2.0},{"not_picked":["ShyLook","OSAHOGD"],"picked":"VoidDream","floor":5.0},{"not_picked":["Noise","Wingbeat"],"picked":"SKIP","floor":5.0},{"not_picked":["CUTE","WristCuter"],"picked":"SKIP","floor":10.0},{"not_picked":["BlackSwan","Bloodbath"],"picked":"ShyLook","floor":12.0},{"not_picked":["Loneliness"],"picked":"ShedSkin","floor":12.0},{"not_picked":["Noise","Horn"],"picked":"SKIP","floor":14.0},{"not_picked":["MeatLantern","Rudolta"],"picked":"OSAHOGD","floor":16.0},{"not_picked":["Justitia"],"picked":"Mimicry","floor":16.0},{"not_picked":["CherryBlossoms","MHz"],"picked":"FairyFestival","floor":18.0},{"not_picked":["CUTE+1","TodaysExpression+1"],"picked":"SKIP","floor":18.0},{"not_picked":["Wingbeat+1","Noise"],"picked":"SKIP","floor":24}],"player_experience":474253,"relics_obtained":[{"floor":4.0,"key":"Ring of Fury"},{"floor":7.0,"key":"Replay:Baseball"},{"floor":14.0,"key":"ats:Originium"},{"floor":14.0,"key":"Dream Catcher"},{"floor":22.0,"key":"Molten Egg 2"}],"event_choices":[{"damage_healed":0.0,"max_hp_gain":0.0,"max_hp_loss":0.0,"gold_gain":0.0,"event_name":"WeMeetAgain","player_choice":"Paid Gold","floor":20.0,"gold_loss":57.0,"damage_taken":0.0,"relics_obtained":["Juzu Bracelet"]}],"is_beta":false,"boss_relics":[{"not_picked":["Velvet Choker","ReplayTheSpireMod:DimensionalGlitch"],"picked":"SacredBark"}],"items_purged_floors":[3],"is_endless":false,"potions_floor_spawned":[1,2,16,24],"killed_by":"conspire:MimicChest","ascension_level":0}}