{"host":"kda2p2afd6bvz6qo","time":1609554582,"event":{"mods":["BaseMod","Colored Map","Minty Spire (QoL Compilation)","Relic Stats"],"gold_per_floor":[114,133,283,283,302,335,260,260,287,287,287,287,0,18,18,111,111,135,135,160,160,160,160],"floor_reached":22,"playtime":963,"items_purged":["Regret"],"score":346,"play_id":"61795b44-16a6-46c2-bac2-2c28834f790f","local_time":"20210102022942","is_ascension_mode":true,"campfire_choices":[{"data":"Night Terror","floor":8,"key":"SMITH"},{"data":"Footwork","floor":10,"key":"SMITH"},{"data":"Neutralize","floor":12,"key":"SMITH"},{"floor":15,"key":"REST"}],"circlet_count":0,"master_deck":["AscendersBane","Strike_G","Strike_G","Defend_G","Defend_G","Defend_G","Defend_G","Defend_G+1","Survivor+1","Neutralize+1","Poisoned Stab","Footwork+1","Doubt","Deadly Poison","Night Terror+1","Injury","The Bomb","Noxious Fumes","Concentrate","Malaise","Noxious Fumes+1","Bane+1","Heel Hook+1","Writhe"],"relics":["Velvet Choker","War Paint","Ice Cream","Bag of Marbles","Golden Idol","Astrolabe","Nilry\u0027s Codex","White Beast Statue"],"acts_visited":["Exordium","TheCity"],"potions_floor_usage":[20],"damage_taken":[{"damage":0,"enemies":"Small Slimes","floor":1,"turns":5},{"damage":2,"enemies":"Jaw Worm","floor":2,"turns":4},{"damage":5,"enemies":"Cultist","floor":5,"turns":5},{"damage":30,"enemies":"Lagavulin","floor":6,"turns":7},{"damage":5,"enemies":"Blue Slaver","floor":14,"turns":4},{"damage":21,"enemies":"Slime Boss","floor":16,"turns":7},{"damage":8,"enemies":"Spheric Guardian","floor":18,"turns":6},{"damage":22,"enemies":"Shell Parasite","floor":20,"turns":4},{"damage":7,"enemies":"Centurion and Healer","floor":22,"turns":1}],"seed_played":"-624189744429605123","potions_obtained":[{"floor":6,"key":"FearPotion"},{"floor":18,"key":"SpeedPotion"}],"is_trial":false,"path_per_floor":["M","M","?","?","M","E","$","R","T","R","?","R","$","M","R","B",null,"M","?","M","?","M"],"character_chosen":"THE_SILENT","items_purchased":["The Bomb","Noxious Fumes"],"campfire_rested":1,"item_purchase_floors":[13,13],"current_hp_per_floor":[59,57,57,57,52,22,22,22,22,22,22,22,22,17,36,15,53,45,24,2,2,0,0],"gold":160,"neow_bonus":"BOSS_RELIC","is_daily":false,"chose_seed":false,"campfire_upgraded":3,"win_rate":0.0,"timestamp":1609554582,"path_taken":["M","M","?","?","M","E","$","R","T","R","?","R","?","?","R","BOSS","M","?","M","?","M"],"items_purchased_type":["Card","Card"],"build_version":"2020-12-22","purchased_purges":1,"victory":false,"max_hp_per_floor":[66,66,66,66,66,66,66,66,66,66,66,66,66,66,66,66,66,66,66,66,66,66,66],"relic_stats":{"counters":[9,43],"Golden Idol":33,"Astrolabe":["Noxious Fumes","Bane","Heel Hook"],"War Paint":["Defend_G","Survivor"],"obtain_stats":[{"Ice Cream":6,"Golden Idol":11,"Nilry\u0027s Codex":19,"Astrolabe":17,"Velvet Choker":0,"Bag of Marbles":9,"War Paint":4,"White Beast Statue":21,"Ring of the Snake":0},{"Ice Cream":4,"Golden Idol":4,"Nilry\u0027s Codex":7,"Astrolabe":6,"Velvet Choker":0,"Bag of Marbles":4,"War Paint":2,"White Beast Statue":8,"Ring of the Snake":0},{"Ice Cream":21,"Golden Idol":21,"Nilry\u0027s Codex":38,"Astrolabe":32,"Velvet Choker":0,"Bag of Marbles":21,"War Paint":9,"White Beast Statue":42,"Ring of the Snake":0}]},"card_choices":[{"not_picked":["Slice","Dodge and Roll"],"picked":"Poisoned Stab","floor":1},{"not_picked":["Slice","Expertise"],"picked":"Footwork","floor":2},{"not_picked":["Leg Sweep","Caltrops"],"picked":"Deadly Poison","floor":5},{"not_picked":["Bane","Dagger Spray"],"picked":"Night Terror","floor":6},{"not_picked":["Outmaneuver","Dagger Throw"],"picked":"Concentrate","floor":14},{"not_picked":["Storm of Steel","Unload"],"picked":"Malaise","floor":16},{"not_picked":["Blade Dance","Deflect","Cloak And Dagger"],"picked":"SKIP","floor":18},{"not_picked":["Bane","Tactician+1","Sucker Punch"],"picked":"SKIP","floor":20}],"player_experience":114511,"relics_obtained":[{"floor":6,"key":"Ice Cream"},{"floor":9,"key":"Bag of Marbles"},{"floor":19,"key":"Nilry\u0027s Codex"}],"event_choices":[{"damage_healed":0,"gold_gain":150,"player_choice":"AGREE","damage_taken":0,"max_hp_gain":0,"max_hp_loss":0,"event_name":"Liars Game","floor":3,"gold_loss":0,"cards_obtained":["Doubt"]},{"damage_healed":0,"gold_gain":0,"player_choice":"Box","damage_taken":0,"relics_obtained":["War Paint"],"max_hp_gain":0,"max_hp_loss":0,"event_name":"Big Fish","floor":4,"gold_loss":0,"cards_obtained":["Regret"]},{"damage_healed":0,"gold_gain":0,"player_choice":"Take Wound","damage_taken":0,"relics_obtained":["Golden Idol"],"max_hp_gain":0,"max_hp_loss":0,"event_name":"Golden Idol","floor":11,"gold_loss":0,"cards_obtained":["Injury"]},{"damage_healed":0,"gold_gain":0,"player_choice":"Obtained Book","damage_taken":21,"max_hp_gain":0,"max_hp_loss":0,"event_name":"Cursed Tome","floor":19,"gold_loss":0},{"damage_healed":0,"gold_gain":0,"player_choice":"Opened","damage_taken":0,"relics_obtained":["White Beast Statue"],"max_hp_gain":0,"max_hp_loss":0,"event_name":"The Mausoleum","floor":21,"gold_loss":0,"cards_obtained":["Writhe"]}],"is_beta":false,"boss_relics":[{"not_picked":["Fusion Hammer","SacredBark"],"picked":"Astrolabe"}],"items_purged_floors":[7],"is_endless":false,"potions_floor_spawned":[6,18],"killed_by":"Centurion and Healer","ascension_level":18}}