{"host":"0rxdudjy6rylha1k","time":1609622503,"event":{"mods":["Aspiration","BaseMod","Colored Map","Colored Powertips","Downfall","Highlight Path","Hubris","Minty Spire (QoL Compilation)","StSLib"],"gold_per_floor":[0,20,31,46,146,163,163,13,31,16,16,16,16,51,61,163,163,88,106,121,121,121,121,121,134,151,184,184,89,89,105,116,215,215,215,226,226,241,241,268,268,268,302,302,314,314,314,314,284,284],"floor_reached":51,"playtime":6044,"items_purged":[],"score":1043,"play_id":"6e1ab17c-a9dc-4de8-a42d-f60d378ae5af","local_time":"20210102142143","is_ascension_mode":true,"campfire_choices":[{"floor":1.0,"key":"RECALL"},{"floor":8.0,"key":"REST"},{"data":"Guardian:Orbwalk","floor":11.0,"key":"SMITH"},{"data":"Guardian:CompilePackage","floor":18.0,"key":"SMITH"},{"floor":28.0,"key":"REST"},{"data":"Guardian:RefractedBeam+1","floor":30.0,"key":"SMITH"},{"data":"Guardian:RefractedBeam+2","floor":35.0,"key":"SMITH"},{"floor":44.0,"key":"REST"},{"data":"Guardian:RefractedBeam+4","floor":46.0,"key":"SMITH"}],"circlet_count":0,"master_deck":["Guardian:CurlUp","Guardian:TwinSlam","Guardian:FloatingOrbs","Guardian:Suspension","Guardian:FloatingOrbs","Guardian:PiercingHide","Guardian:Orbwalk+1","Guardian:VentSteam","Guardian:CompilePackage+1","Guardian:StasisStrike","Guardian:ArmoredProtocol","Guardian:Harden","Guardian:RollAttack","Guardian:TemporalStrike","Guardian:MultiBeam","Guardian:RefractedBeam+5","Guardian:DonusPower","Guardian:BronzeArmor+1","Guardian:DecasProtection","Guardian:Recover","Guardian:StasisEngine","Guardian:FloatingOrbs+1","expansioncontent:DecasProtection","Guardian:DonusPower+1","Guardian:PrimingBeam","Guardian:Gem_Red","Guardian:Gem_Purple"],"relics":["Guardian:ModeShifter","downfall:HeartBlessingRed","downfall:HeartBlessingBlue","hubris:DeckOfHolding","Eternal Feather","Pandora\u0027s Box","downfall:HeartBlessingGreen","Gremlin Horn","hubris:Metronome","Dream Catcher","Black Star","sneckomod:BlankCard","Pen Nib","Vajra","hubris:Towel","PreservedInsect","hexamod:BolsterEngine","Bird Faced Urn","hubris:Icosahedron"],"acts_visited":["Exordium","TheCity","TheBeyond"],"potions_floor_usage":[],"damage_taken":[{"damage":8.0,"enemies":"2 Louse","floor":2.0,"turns":3.0},{"damage":10.0,"enemies":"Jaw Worm","floor":3.0,"turns":4.0},{"damage":0.0,"enemies":"Cultist","floor":4.0,"turns":5.0},{"damage":4.0,"enemies":"Blue Slaver","floor":6.0,"turns":4.0},{"damage":8.0,"enemies":"3 Louse","floor":9.0,"turns":3.0},{"damage":0.0,"enemies":"downfall:FleeingMerchant","floor":10.0,"turns":4.0},{"damage":28.0,"enemies":"Gremlin Nob","floor":14.0,"turns":5.0},{"damage":9.0,"enemies":"Exordium Thugs","floor":15.0,"turns":6.0},{"damage":57.0,"enemies":"downfall:Defect","floor":16.0,"turns":11.0},{"damage":14.0,"enemies":"Shell Parasite","floor":19.0,"turns":4.0},{"damage":3.0,"enemies":"Cultist and Chosen","floor":20.0,"turns":5.0},{"damage":10.0,"enemies":"Centurion and Healer","floor":25.0,"turns":4.0},{"damage":9.0,"enemies":"Shelled Parasite and Fungi","floor":26.0,"turns":4.0},{"damage":0.0,"enemies":"Gremlin Leader","floor":27.0,"turns":5.0},{"damage":0.0,"enemies":"downfall:FleeingMerchant","floor":29.0,"turns":4.0},{"damage":0.0,"enemies":"Cultist and Chosen","floor":31.0,"turns":3.0},{"damage":10.0,"enemies":"Centurion and Healer","floor":32.0,"turns":3.0},{"damage":13.0,"enemies":"downfall:Watcher","floor":33.0,"turns":5.0},{"damage":3.0,"enemies":"Orb Walker","floor":36.0,"turns":3.0},{"damage":0.0,"enemies":"3 Shapes","floor":38.0,"turns":4.0},{"damage":19.0,"enemies":"Reptomancer","floor":40.0,"turns":3.0},{"damage":22.0,"enemies":"Nemesis","floor":43.0,"turns":5.0},{"damage":13.0,"enemies":"Writhing Mass","floor":45.0,"turns":3.0},{"damage":0.0,"enemies":"3 Darklings","floor":49.0,"turns":2.0},{"damage":9,"enemies":"downfall:Ironclad","floor":50,"turns":3}],"seed_played":"6358606300333877315","potions_obtained":[{"floor":3.0,"key":"SpeedPotion"},{"floor":4.0,"key":"Weak Potion"},{"floor":15.0,"key":"Explosive Potion"},{"floor":16.0,"key":"sneckomod:MuddlingPotion"},{"floor":19.0,"key":"sneckomod:MuddlingPotion"},{"floor":25.0,"key":"Dexterity Potion"},{"floor":31.0,"key":"Ancient Potion"},{"floor":32.0,"key":"champ:CounterPotion"},{"floor":33.0,"key":"Guardian:DefensiveModePotion"},{"floor":38.0,"key":"SteroidPotion"},{"floor":40.0,"key":"sneckomod:MuddlingPotion"},{"floor":43.0,"key":"sneckomod:MuddlingPotion"}],"is_trial":false,"path_per_floor":["R","M","M","M","?","M","T","R","M","$","R","T","?","E","M","B",null,"R","M","M","?","?","T","T","M","M","E","R","$","R","M","M","B",null,"R","M","?","M","?","E","T","?","E","R","M","R","?","?","M","B",null],"character_chosen":"GUARDIAN","items_purchased":["Guardian:Gem_Yellow"],"campfire_rested":3,"item_purchase_floors":[29],"current_hp_per_floor":[72,64,54,54,54,50,50,87,79,79,79,79,100,72,63,6,77,86,72,69,69,69,69,69,59,50,50,89,89,100,100,90,77,94,100,97,97,97,97,78,78,78,56,100,87,100,100,100,100,95],"gold":284,"neow_bonus":"THREE_RARE_CARDS","is_daily":false,"chose_seed":false,"campfire_upgraded":5,"win_rate":0.0,"timestamp":1609622503,"path_taken":["R","M","M","M","?","M","T","R","M","$","R","?","?","E","M","BOSS","R","M","?","?","?","?","T","M","?","E","R","$","R","M","M","BOSS","R","M","?","M","?","E","T","?","E","R","?","R","?","?","M","BOSS"],"items_purchased_type":["Card"],"build_version":"2020-12-22","purchased_purges":0,"victory":true,"max_hp_per_floor":[80,80,80,80,80,80,80,90,90,90,90,90,100,100,100,100,100,100,100,100,100,100,100,100,100,100,100,100,100,100,100,100,100,100,100,100,100,100,100,100,100,100,100,100,100,100,100,100,100,100],"card_choices":[{"not_picked":["Guardian:BaubleBeam","Guardian:ConstructionForm"],"picked":"Guardian:StasisEngine","floor":0.0},{"not_picked":["Guardian:Gem_Lightblue","Guardian:CrystalBeam"],"picked":"Guardian:FloatingOrbs","floor":2.0},{"not_picked":["Guardian:Repulse","Guardian:WalkerClaw"],"picked":"Guardian:Suspension","floor":3.0},{"not_picked":["Guardian:PrismaticBarrier","Guardian:Recover"],"picked":"Guardian:FloatingOrbs","floor":4.0},{"not_picked":["Guardian:TemporalShield","Guardian:TemporalStrike"],"picked":"Guardian:PiercingHide","floor":6.0},{"not_picked":["Guardian:VentSteam","Guardian:Harden"],"picked":"Guardian:Orbwalk","floor":9.0},{"not_picked":["Guardian:PrimingBeam","Guardian:ExploitGems"],"picked":"Guardian:VentSteam","floor":10.0},{"not_picked":["Guardian:Gem_Red","Guardian:FloatingOrbs"],"picked":"Guardian:Gem_Crimson","floor":14.0},{"not_picked":["Guardian:TemporalShield","Guardian:VentSteam"],"picked":"Guardian:Gem_Green","floor":15.0},{"not_picked":["Guardian:Gem_Orange","Guardian:GemFinder"],"picked":"Guardian:CompilePackage","floor":16.0},{"not_picked":["Guardian:Recover","Guardian:VentSteam"],"picked":"Guardian:RefractedBeam+1","floor":19.0},{"not_picked":["Guardian:Recover","Guardian:ShieldCharger+1"],"picked":"Guardian:DonusPower","floor":20.0},{"not_picked":["Guardian:Reroute+1","Guardian:CrystalBeam"],"picked":"Guardian:Gem_White","floor":25.0},{"not_picked":["Guardian:TimeBomb+1","Guardian:PrismaticBeam","Guardian:Suspension"],"picked":"SKIP","floor":26.0},{"not_picked":["Guardian:ShieldCharger","Guardian:Planning"],"picked":"Guardian:Gem_Lightblue","floor":27.0},{"not_picked":["Guardian:PrimingBeam","Guardian:BronzeOrb"],"picked":"Guardian:BronzeArmor+1","floor":28.0},{"not_picked":["Guardian:ChargeCore","Guardian:TemporalStrike+1"],"picked":"Guardian:DecasProtection","floor":29.0},{"not_picked":["Guardian:GuardianWhirl","Guardian:Orbwalk"],"picked":"Guardian:Recover","floor":31.0},{"not_picked":["Guardian:ShieldCharger","Guardian:BronzeArmor"],"picked":"Guardian:StasisEngine","floor":32.0},{"not_picked":["Guardian:GemFire","Guardian:ConstructionForm"],"picked":"Guardian:Gem_Synthetic","floor":33.0},{"not_picked":["Guardian:WalkerClaw+1","Guardian:Reroute"],"picked":"Guardian:FloatingOrbs+1","floor":36.0},{"not_picked":["expansioncontent:Collect","expansioncontent:Flail"],"picked":"expansioncontent:DecasProtection","floor":37.0},{"not_picked":["Guardian:Gem_Green","Guardian:Planning"],"picked":"Guardian:DonusPower+1","floor":38.0},{"not_picked":["Guardian:Gem_Green","Guardian:RefractedBeam+1"],"picked":"Guardian:PrimingBeam","floor":40.0},{"not_picked":["Guardian:FuturePlans","Guardian:PiercingHide","Guardian:PrismaticBarrier"],"picked":"SKIP","floor":43.0},{"not_picked":["Guardian:Gem_Lightblue","Guardian:CrystalBeam+1"],"picked":"Guardian:Gem_Yellow","floor":44.0},{"not_picked":["Guardian:PrimingBeam","Guardian:TemporalStrike"],"picked":"Guardian:Gem_Red","floor":45.0},{"not_picked":["Guardian:PolyBeam","Guardian:GuardianWhirl"],"picked":"Guardian:Gem_Purple","floor":49.0}],"player_experience":2445105,"relics_obtained":[{"floor":12.0,"key":"hubris:DeckOfHolding"},{"floor":14.0,"key":"Eternal Feather"},{"floor":23.0,"key":"Gremlin Horn"},{"floor":24.0,"key":"hubris:Metronome"},{"floor":27.0,"key":"Dream Catcher"},{"floor":40.0,"key":"sneckomod:BlankCard"},{"floor":40.0,"key":"Pen Nib"},{"floor":41.0,"key":"Vajra"},{"floor":43.0,"key":"PreservedInsect"},{"floor":43.0,"key":"hexamod:BolsterEngine"},{"floor":47.0,"key":"Bird Faced Urn"}],"event_choices":[{"cards_removed":["Guardian:StasisEngine"],"damage_healed":11.0,"max_hp_gain":10.0,"max_hp_loss":0.0,"gold_gain":0.0,"event_name":"Bonfire Elementals","player_choice":"Offered Rare","floor":13.0,"gold_loss":0.0,"damage_taken":0.0}],"is_beta":false,"boss_relics":[{"not_picked":["aspiration:RitualDagger","hubris:HollowSoul"],"picked":"Pandora\u0027s Box"},{"not_picked":["hubris:Stopwatch","Calling Bell"],"picked":"Black Star"}],"items_purged_floors":[],"is_endless":false,"potions_floor_spawned":[3,4,15,16,19,25,31,32,33,38,40,43],"ascension_level":9}}