{"host":"nz11ypxva4e39b7q","time":1609611126,"event":{"mods":["BaseMod","Better Altar","Better Skull","Better Third Choice","Better Vampires","Colored Map","Minty Spire (QoL Compilation)","Spicy Shops","StSLib"],"gold_per_floor":[112,124,124,49,62,62,62,88,140,175,175,187,212,230,230,301,301,320,337,337,354,354,382,382,394,420,420,452,452,652,668,668,747,747,758,345,360,6,6,6,38,38,93,127,143,156,485,503,503,503,503,503,503,23,55,55],"floor_reached":57,"playtime":3983,"items_purged":["Strike_R","Defend_R","Strike_R"],"score":2825,"play_id":"d5b00847-8a9a-4bef-afa1-5e1170f2e2c0","local_time":"20210102191206","is_ascension_mode":true,"campfire_choices":[{"data":"Apotheosis","floor":6.0,"key":"SMITH"},{"data":"Inflame","floor":15.0,"key":"SMITH"},{"floor":24.0,"key":"REST"},{"data":"Rupture","floor":27.0,"key":"SMITH"},{"floor":32.0,"key":"REST"},{"floor":40.0,"key":"RECALL"},{"floor":49.0,"key":"REST"},{"floor":53,"key":"REST"}],"circlet_count":0,"master_deck":["AscendersBane","Defend_R","Flash of Steel","True Grit","Apotheosis+1","Inflame+1","Thunderclap","Double Tap","Uppercut","Feed","Bloodletting+1","Disarm+1","Brutality+1","Rupture+1","Pommel Strike+1","Ghostly","Ghostly","Ghostly","Feed","Heavy Blade","Warcry+1","Deep Breath+1","Thunderclap","Warcry+1","Rampage","Machine Learning","Impatience+1","TalkToTheHand+1","Sword Boomerang+1","Limit Break+1"],"relics":["Burning Blood","Omamori","Oddly Smooth Stone","Mango","Turnip","Astrolabe","Bag of Preparation","Blood Vial","InkBottle","Calling Bell","Boot","Toxic Egg 2","Magic Flower","Medical Kit","PrismaticShard","FossilizedHelix","Darkstone Periapt","Old Coin","Membership Card","Lantern","Frozen Eye","Akabeko"],"acts_visited":["Exordium","TheCity","TheBeyond","TheEnding"],"potions_floor_usage":[56,56],"damage_taken":[{"damage":4.0,"enemies":"Jaw Worm","floor":1.0,"turns":4.0},{"damage":8.0,"enemies":"2 Louse","floor":2.0,"turns":3.0},{"damage":0.0,"enemies":"Small Slimes","floor":5.0,"turns":4.0},{"damage":13.0,"enemies":"3 Sentries","floor":8.0,"turns":7.0},{"damage":1.0,"enemies":"Lagavulin","floor":10.0,"turns":4.0},{"damage":5.0,"enemies":"Looter","floor":12.0,"turns":4.0},{"damage":25.0,"enemies":"3 Sentries","floor":13.0,"turns":7.0},{"damage":3.0,"enemies":"3 Louse","floor":14.0,"turns":3.0},{"damage":57.0,"enemies":"Hexaghost","floor":16.0,"turns":10.0},{"damage":16.0,"enemies":"2 Thieves","floor":18.0,"turns":4.0},{"damage":23.0,"enemies":"3 Byrds","floor":19.0,"turns":5.0},{"damage":35.0,"enemies":"Centurion and Healer","floor":21.0,"turns":6.0},{"damage":18.0,"enemies":"Book of Stabbing","floor":23.0,"turns":6.0},{"damage":8.0,"enemies":"Snake Plant","floor":25.0,"turns":4.0},{"damage":36.0,"enemies":"Gremlin Leader","floor":28.0,"turns":5.0},{"damage":14.0,"enemies":"Sentry and Sphere","floor":31.0,"turns":4.0},{"damage":23.0,"enemies":"Collector","floor":33.0,"turns":6.0},{"damage":12.0,"enemies":"3 Darklings","floor":35.0,"turns":6.0},{"damage":10.0,"enemies":"3 Shapes","floor":37.0,"turns":5.0},{"damage":22.0,"enemies":"Nemesis","floor":41.0,"turns":7.0},{"damage":10.0,"enemies":"Reptomancer","floor":44.0,"turns":4.0},{"damage":21.0,"enemies":"Writhing Mass","floor":45.0,"turns":6.0},{"damage":9.0,"enemies":"Maw","floor":46.0,"turns":5.0},{"damage":11.0,"enemies":"Giant Head","floor":47.0,"turns":5.0},{"damage":33.0,"enemies":"4 Shapes","floor":48.0,"turns":10.0},{"damage":75.0,"enemies":"Donu and Deca","floor":50.0,"turns":6.0},{"damage":23,"enemies":"Time Eater","floor":51,"turns":7},{"damage":17,"enemies":"Shield and Spear","floor":55,"turns":6},{"damage":103,"enemies":"The Heart","floor":56,"turns":8}],"seed_played":"8619505890683023898","potions_obtained":[{"floor":5.0,"key":"AttackPotion"},{"floor":8.0,"key":"Fruit Juice"},{"floor":13.0,"key":"Block Potion"},{"floor":14.0,"key":"SkillPotion"},{"floor":18.0,"key":"DistilledChaos"},{"floor":21.0,"key":"EssenceOfSteel"},{"floor":33.0,"key":"EssenceOfSteel"},{"floor":35.0,"key":"AttackPotion"},{"floor":37.0,"key":"DistilledChaos"},{"floor":45.0,"key":"Swift Potion"}],"is_trial":false,"path_per_floor":["M","M","?","?","M","R","?","E","T","E","?","M","E","M","R","B",null,"M","M","?","M","?","E","R","M","T","R","E","?","?","M","R","B",null,"M","$","M","$","?","R","E","$","T","E","M","M","E","M","R","B","B",null,"R","$","E","B",null],"character_chosen":"IRONCLAD","items_purchased":["Warcry+1","Deep Breath+1","Medical Kit","PrismaticShard","Thunderclap","Warcry+1","Membership Card","Limit Break+1","Lantern","Energy Potion","Frozen Eye","Block Potion"],"campfire_rested":4,"item_purchase_floors":[36,36,36,38,38,38,54,54,54,54,54,54],"current_hp_per_floor":[70,68,68,68,74,74,74,67,67,86,79,80,61,69,69,18,75,68,55,55,30,30,18,49,51,51,51,27,27,27,25,43,32,56,62,62,70,70,70,70,65,65,65,73,70,79,86,76,99,33,28,84,103,103,107,16],"gold":55,"neow_bonus":"RANDOM_COLORLESS","is_daily":false,"chose_seed":false,"campfire_upgraded":3,"win_rate":0.0,"timestamp":1609611126,"path_taken":["M","M","?","?","M","R","?","E","T","E","?","M","E","M","R","BOSS","M","M","?","M","?","E","R","M","T","R","E","?","?","M","R","BOSS","M","$","M","$","?","R","E","?","T","E","M","M","E","M","R","BOSS","BOSS","R","$","E","BOSS"],"items_purchased_type":["Card","Card","Relic","Relic","Card","Card","Relic","Card","Relic","Potion","Relic","Potion"],"build_version":"2020-12-22","purchased_purges":3,"victory":true,"max_hp_per_floor":[75,75,75,75,75,75,75,75,75,89,89,89,89,94,94,94,94,97,101,101,105,105,105,105,109,109,109,113,56,56,60,60,64,64,68,68,72,72,72,72,76,76,76,80,84,88,92,99,99,99,103,103,103,103,111,111],"card_choices":[{"not_picked":["Blind","Forethought"],"picked":"Flash of Steel","floor":0.0},{"not_picked":["Fire Breathing","Blood for Blood","Wild Strike"],"picked":"SKIP","floor":1.0},{"not_picked":["Power Through","Heavy Blade"],"picked":"True Grit","floor":2.0},{"not_picked":["Body Slam","Brutality"],"picked":"Inflame","floor":5.0},{"not_picked":["Headbutt","Rupture"],"picked":"Thunderclap","floor":8.0},{"not_picked":["Twin Strike","Havoc"],"picked":"Double Tap","floor":10.0},{"not_picked":["Metallicize","Clothesline","Second Wind"],"picked":"SKIP","floor":12.0},{"not_picked":["Flex","Havoc"],"picked":"Uppercut","floor":13.0},{"not_picked":["Heavy Blade","Second Wind","Anger"],"picked":"SKIP","floor":14.0},{"not_picked":["Berserk","Corruption"],"picked":"Feed","floor":16.0},{"not_picked":["Wild Strike+1","Shockwave","Flex"],"picked":"SKIP","floor":18.0},{"not_picked":["Clash","Iron Wave","Armaments"],"picked":"SKIP","floor":19.0},{"not_picked":["Dark Embrace","Thunderclap","Anger+1"],"picked":"SKIP","floor":21.0},{"not_picked":["Iron Wave","Intimidate","Clothesline"],"picked":"SKIP","floor":23.0},{"not_picked":["Havoc","Body Slam","Second Wind"],"picked":"SKIP","floor":25.0},{"not_picked":["Warcry","Rage"],"picked":"Pommel Strike+1","floor":28.0},{"not_picked":["Rupture","Clash"],"picked":"Feed","floor":31.0},{"not_picked":["Rampage","Battle Trance+1"],"picked":"Heavy Blade","floor":35.0},{"not_picked":["Spot Weakness+1","Reckless Charge+1","Pommel Strike"],"picked":"SKIP","floor":37.0},{"not_picked":["Sucker Punch+1","SashWhip+1"],"picked":"Machine Learning","floor":41.0},{"not_picked":["Reinforced Body+1","Study","EmptyFist+1"],"picked":"SKIP","floor":44.0},{"not_picked":["Crescendo+1","Havoc+1"],"picked":"Impatience+1","floor":45.0},{"not_picked":["EmptyFist","Cleave","Riddle With Holes"],"picked":"SKIP","floor":46.0},{"not_picked":["Feed","Thunderclap"],"picked":"TalkToTheHand+1","floor":47.0},{"not_picked":["Rampage+1","Stack+1"],"picked":"Sword Boomerang+1","floor":48.0},{"not_picked":["Hologram+1","Pummel+1","EmptyMind+1"],"picked":"SKIP","floor":55}],"player_experience":969822,"relics_obtained":[{"floor":8.0,"key":"Omamori"},{"floor":9.0,"key":"Oddly Smooth Stone"},{"floor":10.0,"key":"Mango"},{"floor":13.0,"key":"Turnip"},{"floor":23.0,"key":"Bag of Preparation"},{"floor":26.0,"key":"Blood Vial"},{"floor":28.0,"key":"InkBottle"},{"floor":34.0,"key":"Boot"},{"floor":34.0,"key":"Toxic Egg 2"},{"floor":34.0,"key":"Magic Flower"},{"floor":41.0,"key":"FossilizedHelix"},{"floor":44.0,"key":"Darkstone Periapt"},{"floor":47.0,"key":"Old Coin"},{"floor":55,"key":"Akabeko"}],"event_choices":[{"damage_healed":68.0,"max_hp_gain":0.0,"max_hp_loss":75.0,"gold_gain":0.0,"event_name":"betterThird:BetterShining","player_choice":"Embrace","floor":3.0,"gold_loss":0.0,"damage_taken":0.0},{"cards_removed":["Defend_R"],"damage_healed":0.0,"max_hp_gain":0.0,"max_hp_loss":0.0,"gold_gain":0.0,"event_name":"The Cleric","player_choice":"Card Removal","floor":4.0,"gold_loss":75.0,"damage_taken":0.0},{"damage_healed":0.0,"max_hp_gain":0.0,"max_hp_loss":0.0,"gold_gain":0.0,"event_name":"betterThird:BetterSerpent","player_choice":"Ignored","floor":7.0,"gold_loss":0.0,"damage_taken":62.0},{"cards_removed":["Strike_R"],"damage_healed":0.0,"max_hp_gain":0.0,"max_hp_loss":0.0,"gold_gain":0.0,"event_name":"Golden Wing","player_choice":"Card Removal","floor":11.0,"gold_loss":0.0,"damage_taken":7.0},{"damage_healed":0.0,"max_hp_gain":0.0,"max_hp_loss":0.0,"gold_gain":0.0,"event_name":"The Library","player_choice":"Read","floor":20.0,"gold_loss":0.0,"damage_taken":0.0,"cards_obtained":["Rupture"]},{"damage_healed":0.0,"max_hp_gain":0.0,"max_hp_loss":0.0,"gold_gain":0.0,"event_name":"The Mausoleum","player_choice":"Ignored","floor":22.0,"gold_loss":0.0,"damage_taken":0.0},{"damage_healed":0.0,"max_hp_gain":0.0,"max_hp_loss":57.0,"gold_gain":0.0,"event_name":"Ghosts","player_choice":"Became a Ghost","floor":29.0,"gold_loss":0.0,"damage_taken":0.0,"cards_obtained":["Ghostly","Ghostly","Ghostly"]},{"damage_healed":0.0,"max_hp_gain":0.0,"max_hp_loss":0.0,"gold_gain":250.0,"event_name":"The Joust","player_choice":"Bet on Owner","floor":30.0,"gold_loss":50.0,"damage_taken":0.0},{"damage_healed":0.0,"max_hp_gain":0.0,"max_hp_loss":0.0,"gold_gain":0.0,"cards_transformed":["Strike_R"],"event_name":"Transmorgrifier","player_choice":"Transformed","floor":39.0,"gold_loss":0.0,"damage_taken":0.0,"cards_obtained":["Rampage"]}],"is_beta":false,"boss_relics":[{"not_picked":["Snecko Eye","Velvet Choker"],"picked":"Astrolabe"},{"not_picked":["Philosopher\u0027s Stone","Mark of Pain"],"picked":"Calling Bell"}],"items_purged_floors":[36,38,54],"is_endless":false,"potions_floor_spawned":[5,8,13,14,18,21,33,35,37,45],"ascension_level":20}}