{"host":"minbhrtlkaoly5f0","time":1609586340,"event":{"mods":["Act Like it!","BaseMod","Colored Map","Colored Powertips","Lobotomy","LobotomyExtend","Luminous","Minty Spire (QoL Compilation)","Quick Restart","StSLib"],"gold_per_floor":[112,126,126,126,146,146,246,262,262,283,28,28,203,239,239,358,358,358,358,358,358],"floor_reached":20,"playtime":558,"items_purged":["Strike_B"],"score":170,"play_id":"947ae43f-195b-4fd8-a80e-3b95b278796b","local_time":"20210102191900","is_ascension_mode":false,"campfire_choices":[{"floor":6,"key":"RECALL"},{"floor":15,"key":"REST"}],"circlet_count":0,"master_deck":["Defend_B","Defend_B","Defend_B","Defend_B","Zap","Dualcast","Darkness","CherryBlossoms","CrumblingArmor","Doom and Gloom","Porccubus","Blizzard","DreamingCurrent","Defragment","Wellcheers","Hello World","Static Discharge","Doubt","WhitesApple","Parasite","Funeral","Rainbow","Parasite"],"relics":["Cracked Core","CogitoBucket","LetterFromLob","Golden Idol","White Beast Statue","Empty Cage","MagicBullet_r"],"acts_visited":["Exordium","TheCity"],"potions_floor_usage":[14,16,16,20],"damage_taken":[{"damage":7,"enemies":"Small Slimes","floor":1,"turns":3},{"damage":6,"enemies":"Cultist","floor":2,"turns":4},{"damage":5,"enemies":"2 Louse","floor":5,"turns":2},{"damage":19,"enemies":"Blue Slaver","floor":8,"turns":3},{"damage":43,"enemies":"2 Fungi Beasts","floor":10,"turns":4},{"damage":71,"enemies":"Lagavulin","floor":14,"turns":5},{"damage":44,"enemies":"Hexaghost","floor":16,"turns":8},{"damage":117,"enemies":"Masked Bandits","floor":20,"turns":4}],"seed_played":"-5966195884593926133","potions_obtained":[{"floor":1,"key":"Regen Potion"},{"floor":5,"key":"BlessingOfTheForge"},{"floor":10,"key":"Ancient Potion"},{"floor":14,"key":"FocusPotion"},{"floor":16,"key":"SpeedPotion"}],"is_trial":false,"path_per_floor":["M","M","?","?","M","R","?","M","T","M","$","?","?","E","R","B",null,"M","?","?"],"character_chosen":"DEFECT","items_purchased":["Static Discharge","FairyPotion"],"campfire_rested":1,"item_purchase_floors":[11,11],"current_hp_per_floor":[68,62,62,62,57,57,57,38,38,1,1,68,68,9,29,3,69,69,69,0,0],"gold":358,"neow_bonus":"","is_daily":false,"chose_seed":false,"campfire_upgraded":0,"win_rate":0.0,"timestamp":1609586340,"path_taken":["M","M","?","?","M","R","?","M","T","?","$","?","?","E","R","BOSS","M","?","?"],"items_purchased_type":["Card","Potion"],"build_version":"2020-12-22","purchased_purges":1,"victory":false,"max_hp_per_floor":[75,75,75,69,69,69,69,69,69,69,69,69,69,69,69,69,69,69,69,69,69],"card_choices":[{"not_picked":["Reinforced Body","Coolheaded"],"picked":"Darkness","floor":1},{"not_picked":["LittlePrince","Bloodbath"],"picked":"CherryBlossoms","floor":1},{"not_picked":["Scorched","MeatLantern"],"picked":"CrumblingArmor","floor":2},{"not_picked":["Leap","Beam Cell"],"picked":"Doom and Gloom","floor":2},{"not_picked":["WallGazer","NakedNest","QueenBee"],"picked":"Singing Bowl","floor":5},{"not_picked":["SnowQueen","PunishingBird"],"picked":"Porccubus","floor":5},{"not_picked":["Turbo","Cold Snap"],"picked":"Blizzard","floor":5},{"not_picked":["WhitesApple","HeroicMonk","MHz"],"picked":"Singing Bowl","floor":8},{"not_picked":["OSAHOGD","Laetitia"],"picked":"DreamingCurrent","floor":8},{"not_picked":["White Noise","Gash"],"picked":"Defragment","floor":8},{"not_picked":["OldLady","Scorched"],"picked":"Wellcheers","floor":10},{"not_picked":["Hologram","Go for the Eyes"],"picked":"Hello World","floor":10},{"not_picked":["ShyLook","OldLady","NakedNest"],"picked":"Singing Bowl","floor":14},{"not_picked":["QueenBee","Bloodbath"],"picked":"WhitesApple","floor":14},{"not_picked":["Compile Driver","Auto Shields","Melter"],"picked":"SKIP","floor":14},{"not_picked":["ShyLook","OldLady"],"picked":"Funeral","floor":16},{"not_picked":["Meteor Strike","Reboot"],"picked":"Rainbow","floor":16}],"player_experience":18068,"relics_obtained":[{"floor":1,"key":"LetterFromLob"},{"floor":14,"key":"White Beast Statue"}],"event_choices":[{"cards_removed":["Strike_B"],"damage_healed":0,"gold_gain":0,"player_choice":"Forget","damage_taken":0,"max_hp_gain":0,"max_hp_loss":0,"event_name":"Living Wall","floor":3,"gold_loss":0},{"damage_healed":0,"gold_gain":0,"player_choice":"Lose Max HP","damage_taken":0,"relics_obtained":["Golden Idol"],"max_hp_gain":0,"max_hp_loss":6,"event_name":"Golden Idol","floor":4,"gold_loss":0},{"damage_healed":0,"gold_gain":100,"player_choice":"Gold","damage_taken":0,"max_hp_gain":0,"max_hp_loss":0,"event_name":"Wheel of Change","floor":7,"gold_loss":0},{"damage_healed":0,"gold_gain":175,"player_choice":"AGREE","damage_taken":0,"max_hp_gain":0,"max_hp_loss":0,"event_name":"Liars Game","floor":13,"gold_loss":0,"cards_obtained":["Doubt"]},{"damage_healed":0,"gold_gain":0,"player_choice":"Ignored","damage_taken":0,"max_hp_gain":0,"max_hp_loss":0,"event_name":"Ghosts","floor":19,"gold_loss":0},{"damage_healed":0,"gold_gain":0,"player_choice":"Fought Bandits","damage_taken":0,"max_hp_gain":0,"max_hp_loss":0,"event_name":"Masked Bandits","floor":20,"gold_loss":0}],"is_beta":false,"boss_relics":[{"not_picked":["Tiny House","Astrolabe"],"picked":"Empty Cage"}],"items_purged_floors":[11],"is_endless":false,"potions_floor_spawned":[1,5,10,14,16],"killed_by":"Masked Bandits","ascension_level":0}}