{"host":"kiauivt48syq9iz6","time":1609592124,"event":{"mods":["A Magickal Journey","BaseMod","Conspire","Downfall","Hermit","Minty Spire (QoL Compilation)","Replay The Spire","SIMod","Somnambulant","StSLib","The Animator","The Construct","The Cursed","The Disciple","The Forsaken","The Judge","The Marked","The Runesmith","The Servant 0.9.4","The Spell Scribe"],"gold_per_floor":[117,117,128,140,151,24,43,106,106,93,193,193,211,222,222,317,317,330,346,356,455,474,474,494,494,494,51,64,64,84,97,97,192,292,308,319,329,98,98,98],"floor_reached":39,"playtime":3116,"items_purged":[],"score":433,"play_id":"905fbae9-5842-41a2-8d8c-61b4ed5ac8fa","local_time":"20210102055524","is_ascension_mode":false,"campfire_choices":[{"floor":12.0,"key":"REST"},{"floor":23.0,"key":"REST"},{"floor":25.0,"key":"REST"},{"floor":29.0,"key":"REST"},{"floor":32.0,"key":"REST"}],"circlet_count":0,"master_deck":["somnambulantmod: SomnambulantStrike","somnambulantmod: SomnambulantStrike","somnambulantmod: SomnambulantStrike","somnambulantmod: SomnambulantStrike","somnambulantmod: SomnambulantStrike","somnambulantmod: Defend_Somnambulant","somnambulantmod: Defend_Somnambulant","somnambulantmod: Defend_Somnambulant+1","somnambulantmod: Defend_Somnambulant","somnambulantmod: Defend_Somnambulant","somnambulantmod: QuickNap+1","somnambulantmod: PrimingPunch","somnambulantmod: Unknow","somnambulantmod: Nosebleed","somnambulantmod: SleepingBody","somnambulantmod: Repression","somnambulantmod: HorrificThought","somnambulantmod: BadIdea","Mayhem+1","Replay:SS_fish_2","Replay:SS_forest_6+1","somnambulantmod: Stumble","somnambulantmod: Blink+1","somnambulantmod: Nosebleed","somnambulantmod: DeeperSleep","somnambulantmod: BadIdea+1","somnambulantmod: Lucidity","somnambulantmod: Bruise+1","somnambulantmod: LeechFears+1","somnambulantmod: HappyThoughts+1","somnambulantmod: SleepingBody+1","somnambulantmod: Harden+1","Sadistic Nature","somnambulantmod: DeeperSleep","somnambulantmod: DeeperSleep","somnambulantmod: Reject","somnambulantmod: DreamBig","somnambulantmod: ShimmeringVeil+1","somnambulantmod: LightSleeper+1","somnambulantmod: Refracture","somnambulantmod: ViralIdea+1","somnambulantmod: BrainFeeder+1","somnambulantmod: DreamBig","somnambulantmod: MuscleMemory"],"relics":["somnambulantmod: DreamJournal","ReplayTheSpireMod:ShopPack","Replay:WaspNest","Matryoshka","conspire:SpecialSausage","Happy Flower","Sundial","OrangePellets","Replay:Wanted Poster","ReplayFunnel"],"acts_visited":["Exordium","TheCity","TheBeyond"],"potions_floor_usage":[],"damage_taken":[{"damage":1.0,"enemies":"Cultist","floor":1.0,"turns":4.0},{"damage":8.0,"enemies":"Jaw Worm","floor":3.0,"turns":4.0},{"damage":7.0,"enemies":"2 Louse","floor":4.0,"turns":3.0},{"damage":27.0,"enemies":"Gremlin Gang","floor":5.0,"turns":9.0},{"damage":18.0,"enemies":"Exordium Wildlife","floor":7.0,"turns":7.0},{"damage":12.0,"enemies":"Lagavulin Event","floor":8.0,"turns":9.0},{"damage":10.0,"enemies":"Exordium Thugs","floor":10.0,"turns":7.0},{"damage":23.0,"enemies":"Large Slime","floor":13.0,"turns":6.0},{"damage":16.0,"enemies":"Blue Slaver","floor":14.0,"turns":5.0},{"damage":42.0,"enemies":"Slime Boss","floor":16.0,"turns":14.0},{"damage":30.0,"enemies":"Shell Parasite","floor":18.0,"turns":7.0},{"damage":31.0,"enemies":"Chosen","floor":19.0,"turns":8.0},{"damage":24.0,"enemies":"Snake Plant","floor":20.0,"turns":6.0},{"damage":24.0,"enemies":"Centurion and Healer","floor":22.0,"turns":11.0},{"damage":35.0,"enemies":"Sentry and Sphere","floor":24.0,"turns":5.0},{"damage":4.0,"enemies":"Cultist and Chosen","floor":28.0,"turns":9.0},{"damage":24.0,"enemies":"Centurion and Healer","floor":30.0,"turns":11.0},{"damage":34.0,"enemies":"Snake Plant","floor":31.0,"turns":6.0},{"damage":28.0,"enemies":"Collector","floor":33.0,"turns":10.0},{"damage":19,"enemies":"3 Darklings","floor":35,"turns":9},{"damage":37,"enemies":"Orb Walker","floor":36,"turns":5},{"damage":37,"enemies":"3 Darklings","floor":37,"turns":6},{"damage":48,"enemies":"Sphere and 2 Shapes","floor":39,"turns":3}],"seed_played":"5149233365620592458","potions_obtained":[{"floor":1.0,"key":"Ancient Potion"},{"floor":7.0,"key":"LifebloodPotion"},{"floor":8.0,"key":"Fire Potion"},{"floor":14.0,"key":"Energy Potion"},{"floor":22.0,"key":"AttackPotion"},{"floor":24.0,"key":"Block Potion"},{"floor":28.0,"key":"Strength Potion"},{"floor":33.0,"key":"PowerPotion"},{"floor":35,"key":"Energy Potion"}],"is_trial":false,"path_per_floor":["M","?","M","M","M","$","M","?","T","M","?","R","M","M","R","B",null,"M","M","M","?","M","R","M","R","T","$","M","R","M","M","R","B",null,"M","M","M","$","M"],"character_chosen":"THE_SOMNAMBULANT","items_purchased":["ReplayTheSpireMod:ShopPack","Sadistic Nature","somnambulantmod: DeeperSleep","somnambulantmod: Reject","OrangePellets","somnambulantmod: MuscleMemory","ReplayFunnel"],"campfire_rested":5,"item_purchase_floors":[6,27,27,27,27,38,38],"current_hp_per_floor":[76,76,68,61,34,34,36,32,32,30,30,55,40,40,65,31,81,59,36,32,32,16,42,15,41,41,41,49,76,71,57,85,65,89,70,45,28,28,0,0],"gold":98,"neow_bonus":"TEN_PERCENT_HP_BONUS","is_daily":false,"chose_seed":false,"campfire_upgraded":0,"win_rate":0.0,"timestamp":1609592124,"path_taken":["M","?","M","M","?","$","M","?","T","M","?","R","M","M","R","BOSS","M","?","M","?","M","R","M","R","T","?","M","R","M","M","R","BOSS","M","M","M","$","M"],"items_purchased_type":["Relic","Card","Card","Card","Relic","Card","Relic"],"build_version":"2020-12-22","purchased_purges":0,"victory":false,"max_hp_per_floor":[77,77,77,77,77,77,77,77,77,77,77,79,79,79,81,81,81,81,81,81,81,81,83,83,85,85,85,85,87,87,87,89,89,89,89,89,89,89,89,89],"card_choices":[{"not_picked":["somnambulantmod: Repression","somnambulantmod: Cower"],"picked":"somnambulantmod: Unknow","floor":1.0},{"not_picked":["somnambulantmod: Trauma","somnambulantmod: Bloom"],"picked":"somnambulantmod: Repression","floor":3.0},{"not_picked":["somnambulantmod: RecurringDream","somnambulantmod: AllForNothing"],"picked":"somnambulantmod: HorrificThought","floor":4.0},{"not_picked":["somnambulantmod: HeadSmack","somnambulantmod: Unknow"],"picked":"somnambulantmod: BadIdea","floor":5.0},{"not_picked":["Thinking Ahead","Violence"],"picked":"Mayhem","floor":6.0},{"not_picked":["expansioncontent:BronzeBeam","expansioncontent:FaceSlap"],"picked":"Replay:SS_fish_2","floor":6.0},{"not_picked":["expansioncontent:DefensiveStance","Thinking Ahead"],"picked":"Replay:SS_forest_6","floor":6.0},{"not_picked":["somnambulantmod: TrepanningBlow","somnambulantmod: Sleepyhead"],"picked":"somnambulantmod: Stumble","floor":7.0},{"not_picked":["somnambulantmod: Hush","somnambulantmod: Remember"],"picked":"somnambulantmod: Blink","floor":8.0},{"not_picked":["somnambulantmod: Blink","somnambulantmod: Trauma"],"picked":"somnambulantmod: Nosebleed","floor":10.0},{"not_picked":["somnambulantmod: Unmake","somnambulantmod: Cower"],"picked":"somnambulantmod: DeeperSleep","floor":13.0},{"not_picked":["somnambulantmod: Pinch","somnambulantmod: SnuggleUp"],"picked":"somnambulantmod: BadIdea","floor":14.0},{"not_picked":["somnambulantmod: LoseForm","somnambulantmod: Reinterpret"],"picked":"somnambulantmod: Lucidity","floor":16.0},{"not_picked":["somnambulantmod: Cower+1","somnambulantmod: Repression+1"],"picked":"somnambulantmod: Bruise+1","floor":18.0},{"not_picked":["somnambulantmod: MindWave","somnambulantmod: Cower"],"picked":"somnambulantmod: LeechFears","floor":19.0},{"not_picked":["somnambulantmod: TrepanningBlow","somnambulantmod: Stumble"],"picked":"somnambulantmod: HappyThoughts+1","floor":20.0},{"not_picked":["somnambulantmod: HeadSmack","somnambulantmod: DreamBig"],"picked":"somnambulantmod: SleepingBody+1","floor":22.0},{"not_picked":["somnambulantmod: RuthlessStudy","somnambulantmod: Unknow"],"picked":"somnambulantmod: Harden+1","floor":24.0},{"not_picked":["somnambulantmod: Cower","somnambulantmod: LeechFears"],"picked":"somnambulantmod: DreamBig","floor":28.0},{"not_picked":["somnambulantmod: BadIdea+1","somnambulantmod: SnuggleUp"],"picked":"somnambulantmod: ShimmeringVeil+1","floor":30.0},{"not_picked":["somnambulantmod: SnuggleUp","somnambulantmod: Pinch"],"picked":"somnambulantmod: LightSleeper+1","floor":31.0},{"not_picked":["somnambulantmod: Lucidity","somnambulantmod: RuthlessStudy"],"picked":"somnambulantmod: Refracture","floor":33.0},{"not_picked":["somnambulantmod: TrepanningBlow","somnambulantmod: Remember+1"],"picked":"somnambulantmod: ViralIdea+1","floor":35},{"not_picked":["somnambulantmod: LeechFears+1","somnambulantmod: ShimmeringVeil+1"],"picked":"somnambulantmod: BrainFeeder+1","floor":36},{"not_picked":["somnambulantmod: NightmareFuel","somnambulantmod: SnuggleUp"],"picked":"somnambulantmod: DreamBig","floor":37}],"player_experience":128573,"relics_obtained":[{"floor":8.0,"key":"Replay:WaspNest"},{"floor":9.0,"key":"Matryoshka"},{"floor":26.0,"key":"Happy Flower"},{"floor":26.0,"key":"Sundial"}],"event_choices":[{"damage_healed":0.0,"max_hp_gain":0.0,"max_hp_loss":0.0,"gold_gain":0.0,"event_name":"Match and Keep!","player_choice":"2 cards matched","floor":2.0,"gold_loss":0.0,"damage_taken":0.0,"cards_obtained":["somnambulantmod: Nosebleed","somnambulantmod: SleepingBody"]},{"damage_healed":0.0,"max_hp_gain":0.0,"max_hp_loss":0.0,"gold_gain":0.0,"event_name":"Dead Adventurer","player_choice":"Searched \u00271\u0027 times","floor":8.0,"gold_loss":0.0,"damage_taken":0.0},{"damage_healed":0.0,"max_hp_gain":0.0,"max_hp_loss":0.0,"gold_gain":100.0,"event_name":"Wheel of Change","player_choice":"Gold","floor":11.0,"gold_loss":0.0,"damage_taken":0.0},{"damage_healed":0.0,"max_hp_gain":0.0,"max_hp_loss":0.0,"gold_gain":99.0,"event_name":"Nest","player_choice":"Stole From Cult","floor":21.0,"gold_loss":0.0,"damage_taken":0.0}],"is_beta":false,"boss_relics":[{"not_picked":["construct:ClawGrip","Ring of Chaos"],"picked":"conspire:SpecialSausage"},{"not_picked":["Painkiller Herb","conspire:RunicOctahedron"],"picked":"Replay:Wanted Poster"}],"items_purged_floors":[],"is_endless":false,"potions_floor_spawned":[1,7,8,14,22,24,28,33,35],"killed_by":"Sphere and 2 Shapes","ascension_level":0}}