{"host":"i9477i93mjcyimye","time":1609603006,"event":{"mods":["Aspiration","BaseMod","Bestiary","Colored Powertips","Downfall","Ironclad Rager","Minty Spire (QoL Compilation)","Quick Restart","Relic Stats","Replay The Spire","Spicy Shops","StSLib","The Jungle","Wandering Minibosses"],"gold_per_floor":[118,118,146,146,14,20,20],"floor_reached":6,"playtime":723,"items_purged":[],"score":37,"play_id":"6ae49f4f-5ec5-4eff-8a0f-491f6050928b","local_time":"20210103025646","is_ascension_mode":true,"campfire_choices":[],"circlet_count":0,"master_deck":["Strike_B","Strike_B","Strike_B","Strike_B","Defend_B","Defend_B","Defend_B","Defend_B","Zap+1","Dualcast","Panic Button","Redo","Doubt","Loop","Clumsy"],"relics":["Cracked Core","Replay:Bandana","ReplayTheSpireMod:Ring of Exchange","ReplayTheSpireMod:Ring of Challenge","Replay:Antivirus Software"],"acts_visited":["Exordium"],"potions_floor_usage":[6],"damage_taken":[{"damage":0,"enemies":"2 Louse","floor":1,"turns":3},{"damage":6,"enemies":"Cultist","floor":3,"turns":3},{"damage":39,"enemies":"3 Sentries","floor":6,"turns":7}],"seed_played":"-175288436326551616","potions_obtained":[{"floor":1,"key":"Energy Potion"},{"floor":3,"key":"Regen Potion"}],"is_trial":false,"path_per_floor":["M","?","M","?","$","E"],"character_chosen":"DEFECT","items_purchased":["Loop","Replay:Antivirus Software"],"campfire_rested":0,"item_purchase_floors":[5,5],"current_hp_per_floor":[75,33,27,27,27,3,3],"gold":20,"neow_bonus":"RANDOM_EVENT","is_daily":false,"chose_seed":false,"campfire_upgraded":0,"win_rate":0.0,"timestamp":1609603006,"path_taken":["M","?","M","?","$","E"],"items_purchased_type":["Card","Relic"],"build_version":"2020-12-22","purchased_purges":0,"victory":false,"max_hp_per_floor":[75,75,75,75,75,75,75],"relic_stats":{"counters":[3,13],"obtain_stats":[{"ReplayTheSpireMod:Ring of Exchange":4,"Replay:Bandana":2,"ReplayTheSpireMod:Ring of Challenge":4,"Replay:Antivirus Software":5,"Cracked Core":0},{"ReplayTheSpireMod:Ring of Exchange":2,"Replay:Bandana":1,"ReplayTheSpireMod:Ring of Challenge":2,"Replay:Antivirus Software":2,"Cracked Core":0},{"ReplayTheSpireMod:Ring of Exchange":6,"Replay:Bandana":3,"ReplayTheSpireMod:Ring of Challenge":6,"Replay:Antivirus Software":6,"Cracked Core":0}]},"card_choices":[{"not_picked":["Static Discharge","Tempest"],"picked":"Panic Button","floor":1},{"not_picked":["Tempest","Steam"],"picked":"Redo","floor":3}],"player_experience":202054,"relics_obtained":[{"floor":4,"key":"ReplayTheSpireMod:Ring of Exchange"},{"floor":4,"key":"ReplayTheSpireMod:Ring of Challenge"}],"event_choices":[{"damage_healed":0,"gold_gain":0,"player_choice":"Grow","damage_taken":0,"max_hp_gain":0,"max_hp_loss":0,"event_name":"Living Wall","floor":0,"gold_loss":0,"cards_upgraded":["Zap"]},{"damage_healed":0,"gold_gain":0,"player_choice":"Success","damage_taken":42,"relics_obtained":["Replay:Bandana"],"max_hp_gain":0,"max_hp_loss":0,"event_name":"Scrap Ooze","floor":2,"gold_loss":0}],"is_beta":false,"boss_relics":[],"items_purged_floors":[],"is_endless":false,"potions_floor_spawned":[1,3],"killed_by":"3 Sentries","ascension_level":2}}