{"host":"u7lm8z2rvb4dg2oo","time":1609574039,"event":{"mods":["AchievementEnabler","BaseMod","Colored Map","Colored Powertips","Curses Come First","Googly Eyes","Highlight Path","Minty Spire (QoL Compilation)","Quick Restart","StSLib"],"gold_per_floor":[113,38,38,50,60,60,94,94,164,200,219,244,244,270,270,270,270],"floor_reached":16,"playtime":581,"items_purged":["Normality"],"score":171,"play_id":"fbd141c8-d192-4a4d-9403-7980d551c804","local_time":"20210102025359","is_ascension_mode":true,"campfire_choices":[{"data":"The Bomb","floor":6.0,"key":"SMITH"},{"floor":13,"key":"REST"},{"data":"WindmillStrike","floor":15,"key":"SMITH"}],"circlet_count":0,"master_deck":["Strike_P","Strike_P","Strike_P","Strike_P","Defend_P","Defend_P","Defend_P","Defend_P","Eruption","Vigilance","The Bomb+1","Eruption","Wireheading","CutThroughFate","Perseverance","WindmillStrike+1"],"relics":["PureWater","Bag of Marbles","Pantograph","CeramicFish"],"acts_visited":["Exordium"],"potions_floor_usage":[],"damage_taken":[{"damage":0.0,"enemies":"Cultist","floor":1.0,"turns":4.0},{"damage":4.0,"enemies":"Jaw Worm","floor":4.0,"turns":3.0},{"damage":0.0,"enemies":"2 Louse","floor":5.0,"turns":2.0},{"damage":0.0,"enemies":"Gremlin Nob","floor":7.0,"turns":2.0},{"damage":22.0,"enemies":"Lagavulin","floor":10.0,"turns":7.0},{"damage":4.0,"enemies":"Large Slime","floor":11.0,"turns":4.0},{"damage":13,"enemies":"Red Slaver","floor":12,"turns":4},{"damage":1,"enemies":"Looter","floor":14,"turns":3},{"damage":72,"enemies":"The Guardian","floor":16,"turns":7}],"seed_played":"-8955530347985838698","potions_obtained":[{"floor":1.0,"key":"Ambrosia"},{"floor":4.0,"key":"Strength Potion"},{"floor":14,"key":"Ancient Potion"}],"is_trial":false,"path_per_floor":["M","$","?","M","M","R","E","$","T","E","M","M","R","M","R","B"],"character_chosen":"WATCHER","items_purchased":[],"campfire_rested":1,"item_purchase_floors":[],"current_hp_per_floor":[72,72,72,68,68,68,68,68,68,46,42,29,50,49,49,0,0],"gold":270,"neow_bonus":"RANDOM_COLORLESS_2","is_daily":false,"chose_seed":false,"campfire_upgraded":2,"win_rate":0.0,"timestamp":1609574039,"path_taken":["M","$","?","M","?","R","E","?","T","E","M","M","R","M","R","BOSS"],"items_purchased_type":[],"build_version":"2020-12-22","purchased_purges":1,"victory":false,"max_hp_per_floor":[72,72,72,72,72,72,72,72,72,72,72,72,72,72,72,72,72],"card_choices":[{"not_picked":["Transmutation","Thinking Ahead"],"picked":"The Bomb","floor":0.0},{"not_picked":["FlurryOfBlows","FearNoEvil","FollowUp"],"picked":"SKIP","floor":1.0},{"not_picked":["Prostrate","Sanctity","Adaptation"],"picked":"SKIP","floor":4.0},{"not_picked":["FollowUp","CrushJoints","Indignation"],"picked":"SKIP","floor":5.0},{"not_picked":["Sanctity","Halt"],"picked":"Wireheading","floor":7.0},{"not_picked":["Worship","Adaptation"],"picked":"CutThroughFate","floor":10.0},{"not_picked":["Evaluate","EmptyMind","FlurryOfBlows"],"picked":"SKIP","floor":11.0},{"not_picked":["JustLucky","Consecrate"],"picked":"Perseverance","floor":12},{"not_picked":["SashWhip","BowlingBash"],"picked":"WindmillStrike","floor":14}],"player_experience":1033051,"relics_obtained":[{"floor":7.0,"key":"Bag of Marbles"},{"floor":9.0,"key":"Pantograph"},{"floor":10.0,"key":"CeramicFish"}],"event_choices":[{"damage_healed":0.0,"max_hp_gain":0.0,"max_hp_loss":0.0,"gold_gain":0.0,"event_name":"Match and Keep!","player_choice":"1 cards matched","floor":3.0,"gold_loss":0.0,"damage_taken":0.0,"cards_obtained":["Eruption"]}],"is_beta":false,"boss_relics":[],"items_purged_floors":[2],"is_endless":false,"potions_floor_spawned":[1,4,14],"killed_by":"The Guardian","ascension_level":5}}