{"host":"ed5r069i8pdlf9g9","time":1609625303,"event":{"mods":["BaseMod","Hermit","JesterMod","Minty Spire (QoL Compilation)","StSLib"],"gold_per_floor":[118,118,68,27,96,96,20,20,99,113,147,147,178,193,193,290,290,308,325,325,345,34,61,61,71,71,90,15,15,15],"floor_reached":29,"playtime":1468,"items_purged":[],"score":264,"play_id":"b1e72c68-4a52-4db1-8649-3dccd6e25d3c","local_time":"20210102230823","is_ascension_mode":true,"campfire_choices":[{"data":"hermit:BigShot","floor":6,"key":"SMITH"},{"data":"hermit:Determination","floor":8,"key":"SMITH"},{"data":"hermit:Grudge","floor":12,"key":"SMITH"},{"floor":15,"key":"REST"},{"floor":24,"key":"DIG"}],"circlet_count":0,"master_deck":["hermit:Strike_Hermit+1","hermit:Defend_Hermit","hermit:Defend_Hermit","hermit:Defend_Hermit+1","hermit:Snapshot","hermit:Covet","hermit:BigShot+1","hermit:Determination+1","hermit:SprayPray","hermit:Grudge+1","hermit:Vantage","hermit:Snipe","hermit:Reprieve","hermit:Adapt+1","hermit:EyeOfTheStorm+1","hermit:FromBeyond+1","hermit:Headshot+1","hermit:FullyLoaded","hermit:GoldenBullet","hermit:Virtue","hermit:Determination+1","hermit:Malice+1"],"relics":["hermit:Momento","Darkstone Periapt","StrikeDummy","Nunchaku","Gambling Chip","Astrolabe","Shovel","Meat on the Bone","Lantern","CaptainsWheel"],"acts_visited":["Exordium","TheCity"],"potions_floor_usage":[16,18,23],"damage_taken":[{"damage":0,"enemies":"Small Slimes","floor":1,"turns":3},{"damage":6,"enemies":"Jaw Worm","floor":10,"turns":3},{"damage":22,"enemies":"3 Sentries","floor":11,"turns":8},{"damage":21,"enemies":"Lagavulin","floor":13,"turns":5},{"damage":0,"enemies":"Cultist","floor":14,"turns":3},{"damage":46,"enemies":"Slime Boss","floor":16,"turns":8},{"damage":8,"enemies":"3 Byrds","floor":18,"turns":4},{"damage":19,"enemies":"Shell Parasite","floor":19,"turns":4},{"damage":5,"enemies":"Snake Plant","floor":21,"turns":3},{"damage":34,"enemies":"Slavers","floor":23,"turns":4},{"damage":30,"enemies":"Centurion and Healer","floor":25,"turns":5},{"damage":15,"enemies":"Snecko","floor":27,"turns":6},{"damage":21,"enemies":"Book of Stabbing","floor":29,"turns":1}],"seed_played":"2971621984683301417","potions_obtained":[{"floor":1,"key":"Ancient Potion"},{"floor":13,"key":"Weak Potion"},{"floor":16,"key":"ColorlessPotion"},{"floor":18,"key":"FearPotion"},{"floor":19,"key":"Explosive Potion"},{"floor":25,"key":"SteroidPotion"}],"is_trial":false,"path_per_floor":["M","?","?","$","T","R","$","R","T","M","E","R","E","M","R","B",null,"M","M","?","M","$","E","R","M","T","M","?","E"],"character_chosen":"HERMIT","items_purchased":["hermit:BigShot","hermit:Determination","Shovel"],"campfire_rested":1,"item_purchase_floors":[4,7,22],"current_hp_per_floor":[89,71,71,71,71,71,71,71,71,65,43,43,22,22,48,2,89,81,66,66,61,61,35,35,17,17,14,14,0,0],"gold":15,"neow_bonus":"TWENTY_PERCENT_HP_BONUS","is_daily":false,"chose_seed":false,"campfire_upgraded":3,"win_rate":0.0,"timestamp":1609625303,"path_taken":["M","?","?","$","?","R","$","R","T","M","E","R","E","M","R","BOSS","M","?","?","M","$","E","R","M","T","M","?","E"],"items_purchased_type":["Card","Card","Relic"],"build_version":"2020-12-22","purchased_purges":0,"victory":false,"max_hp_per_floor":[89,89,89,89,89,89,89,89,89,89,89,89,89,89,89,89,89,89,89,89,89,89,89,89,89,89,89,89,89,89],"card_choices":[{"not_picked":["hermit:CalledShot","hermit:TakeCover","hermit:BodyArmor"],"picked":"SKIP","floor":1},{"not_picked":["hermit:Grudge","hermit:EyeOfTheStorm"],"picked":"hermit:SprayPray","floor":10},{"not_picked":["hermit:WideOpen","hermit:Shortfuse"],"picked":"hermit:Grudge","floor":11},{"not_picked":["hermit:FlashPowder","hermit:BigShot"],"picked":"hermit:Vantage","floor":13},{"not_picked":["hermit:Scavenge","hermit:TakeAim"],"picked":"hermit:Snipe","floor":14},{"not_picked":["hermit:Adapt","hermit:EternalForm"],"picked":"hermit:Reprieve","floor":16},{"not_picked":["hermit:ItchyTrigger+1","hermit:Desperado"],"picked":"hermit:Headshot+1","floor":18},{"not_picked":["hermit:NoHoldsBarred","hermit:Feint"],"picked":"hermit:FullyLoaded","floor":19},{"not_picked":["hermit:Shortfuse+1","hermit:Roulette"],"picked":"hermit:Virtue","floor":21},{"not_picked":["hermit:LuckOfTheDraw+1","hermit:BodyArmor","hermit:Quickdraw"],"picked":"SKIP","floor":23},{"not_picked":["hermit:Feint+1","hermit:TakeAim"],"picked":"hermit:Determination+1","floor":25},{"not_picked":["hermit:NoHoldsBarred+1","hermit:HighCaliber"],"picked":"hermit:Malice+1","floor":27}],"player_experience":451403,"relics_obtained":[{"floor":5,"key":"Darkstone Periapt"},{"floor":9,"key":"StrikeDummy"},{"floor":11,"key":"Nunchaku"},{"floor":13,"key":"Gambling Chip"},{"floor":23,"key":"Meat on the Bone"},{"floor":24,"key":"Lantern"},{"floor":26,"key":"CaptainsWheel"}],"event_choices":[{"damage_healed":0,"gold_gain":0,"player_choice":"Entered Light","damage_taken":18,"max_hp_gain":0,"max_hp_loss":0,"event_name":"Shining Light","floor":2,"gold_loss":0,"cards_upgraded":["hermit:Defend_Hermit","hermit:Strike_Hermit"]},{"cards_removed":["Shame"],"damage_healed":0,"gold_gain":0,"player_choice":"Card Removal","damage_taken":0,"max_hp_gain":0,"max_hp_loss":0,"event_name":"The Cleric","floor":3,"gold_loss":50},{"damage_healed":0,"gold_gain":0,"player_choice":"Read","damage_taken":0,"max_hp_gain":0,"max_hp_loss":0,"event_name":"The Library","floor":20,"gold_loss":0,"cards_obtained":["hermit:GoldenBullet"]},{"cards_removed":["hermit:Strike_Hermit"],"damage_healed":0,"gold_gain":0,"player_choice":"Gave Gold","damage_taken":0,"max_hp_gain":0,"max_hp_loss":0,"event_name":"Beggar","floor":28,"gold_loss":75}],"is_beta":false,"boss_relics":[{"not_picked":["Runic Dome","SacredBark"],"picked":"Astrolabe"}],"items_purged_floors":[],"is_endless":false,"potions_floor_spawned":[1,13,16,18,19,21,25],"killed_by":"Book of Stabbing","ascension_level":1}}