{"host":"xz7n3qy1zq36rzpg","time":1609624038,"event":{"mods":["BaseMod","Colored Map","Colored Powertips","Highlight Path","Minty Spire (QoL Compilation)","Quick Restart","Shop Mod"],"gold_per_floor":[118,63,83,101,119,153,153,187,187,187,187,200,200,239,239,359,359,379,413,431,74,74,74,74],"floor_reached":23,"playtime":837,"items_purged":["Strike_G"],"score":240,"play_id":"3599a50b-a885-4228-840d-b13e11304f8e","local_time":"20210102224718","is_ascension_mode":true,"campfire_choices":[{"data":"Blade Dance","floor":7,"key":"SMITH"},{"floor":10,"key":"REST"},{"floor":15,"key":"REST"}],"circlet_count":0,"master_deck":["Strike_G","Strike_G","Strike_G","Strike_G","Defend_G","Defend_G","Defend_G","Defend_G","Defend_G","Survivor","Neutralize","Blade Dance+1","Cloak And Dagger","Sucker Punch","Poisoned Stab","Quick Slash","Footwork","Slice","Injury","Footwork","Corpse Explosion","Bane","Poisoned Stab","Cloak And Dagger+1","Caltrops","Bouncing Flask","Noxious Fumes"],"relics":["Ring of the Snake","Strawberry","Boot","White Beast Statue","Nunchaku","Ornamental Fan","Happy Flower","Golden Idol","The Courier","SacredBark","Red Mask","Snake Skull"],"acts_visited":["Exordium","TheCity"],"potions_floor_usage":[16],"damage_taken":[{"damage":0,"enemies":"2 Louse","floor":1,"turns":4},{"damage":0,"enemies":"Cultist","floor":3,"turns":3},{"damage":0,"enemies":"Jaw Worm","floor":4,"turns":3},{"damage":1,"enemies":"Blue Slaver","floor":5,"turns":3},{"damage":27,"enemies":"3 Sentries","floor":6,"turns":8},{"damage":12,"enemies":"Gremlin Nob","floor":8,"turns":4},{"damage":23,"enemies":"Exordium Thugs","floor":12,"turns":4},{"damage":19,"enemies":"Lagavulin","floor":14,"turns":6},{"damage":26,"enemies":"Hexaghost","floor":16,"turns":12},{"damage":0,"enemies":"Chosen","floor":18,"turns":5},{"damage":36,"enemies":"Masked Bandits","floor":19,"turns":3},{"damage":8,"enemies":"Spheric Guardian","floor":20,"turns":4},{"damage":40,"enemies":"Gremlin Leader","floor":23,"turns":4}],"seed_played":"6540325479577534610","potions_obtained":[{"floor":5,"key":"SmokeBomb"},{"floor":8,"key":"SpeedPotion"},{"floor":12,"key":"SteroidPotion"},{"floor":14,"key":"DistilledChaos"},{"floor":16,"key":"Ancient Potion"},{"floor":18,"key":"EntropicBrew"}],"is_trial":false,"path_per_floor":["M","?","M","M","M","E","R","E","T","R","?","M","?","E","R","B",null,"M","?","M","$","?","E"],"character_chosen":"THE_SILENT","items_purchased":["Caltrops","Bouncing Flask","Noxious Fumes","Snake Skull"],"campfire_rested":2,"item_purchase_floors":[21,21,21,21],"current_hp_per_floor":[77,77,77,77,76,49,49,37,37,60,57,34,34,15,38,12,77,77,41,33,33,33,0,0],"gold":74,"neow_bonus":"RANDOM_COMMON_RELIC","is_daily":false,"chose_seed":false,"campfire_upgraded":1,"win_rate":0.0,"timestamp":1609624038,"path_taken":["M","?","M","?","M","E","R","E","T","R","?","M","?","E","R","BOSS","M","?","M","$","?","E"],"items_purchased_type":["Card","Card","Card","Relic"],"build_version":"2020-12-22","purchased_purges":1,"victory":false,"max_hp_per_floor":[77,77,77,77,77,77,77,77,77,77,77,77,77,77,77,77,77,77,77,77,77,77,77,77],"card_choices":[{"not_picked":["Flying Knee","Sucker Punch"],"picked":"Blade Dance","floor":1},{"not_picked":["Slice","Expertise"],"picked":"Cloak And Dagger","floor":3},{"not_picked":["Adrenaline","Flying Knee"],"picked":"Sucker Punch","floor":4},{"not_picked":["Backflip","Dagger Throw"],"picked":"Poisoned Stab","floor":5},{"not_picked":["Dagger Throw","Underhanded Strike"],"picked":"Quick Slash","floor":6},{"not_picked":["Slice","Sucker Punch"],"picked":"Footwork","floor":8},{"not_picked":["Bane","Acrobatics"],"picked":"Slice","floor":12},{"not_picked":["Catalyst","Flechettes"],"picked":"Footwork","floor":14},{"not_picked":["Burst","Malaise"],"picked":"Corpse Explosion","floor":16},{"not_picked":["Dodge and Roll+1","Prepared"],"picked":"Bane","floor":18},{"not_picked":["Masterful Stab","Deflect+1"],"picked":"Poisoned Stab","floor":19},{"not_picked":["PiercingWail","Flying Knee+1"],"picked":"Cloak And Dagger+1","floor":20}],"player_experience":278849,"relics_obtained":[{"floor":6,"key":"White Beast Statue"},{"floor":8,"key":"Nunchaku"},{"floor":9,"key":"Ornamental Fan"},{"floor":14,"key":"The Courier"},{"floor":19,"key":"Red Mask"}],"event_choices":[{"damage_healed":0,"gold_gain":0,"player_choice":"Paid Gold","damage_taken":0,"relics_obtained":["Boot"],"max_hp_gain":0,"max_hp_loss":0,"event_name":"WeMeetAgain","floor":2,"gold_loss":55},{"damage_healed":0,"gold_gain":0,"player_choice":"Success","damage_taken":3,"relics_obtained":["Happy Flower"],"max_hp_gain":0,"max_hp_loss":0,"event_name":"Scrap Ooze","floor":11,"gold_loss":0},{"damage_healed":0,"gold_gain":0,"player_choice":"Take Wound","damage_taken":0,"relics_obtained":["Golden Idol"],"max_hp_gain":0,"max_hp_loss":0,"event_name":"Golden Idol","floor":13,"gold_loss":0,"cards_obtained":["Injury"]},{"damage_healed":0,"gold_gain":0,"player_choice":"Fought Bandits","damage_taken":0,"max_hp_gain":0,"max_hp_loss":0,"event_name":"Masked Bandits","floor":19,"gold_loss":0},{"damage_healed":0,"gold_gain":0,"player_choice":"Ignored","damage_taken":0,"max_hp_gain":0,"max_hp_loss":0,"event_name":"Ghosts","floor":22,"gold_loss":0}],"is_beta":false,"boss_relics":[{"not_picked":["HoveringKite","Pandora\u0027s Box"],"picked":"SacredBark"}],"items_purged_floors":[21],"is_endless":false,"potions_floor_spawned":[5,8,12,14,16,18,19,20],"killed_by":"Gremlin Leader","ascension_level":3}}