{"host":"l1ihaotq1cxp1b6b","time":1609605900,"event":{"mods":["AchievementEnabler","BaseMod","Colored Map","Custom Start","DeckTracker","Minty Spire (QoL Compilation)","StSLib","SuperFastMode","everything is the same but u backflip on backflip"],"gold_per_floor":[116,127,302,227,227,227,262,277,277,277,277],"floor_reached":10,"playtime":248,"items_purged":["Doubt"],"score":99,"play_id":"3fa16928-9edc-4713-8d51-474718746841","local_time":"20210103014500","is_ascension_mode":true,"campfire_choices":[{"data":"Eruption","floor":6.0,"key":"SMITH"}],"circlet_count":0,"master_deck":["AscendersBane","Strike_P","Strike_P","Strike_P","Strike_P","Defend_P","Defend_P","Defend_P","Eruption+1","Vigilance","MasterReality","TalkToTheHand","EmptyFist","Wallop","InnerPeace"],"relics":["PureWater","Pantograph","Boot"],"acts_visited":["Exordium"],"potions_floor_usage":[],"damage_taken":[{"damage":0.0,"enemies":"2 Louse","floor":1.0,"turns":2.0},{"damage":6.0,"enemies":"Jaw Worm","floor":2.0,"turns":5.0},{"damage":20.0,"enemies":"Lagavulin","floor":7.0,"turns":8.0},{"damage":2.0,"enemies":"Small Slimes","floor":8.0,"turns":3.0},{"damage":36,"enemies":"3 Sentries","floor":10,"turns":8}],"seed_played":"-4829215091359443556","potions_obtained":[],"is_trial":false,"path_per_floor":["M","M","?","$","?","R","E","M","T","E"],"character_chosen":"WATCHER","items_purchased":[],"campfire_rested":0,"item_purchase_floors":[],"current_hp_per_floor":[65,59,59,59,52,52,32,30,30,0,0],"gold":277,"neow_bonus":"ONE_RANDOM_RARE_CARD","is_daily":false,"chose_seed":false,"campfire_upgraded":1,"win_rate":0.0,"timestamp":1609605900,"path_taken":["M","M","?","$","?","R","E","M","T","E"],"items_purchased_type":[],"build_version":"2020-12-22","purchased_purges":1,"victory":false,"max_hp_per_floor":[72,72,72,72,72,72,72,72,72,72,72],"card_choices":[{"not_picked":["FlyingSleeves","PathToVictory"],"picked":"TalkToTheHand","floor":1.0},{"not_picked":["FollowUp","BowlingBash"],"picked":"EmptyFist","floor":2.0},{"not_picked":["Fasting2","FlyingSleeves"],"picked":"Wallop","floor":7.0},{"not_picked":["EmptyFist","DeceiveReality"],"picked":"InnerPeace","floor":8.0}],"player_experience":533906,"relics_obtained":[{"floor":7.0,"key":"Pantograph"},{"floor":9.0,"key":"Boot"}],"event_choices":[{"damage_healed":0.0,"max_hp_gain":0.0,"max_hp_loss":0.0,"gold_gain":175.0,"event_name":"Liars Game","player_choice":"AGREE","floor":3.0,"gold_loss":0.0,"damage_taken":0.0,"cards_obtained":["Doubt"]},{"cards_removed":["Defend_P"],"damage_healed":0.0,"max_hp_gain":0.0,"max_hp_loss":0.0,"gold_gain":0.0,"event_name":"Golden Wing","player_choice":"Card Removal","floor":5.0,"gold_loss":0.0,"damage_taken":7.0}],"is_beta":false,"boss_relics":[],"items_purged_floors":[4],"is_endless":false,"potions_floor_spawned":[],"killed_by":"3 Sentries","ascension_level":10}}