{"host":"xcuflocadasoaqda","time":1609619763,"event":{"mods":["BaseMod","Bestiary","Filter the Spire","Minty Spire (QoL Compilation)","Relic Stats"],"gold_per_floor":[117,192,367,385,6,34,53,53,76,76,94,120,152,120,120,216,216,228,273,293,38,38,38,49,92,92,128,128,38,48,48,48,48,48],"floor_reached":33,"playtime":460,"items_purged":["Doubt","Defend_R"],"score":368,"play_id":"164c84b2-631a-4195-8a42-f69fe6a6dad4","local_time":"20210102143603","is_ascension_mode":false,"campfire_choices":[{"data":"Flex","floor":8,"key":"SMITH"},{"data":"Pummel","floor":15,"key":"SMITH"},{"data":"Bash","floor":23,"key":"SMITH"},{"data":"Limit Break","floor":28,"key":"SMITH"},{"data":"Offering","floor":32,"key":"SMITH"}],"circlet_count":0,"master_deck":["Strike_R","Strike_R","Strike_R","Strike_R+1","Strike_R+1","Defend_R+1","Defend_R","Bash+1","Flex+1","Double Tap+1","Pummel+1","Ghostly+1","Ghostly","Ghostly","Ghostly+1","Ghostly","Offering+1","Limit Break+1"],"relics":["Burning Blood","NeowsBlessing","Akabeko","Lantern","Bag of Marbles","CeramicFish","Blue Candle","Runic Dome","Chemical X","Whetstone","Bottled Flame","War Paint"],"acts_visited":["Exordium","TheCity"],"potions_floor_usage":[16,25,27,33,33,33,33],"damage_taken":[{"damage":0,"enemies":"2 Louse","floor":1,"turns":1},{"damage":0,"enemies":"Jaw Worm","floor":4,"turns":1},{"damage":0,"enemies":"3 Sentries","floor":6,"turns":1},{"damage":0,"enemies":"Cultist","floor":7,"turns":1},{"damage":16,"enemies":"Large Slime","floor":11,"turns":2},{"damage":0,"enemies":"Red Slaver","floor":12,"turns":1},{"damage":36,"enemies":"Lagavulin","floor":13,"turns":4},{"damage":40,"enemies":"Hexaghost","floor":16,"turns":5},{"damage":20,"enemies":"Shell Parasite","floor":18,"turns":3},{"damage":2,"enemies":"2 Thieves","floor":20,"turns":3},{"damage":3,"enemies":"Centurion and Healer","floor":24,"turns":4},{"damage":6,"enemies":"Slavers","floor":25,"turns":5},{"damage":0,"enemies":"Gremlin Leader","floor":27,"turns":1},{"damage":4,"enemies":"Shelled Parasite and Fungi","floor":30,"turns":3},{"damage":66,"enemies":"Champ","floor":33,"turns":6}],"seed_played":"7349645430076980906","potions_obtained":[{"floor":1,"key":"BloodPotion"},{"floor":4,"key":"LiquidBronze"},{"floor":13,"key":"Fire Potion"},{"floor":20,"key":"BlessingOfTheForge"},{"floor":25,"key":"SteroidPotion"},{"floor":27,"key":"EntropicBrew"}],"is_trial":false,"path_per_floor":["M","?","?","M","$","E","M","R","T","$","M","M","E","$","R","B",null,"M","?","M","$","?","R","M","E","T","E","R","?","M","$","R","B"],"character_chosen":"IRONCLAD","items_purchased":["Akabeko","Lantern","Pummel","Chemical X"],"campfire_rested":0,"item_purchase_floors":[5,5,14,21],"current_hp_per_floor":[80,69,69,75,75,80,80,80,80,80,70,76,46,46,46,12,80,66,40,40,40,40,40,40,40,40,40,40,40,40,40,40,0,0],"gold":48,"neow_bonus":"THREE_ENEMY_KILL","is_daily":false,"chose_seed":false,"campfire_upgraded":5,"win_rate":0.0,"timestamp":1609619763,"path_taken":["M","?","?","M","$","E","M","R","T","$","M","M","E","$","R","BOSS","M","?","M","$","?","R","?","E","T","E","R","?","M","$","R","BOSS"],"items_purchased_type":["Relic","Relic","Card","Relic"],"build_version":"2020-12-22","purchased_purges":2,"victory":false,"max_hp_per_floor":[80,80,80,80,80,80,80,80,80,80,80,80,80,80,80,80,80,80,40,40,40,40,40,40,40,40,40,40,40,40,40,40,40,40],"relic_stats":{"counters":[15,41],"CeramicFish":81,"Blue Candle":[0],"Chemical X":[1],"Whetstone":["Strike_R","Strike_R"],"War Paint":["Ghostly","Defend_R"],"obtain_stats":[{"Runic Dome":17,"Lantern":5,"Bottled Flame":26,"NeowsBlessing":0,"CeramicFish":9,"Blue Candle":13,"Bag of Marbles":6,"Chemical X":21,"Whetstone":25,"War Paint":27,"Burning Blood":0,"Akabeko":5},{"Runic Dome":8,"Lantern":2,"Bottled Flame":12,"NeowsBlessing":0,"CeramicFish":4,"Blue Candle":7,"Bag of Marbles":3,"Chemical X":10,"Whetstone":12,"War Paint":13,"Burning Blood":0,"Akabeko":2},{"Runic Dome":16,"Lantern":2,"Bottled Flame":31,"NeowsBlessing":0,"CeramicFish":4,"Blue Candle":11,"Bag of Marbles":3,"Chemical X":22,"Whetstone":31,"War Paint":32,"Burning Blood":0,"Akabeko":2}],"Burning Blood":56},"card_choices":[{"not_picked":["Disarm","True Grit"],"picked":"Flex","floor":1},{"not_picked":["Twin Strike","Dropkick"],"picked":"Double Tap","floor":12},{"not_picked":["Headbutt","Armaments"],"picked":"Offering","floor":25},{"not_picked":["Shrug It Off","Iron Wave+1"],"picked":"Limit Break","floor":27}],"player_experience":1865812,"relics_obtained":[{"floor":6,"key":"Bag of Marbles"},{"floor":9,"key":"CeramicFish"},{"floor":13,"key":"Blue Candle"},{"floor":25,"key":"Whetstone"},{"floor":26,"key":"Bottled Flame"},{"floor":27,"key":"War Paint"}],"event_choices":[{"damage_healed":0,"gold_gain":75,"player_choice":"Gather Gold","damage_taken":11,"max_hp_gain":0,"max_hp_loss":0,"event_name":"World of Goop","floor":2,"gold_loss":0},{"damage_healed":0,"gold_gain":175,"player_choice":"AGREE","damage_taken":0,"max_hp_gain":0,"max_hp_loss":0,"event_name":"Liars Game","floor":3,"gold_loss":0,"cards_obtained":["Doubt"]},{"damage_healed":0,"gold_gain":0,"player_choice":"Became a Ghost","damage_taken":0,"max_hp_gain":0,"max_hp_loss":40,"event_name":"Ghosts","floor":19,"gold_loss":0,"cards_obtained":["Ghostly","Ghostly","Ghostly","Ghostly","Ghostly"]},{"damage_healed":0,"gold_gain":0,"player_choice":"Forge","damage_taken":0,"max_hp_gain":0,"max_hp_loss":0,"event_name":"Accursed Blacksmith","floor":22,"gold_loss":0,"cards_upgraded":["Double Tap"]},{"cards_removed":["Defend_R"],"damage_healed":0,"gold_gain":0,"player_choice":"Upgrade and Remove","damage_taken":0,"max_hp_gain":0,"max_hp_loss":0,"event_name":"Designer","floor":29,"gold_loss":90,"cards_upgraded":["Ghostly"]}],"is_beta":false,"boss_relics":[{"not_picked":["Sozu","Runic Cube"],"picked":"Runic Dome"}],"items_purged_floors":[5,21],"is_endless":false,"potions_floor_spawned":[1,4,13,20,25,27,30],"killed_by":"Champ","ascension_level":0}}