{"host":"sc0o2qwpf9j16a4i","time":1609620725,"event":{"mods":["AchievementEnabler","BaseMod","BetterRewards","Block Reminder","Colored Map","Colored Powertips","Custom Start","Highlight Path","Minty Spire (QoL Compilation)","Relic Stats"],"gold_per_floor":[110,122,122,134,94,94,105,137,160,189,189,189,199,218,218,290,290,290,290],"floor_reached":18,"playtime":792,"items_purged":[],"score":444,"play_id":"31965305-db1c-4bb3-a0ac-e01a4cfb4340","local_time":"20210102225205","is_ascension_mode":true,"campfire_choices":[{"floor":6,"key":"REST"},{"floor":11,"key":"REST"},{"data":"LikeWater","floor":15,"key":"SMITH"}],"circlet_count":0,"master_deck":["AscendersBane","Strike_P","Strike_P","Strike_P","Defend_P","Defend_P","Defend_P","Defend_P","Eruption","Vigilance","DeceiveReality","Protect","MentalFortress","InnerPeace","WaveOfTheHand","Brilliance","Writhe","Crescendo","Study","SashWhip","LikeWater+1","Omniscience"],"relics":["Cursed Key","Centennial Puzzle","Damaru","Anchor","HornCleat","Philosopher\u0027s Stone"],"acts_visited":["Exordium","TheCity"],"potions_floor_usage":[7,8,10,16],"damage_taken":[{"damage":0,"enemies":"Small Slimes","floor":1,"turns":3},{"damage":0,"enemies":"Cultist","floor":2,"turns":2},{"damage":0,"enemies":"2 Louse","floor":4,"turns":4},{"damage":1,"enemies":"Looter","floor":5,"turns":4},{"damage":14,"enemies":"Gremlin Gang","floor":7,"turns":7},{"damage":12,"enemies":"3 Sentries","floor":8,"turns":15},{"damage":21,"enemies":"Gremlin Nob","floor":10,"turns":4},{"damage":0,"enemies":"Blue Slaver","floor":13,"turns":3},{"damage":9,"enemies":"3 Louse","floor":14,"turns":3},{"damage":0,"enemies":"Hexaghost","floor":16,"turns":12},{"damage":65,"enemies":"Chosen","floor":18,"turns":9}],"seed_played":"733238419411525743","potions_obtained":[{"floor":4,"key":"LiquidMemories"},{"floor":7,"key":"Block Potion"},{"floor":8,"key":"Swift Potion"},{"floor":13,"key":"Energy Potion"}],"is_trial":false,"path_per_floor":["M","M","?","M","M","R","M","E","T","E","R","?","M","M","R","B",null,"M"],"character_chosen":"WATCHER","items_purchased":[],"campfire_rested":2,"item_purchase_floors":[],"current_hp_per_floor":[61,61,50,50,49,68,54,42,42,21,41,41,41,32,32,32,59,0,0],"gold":290,"neow_bonus":"BOSS_RELIC","is_daily":false,"chose_seed":false,"campfire_upgraded":1,"win_rate":0.0,"timestamp":1609620725,"path_taken":["M","M","?","M","M","R","M","E","T","E","R","?","M","M","R","BOSS","M"],"items_purchased_type":[],"build_version":"2020-12-22","purchased_purges":0,"victory":false,"max_hp_per_floor":[68,68,68,68,68,68,68,68,68,68,68,68,68,68,68,68,68,68,68],"relic_stats":{"Centennial Puzzle":[18],"counters":[11,66],"Cursed Key":1,"obtain_stats":[{"Centennial Puzzle":3,"Anchor":9,"HornCleat":10,"Damaru":8,"Philosopher\u0027s Stone":17,"PureWater":0,"Cursed Key":0},{"Centennial Puzzle":2,"Anchor":6,"HornCleat":7,"Damaru":6,"Philosopher\u0027s Stone":10,"PureWater":0,"Cursed Key":0},{"Centennial Puzzle":5,"Anchor":35,"HornCleat":39,"Damaru":35,"Philosopher\u0027s Stone":57,"PureWater":0,"Cursed Key":0}]},"card_choices":[{"not_picked":["SashWhip","FollowUp"],"picked":"DeceiveReality","floor":1},{"not_picked":["CutThroughFate","FollowUp"],"picked":"Protect","floor":2},{"not_picked":["EmptyFist","Halt"],"picked":"MentalFortress","floor":4},{"not_picked":["Consecrate","CrushJoints"],"picked":"InnerPeace","floor":5},{"not_picked":["JustLucky","Prostrate"],"picked":"WaveOfTheHand","floor":7},{"not_picked":["Evaluate","FlyingSleeves"],"picked":"Brilliance","floor":8},{"not_picked":["EmptyFist","WreathOfFlame"],"picked":"Crescendo","floor":10},{"not_picked":["Halt","Worship"],"picked":"SashWhip","floor":13},{"not_picked":["DeceiveReality","EmptyFist"],"picked":"LikeWater","floor":14},{"not_picked":["ConjureBlade","Alpha"],"picked":"Omniscience","floor":16}],"player_experience":524856,"relics_obtained":[{"floor":8,"key":"Damaru"},{"floor":9,"key":"Anchor"},{"floor":10,"key":"HornCleat"}],"event_choices":[{"damage_healed":0,"gold_gain":0,"player_choice":"Success","damage_taken":11,"relics_obtained":["Centennial Puzzle"],"max_hp_gain":0,"max_hp_loss":0,"event_name":"Scrap Ooze","floor":3,"gold_loss":0},{"damage_healed":0,"gold_gain":0,"cards_transformed":["Strike_P"],"player_choice":"Transformed","damage_taken":0,"max_hp_gain":0,"max_hp_loss":0,"event_name":"Transmorgrifier","floor":12,"gold_loss":0,"cards_obtained":["Study"]}],"is_beta":false,"boss_relics":[{"not_picked":["SlaversCollar","Coffee Dripper"],"picked":"Philosopher\u0027s Stone"}],"items_purged_floors":[],"is_endless":false,"potions_floor_spawned":[4,7,8,13],"killed_by":"Chosen","ascension_level":20}}