{"host":"kda2p2afd6bvz6qo","time":1609551640,"event":{"mods":["BaseMod","Colored Map","Minty Spire (QoL Compilation)","Relic Stats"],"gold_per_floor":[116,116,127,127,1,40,40,81,81,81,124,124,142,142,142,235,235,251,276,299,36,54,54,54,54],"floor_reached":24,"playtime":1298,"items_purged":["Injury","Strike_G"],"score":454,"play_id":"0a5fb6dc-f71d-40e3-bb62-19d8aa4e7ded","local_time":"20210102014040","is_ascension_mode":true,"campfire_choices":[{"data":"Skewer","floor":7.0,"key":"SMITH"},{"data":"Acrobatics","floor":10.0,"key":"SMITH"},{"data":"Outmaneuver","floor":15.0,"key":"SMITH"},{"floor":23,"key":"REST"}],"circlet_count":0,"master_deck":["AscendersBane","Strike_G","Strike_G+1","Strike_G","Strike_G","Defend_G","Defend_G+1","Defend_G","Defend_G","Defend_G","Survivor","Neutralize","Skewer+1","Concentrate","Acrobatics+1","Tools of the Trade","Die Die Die","Outmaneuver+1","Wraith Form v2","PiercingWail+1","Noxious Fumes+1","Skewer+1"],"relics":["Ring of the Snake","NeowsBlessing","Golden Idol","Mercury Hourglass","TungstenRod","Strawberry","Centennial Puzzle","Velvet Choker","DollysMirror"],"acts_visited":["Exordium","TheCity"],"potions_floor_usage":[],"damage_taken":[{"damage":0.0,"enemies":"2 Louse","floor":1.0,"turns":1.0},{"damage":0.0,"enemies":"Small Slimes","floor":3.0,"turns":1.0},{"damage":0.0,"enemies":"3 Sentries","floor":6.0,"turns":1.0},{"damage":29.0,"enemies":"Gremlin Nob","floor":8.0,"turns":4.0},{"damage":12.0,"enemies":"3 Sentries","floor":11.0,"turns":7.0},{"damage":0.0,"enemies":"Jaw Worm","floor":13.0,"turns":2.0},{"damage":20.0,"enemies":"The Guardian","floor":16.0,"turns":8.0},{"damage":11.0,"enemies":"Chosen","floor":18.0,"turns":5.0},{"damage":5.0,"enemies":"Spheric Guardian","floor":19.0,"turns":3.0},{"damage":10.0,"enemies":"Snake Plant","floor":20.0,"turns":5.0},{"damage":15,"enemies":"Centurion and Healer","floor":22,"turns":5},{"damage":48,"enemies":"Slavers","floor":24,"turns":3}],"seed_played":"-6417292893918341098","potions_obtained":[{"floor":3.0,"key":"Regen Potion"},{"floor":8.0,"key":"ColorlessPotion"},{"floor":16.0,"key":"LiquidBronze"}],"is_trial":false,"path_per_floor":["M","$","M","?","$","E","R","E","T","R","E","?","M","?","R","B",null,"M","M","M","$","M","R","E"],"character_chosen":"THE_SILENT","items_purchased":["Acrobatics","DollysMirror"],"campfire_rested":1,"item_purchase_floors":[5,21],"current_hp_per_floor":[59,59,59,59,59,59,59,30,37,37,40,64,64,43,43,23,61,50,45,35,35,20,41,0,0],"gold":54,"neow_bonus":"THREE_ENEMY_KILL","is_daily":false,"chose_seed":false,"campfire_upgraded":3,"win_rate":0.0,"timestamp":1609551640,"path_taken":["M","$","M","?","$","E","R","E","T","R","E","?","M","?","R","BOSS","M","M","M","$","M","R","E"],"items_purchased_type":["Card","Relic"],"build_version":"2020-12-22","purchased_purges":2,"victory":false,"max_hp_per_floor":[66,66,66,66,66,66,66,66,73,73,73,73,73,73,73,73,73,73,73,73,73,73,73,73,73],"relic_stats":{"Centennial Puzzle":[18],"counters":[12,44],"Golden Idol":65,"obtain_stats":[{"Centennial Puzzle":11,"NeowsBlessing":0,"Golden Idol":4,"DollysMirror":21,"Strawberry":9,"Velvet Choker":17,"TungstenRod":8,"Ring of the Snake":0,"Mercury Hourglass":6},{"Centennial Puzzle":5,"NeowsBlessing":0,"Golden Idol":2,"DollysMirror":10,"Strawberry":4,"Velvet Choker":7,"TungstenRod":4,"Ring of the Snake":0,"Mercury Hourglass":3},{"Centennial Puzzle":14,"NeowsBlessing":0,"Golden Idol":2,"DollysMirror":36,"Strawberry":7,"Velvet Choker":24,"TungstenRod":7,"Ring of the Snake":0,"Mercury Hourglass":3}],"TungstenRod":20,"Ring of the Snake":[24],"Mercury Hourglass":[157]},"card_choices":[{"not_picked":["PiercingWail","Setup"],"picked":"Skewer","floor":1.0},{"not_picked":["Setup","Dagger Throw"],"picked":"Concentrate","floor":3.0},{"not_picked":["Finisher","Choke"],"picked":"Tools of the Trade","floor":6.0},{"not_picked":["Quick Slash","Bane","Deflect"],"picked":"SKIP","floor":8.0},{"not_picked":["Flying Knee","Dagger Spray"],"picked":"Die Die Die","floor":11.0},{"not_picked":["Quick Slash","Acrobatics"],"picked":"Outmaneuver","floor":13.0},{"not_picked":["Unload","Tools of the Trade"],"picked":"Wraith Form v2","floor":16.0},{"not_picked":["Sucker Punch","Heel Hook","Acrobatics"],"picked":"SKIP","floor":18.0},{"not_picked":["Sucker Punch+1","Footwork"],"picked":"PiercingWail+1","floor":19.0},{"not_picked":["Bane","Dagger Spray"],"picked":"Noxious Fumes+1","floor":20.0},{"not_picked":["Dodge and Roll","Dash","Distraction"],"picked":"SKIP","floor":22}],"player_experience":111266,"relics_obtained":[{"floor":6.0,"key":"Mercury Hourglass"},{"floor":8.0,"key":"TungstenRod"},{"floor":9.0,"key":"Strawberry"},{"floor":11.0,"key":"Centennial Puzzle"}],"event_choices":[{"damage_healed":0.0,"max_hp_gain":0.0,"max_hp_loss":0.0,"gold_gain":0.0,"event_name":"Golden Idol","player_choice":"Take Wound","floor":4.0,"gold_loss":0.0,"damage_taken":0.0,"relics_obtained":["Golden Idol"],"cards_obtained":["Injury"]},{"damage_healed":24.0,"max_hp_gain":0.0,"max_hp_loss":0.0,"gold_gain":0.0,"event_name":"Big Fish","player_choice":"Banana","floor":12.0,"gold_loss":0.0,"damage_taken":0.0},{"damage_healed":0.0,"max_hp_gain":0.0,"max_hp_loss":0.0,"gold_gain":0.0,"event_name":"Shining Light","player_choice":"Entered Light","floor":14.0,"gold_loss":0.0,"damage_taken":22.0,"cards_upgraded":["Strike_G","Defend_G"]}],"is_beta":false,"boss_relics":[{"not_picked":["Snecko Eye","Runic Dome"],"picked":"Velvet Choker"}],"items_purged_floors":[5,21],"is_endless":false,"potions_floor_spawned":[3,8,16],"killed_by":"Slavers","ascension_level":18}}