{"host":"1qe75caem8li7mer","time":1609589356,"event":{"mods":["BaseMod","Colored Map","Minty Spire (QoL Compilation)","Relic Stats","StSLib"],"gold_per_floor":[115,390,401,419,438,438,452,487,487,503,112,124,134,134,134,233,233,253,272,272,288,307,307,342,342,342,342,356,375,391,391,391,488,488,508,521,572,591,609,609,640,640,640,656,656,656,728,485,485,485],"floor_reached":51,"playtime":3562,"items_purged":["Strike_G","Injury"],"score":1108,"play_id":"cf373848-aff7-4625-bbc3-878b177b4e1f","local_time":"20210102130916","is_ascension_mode":true,"campfire_choices":[{"data":"All Out Attack","floor":6,"key":"SMITH"},{"data":"Dash","floor":15,"key":"SMITH"},{"data":"Leg Sweep","floor":23,"key":"SMITH"},{"data":"PiercingWail","floor":25,"key":"SMITH"},{"floor":32,"key":"REST"},{"data":"Terror","floor":40,"key":"SMITH"},{"data":"Dodge and Roll","floor":42,"key":"SMITH"},{"data":"PiercingWail","floor":49,"key":"SMITH"}],"circlet_count":0,"master_deck":["AscendersBane","Strike_G","Strike_G","Defend_G","Defend_G","Defend_G","Defend_G","Survivor","Neutralize","Leg Sweep+1","Dash+1","Dodge and Roll+1","Deadly Poison","PiercingWail+1","Acrobatics","Infinite Blades+1","PiercingWail+1","Accuracy+1","Storm of Steel","Acrobatics+1","Acrobatics+1","Wraith Form v2+1","Blade Dance","Cloak And Dagger+1","Prepared+1","Crippling Poison+1","Terror+1","After Image+1","Footwork+1","Bouncing Flask+1","Blur+1","Injury","Footwork+1"],"relics":["Ring of the Snake","Omamori","FossilizedHelix","Sundial","Frozen Egg 2","Nloth\u0027s Gift","Incense Burner","Singing Bowl","MutagenicStrength","Eternal Feather","Cursed Key","Pocketwatch","Pen Nib","Question Card","Bottled Tornado"],"acts_visited":["Exordium","TheCity","TheBeyond"],"potions_floor_usage":[10,21,24,35,37,50,50,50],"damage_taken":[{"damage":6,"enemies":"Cultist","floor":1,"turns":5},{"damage":4,"enemies":"Jaw Worm","floor":3,"turns":6},{"damage":0,"enemies":"Small Slimes","floor":4,"turns":6},{"damage":6,"enemies":"Blue Slaver","floor":5,"turns":5},{"damage":7,"enemies":"Exordium Wildlife","floor":7,"turns":4},{"damage":12,"enemies":"3 Sentries","floor":8,"turns":9},{"damage":0,"enemies":"3 Louse","floor":10,"turns":2},{"damage":0,"enemies":"Looter","floor":12,"turns":4},{"damage":3,"enemies":"Exordium Wildlife","floor":13,"turns":5},{"damage":0,"enemies":"The Guardian","floor":16,"turns":12},{"damage":0,"enemies":"Shell Parasite","floor":18,"turns":7},{"damage":0,"enemies":"Chosen","floor":19,"turns":4},{"damage":0,"enemies":"Snecko","floor":21,"turns":4},{"damage":6,"enemies":"Centurion and Healer","floor":22,"turns":9},{"damage":32,"enemies":"Gremlin Leader","floor":24,"turns":8},{"damage":1,"enemies":"Cultist and Chosen","floor":28,"turns":9},{"damage":0,"enemies":"Snecko","floor":29,"turns":5},{"damage":4,"enemies":"Centurion and Healer","floor":30,"turns":6},{"damage":3,"enemies":"Automaton","floor":33,"turns":10},{"damage":4,"enemies":"3 Darklings","floor":35,"turns":7},{"damage":5,"enemies":"3 Shapes","floor":36,"turns":8},{"damage":14,"enemies":"2 Orb Walkers","floor":37,"turns":7},{"damage":0,"enemies":"3 Darklings","floor":38,"turns":5},{"damage":0,"enemies":"Transient","floor":39,"turns":5},{"damage":7,"enemies":"Nemesis","floor":41,"turns":11},{"damage":1,"enemies":"Spire Growth","floor":44,"turns":5},{"damage":35,"enemies":"Awakened One","floor":50,"turns":19}],"seed_played":"-1332495623821006840","potions_obtained":[{"floor":1,"key":"GamblersBrew"},{"floor":3,"key":"Explosive Potion"},{"floor":5,"key":"Dexterity Potion"},{"floor":13,"key":"Strength Potion"},{"floor":16,"key":"CunningPotion"},{"floor":28,"key":"Block Potion"},{"floor":29,"key":"AttackPotion"},{"floor":37,"key":"Energy Potion"},{"floor":39,"key":"ColorlessPotion"}],"is_trial":false,"path_per_floor":["M","?","M","M","M","R","M","E","T","M","$","M","M","?","R","B",null,"M","M","?","M","M","R","E","R","T","?","M","M","M","?","R","B",null,"M","M","?","M","M","R","E","R","T","M","?","?","T","$","R","B",null],"character_chosen":"THE_SILENT","items_purchased":["Frozen Egg 2","Infinite Blades+1","Footwork+1","CunningPotion"],"campfire_rested":1,"item_purchase_floors":[11,11,48,48],"current_hp_per_floor":[57,57,53,53,47,47,40,28,28,28,28,28,25,70,70,70,70,70,70,70,70,64,64,32,32,32,32,31,33,31,31,68,65,72,70,67,55,55,55,73,68,82,82,81,81,83,83,83,84,49],"gold":485,"neow_bonus":"RANDOM_COMMON_RELIC","is_daily":false,"chose_seed":false,"campfire_upgraded":7,"win_rate":0.0,"timestamp":1609589356,"path_taken":["M","?","M","M","M","R","M","E","T","?","$","M","M","?","R","BOSS","M","M","?","?","M","R","E","R","T","?","M","M","M","?","R","BOSS","M","M","?","M","M","R","E","R","T","M","?","?","?","$","R","BOSS"],"items_purchased_type":["Relic","Card","Card","Potion"],"build_version":"2020-12-22","purchased_purges":2,"victory":true,"max_hp_per_floor":[70,70,70,70,70,70,70,70,70,70,70,70,70,70,70,70,70,70,70,70,70,70,70,70,70,70,70,70,72,74,74,74,74,74,76,78,80,80,80,80,82,82,82,82,82,84,84,84,84,84],"relic_stats":{"Singing Bowl":14,"counters":[27,187],"Sundial":[22],"Eternal Feather":48,"Pen Nib":[6],"Nloth\u0027s Gift":1,"Cursed Key":2,"Question Card":2,"obtain_stats":[{"Singing Bowl":26,"Astrolabe":17,"Eternal Feather":31,"Pen Nib":41,"Omamori":0,"Incense Burner":24,"Frozen Egg 2":11,"Bottled Tornado":47,"Cursed Key":34,"Question Card":43,"Sundial":9,"MutagenicStrength":27,"Nloth\u0027s Gift":20,"FossilizedHelix":8,"Ring of the Snake":0,"Pocketwatch":37},{"Singing Bowl":15,"Astrolabe":10,"Eternal Feather":18,"Pen Nib":25,"Omamori":0,"Incense Burner":15,"Frozen Egg 2":7,"Bottled Tornado":26,"Cursed Key":19,"Question Card":25,"Sundial":6,"MutagenicStrength":15,"Nloth\u0027s Gift":12,"FossilizedHelix":6,"Ring of the Snake":0,"Pocketwatch":22},{"Singing Bowl":90,"Astrolabe":58,"Eternal Feather":110,"Pen Nib":163,"Omamori":0,"Incense Burner":90,"Frozen Egg 2":37,"Bottled Tornado":168,"Cursed Key":120,"Question Card":163,"Sundial":35,"MutagenicStrength":90,"Nloth\u0027s Gift":69,"FossilizedHelix":35,"Ring of the Snake":0,"Pocketwatch":142}],"Ring of the Snake":[54],"Pocketwatch":[12]},"card_choices":[{"not_picked":["Underhanded Strike","Cloak And Dagger"],"picked":"Leg Sweep","floor":1},{"not_picked":["Reflex","Cloak And Dagger"],"picked":"Dash","floor":3},{"not_picked":["Deflect","Riddle With Holes"],"picked":"All Out Attack","floor":4},{"not_picked":["Blade Dance","Cloak And Dagger"],"picked":"Dodge and Roll","floor":5},{"not_picked":["Catalyst","Bane"],"picked":"Deadly Poison","floor":7},{"not_picked":["A Thousand Cuts","Caltrops"],"picked":"PiercingWail","floor":8},{"not_picked":["Reflex","Outmaneuver"],"picked":"Acrobatics","floor":10},{"not_picked":["Underhanded Strike","All Out Attack"],"picked":"PiercingWail","floor":12},{"not_picked":["Deadly Poison","Endless Agony"],"picked":"Accuracy+1","floor":13},{"not_picked":["Grand Finale","Night Terror"],"picked":"Storm of Steel","floor":16},{"not_picked":["Poisoned Stab","Dagger Spray"],"picked":"Blade Dance","floor":18},{"not_picked":["All Out Attack","Endless Agony","Dodge and Roll+1"],"picked":"SKIP","floor":19},{"not_picked":["Poisoned Stab","Backflip+1"],"picked":"Cloak And Dagger+1","floor":21},{"not_picked":["PiercingWail","Quick Slash"],"picked":"Prepared+1","floor":22},{"not_picked":["Corpse Explosion","Flying Knee"],"picked":"Crippling Poison+1","floor":24},{"not_picked":["Endless Agony+1","Masterful Stab"],"picked":"Terror","floor":28},{"not_picked":["Predator+1","Terror","Reflex"],"picked":"Singing Bowl","floor":29},{"not_picked":["Bane","Flying Knee","Prepared"],"picked":"Singing Bowl","floor":30},{"not_picked":["Die Die Die","Adrenaline"],"picked":"After Image+1","floor":33},{"not_picked":["Quick Slash","Dodge and Roll","Finisher"],"picked":"Singing Bowl","floor":35},{"not_picked":["Dodge and Roll+1","Deadly Poison","Concentrate"],"picked":"Singing Bowl","floor":36},{"not_picked":["Riddle With Holes","Sucker Punch","Leg Sweep"],"picked":"Singing Bowl","floor":37},{"not_picked":["Choke","Reflex"],"picked":"Footwork+1","floor":38},{"not_picked":["Sucker Punch","Distraction"],"picked":"Bouncing Flask+1","floor":39},{"not_picked":["Skewer+1","Sucker Punch+1","Well Laid Plans+1"],"picked":"Singing Bowl","floor":41},{"not_picked":["Heel Hook","Quick Slash+1","A Thousand Cuts+1"],"picked":"Blur+1","floor":44},{"not_picked":["Bandage Up","Sadistic Nature+1","Purity","Forethought"],"picked":"Singing Bowl","floor":46}],"player_experience":1029404,"relics_obtained":[{"floor":8,"key":"FossilizedHelix"},{"floor":9,"key":"Sundial"},{"floor":24,"key":"Incense Burner"},{"floor":26,"key":"Singing Bowl"},{"floor":37,"key":"Pocketwatch"},{"floor":41,"key":"Pen Nib"},{"floor":43,"key":"Question Card"},{"floor":47,"key":"Bottled Tornado"}],"event_choices":[{"damage_healed":0,"gold_gain":275,"player_choice":"Desecrate","damage_taken":0,"max_hp_gain":0,"max_hp_loss":0,"event_name":"Golden Shrine","floor":2,"gold_loss":0,"cards_obtained":["Regret"]},{"damage_healed":45,"gold_gain":0,"player_choice":"Full Heal","damage_taken":0,"max_hp_gain":0,"max_hp_loss":0,"event_name":"Wheel of Change","floor":14,"gold_loss":0},{"damage_healed":0,"gold_gain":0,"player_choice":"Traded Relic","damage_taken":0,"relics_obtained":["Nloth\u0027s Gift"],"max_hp_gain":0,"max_hp_loss":0,"event_name":"N\u0027loth","floor":20,"relics_lost":["Astrolabe"],"gold_loss":0},{"damage_healed":0,"gold_gain":0,"player_choice":"Inject Mutagens","damage_taken":0,"relics_obtained":["MutagenicStrength"],"max_hp_gain":0,"max_hp_loss":0,"event_name":"Drug Dealer","floor":27,"gold_loss":0},{"damage_healed":0,"gold_gain":0,"player_choice":"Opened","damage_taken":0,"relics_obtained":["Eternal Feather"],"max_hp_gain":0,"max_hp_loss":0,"event_name":"The Mausoleum","floor":31,"gold_loss":0,"cards_obtained":["Writhe"]},{"damage_healed":0,"gold_gain":0,"player_choice":"Fight","damage_taken":0,"max_hp_gain":0,"max_hp_loss":0,"event_name":"Mysterious Sphere","floor":37,"gold_loss":0},{"cards_removed":["All Out Attack"],"damage_healed":0,"gold_gain":0,"player_choice":"Removed Attack","damage_taken":0,"max_hp_gain":0,"max_hp_loss":0,"event_name":"Falling","floor":45,"gold_loss":0},{"damage_healed":0,"gold_gain":0,"player_choice":"Memory 1","damage_taken":0,"max_hp_gain":0,"max_hp_loss":0,"event_name":"SensoryStone","floor":46,"gold_loss":0}],"is_beta":false,"boss_relics":[{"not_picked":["Pandora\u0027s Box","Velvet Choker"],"picked":"Astrolabe"},{"not_picked":["Runic Pyramid","Tiny House"],"picked":"Cursed Key"}],"items_purged_floors":[11,48],"is_endless":false,"potions_floor_spawned":[1,3,5,8,13,16,19,28,29,37,39,41],"ascension_level":10}}