{"host":"ymmeoa1x24ihslbm","time":1609583273,"event":{"mods":["AchievementEnabler","BaseMod","Colored Map","Colored Powertips","Defuse TimeMaze Blight","Highlight Path","Minty Spire (QoL Compilation)","Permanent Neow","Quick Restart","StSLib","Unceasing Turn Reminder"],"gold_per_floor":[115,125,135,135,153,153,187,187,187,202,202,55,65,81,81,81,81],"floor_reached":16,"playtime":644,"items_purged":[],"score":114,"play_id":"4647a1a4-a34c-4c84-b2c3-d95de6bc390f","local_time":"20210102112753","is_ascension_mode":true,"campfire_choices":[{"data":"Vigilance","floor":6,"key":"SMITH"},{"data":"MentalFortress","floor":8,"key":"SMITH"},{"data":"Pray","floor":11,"key":"SMITH"},{"data":"FollowUp","floor":15,"key":"SMITH"}],"circlet_count":0,"master_deck":["Strike_P","Strike_P","Strike_P","Strike_P","Defend_P","Defend_P","Defend_P","Defend_P","Eruption+1","Vigilance+1","FlurryOfBlows","Pray+1","MentalFortress+1","FollowUp+1"],"relics":["PureWater","Pear","Question Card","Damaru"],"acts_visited":["Exordium"],"potions_floor_usage":[5,14],"damage_taken":[{"damage":0,"enemies":"Cultist","floor":1,"turns":2},{"damage":3,"enemies":"Small Slimes","floor":2,"turns":4},{"damage":0,"enemies":"2 Louse","floor":3,"turns":2},{"damage":3,"enemies":"Blue Slaver","floor":5,"turns":6},{"damage":32,"enemies":"Gremlin Nob","floor":7,"turns":3},{"damage":2,"enemies":"Exordium Wildlife","floor":10,"turns":6},{"damage":6,"enemies":"Exordium Thugs","floor":13,"turns":3},{"damage":7,"enemies":"3 Louse","floor":14,"turns":4},{"damage":22,"enemies":"The Guardian","floor":16,"turns":5}],"seed_played":"776430013408100380","potions_obtained":[{"floor":3,"key":"GamblersBrew"},{"floor":13,"key":"EssenceOfSteel"},{"floor":14,"key":"BottledMiracle"}],"is_trial":false,"path_per_floor":["M","M","M","$","M","R","E","R","T","M","R","$","M","M","R","B"],"character_chosen":"WATCHER","items_purchased":["Damaru"],"campfire_rested":0,"item_purchase_floors":[12],"current_hp_per_floor":[72,69,69,69,66,66,44,44,44,42,42,42,36,29,29,7,7],"gold":81,"neow_bonus":"UPGRADE_CARD","is_daily":false,"chose_seed":false,"campfire_upgraded":4,"win_rate":0.0,"timestamp":1609583273,"path_taken":["M","M","?","?","M","R","E","R","T","M","R","?","M","M","R","BOSS"],"items_purchased_type":["Relic"],"build_version":"2020-12-22","purchased_purges":0,"victory":false,"max_hp_per_floor":[72,72,72,72,72,72,82,82,82,82,82,82,82,82,82,82,82],"card_choices":[{"not_picked":["Consecrate","Wireheading"],"picked":"FlurryOfBlows","floor":1},{"not_picked":["Crescendo","EmptyBody","BattleHymn"],"picked":"SKIP","floor":2},{"not_picked":["Prostrate","Evaluate"],"picked":"Pray","floor":3},{"not_picked":["Wallop","JustLucky","CrushJoints"],"picked":"SKIP","floor":5},{"not_picked":["Omniscience","Halt"],"picked":"MentalFortress","floor":7},{"not_picked":["ClearTheMind","CarveReality","SashWhip","Indignation"],"picked":"SKIP","floor":10},{"not_picked":["CrushJoints","Wireheading","Crescendo"],"picked":"FollowUp","floor":13},{"not_picked":["Sanctity","Vengeance","Fasting2","FlurryOfBlows"],"picked":"SKIP","floor":14}],"player_experience":683524,"relics_obtained":[{"floor":7,"key":"Pear"},{"floor":9,"key":"Question Card"}],"event_choices":[],"is_beta":false,"boss_relics":[],"items_purged_floors":[],"is_endless":false,"potions_floor_spawned":[3,13,14],"killed_by":"The Guardian","ascension_level":2}}