{"host":"fjaupvxe7fzqrf4j","time":1609571451,"event":{"mods":["ATMod(°¢èªMod)","BaseMod","Minty Spire (QoL Compilation)","StSLib"],"gold_per_floor":[115,34,34,34,54,79,111,111,134,134,159,159,189,216,216,289,289,307,31,31,31,85,114,143,143,169,199,226,255,41,74,74,151,151,171,224,224,98,98,133,160,202,202,225,257,284,318,350,350,350,350,350,350,14,43,43],"floor_reached":57,"playtime":1735,"items_purged":["Coolheaded","Ball Lightning"],"score":4346,"play_id":"e824f12a-6d0d-4bc6-8eb4-09be06f878d9","local_time":"20210102151051","daily_mods":["SealedDeck","Heirloom","Time Dilation","Flight","Elite Swarm"],"is_ascension_mode":true,"campfire_choices":[{"floor":8.0,"key":"REST"},{"data":"Defragment","floor":10.0,"key":"SMITH"},{"data":"Fission","floor":15.0,"key":"SMITH"},{"data":"AT_RightCognition","floor":25.0,"key":"SMITH"},{"data":"AT_RightCognition","floor":32.0,"key":"SMITH"},{"floor":49.0,"key":"RECALL"},{"data":"Apotheosis","floor":53,"key":"SMITH"}],"circlet_count":0,"master_deck":["AscendersBane","Streamline+1","Conserve Battery+1","Storm","Heatsinks","Beam Cell+1","Defragment+1","Coolheaded","Turbo+1","Ball Lightning","White Noise","AT_WaterDrop","Seek","Electrodynamics","Fission+1","AT_RightCognition+1","Seek","AT_RightCognition+1","AT_ThunderBolt","Loop","Apotheosis+1","Creative AI","Loop","Storm"],"relics":["Cracked Core","AT_ATBox","Turnip","Tiny Chest","Oddly Smooth Stone","Juzu Bracelet","Boot","War Paint","The Courier","SlaversCollar","AT_BellowingDragoncrestRing","Blood Vial","CaptainsWheel","StrikeDummy","AT_RedTearstoneRing","Art of War","AT_Manta","AT_BellDemon","Vajra","Nunchaku","AT_ChloranthyRing","Busted Crown","AT_SunfireAegis","Ice Cream","Kunai","Runic Capacitor","Blue Candle","Pocketwatch","CeramicFish","AT_DeathDance","AT_Kusabimaru","Emotion Chip","Bottled Lightning","Lantern","Omamori","Gambling Chip","Orichalcum","Bottled Tornado","Calipers","AT_EbonyIvory","Sundial","HornCleat","InkBottle","Happy Flower"],"acts_visited":["Exordium","TheCity","TheBeyond","TheEnding"],"potions_floor_usage":[56,56],"damage_taken":[{"damage":6.0,"enemies":"Jaw Worm","floor":1.0,"turns":2.0},{"damage":7.0,"enemies":"Small Slimes","floor":5.0,"turns":2.0},{"damage":0.0,"enemies":"Lagavulin","floor":6.0,"turns":3.0},{"damage":10.0,"enemies":"3 Sentries","floor":7.0,"turns":5.0},{"damage":0.0,"enemies":"Lagavulin","floor":11.0,"turns":5.0},{"damage":0.0,"enemies":"3 Sentries","floor":13.0,"turns":4.0},{"damage":8.0,"enemies":"Gremlin Nob","floor":14.0,"turns":3.0},{"damage":0.0,"enemies":"Slime Boss","floor":16.0,"turns":3.0},{"damage":10.0,"enemies":"3 Byrds","floor":18.0,"turns":3.0},{"damage":0.0,"enemies":"Book of Stabbing","floor":23.0,"turns":3.0},{"damage":0.0,"enemies":"Slavers","floor":24.0,"turns":1.0},{"damage":0.0,"enemies":"Book of Stabbing","floor":27.0,"turns":3.0},{"damage":24.0,"enemies":"Slavers","floor":28.0,"turns":2.0},{"damage":0.0,"enemies":"Book of Stabbing","floor":29.0,"turns":2.0},{"damage":0.0,"enemies":"Gremlin Leader","floor":31.0,"turns":3.0},{"damage":0.0,"enemies":"Collector","floor":33.0,"turns":4.0},{"damage":0.0,"enemies":"3 Shapes","floor":35.0,"turns":1.0},{"damage":0.0,"enemies":"2 Orb Walkers","floor":36.0,"turns":1.0},{"damage":2.0,"enemies":"Reptomancer","floor":40.0,"turns":3.0},{"damage":0.0,"enemies":"Giant Head","floor":41.0,"turns":4.0},{"damage":0.0,"enemies":"Reptomancer","floor":42.0,"turns":3.0},{"damage":0.0,"enemies":"Nemesis","floor":45.0,"turns":1.0},{"damage":11.0,"enemies":"Reptomancer","floor":46.0,"turns":2.0},{"damage":0.0,"enemies":"Nemesis","floor":47.0,"turns":1.0},{"damage":0.0,"enemies":"Reptomancer","floor":48.0,"turns":1.0},{"damage":0.0,"enemies":"Awakened One","floor":50.0,"turns":2.0},{"damage":14,"enemies":"Time Eater","floor":51,"turns":3},{"damage":0,"enemies":"Shield and Spear","floor":55,"turns":1},{"damage":16,"enemies":"The Heart","floor":56,"turns":4}],"seed_played":"2588244376459735401","potions_obtained":[{"floor":6.0,"key":"EssenceOfDarkness"},{"floor":7.0,"key":"DuplicationPotion"},{"floor":14.0,"key":"ColorlessPotion"},{"floor":28.0,"key":"DistilledChaos"},{"floor":36.0,"key":"GamblersBrew"},{"floor":47.0,"key":"FearPotion"}],"is_trial":true,"path_per_floor":["M","$","?","?","M","E","E","R","T","R","E","$","E","E","R","B",null,"M","$","?","?","T","E","E","R","T","E","E","E","$","E","R","B",null,"M","?","?","$","?","E","E","E","T","T","E","E","E","E","R","B","B",null,"R","$","E","B",null],"character_chosen":"DEFECT","items_purchased":["Coolheaded","Ball Lightning","AT_BellowingDragoncrestRing","AT_ThunderBolt","Loop","Runic Capacitor","HornCleat","Loop","Storm"],"campfire_rested":1,"item_purchase_floors":[2,2,19,30,30,38,54,54,54],"current_hp_per_floor":[58,58,63,40,33,33,23,45,45,45,45,45,45,37,37,37,66,56,56,50,50,50,52,54,54,54,56,34,36,36,38,38,40,67,69,71,71,71,71,71,73,75,75,75,76,65,67,69,69,71,59,72,72,72,74,60],"gold":43,"neow_bonus":"","is_daily":false,"chose_seed":false,"campfire_upgraded":5,"win_rate":0.0,"timestamp":1609571451,"path_taken":["M","$","?","?","?","E","E","R","T","R","E","?","E","E","R","BOSS","M","$","?","?","?","E","E","R","T","E","E","E","$","E","R","BOSS","M","?","?","$","?","E","E","E","T","?","E","E","E","E","R","BOSS","BOSS","R","$","E","BOSS"],"items_purchased_type":["Card","Card","Relic","Card","Card","Relic","Relic","Card","Card"],"build_version":"2020-12-22","purchased_purges":2,"victory":true,"max_hp_per_floor":[71,71,76,76,76,76,76,76,76,76,76,76,76,76,76,76,76,76,76,76,76,76,76,76,76,76,76,76,76,76,76,76,76,76,76,76,76,76,76,76,76,76,76,76,76,76,76,76,76,76,76,76,76,76,76,76],"card_choices":[{"not_picked":["Hologram","AT_DarkMatter"],"picked":"Turbo","floor":1.0},{"not_picked":["FTL","Rebound"],"picked":"White Noise","floor":5.0},{"not_picked":["Multi-Cast","Buffer","All For One"],"picked":"SKIP","floor":6.0},{"not_picked":["Rainbow","Fission"],"picked":"AT_WaterDrop","floor":7.0},{"not_picked":["Multi-Cast","Buffer"],"picked":"Seek","floor":11.0},{"not_picked":["All For One","Biased Cognition"],"picked":"Electrodynamics","floor":13.0},{"not_picked":["Multi-Cast","Core Surge"],"picked":"Fission","floor":14.0},{"not_picked":["Machine Learning","Rainbow"],"picked":"AT_RightCognition","floor":16.0},{"not_picked":["Leap","Sweeping Beam","Steam"],"picked":"SKIP","floor":18.0},{"not_picked":["Seek","Meteor Strike","Hyperbeam"],"picked":"SKIP","floor":23.0},{"not_picked":["Meteor Strike","Hyperbeam"],"picked":"Seek","floor":23.0},{"not_picked":["Seek","Rainbow"],"picked":"AT_RightCognition","floor":24.0},{"not_picked":["Seek","Machine Learning","Meteor Strike"],"picked":"SKIP","floor":27.0},{"not_picked":["Hyperbeam","Rainbow","All For One"],"picked":"SKIP","floor":28.0},{"not_picked":["Amplify","Machine Learning","Biased Cognition"],"picked":"SKIP","floor":29.0},{"not_picked":["AT_RightCognition","Biased Cognition","Rainbow"],"picked":"SKIP","floor":31.0},{"not_picked":["Rip and Tear"],"picked":"SKIP","floor":35.0},{"not_picked":[],"picked":"Apotheosis","floor":39.0},{"not_picked":["Amplify"],"picked":"SKIP","floor":40.0},{"not_picked":["Meteor Strike"],"picked":"SKIP","floor":41.0},{"not_picked":[],"picked":"Creative AI","floor":42.0},{"not_picked":["Electrodynamics"],"picked":"SKIP","floor":45.0},{"not_picked":["Machine Learning"],"picked":"SKIP","floor":46.0},{"not_picked":["Biased Cognition"],"picked":"SKIP","floor":47.0},{"not_picked":["AT_RightCognition"],"picked":"SKIP","floor":48.0},{"not_picked":["Electrodynamics"],"picked":"SKIP","floor":55}],"player_experience":324280,"relics_obtained":[{"floor":6.0,"key":"Tiny Chest"},{"floor":7.0,"key":"Oddly Smooth Stone"},{"floor":9.0,"key":"Juzu Bracelet"},{"floor":11.0,"key":"Boot"},{"floor":13.0,"key":"War Paint"},{"floor":14.0,"key":"The Courier"},{"floor":22.0,"key":"Blood Vial"},{"floor":23.0,"key":"CaptainsWheel"},{"floor":24.0,"key":"StrikeDummy"},{"floor":26.0,"key":"AT_RedTearstoneRing"},{"floor":27.0,"key":"Art of War"},{"floor":28.0,"key":"AT_Manta"},{"floor":29.0,"key":"AT_BellDemon"},{"floor":31.0,"key":"Vajra"},{"floor":31.0,"key":"Nunchaku"},{"floor":33.0,"key":"AT_ChloranthyRing"},{"floor":35.0,"key":"AT_SunfireAegis"},{"floor":36.0,"key":"Ice Cream"},{"floor":36.0,"key":"Kunai"},{"floor":40.0,"key":"Blue Candle"},{"floor":40.0,"key":"Pocketwatch"},{"floor":41.0,"key":"CeramicFish"},{"floor":41.0,"key":"AT_DeathDance"},{"floor":42.0,"key":"AT_Kusabimaru"},{"floor":42.0,"key":"Emotion Chip"},{"floor":43.0,"key":"Bottled Lightning"},{"floor":45.0,"key":"Lantern"},{"floor":45.0,"key":"Omamori"},{"floor":46.0,"key":"Gambling Chip"},{"floor":46.0,"key":"Orichalcum"},{"floor":47.0,"key":"Bottled Tornado"},{"floor":47.0,"key":"Calipers"},{"floor":48.0,"key":"AT_EbonyIvory"},{"floor":48.0,"key":"Sundial"},{"floor":55,"key":"InkBottle"},{"floor":55,"key":"Happy Flower"}],"event_choices":[{"damage_healed":0.0,"max_hp_gain":5.0,"max_hp_loss":0.0,"gold_gain":0.0,"event_name":"Big Fish","player_choice":"Donut","floor":3.0,"gold_loss":0.0,"damage_taken":0.0},{"damage_healed":0.0,"max_hp_gain":0.0,"max_hp_loss":0.0,"gold_gain":0.0,"event_name":"Shining Light","player_choice":"Entered Light","floor":4.0,"gold_loss":0.0,"damage_taken":23.0,"cards_upgraded":["Streamline","Beam Cell"]},{"damage_healed":0.0,"max_hp_gain":0.0,"max_hp_loss":0.0,"gold_gain":0.0,"event_name":"Knowing Skull","player_choice":"","floor":20.0,"potions_obtained":[],"gold_loss":0.0,"damage_taken":6.0,"cards_obtained":[]},{"cards_removed":["Cold Snap"],"damage_healed":0.0,"max_hp_gain":0.0,"max_hp_loss":0.0,"gold_gain":0.0,"event_name":"Wheel of Change","player_choice":"Card Removal","floor":21.0,"gold_loss":0.0,"damage_taken":0.0},{"damage_healed":0.0,"max_hp_gain":0.0,"max_hp_loss":0.0,"gold_gain":0.0,"event_name":"Mysterious Sphere","player_choice":"Fight","floor":36.0,"gold_loss":0.0,"damage_taken":0.0},{"cards_removed":["Coolheaded"],"damage_healed":0.0,"max_hp_gain":0.0,"max_hp_loss":0.0,"gold_gain":0.0,"event_name":"Falling","player_choice":"Removed Skill","floor":37.0,"gold_loss":0.0,"damage_taken":0.0},{"damage_healed":0.0,"max_hp_gain":0.0,"max_hp_loss":0.0,"gold_gain":0.0,"event_name":"SensoryStone","player_choice":"Memory 1","floor":39.0,"gold_loss":0.0,"damage_taken":0.0}],"is_beta":false,"boss_relics":[{"not_picked":["AT_MortalBlade","Fusion Hammer"],"picked":"SlaversCollar"},{"not_picked":["Cursed Key","Tiny House"],"picked":"Busted Crown"}],"items_purged_floors":[19,30],"is_endless":false,"potions_floor_spawned":[6,7,14,16,23,27,28,29,33,36,40,41,47],"ascension_level":20}}