{"host":"bf9sa99gaumonoeu","time":1609555268,"event":{"mods":["AchievementEnabler","Act Like it!","BaseMod","Colored Map","Colored Powertips","Downfall","Friendly Minions","Gensokyo","Hallownest","Hermit","Jorbs\u0027s Wanderer Trilogy","Lobotomy","Marisa????????","Minty Spire (QoL Compilation)","Remilia??????","Replay The Spire","Shop Mod","StSLib","The Animator","The Bug Knight","The Cursed","The Disciple","The Hierophant","The Jungle","The Senshi","The Servant 0.9.4"],"gold_per_floor":[117,117,117,21,37,37,54,54,54,79,98,98,117,128,128,231,231,246,61,81,356,372,372,401,401,401,436,436,451,462,482,482,585,585,585,34,34,34,34,44,44,44,44,60,73,73,90,90,90,90],"floor_reached":51,"playtime":5236,"items_purged":["Delirium"],"score":689,"play_id":"f6af9e42-8e0d-4c28-a3b8-207554d75f46","local_time":"20210102004108","is_ascension_mode":false,"campfire_choices":[{"data":"hermit:Malice","floor":6,"key":"SMITH"},{"floor":12,"key":"REST"},{"data":"hermit:GhostlyPresence","floor":15,"key":"SMITH"},{"data":"hermit:EyeOfTheStorm","floor":23,"key":"SMITH"},{"data":"hermit:Roughhouse","floor":25,"key":"SMITH"},{"data":"hermit:Determination","floor":28,"key":"SMITH"},{"data":"hermit:WideOpen","floor":32,"key":"SMITH"},{"floor":42,"key":"REST"},{"floor":49,"key":"REST"}],"circlet_count":0,"master_deck":["hermit:Strike_Hermit","hermit:Strike_Hermit+1","hermit:Strike_Hermit","hermit:Strike_Hermit+1","hermit:Defend_Hermit","hermit:Defend_Hermit","hermit:Defend_Hermit","hermit:Defend_Hermit","hermit:Snapshot","hermit:Covet","ReplayTheSpireMod:Necrogeddon","hermit:Dive","hermit:Dive","hermit:Malice+1","hermit:WideOpen+1","hermit:Desperado","hermit:ItchyTrigger","hermit:Vantage","hermit:GhostlyPresence+1","hermit:SprayPray","hermit:Roughhouse+1","CurseOfTheBell","hermit:Dive+1","hermit:Dive","hermit:Determination+1","hermit:BodyArmor+1","Regret","hermit:EyeOfTheStorm+1","hermit:FromBeyond+1","hermit:HighCaliber+1","hermit:Brawl","hermit:ShadowCloak+1","hermit:DeadMansHand+1","hermit:FromBeyond+1","hermit:CalledShot+1"],"relics":["hermit:Momento","Ring of Misfortune","ReplayTheSpireMod:Ring of Addiction","Toy Ornithopter","SacredBark","Gremlin Food","HollowMod:LifeEnderRelic","Calling Bell","Tiny Chest","Iron Hammer","FossilizedHelix","Toxic Egg 2","HornCleat","Singing Bowl","Busted Crown","PreservedInsect","Medical Kit","Kunai","The Courier","Hallownest:KingsIdolRelic","Mango"],"acts_visited":["Exordium","Gensokyo:Gensokyo","theJungle:Jungle"],"potions_floor_usage":[16,16,20,20,22,30,33,35,50,50],"damage_taken":[{"damage":3,"enemies":"Gensokyo:3_Fairies","floor":1,"turns":6},{"damage":3,"enemies":"Gensokyo:2_Kodama","floor":5,"turns":5},{"damage":0,"enemies":"Gensokyo:Python","floor":7,"turns":3},{"damage":24,"enemies":"Gensokyo:Cirno","floor":10,"turns":7},{"damage":0,"enemies":"Gensokyo:3_Kodama","floor":11,"turns":3},{"damage":6,"enemies":"Gensokyo:CorruptedTreant","floor":13,"turns":3},{"damage":0,"enemies":"Gensokyo:Kitsune","floor":14,"turns":3},{"damage":14,"enemies":"Gensokyo:Kokoro","floor":16,"turns":9},{"damage":0,"enemies":"theJungle:MUSHROOMGANG","floor":18,"turns":4},{"damage":0,"enemies":"Shell Parasite","floor":20,"turns":5},{"damage":0,"enemies":"theJungle:JungleHuntersEncounter","floor":22,"turns":5},{"damage":4,"enemies":"theJungle:2_Phrogs","floor":24,"turns":10},{"damage":9,"enemies":"theJungle:MamaSnecko","floor":27,"turns":14},{"damage":0,"enemies":"Snake Plant","floor":29,"turns":3},{"damage":0,"enemies":"theJungle:2_Snecko_Cultists","floor":30,"turns":4},{"damage":0,"enemies":"theJungle:SlimyTreeVines","floor":31,"turns":8},{"damage":1,"enemies":"theJungle:QueenSpyder","floor":33,"turns":14},{"damage":0,"enemies":"Hallownest:2_Littles","floor":35,"turns":1},{"damage":20,"enemies":"Hallownest:3_Siblings","floor":40,"turns":9},{"damage":0,"enemies":"Hallownest:2_Wing_and_1_Kings","floor":44,"turns":8},{"damage":28,"enemies":"Hallownest:Shield_Sturdy","floor":45,"turns":8},{"damage":7,"enemies":"Hallownest:monsterPrimalAspid","floor":47,"turns":6},{"damage":43,"enemies":"Hallownest:BossHollowKnight","floor":50,"turns":17}],"seed_played":"5374111345387757721","potions_obtained":[{"floor":5,"key":"Block Potion"},{"floor":7,"key":"Energy Potion"},{"floor":8,"key":"EssenceOfSteel"},{"floor":8,"key":"SteroidPotion"},{"floor":13,"key":"Fire Potion"},{"floor":16,"key":"Weak Potion"},{"floor":18,"key":"AttackPotion"},{"floor":20,"key":"Venom Potion"},{"floor":27,"key":"champ:CounterPotion"},{"floor":29,"key":"SmokeBomb"},{"floor":31,"key":"Elixir"},{"floor":45,"key":"DistilledChaos"}],"is_trial":false,"path_per_floor":["M","?","?","$","M","R","M","?","T","E","M","R","M","M","R","B",null,"M","$","M","?","M","R","E","R","T","E","R","M","M","M","R","B",null,"M","$","?","T","?","M","?","R","T","M","M","T","M","?","R","B",null],"character_chosen":"HERMIT","items_purchased":["hermit:Dive","hermit:Malice","hermit:Dive","hermit:Determination","PreservedInsect","Medical Kit","Kunai"],"campfire_rested":3,"item_purchase_floors":[4,4,19,19,36,36,36],"current_hp_per_floor":[72,72,72,72,69,69,69,69,69,45,45,66,60,60,60,56,71,71,71,69,69,69,69,65,65,65,56,56,56,61,65,65,64,65,65,65,65,65,63,45,45,63,63,65,37,51,44,59,77,34],"gold":90,"neow_bonus":"RANDOM_COLORLESS_2","is_daily":false,"chose_seed":false,"campfire_upgraded":6,"win_rate":0.0,"timestamp":1609555268,"path_taken":["M","?","?","$","M","R","M","?","T","E","M","R","M","M","R","BOSS","M","$","M","?","M","R","E","R","T","E","R","M","M","?","R","BOSS","M","$","?","?","?","?","?","R","T","M","M","?","M","?","R","BOSS"],"items_purchased_type":["Card","Card","Card","Card","Relic","Relic","Relic"],"build_version":"2020-12-22","purchased_purges":1,"victory":true,"max_hp_per_floor":[75,75,75,75,75,75,75,75,75,75,75,73,73,73,71,71,71,71,71,69,69,69,69,69,69,67,67,67,65,65,65,65,65,65,65,65,65,65,63,65,65,63,63,65,65,79,79,77,77,77],"card_choices":[{"not_picked":["Mayhem","Chrysalis"],"picked":"ReplayTheSpireMod:Necrogeddon","floor":0},{"not_picked":["hermit:Manifest","hermit:HoleUp"],"picked":"hermit:Dive","floor":1},{"not_picked":["hermit:Quickdraw","hermit:TrackingShot"],"picked":"hermit:WideOpen","floor":5},{"not_picked":["hermit:DeadMansHand","hermit:FullyLoaded"],"picked":"hermit:Desperado","floor":7},{"not_picked":["hermit:HighNoon","hermit:Maintenance"],"picked":"hermit:ItchyTrigger","floor":10},{"not_picked":["hermit:HighCaliber","hermit:Feint"],"picked":"hermit:Vantage","floor":11},{"not_picked":["hermit:HighCaliber","hermit:TrackingShot"],"picked":"hermit:GhostlyPresence","floor":13},{"not_picked":["hermit:HoleUp","hermit:WideOpen"],"picked":"hermit:SprayPray","floor":14},{"not_picked":["hermit:FinalCanter","hermit:DeadOrAlive"],"picked":"hermit:Roughhouse","floor":16},{"not_picked":["hermit:Roulette","hermit:CalledShot","hermit:ItchyTrigger+1"],"picked":"SKIP","floor":18},{"not_picked":["hermit:Misfire","hermit:DeadMansHand"],"picked":"hermit:BodyArmor+1","floor":20},{"not_picked":["hermit:HoleUp","hermit:Spite"],"picked":"hermit:EyeOfTheStorm","floor":22},{"not_picked":["hermit:Virtue+1","hermit:Glare+1"],"picked":"hermit:FromBeyond+1","floor":24},{"not_picked":["hermit:WideOpen","hermit:Maintenance+1"],"picked":"hermit:HighCaliber+1","floor":27},{"not_picked":["hermit:Determination","hermit:Headshot"],"picked":"hermit:Brawl","floor":29},{"not_picked":["hermit:Glare+1","hermit:Ricochet"],"picked":"hermit:ShadowCloak+1","floor":30},{"not_picked":["hermit:Magnum","hermit:Dive+1"],"picked":"hermit:DeadMansHand+1","floor":31},{"not_picked":["hermit:Gambit+1","hermit:Magnum"],"picked":"hermit:FromBeyond+1","floor":33},{"not_picked":["hermit:Maintenance+1"],"picked":"Singing Bowl","floor":40},{"not_picked":["hermit:Quickdraw"],"picked":"Singing Bowl","floor":44},{"not_picked":["hermit:Maintenance+1"],"picked":"Singing Bowl","floor":45},{"not_picked":[],"picked":"hermit:CalledShot+1","floor":47}],"player_experience":682525,"relics_obtained":[{"floor":8,"key":"Ring of Misfortune"},{"floor":8,"key":"ReplayTheSpireMod:Ring of Addiction"},{"floor":8,"key":"Toy Ornithopter"},{"floor":8,"key":"SacredBark"},{"floor":9,"key":"Gremlin Food"},{"floor":10,"key":"HollowMod:LifeEnderRelic"},{"floor":17,"key":"Tiny Chest"},{"floor":17,"key":"Iron Hammer"},{"floor":17,"key":"FossilizedHelix"},{"floor":24,"key":"Toxic Egg 2"},{"floor":26,"key":"HornCleat"},{"floor":27,"key":"Singing Bowl"},{"floor":38,"key":"The Courier"},{"floor":46,"key":"Mango"}],"event_choices":[{"damage_healed":0,"gold_gain":275,"player_choice":"Desecrate","damage_taken":0,"max_hp_gain":0,"max_hp_loss":0,"event_name":"Golden Shrine","floor":21,"gold_loss":0,"cards_obtained":["Regret"]}],"is_beta":false,"boss_relics":[{"not_picked":["Replay:Drink Me","Sozu"],"picked":"Calling Bell"},{"not_picked":["Replay:Wanted Poster","Velvet Choker"],"picked":"Busted Crown"}],"items_purged_floors":[19],"is_endless":false,"potions_floor_spawned":[5,7,13,16,18,20,27,29,31,45],"ascension_level":0}}