{"host":"wgmbtq7u7cgqo6r7","time":1609568498,"event":{"mods":["BaseMod","Colored Powertips","Marisa（霧雨　魔理沙）","Minty Spire (QoL Compilation)","Rare Cards Sparkle","StSLib","everything is the same but u backflip on backflip"],"gold_per_floor":[118,118,145,168,192,235,247,289,381,409,421,433,445,467,479,592,604,629,655,687,614,655,667,679,691,691],"floor_reached":25,"playtime":1374,"items_purged":[],"score":224,"play_id":"0f79f6c1-4658-4912-b1f0-95a7ef6245a0","local_time":"20210102012138","is_ascension_mode":true,"campfire_choices":[{"floor":13,"key":"REST"},{"data":"AbsoluteMagnitude","floor":15,"key":"SMITH"},{"floor":23,"key":"REST"}],"circlet_count":0,"master_deck":["Strike_MRS","Strike_MRS","Strike_MRS","Strike_MRS","Defend_MRS","Defend_MRS","Defend_MRS","Defend_MRS","MasterSpark","UpSweep","StarBarrage","GasGiant","DragonMeteor","MagicAbsorber","BigCrunch","AsteroidBelt","AbsoluteMagnitude+1","MillisecondPulsars","AsteroidBelt","AlicesGift","MagicChant+1"],"relics":["BewitchedHakkero","NeowsBlessing","MawBank","InkBottle","Strawberry","Anchor","BreadOfAWashokuLover","Ice Cream","Red Mask","Nilry\u0027s Codex"],"acts_visited":["Exordium","TheCity"],"potions_floor_usage":[6,8,16,16,20],"damage_taken":[{"damage":0,"enemies":"Jaw Worm","floor":1,"turns":1},{"damage":0,"enemies":"Small Slimes","floor":3,"turns":1},{"damage":0,"enemies":"2 Louse","floor":4,"turns":1},{"damage":6,"enemies":"Exordium Thugs","floor":5,"turns":4},{"damage":17,"enemies":"Gremlin Nob","floor":6,"turns":4},{"damage":30,"enemies":"3 Sentries","floor":8,"turns":9},{"damage":0,"enemies":"Looter","floor":10,"turns":2},{"damage":3,"enemies":"Red Slaver","floor":14,"turns":3},{"damage":53,"enemies":"The Guardian","floor":16,"turns":14},{"damage":19,"enemies":"Chosen","floor":18,"turns":7},{"damage":3,"enemies":"Spheric Guardian","floor":19,"turns":6},{"damage":30,"enemies":"Snake Plant","floor":20,"turns":5},{"damage":19,"enemies":"Masked Bandits","floor":22,"turns":7},{"damage":22,"enemies":"Centurion and Healer","floor":25,"turns":8}],"seed_played":"1124603844789787335","potions_obtained":[{"floor":4,"key":"Swift Potion"},{"floor":5,"key":"Weak Potion"},{"floor":6,"key":"Swift Potion"},{"floor":8,"key":"Fire Potion"},{"floor":19,"key":"Swift Potion"}],"is_trial":false,"path_per_floor":["M","?","M","M","M","E","T","E","T","M","?","$","R","M","R","B",null,"M","M","M","?","?","R","?","M"],"character_chosen":"MARISA","items_purchased":[],"campfire_rested":2,"item_purchase_floors":[],"current_hp_per_floor":[75,63,63,63,57,40,47,17,17,17,44,44,68,65,65,12,82,63,60,30,30,11,35,19,0,0],"gold":691,"neow_bonus":"THREE_ENEMY_KILL","is_daily":false,"chose_seed":false,"campfire_upgraded":1,"win_rate":0.0,"timestamp":1609568498,"path_taken":["M","?","M","M","M","E","?","E","T","M","?","$","R","M","R","BOSS","M","M","M","?","?","R","?","M"],"items_purchased_type":[],"build_version":"2020-12-22","purchased_purges":0,"victory":false,"max_hp_per_floor":[75,75,75,75,75,75,82,82,82,82,82,82,82,82,82,82,82,82,82,82,82,82,82,82,82,82],"card_choices":[{"not_picked":["DC","GasGiant"],"picked":"StarBarrage","floor":1},{"not_picked":["OpenUniverse","SporeBomb"],"picked":"GasGiant","floor":3},{"not_picked":["MysteriousBeam","Acceleration"],"picked":"DragonMeteor","floor":4},{"not_picked":["GrandCross","StarBarrage"],"picked":"MagicAbsorber","floor":5},{"not_picked":["ShootingEcho","GravityBeat"],"picked":"BigCrunch","floor":6},{"not_picked":["Orbital","GravityBeat","IllusionStar"],"picked":"SKIP","floor":8},{"not_picked":["GrandCross","MilkyWay"],"picked":"AsteroidBelt","floor":10},{"not_picked":["ShootingEcho","AsteroidBelt"],"picked":"AbsoluteMagnitude","floor":14},{"not_picked":["JA","SatelliteIllusion"],"picked":"MillisecondPulsars","floor":16},{"not_picked":["PowerUp","Orbital","SuperPerseids"],"picked":"SKIP","floor":18},{"not_picked":["OpenUniverse+1","GalacticHalo"],"picked":"AsteroidBelt","floor":19},{"not_picked":["PulseMagic","MysteriousBeam"],"picked":"AlicesGift","floor":20},{"not_picked":["GravityBeat","GalacticHalo"],"picked":"MagicChant+1","floor":22}],"player_experience":121293,"relics_obtained":[{"floor":6,"key":"InkBottle"},{"floor":7,"key":"Strawberry"},{"floor":8,"key":"Anchor"},{"floor":9,"key":"BreadOfAWashokuLover"},{"floor":22,"key":"Red Mask"},{"floor":24,"key":"Nilry\u0027s Codex"}],"event_choices":[{"damage_healed":0,"gold_gain":0,"player_choice":"Success","damage_taken":12,"relics_obtained":["MawBank"],"max_hp_gain":0,"max_hp_loss":0,"event_name":"Scrap Ooze","floor":2,"gold_loss":0},{"damage_healed":27,"gold_gain":0,"player_choice":"Banana","damage_taken":0,"max_hp_gain":0,"max_hp_loss":0,"event_name":"Big Fish","floor":11,"gold_loss":0},{"damage_healed":0,"gold_gain":0,"player_choice":"Obtained Relic","damage_taken":0,"relics_obtained":["Ice Cream"],"max_hp_gain":0,"max_hp_loss":0,"event_name":"Addict","floor":21,"gold_loss":85},{"damage_healed":0,"gold_gain":0,"player_choice":"Fought Bandits","damage_taken":0,"max_hp_gain":0,"max_hp_loss":0,"event_name":"Masked Bandits","floor":22,"gold_loss":0},{"damage_healed":0,"gold_gain":0,"player_choice":"Obtained Book","damage_taken":16,"max_hp_gain":0,"max_hp_loss":0,"event_name":"Cursed Tome","floor":24,"gold_loss":0}],"is_beta":false,"boss_relics":[{"not_picked":["Coffee Dripper","SacredBark"],"picked":"BewitchedHakkero"}],"items_purged_floors":[],"is_endless":false,"potions_floor_spawned":[4,5,6,8,19],"killed_by":"Centurion and Healer","ascension_level":1}}