{"host":"iv8gkcqs5ryn8eyc","time":1609564399,"event":{"mods":["BaseMod","Colored Map","Colored Powertips","Minty Spire (QoL Compilation)","Replay The Spire","Shade Mod","Spire Birthday Party","StSLib","The Blackbeard","The Caster","The Marked","The Runesmith","The Servant 0.9.4","TheFirefly","TheVacant"],"gold_per_floor":[112,112,125,125,140,159,33,33,80,80,80,90,90,101,101,197,197,208,108,118,33,33,33,51,51,51,51,51,51,51,2,22,33,33,33,33],"floor_reached":35,"playtime":1113,"items_purged":["Voices","theMarked:Strike"],"score":247,"play_id":"03cfd7d5-666d-408e-85bd-52c201a1c3b5","local_time":"20210102001319","is_ascension_mode":false,"campfire_choices":[{"floor":8,"key":"REST"},{"data":"theMarked:EmpowerWeapon","floor":10,"key":"SMITH"},{"data":"theMarked:AttractMetal","floor":13,"key":"SMITH"},{"floor":23,"key":"REST"},{"floor":25,"key":"REST"},{"floor":27,"key":"REST"},{"floor":30,"key":"REST"},{"floor":34,"key":"REST"}],"circlet_count":0,"master_deck":["theMarked:Strike","theMarked:Strike","theMarked:Strike","theMarked:Defend","theMarked:Defend","theMarked:Defend","theMarked:Defend","theMarked:SoldierOfQuellstein+1","theMarked:Generate","theMarked:Improvise","theMarked:AttractMetal+1","theMarked:EmpowerWeapon+1","theMarked:SwordAndMagic","theMarked:PowerFlow","theMarked:ShockingTouch+1","theMarked:HeightenedSenses","theMarked:EternalStudent","theMarked:ComboAttacks+1","theMarked:ElementalBlade","theMarked:ResourceFulStrike","theMarked:ChainLightning+1","theMarked:Indomitable+1","theMarked:StartUp","theMarked:Aftermath+1"],"relics":["theMarked:BronzeBlade","Ring of Searing","ReplayTheSpireMod:Ring of Exchange","Dream Catcher","Blue Doll","Oddly Smooth Stone"],"acts_visited":["Exordium","TheCity"],"potions_floor_usage":[16,20,33,35,35],"damage_taken":[{"damage":1,"enemies":"Jaw Worm","floor":1,"turns":3},{"damage":7,"enemies":"2 Louse","floor":3,"turns":2},{"damage":11,"enemies":"Cultist","floor":5,"turns":3},{"damage":2,"enemies":"2 Fungi Beasts","floor":6,"turns":3},{"damage":19,"enemies":"Blue Slaver","floor":12,"turns":3},{"damage":3,"enemies":"Red Slaver","floor":14,"turns":2},{"damage":34,"enemies":"Slime Boss","floor":16,"turns":5},{"damage":32,"enemies":"3 Byrds","floor":18,"turns":5},{"damage":15,"enemies":"2 Thieves","floor":20,"turns":3},{"damage":40,"enemies":"Centurion and Healer","floor":24,"turns":3},{"damage":17,"enemies":"Snecko","floor":32,"turns":4},{"damage":33,"enemies":"Shelled Parasite and Fungi","floor":33,"turns":5},{"damage":39,"enemies":"Champ","floor":35,"turns":3}],"seed_played":"-2074635981139018482","potions_obtained":[{"floor":1,"key":"Strength Potion"},{"floor":6,"key":"PowerPotion"},{"floor":16,"key":"Dexterity Potion"},{"floor":18,"key":"ColorlessPotion"}],"is_trial":false,"path_per_floor":["M","?","M","?","M","M","$","R","T","R","?","M","R","M","R_BF","B",null,"M","$","M","?","?","R","M","R","T","R","PTL","PTL","R","$","M","M","R","B"],"character_chosen":"THE_DEFAULT","items_purchased":["theMarked:SwordAndMagic","AttackPotion"],"campfire_rested":6,"item_purchase_floors":[7,31],"current_hp_per_floor":[69,69,62,62,51,49,49,70,70,70,70,51,51,48,69,35,70,38,38,23,23,23,44,4,25,25,46,46,46,67,67,50,17,38,0,0],"gold":33,"neow_bonus":"UPGRADE_CARD","is_daily":false,"chose_seed":false,"campfire_upgraded":2,"win_rate":0.0,"timestamp":1609564399,"path_taken":["M","?","M","?","M","M","$","R","T","R","?","M","R","?","R_BF","BOSS","M","$","M","?","?","R","M","R","T","R","PTL","PTL","R","$","?","M","R","BOSS"],"items_purchased_type":["Card","Potion"],"build_version":"2020-12-22","purchased_purges":2,"victory":false,"max_hp_per_floor":[70,70,70,70,70,70,70,70,70,70,70,70,70,70,70,70,70,70,70,70,70,70,70,70,70,70,70,70,70,70,70,70,70,70,70,70],"card_choices":[{"not_picked":["theMarked:EmpowerWeapon","theMarked:Parry"],"picked":"theMarked:Generate","floor":1},{"not_picked":["theMarked:WardOff","theMarked:TunnelVision"],"picked":"theMarked:Improvise","floor":3},{"not_picked":["theMarked:StartUp","theMarked:BanishingStrike"],"picked":"theMarked:AttractMetal","floor":5},{"not_picked":["theMarked:Static","theMarked:ShockingTouch"],"picked":"theMarked:EmpowerWeapon","floor":6},{"not_picked":["theMarked:EnhanceMovement","theMarked:WardOff"],"picked":"theMarked:ShockingTouch","floor":12},{"not_picked":["theMarked:Improvise","theMarked:SwordAndMagic","theMarked:ShockingTouch"],"picked":"SKIP","floor":14},{"not_picked":["theMarked:Reabsorb","theMarked:Improvise"],"picked":"theMarked:HeightenedSenses","floor":15},{"not_picked":["theMarked:SuspiciousRaven","theMarked:Levitate"],"picked":"theMarked:EternalStudent","floor":16},{"not_picked":["theMarked:ElectricStrings","theMarked:ParalyzingBlade"],"picked":"theMarked:ComboAttacks","floor":18},{"not_picked":["theMarked:WastefulDefense","theMarked:RepellingDischarge+1"],"picked":"theMarked:ElementalBlade","floor":20},{"not_picked":["theMarked:Electrocute","theMarked:Parkour"],"picked":"theMarked:ResourceFulStrike","floor":23},{"not_picked":["theMarked:RepellingDischarge","theMarked:WastefulAttack"],"picked":"theMarked:ChainLightning+1","floor":24},{"not_picked":["theMarked:WastefulAttack+1","theMarked:KeepCalmAndFightOn"],"picked":"theMarked:Indomitable+1","floor":25},{"not_picked":["theMarked:BanishingStrike","theMarked:Electrify"],"picked":"theMarked:StartUp","floor":30},{"not_picked":["theMarked:HeightenedSenses","theMarked:Parkour","theMarked:ResourceFulStrike"],"picked":"SKIP","floor":32},{"not_picked":["theMarked:Snap","theMarked:BanishingStrike"],"picked":"theMarked:Aftermath+1","floor":33}],"player_experience":383803,"relics_obtained":[{"floor":2,"key":"Ring of Searing"},{"floor":2,"key":"ReplayTheSpireMod:Ring of Exchange"},{"floor":9,"key":"Dream Catcher"},{"floor":26,"key":"Oddly Smooth Stone"}],"event_choices":[{"damage_healed":0,"gold_gain":0,"player_choice":"Ignored","damage_taken":0,"max_hp_gain":0,"max_hp_loss":0,"event_name":"Liars Game","floor":4,"gold_loss":0},{"damage_healed":0,"gold_gain":0,"cards_transformed":["theMarked:Strike"],"player_choice":"Transformed","damage_taken":0,"max_hp_gain":0,"max_hp_loss":0,"event_name":"Transmorgrifier","floor":11,"gold_loss":0,"cards_obtained":["theMarked:PowerFlow"]},{"damage_healed":0,"gold_gain":0,"player_choice":"Obtained Relic","damage_taken":0,"relics_obtained":["Blue Doll"],"max_hp_gain":0,"max_hp_loss":0,"event_name":"Addict","floor":21,"gold_loss":85},{"damage_healed":0,"gold_gain":0,"player_choice":"Upgraded","damage_taken":0,"max_hp_gain":0,"max_hp_loss":0,"event_name":"Upgrade Shrine","floor":22,"gold_loss":0,"cards_upgraded":["theMarked:ComboAttacks"]}],"is_beta":false,"boss_relics":[{"not_picked":["Coffee Dripper","Painkiller Herb"],"picked":"theMarked:BronzeBlade"}],"items_purged_floors":[7,19],"is_endless":false,"potions_floor_spawned":[1,6,16,18,32],"killed_by":"Champ","ascension_level":0}}