{"host":"wg29woj1pduqw9vg","time":1609572306,"event":{"mods":["BaseMod","Colored Map","Minty Spire (QoL Compilation)","StSLib","The Hierophant"],"gold_per_floor":[118,118,132,132,107,107,54,69,69,69,82,104,104,123,123,221,221,240,93,93,0,22,22,121,121,147,147,219,241,254,267,267,367,367,378,303,329,329,329,329],"floor_reached":39,"playtime":2261,"items_purged":["hierophant:Strike_Hierophant"],"score":371,"play_id":"8dcf6426-bcff-442c-8f7c-37a1f897ee27","local_time":"20210101232506","is_ascension_mode":false,"campfire_choices":[{"data":"hierophant:RepressedViolence","floor":6,"key":"SMITH"},{"data":"hierophant:Community","floor":13,"key":"SMITH"},{"floor":15,"key":"REST"},{"data":"hierophant:Rebuild","floor":23,"key":"SMITH"},{"data":"hierophant:FieryStrike","floor":25,"key":"SMITH"},{"data":"hierophant:LocustPlague","floor":27,"key":"SMITH"},{"floor":32,"key":"REST"}],"circlet_count":0,"master_deck":["hierophant:Strike_Hierophant+1","hierophant:Strike_Hierophant+1","hierophant:Strike_Hierophant+1","hierophant:Punish","hierophant:Defend_Hierophant","hierophant:Defend_Hierophant","hierophant:Defend_Hierophant+1","hierophant:Defend_Hierophant","hierophant:ChurchCoffers","hierophant:OrnateBuckler","hierophant:RepressedViolence+1","hierophant:FieryStrike+1","hierophant:Patience","hierophant:Community+1","hierophant:LocustPlague+1","hierophant:Shelter","hierophant:Rebuild+1","hierophant:Doubloon","hierophant:ConvertCurrency","hierophant:LocustPlague","hierophant:HammerAndAnvil+1"],"relics":["hierophant:PropheticMaskRelic","CaptainsWheel","Lizard Tail","SacredBark","Chemical X","Whetstone","Shuriken","Philosopher\u0027s Stone","Frozen Egg 2"],"acts_visited":["Exordium","TheCity","TheBeyond"],"potions_floor_usage":[16],"damage_taken":[{"damage":3.0,"enemies":"Small Slimes","floor":1.0,"turns":3.0},{"damage":2.0,"enemies":"Cultist","floor":3.0,"turns":4.0},{"damage":1,"enemies":"Jaw Worm","floor":8,"turns":4},{"damage":5,"enemies":"Lots of Slimes","floor":11,"turns":4},{"damage":0,"enemies":"Blue Slaver","floor":12,"turns":4},{"damage":2,"enemies":"Looter","floor":14,"turns":3},{"damage":50,"enemies":"The Guardian","floor":16,"turns":16},{"damage":20,"enemies":"2 Thieves","floor":18,"turns":4},{"damage":0,"enemies":"Spheric Guardian","floor":22,"turns":2},{"damage":18,"enemies":"Shelled Parasite and Fungi","floor":29,"turns":7},{"damage":0,"enemies":"Snake Plant","floor":30,"turns":6},{"damage":0,"enemies":"Cultist and Chosen","floor":31,"turns":6},{"damage":93,"enemies":"Automaton","floor":33,"turns":14},{"damage":47,"enemies":"3 Darklings","floor":35,"turns":9},{"damage":48,"enemies":"3 Shapes","floor":37,"turns":6},{"damage":0,"enemies":"Writhing Mass","floor":39,"turns":2}],"seed_played":"-2324467377886943990","potions_obtained":[{"floor":2.0,"key":"Energy Potion"},{"floor":2.0,"key":"Dexterity Potion"},{"floor":2.0,"key":"Swift Potion"},{"floor":11,"key":"FairyPotion"},{"floor":16,"key":"EssenceOfSteel"},{"floor":33,"key":"SpeedPotion"}],"is_trial":false,"path_per_floor":["M","?","M","?","?","R","$","M","T","T","M","M","R","M","R","B",null,"M","$","?","?","M","R","?","R","T","R","T","M","M","M","R","B",null,"M","$","M","T","M"],"character_chosen":"HIEROPHANT","items_purchased":["hierophant:FieryStrike","Chemical X"],"campfire_rested":2,"item_purchase_floors":[7,19],"current_hp_per_floor":[72,72,70,55,55,55,55,54,54,54,49,49,49,47,69,19,75,55,55,55,55,55,55,55,55,55,55,55,37,37,37,59,45,75,28,28,37,37,37,37],"gold":329,"neow_bonus":"THREE_CARDS","is_daily":false,"chose_seed":false,"campfire_upgraded":5,"win_rate":0.0,"timestamp":1609572306,"path_taken":["M","?","?","?","?","R","$","M","T","?","M","?","R","M","R","BOSS","M","$","?","?","M","R","?","R","T","R","?","M","M","M","R","BOSS","M","$","M","?","M"],"items_purchased_type":["Card","Relic"],"build_version":"2020-12-22","purchased_purges":1,"victory":false,"max_hp_per_floor":[75,75,75,75,75,75,75,75,75,75,75,75,75,75,75,75,75,75,75,75,75,75,75,75,75,75,75,75,75,75,75,75,75,75,75,75,75,75,75,75],"card_choices":[{"not_picked":["hierophant:Flagellation","hierophant:RepressedViolence"],"picked":"hierophant:OrnateBuckler","floor":0.0},{"not_picked":["hierophant:Doubloon","hierophant:Alms"],"picked":"hierophant:RepressedViolence","floor":1.0},{"not_picked":["hierophant:FlamingChariot","hierophant:Racketeering","hierophant:SealAway"],"picked":"SKIP","floor":3},{"not_picked":["hierophant:Encroach","hierophant:Purify"],"picked":"hierophant:Patience","floor":8},{"not_picked":["hierophant:FieryStrike","hierophant:MirrorShield","hierophant:Smite"],"picked":"SKIP","floor":11},{"not_picked":["hierophant:Repentance","hierophant:TollTheBells"],"picked":"hierophant:Community","floor":12},{"not_picked":["hierophant:HolyVerse","hierophant:Doubloon","hierophant:Zeal"],"picked":"SKIP","floor":14},{"not_picked":["hierophant:AuricForm","hierophant:DivineIntervention"],"picked":"hierophant:LocustPlague","floor":16},{"not_picked":["hierophant:Zeal","hierophant:Doomsaying"],"picked":"hierophant:Shelter","floor":18},{"not_picked":["hierophant:RepressedViolence","hierophant:Endure"],"picked":"hierophant:Rebuild","floor":22},{"not_picked":["hierophant:Remorse","hierophant:Shelter","hierophant:RecallFunds+1"],"picked":"SKIP","floor":29},{"not_picked":["hierophant:SealAway+1","hierophant:Zeal+1","hierophant:Charity"],"picked":"SKIP","floor":30},{"not_picked":["hierophant:Shelter","hierophant:FieryStrike"],"picked":"hierophant:ConvertCurrency","floor":31},{"not_picked":["hierophant:Batter","hierophant:Anathema"],"picked":"hierophant:LocustPlague","floor":33},{"not_picked":["hierophant:Doubloon+1","hierophant:Encroach"],"picked":"hierophant:HammerAndAnvil+1","floor":35},{"not_picked":["hierophant:MorningPrayer","hierophant:HammerAndAnvil+1","hierophant:Smite"],"picked":"SKIP","floor":37}],"player_experience":938,"relics_obtained":[{"floor":9,"key":"CaptainsWheel"},{"floor":10,"key":"Lizard Tail"},{"floor":26,"key":"Whetstone"},{"floor":28,"key":"Shuriken"},{"floor":38,"key":"Frozen Egg 2"}],"event_choices":[{"damage_healed":0.0,"max_hp_gain":0.0,"max_hp_loss":0.0,"gold_gain":0.0,"event_name":"Lab","player_choice":"Got Potions","floor":2.0,"gold_loss":0.0,"damage_taken":0.0},{"damage_healed":0,"gold_gain":0,"player_choice":"Entered Light","damage_taken":15,"max_hp_gain":0,"max_hp_loss":0,"event_name":"Shining Light","floor":4,"gold_loss":0,"cards_upgraded":["hierophant:Strike_Hierophant","hierophant:Defend_Hierophant"]},{"damage_healed":0,"gold_gain":0,"player_choice":"Left Gold","damage_taken":0,"max_hp_gain":0,"max_hp_loss":0,"event_name":"World of Goop","floor":5,"gold_loss":25},{"damage_healed":0,"gold_gain":0,"player_choice":"Ignored","damage_taken":0,"max_hp_gain":0,"max_hp_loss":0,"event_name":"Ghosts","floor":20,"gold_loss":0},{"damage_healed":0,"gold_gain":0,"player_choice":"Paid Fearfully","damage_taken":0,"max_hp_gain":0,"max_hp_loss":0,"event_name":"Masked Bandits","floor":21,"gold_loss":93},{"damage_healed":0,"gold_gain":99,"player_choice":"Stole From Cult","damage_taken":0,"max_hp_gain":0,"max_hp_loss":0,"event_name":"Nest","floor":24,"gold_loss":0}],"is_beta":false,"boss_relics":[{"not_picked":["Runic Pyramid","Empty Cage"],"picked":"SacredBark"},{"not_picked":["Black Star","Coffee Dripper"],"picked":"Philosopher\u0027s Stone"}],"items_purged_floors":[36],"is_endless":false,"potions_floor_spawned":[11,14,16,22,30,33],"killed_by":"Writhing Mass","ascension_level":0}}