{"host":"rolltorest","time":1609545746,"event":{"mods":["BaseMod","Minty Spire (QoL Compilation)","Relic Stats","Robot Space Explorer","Slay the Relics Exporter","StSLib"],"gold_per_floor":[14,29,46,46,221,221,264,294,376,410,410,439,89,89,89,228,228,248,248,261,261,85,85,98,129,129,152,251,19,19,53,53,186,186,215,215,239,264,294,332,332,30,54,54,79,119,8,41,41,41,41,41,5,47,47],"floor_reached":56,"playtime":2735,"items_purged":["Doubt","RobotSpaceExplorer:Strike+1"],"score":1476,"play_id":"0ff41dcc-3608-44ad-b709-fb50a79d3df5","local_time":"20210101160226","is_ascension_mode":true,"campfire_choices":[{"data":"RobotSpaceExplorer:MiniLasers","floor":6,"key":"SMITH"},{"data":"RobotSpaceExplorer:Autoloader","floor":15,"key":"SMITH"},{"data":"RobotSpaceExplorer:PlasmaMissile","floor":23,"key":"SMITH"},{"data":"RobotSpaceExplorer:TurboDodge","floor":30,"key":"SMITH"},{"floor":32,"key":"REST"},{"floor":41,"key":"REST"},{"floor":44,"key":"RECALL"},{"floor":49,"key":"REST"},{"data":"RobotSpaceExplorer:Blaster","floor":52,"key":"SMITH"}],"circlet_count":0,"master_deck":["RobotSpaceExplorer:Strike+1","RobotSpaceExplorer:Strike+1","RobotSpaceExplorer:Defend+1","RobotSpaceExplorer:Defend+1","RobotSpaceExplorer:Defend+1","RobotSpaceExplorer:Defend+1","RobotSpaceExplorer:Scan","RobotSpaceExplorer:MiniLasers+1","RobotSpaceExplorer:SurgingShield","RobotSpaceExplorer:Pulsar","RobotSpaceExplorer:ScrapMissile","RobotSpaceExplorer:TurboDodge+1","RobotSpaceExplorer:Autoloader+1","RobotSpaceExplorer:SlimeMissile","RobotSpaceExplorer:TrailblazerForm","RobotSpaceExplorer:PlasmaMissile+1","RobotSpaceExplorer:Comet","RobotSpaceExplorer:Blaster+1","RobotSpaceExplorer:Electroshield","RobotSpaceExplorer:FrostMissile+1","RobotSpaceExplorer:LaserBurst+1","RobotSpaceExplorer:MiniBoosters+1","RobotSpaceExplorer:GearShield","RobotSpaceExplorer:TrailblazerForm","RobotSpaceExplorer:TrailblazerForm+1"],"relics":["RobotSpaceExplorer:RoboCore","Pocketwatch","CeramicFish","Odd Mushroom","StrikeDummy","Peace Pipe","Art of War","Orrery","RobotSpaceExplorer:FoglandsKnife","Golden Idol","SacredBark","Oddly Smooth Stone","Happy Flower","Membership Card","RobotSpaceExplorer:ClockworkSextant","Bottled Tornado","Snecko Eye","Singing Bowl","OrangePellets","Bronze Scales","Kunai","Centennial Puzzle","Potion Belt","Calipers","Frozen Egg 2","White Beast Statue"],"acts_visited":["Exordium","TheCity","TheBeyond","TheEnding"],"potions_floor_usage":[10,18,24,25,31,33,38,46,50,54,55,55,55],"damage_taken":[{"damage":0,"enemies":"Cultist","floor":1,"turns":3},{"damage":0,"enemies":"2 Louse","floor":2,"turns":3},{"damage":0,"enemies":"Small Slimes","floor":3,"turns":2},{"damage":26,"enemies":"Lagavulin","floor":7,"turns":12},{"damage":12,"enemies":"The Mushroom Lair","floor":8,"turns":6},{"damage":9,"enemies":"Gremlin Nob","floor":10,"turns":4},{"damage":9,"enemies":"Red Slaver","floor":12,"turns":4},{"damage":12,"enemies":"Hexaghost","floor":16,"turns":10},{"damage":3,"enemies":"3 Byrds","floor":18,"turns":6},{"damage":12,"enemies":"Shell Parasite","floor":20,"turns":3},{"damage":7,"enemies":"Centurion and Healer","floor":24,"turns":7},{"damage":6,"enemies":"Book of Stabbing","floor":25,"turns":7},{"damage":0,"enemies":"Sentry and Sphere","floor":27,"turns":7},{"damage":21,"enemies":"Slavers","floor":31,"turns":7},{"damage":3,"enemies":"Champ","floor":33,"turns":10},{"damage":7,"enemies":"3 Darklings","floor":35,"turns":6},{"damage":3,"enemies":"3 Shapes","floor":37,"turns":5},{"damage":22,"enemies":"Transient","floor":38,"turns":5},{"damage":9,"enemies":"Maw","floor":39,"turns":7},{"damage":15,"enemies":"Nemesis","floor":40,"turns":9},{"damage":0,"enemies":"Reptomancer","floor":46,"turns":4},{"damage":12,"enemies":"Nemesis","floor":48,"turns":7},{"damage":15,"enemies":"Time Eater","floor":50,"turns":6},{"damage":17,"enemies":"Shield and Spear","floor":54,"turns":9},{"damage":1,"enemies":"The Heart","floor":55,"turns":11}],"seed_played":"-7597963932855753936","potions_obtained":[{"floor":8,"key":"Strength Potion"},{"floor":10,"key":"Strength Potion"},{"floor":12,"key":"Block Potion"},{"floor":16,"key":"PowerPotion"},{"floor":20,"key":"LiquidMemories"},{"floor":24,"key":"Energy Potion"},{"floor":31,"key":"BlessingOfTheForge"},{"floor":33,"key":"Block Potion"},{"floor":35,"key":"SpeedPotion"},{"floor":38,"key":"RobotSpaceExplorer:PlasmaFlask"},{"floor":40,"key":"RobotSpaceExplorer:PlasmaFlask"}],"is_trial":false,"path_per_floor":["M","M","M","$","?","R","E","?","T","E","?","M","$","?","R","B",null,"M","?","M","?","$","R","M","E","T","M","?","$","R","E","R","B",null,"M","?","M","M","M","E","R","$","T","R","T","E","$","E","R","B",null,"R","$","E","B",null],"character_chosen":"RobotSpaceExplorer","items_purchased":["Orrery","RobotSpaceExplorer:FoglandsKnife","EssenceOfSteel","Membership Card","RobotSpaceExplorer:ClockworkSextant","OrangePellets","Bronze Scales","Kunai","RobotSpaceExplorer:GearShield","FairyPotion","Ancient Potion","Block Potion","Ancient Potion"],"campfire_rested":3,"item_purchase_floors":[13,13,22,29,29,42,42,42,42,47,47,47,53],"current_hp_per_floor":[75,75,75,75,75,75,49,37,37,28,28,19,19,19,19,7,69,66,66,54,54,54,54,47,41,41,41,41,41,41,20,40,37,69,62,62,59,37,28,15,36,36,36,36,36,36,36,26,47,32,73,73,73,56,55],"gold":47,"neow_bonus":"ONE_RARE_RELIC","is_daily":false,"chose_seed":false,"campfire_upgraded":5,"win_rate":0.0,"timestamp":1609545746,"path_taken":["M","?","M","$","?","R","E","?","T","E","?","?","$","?","R","BOSS","M","?","M","?","$","R","M","E","T","?","?","$","R","E","R","BOSS","M","?","M","?","M","E","R","$","T","R","?","E","$","E","R","BOSS","R","$","E","BOSS"],"items_purchased_type":["Relic","Relic","Potion","Relic","Relic","Relic","Relic","Relic","Card","Potion","Potion","Potion","Potion"],"build_version":"2020-12-18","purchased_purges":2,"victory":true,"max_hp_per_floor":[75,75,75,75,75,75,75,75,75,75,75,75,75,69,69,69,69,69,69,69,69,69,69,69,69,69,69,69,69,69,69,69,69,69,69,69,69,69,69,71,71,71,71,71,71,71,71,73,73,73,73,73,73,73,73],"relic_stats":{"Happy Flower":[31],"Singing Bowl":4,"counters":[25,160],"Golden Idol":169,"CeramicFish":135,"Peace Pipe":0,"OrangePellets":[9],"Centennial Puzzle":[12],"Bronze Scales":[176],"Snecko Eye":[80,88,60,81],"Art of War":[20],"Kunai":[10],"obtain_stats":[{"RobotSpaceExplorer:ClockworkSextant":29,"Calipers":46,"Singing Bowl":40,"CeramicFish":7,"SacredBark":17,"Bottled Tornado":31,"Centennial Puzzle":43,"Kunai":42,"Potion Belt":45,"Happy Flower":25,"Golden Idol":14,"Oddly Smooth Stone":21,"RobotSpaceExplorer:RoboCore":0,"Odd Mushroom":8,"Frozen Egg 2":48,"White Beast Statue":54,"Peace Pipe":10,"RobotSpaceExplorer:FoglandsKnife":13,"OrangePellets":42,"Bronze Scales":42,"Orrery":13,"Snecko Eye":34,"Art of War":11,"Membership Card":29,"StrikeDummy":9,"Pocketwatch":0},{"RobotSpaceExplorer:ClockworkSextant":13,"Calipers":21,"Singing Bowl":20,"CeramicFish":4,"SacredBark":8,"Bottled Tornado":14,"Centennial Puzzle":20,"Kunai":20,"Potion Belt":20,"Happy Flower":12,"Golden Idol":7,"Oddly Smooth Stone":10,"RobotSpaceExplorer:RoboCore":0,"Odd Mushroom":5,"Frozen Egg 2":22,"White Beast Statue":24,"Peace Pipe":6,"RobotSpaceExplorer:FoglandsKnife":7,"OrangePellets":20,"Bronze Scales":20,"Orrery":7,"Snecko Eye":15,"Art of War":6,"Membership Card":13,"StrikeDummy":5,"Pocketwatch":0},{"RobotSpaceExplorer:ClockworkSextant":74,"Calipers":127,"Singing Bowl":123,"CeramicFish":20,"SacredBark":44,"Bottled Tornado":81,"Centennial Puzzle":123,"Kunai":123,"Potion Belt":123,"Happy Flower":67,"Golden Idol":34,"Oddly Smooth Stone":53,"RobotSpaceExplorer:RoboCore":0,"Odd Mushroom":26,"Frozen Egg 2":134,"White Beast Statue":149,"Peace Pipe":30,"RobotSpaceExplorer:FoglandsKnife":34,"OrangePellets":123,"Bronze Scales":123,"Orrery":34,"Snecko Eye":91,"Art of War":30,"Membership Card":74,"StrikeDummy":26,"Pocketwatch":0}],"Pocketwatch":[228]},"card_choices":[{"not_picked":["RobotSpaceExplorer:MetalStrike","RobotSpaceExplorer:Ammunition"],"picked":"RobotSpaceExplorer:SurgingShield","floor":1},{"not_picked":["RobotSpaceExplorer:ShockKick","RobotSpaceExplorer:MiniDrones","RobotSpaceExplorer:ImprovisedAttack"],"picked":"SKIP","floor":2},{"not_picked":["RobotSpaceExplorer:Calculate","RobotSpaceExplorer:SlimeMissile"],"picked":"RobotSpaceExplorer:Pulsar","floor":3},{"not_picked":["RobotSpaceExplorer:Discharger","RobotSpaceExplorer:Pulsar"],"picked":"RobotSpaceExplorer:ScrapMissile","floor":7},{"not_picked":["RobotSpaceExplorer:MetalStrike","RobotSpaceExplorer:Smokescreen"],"picked":"RobotSpaceExplorer:TurboDodge","floor":8},{"not_picked":["RobotSpaceExplorer:ImprovisedAttack","RobotSpaceExplorer:FranticSearch"],"picked":"RobotSpaceExplorer:Autoloader","floor":10},{"not_picked":["RobotSpaceExplorer:SurgingStrike","RobotSpaceExplorer:ScrapMissile"],"picked":"RobotSpaceExplorer:SlimeMissile","floor":12},{"not_picked":["RobotSpaceExplorer:GlueSpray","RobotSpaceExplorer:Explosion"],"picked":"RobotSpaceExplorer:TrailblazerForm","floor":13},{"not_picked":["RobotSpaceExplorer:DoubleFind","RobotSpaceExplorer:ShovelStrike"],"picked":"RobotSpaceExplorer:PlasmaMissile","floor":13},{"not_picked":["RobotSpaceExplorer:Scanner","RobotSpaceExplorer:Arsenal"],"picked":"RobotSpaceExplorer:Comet","floor":16},{"not_picked":["RobotSpaceExplorer:Ammunition+1","RobotSpaceExplorer:FreezingShield","RobotSpaceExplorer:SlimeMissile"],"picked":"SKIP","floor":18},{"not_picked":["RobotSpaceExplorer:Counterblock","RobotSpaceExplorer:Smokescreen","RobotSpaceExplorer:ShockKick"],"picked":"SKIP","floor":20},{"not_picked":["RobotSpaceExplorer:LaserBurst","RobotSpaceExplorer:ShockKick","RobotSpaceExplorer:SurgingShield"],"picked":"SKIP","floor":24},{"not_picked":["RobotSpaceExplorer:RigExplosive","RobotSpaceExplorer:ChargingLaser","RobotSpaceExplorer:Counterblock+1"],"picked":"SKIP","floor":25},{"not_picked":["RobotSpaceExplorer:MetalStrike","RobotSpaceExplorer:MiniBoosters+1","RobotSpaceExplorer:ToxicBomb"],"picked":"SKIP","floor":27},{"not_picked":["RobotSpaceExplorer:Reload","RobotSpaceExplorer:ShovelStrike","RobotSpaceExplorer:ScrapMissile"],"picked":"SKIP","floor":31},{"not_picked":["RobotSpaceExplorer:Arsenal","RobotSpaceExplorer:BlastShield"],"picked":"RobotSpaceExplorer:Blaster","floor":33},{"not_picked":["RobotSpaceExplorer:ImprovisedAttack+1","RobotSpaceExplorer:StunGrenade"],"picked":"RobotSpaceExplorer:Electroshield","floor":35},{"not_picked":["RobotSpaceExplorer:SurgingShield","RobotSpaceExplorer:RigExplosive"],"picked":"RobotSpaceExplorer:FrostMissile+1","floor":37},{"not_picked":["RobotSpaceExplorer:FranticSearch+1","RobotSpaceExplorer:SurgingStrike+1"],"picked":"RobotSpaceExplorer:LaserBurst+1","floor":38},{"not_picked":["RobotSpaceExplorer:StunGrenade+1","RobotSpaceExplorer:SlimeMissile+1"],"picked":"RobotSpaceExplorer:MiniBoosters+1","floor":39},{"not_picked":["RobotSpaceExplorer:Smokescreen+1","RobotSpaceExplorer:MiniBoosters+1","RobotSpaceExplorer:Arsenal"],"picked":"Singing Bowl","floor":40},{"not_picked":["RobotSpaceExplorer:ImprovisedAttack+1","RobotSpaceExplorer:Discharger+1"],"picked":"RobotSpaceExplorer:TrailblazerForm","floor":46},{"not_picked":["RobotSpaceExplorer:Pulsar+1","RobotSpaceExplorer:GlueSpray+1","RobotSpaceExplorer:Comet"],"picked":"Singing Bowl","floor":48},{"not_picked":["RobotSpaceExplorer:SurgingStrike+1","RobotSpaceExplorer:SlimeMissile"],"picked":"RobotSpaceExplorer:TrailblazerForm+1","floor":54}],"player_experience":1730732,"relics_obtained":[{"floor":7,"key":"CeramicFish"},{"floor":8,"key":"Odd Mushroom"},{"floor":9,"key":"StrikeDummy"},{"floor":10,"key":"Peace Pipe"},{"floor":21,"key":"Oddly Smooth Stone"},{"floor":25,"key":"Happy Flower"},{"floor":31,"key":"Bottled Tornado"},{"floor":40,"key":"Singing Bowl"},{"floor":43,"key":"Centennial Puzzle"},{"floor":45,"key":"Potion Belt"},{"floor":46,"key":"Calipers"},{"floor":48,"key":"Frozen Egg 2"},{"floor":54,"key":"White Beast Statue"}],"event_choices":[{"damage_healed":0,"gold_gain":175,"player_choice":"AGREE","damage_taken":0,"max_hp_gain":0,"max_hp_loss":0,"event_name":"Liars Game","floor":5,"gold_loss":0,"cards_obtained":["Doubt"]},{"damage_healed":0,"gold_gain":0,"player_choice":"Fought Mushrooms","damage_taken":0,"max_hp_gain":0,"max_hp_loss":0,"event_name":"Mushrooms","floor":8,"gold_loss":0},{"damage_healed":0,"gold_gain":0,"player_choice":"Gave Potion","damage_taken":0,"relics_obtained":["Art of War"],"max_hp_gain":0,"max_hp_loss":0,"event_name":"WeMeetAgain","floor":11,"gold_loss":0},{"damage_healed":0,"gold_gain":0,"player_choice":"Lose Max HP","damage_taken":0,"relics_obtained":["Golden Idol"],"max_hp_gain":0,"max_hp_loss":6,"event_name":"Golden Idol","floor":14,"gold_loss":0},{"damage_healed":0,"gold_gain":0,"player_choice":"Simplicity","damage_taken":0,"max_hp_gain":0,"max_hp_loss":0,"event_name":"Back to Basics","floor":19,"gold_loss":0,"cards_upgraded":["RobotSpaceExplorer:Strike","RobotSpaceExplorer:Strike","RobotSpaceExplorer:Strike","RobotSpaceExplorer:Strike","RobotSpaceExplorer:Defend","RobotSpaceExplorer:Defend","RobotSpaceExplorer:Defend","RobotSpaceExplorer:Defend"]},{"damage_healed":0,"gold_gain":0,"player_choice":"Relic","damage_taken":0,"max_hp_gain":0,"max_hp_loss":0,"event_name":"Wheel of Change","floor":21,"gold_loss":0},{"damage_healed":0,"gold_gain":99,"player_choice":"Stole From Cult","damage_taken":0,"max_hp_gain":0,"max_hp_loss":0,"event_name":"Nest","floor":28,"gold_loss":0},{"cards_removed":["RobotSpaceExplorer:Strike"],"damage_healed":0,"gold_gain":0,"player_choice":"Card Removal","damage_taken":0,"max_hp_gain":0,"max_hp_loss":0,"event_name":"Wheel of Change","floor":36,"gold_loss":0}],"is_beta":true,"boss_relics":[{"not_picked":["Fusion Hammer","Runic Dome"],"picked":"SacredBark"},{"not_picked":["RobotSpaceExplorer:Reprocessor","RobotSpaceExplorer:SearchSpecs"],"picked":"Snecko Eye"}],"items_purged_floors":[13,22],"is_endless":false,"potions_floor_spawned":[8,10,12,16,20,24,31,33,35,38,39,40],"ascension_level":3}}