{"host":"38maufg2dcy7va3m","time":1609547604,"event":{"mods":["Act Like it!","BaseMod","Downfall","Hubris","Infinite Spire","Minty Spire (QoL Compilation)","Replay The Spire","StSLib","The Bug Knight","The Cursed","The Hierophant"],"gold_per_floor":[113,132,83,83,136,136,153,153,153,168,186,17,17,34,34,131,131,144,144],"floor_reached":18,"playtime":1996,"items_purged":[],"score":154,"play_id":"208ff40b-09b1-4d45-ae60-96d40220fb12","local_time":"20210101163323","is_ascension_mode":false,"campfire_choices":[{"data":"HollowMod:PogoStrike","floor":6,"key":"SMITH"},{"data":"HollowMod:RecoilStrike","floor":8,"key":"SMITH"},{"floor":13,"key":"REST"},{"data":"HollowMod:InfectedCysts","floor":15,"key":"SMITH"}],"circlet_count":0,"master_deck":["HollowMod:NailStrikeStart","HollowMod:NailStrikeStart","HollowMod:NailStrikeStart","HollowMod:NailStrikeStart","HollowMod:QuickDashStart","HollowMod:QuickDashStart","HollowMod:QuickDashStart","HollowMod:FocusHealStart","HollowMod:PogoStrike+1","HollowMod:GoodIntentions","HollowMod:RecoilStrike+1","HollowMod:VengefulSpirit","HollowMod:VengefulSpirit","HollowMod:DescendingDark+1","HollowMod:SoulStrike","HollowMod:InfectedCysts+1","HollowMod:HowlingWraiths","HollowMod:SharpenedShadows","HollowMod:HeavyBlow+1","HollowMod:DoubleDash","HollowMod:ChannelNail","HollowMod:SlysStrikes"],"relics":["HollowMod:VesselMask","NeowsBlessing","Ring of Chaos"],"acts_visited":["Exordium","TheCity"],"potions_floor_usage":[10,11,14,18],"damage_taken":[{"damage":0,"enemies":"2 Louse","floor":1,"turns":1},{"damage":0,"enemies":"Small Slimes","floor":2,"turns":1},{"damage":0,"enemies":"Jaw Worm","floor":7,"turns":1},{"damage":3,"enemies":"Red Slaver","floor":10,"turns":3},{"damage":16,"enemies":"Looter","floor":11,"turns":3},{"damage":0,"enemies":"HollowMod:HuskWarrior","floor":14,"turns":4},{"damage":45,"enemies":"Fading Forest","floor":16,"turns":11},{"damage":27,"enemies":"3 Byrds","floor":18,"turns":4}],"seed_played":"7164409397179884696","potions_obtained":[{"floor":1,"key":"SkillPotion"},{"floor":10,"key":"PowerPotion"},{"floor":11,"key":"LiquidMemories"},{"floor":16,"key":"Block Potion"}],"is_trial":false,"path_per_floor":["M","M","$","?","?","R","M","R","T","M","M","$","R","M","R","B",null,"M"],"character_chosen":"THE_BUGKNIGHT","items_purchased":["HollowMod:VengefulSpirit","HollowMod:SharpenedShadows","HollowMod:HeavyBlow+1","HollowMod:DoubleDash"],"campfire_rested":1,"item_purchase_floors":[3,12,12,12],"current_hp_per_floor":[75,75,75,75,75,75,75,75,75,72,62,62,75,75,75,42,75,48,48],"gold":144,"neow_bonus":"THREE_ENEMY_KILL","is_daily":false,"chose_seed":false,"campfire_upgraded":3,"win_rate":0.0,"timestamp":1609547603,"path_taken":["M","M","$","?","?","R","M","R","T","M","?","?","R","M","R","BOSS","M"],"items_purchased_type":["Card","Card","Card","Card"],"build_version":"2020-12-22","purchased_purges":0,"victory":false,"max_hp_per_floor":[75,75,75,75,75,75,75,75,75,75,75,75,75,75,75,75,75,75,75],"card_choices":[{"not_picked":["HollowMod:DesolateDive","HollowMod:NewLittleFool"],"picked":"HollowMod:GoodIntentions","floor":1},{"not_picked":["HollowMod:QuirrelsAssistance","HollowMod:DoubleDash"],"picked":"HollowMod:RecoilStrike","floor":2},{"not_picked":["HollowMod:DoubleDash","HollowMod:HuntersJournal"],"picked":"HollowMod:SoulStrike","floor":7},{"not_picked":["HollowMod:AbyssShriek","HollowMod:TaintedHusks"],"picked":"HollowMod:InfectedCysts","floor":10},{"not_picked":["HollowMod:VengefulVoid","HollowMod:InfectedAttack"],"picked":"HollowMod:HowlingWraiths","floor":11},{"not_picked":["HollowMod:TaintedHusks","HollowMod:NewLittleFool"],"picked":"HollowMod:ChannelNail","floor":14},{"not_picked":["HollowMod:HornetsHelp","HollowMod:ZotesMagnificence"],"picked":"HollowMod:SlysStrikes","floor":16}],"player_experience":218104,"relics_obtained":[],"event_choices":[{"damage_healed":0,"gold_gain":53,"player_choice":"Gained Gold","damage_taken":0,"max_hp_gain":0,"max_hp_loss":0,"event_name":"Golden Wing","floor":5,"gold_loss":0}],"is_beta":false,"boss_relics":[{"not_picked":["hubris:HollowSoul","Velvet Choker"],"picked":"Ring of Chaos"}],"items_purged_floors":[],"is_endless":false,"potions_floor_spawned":[1,10,11,16],"killed_by":"3 Byrds","ascension_level":0}}