{"host":"3xls0xm49ftugio7","time":1609614864,"event":{"mods":["2.2 Compatiblity","AchievementEnabler","Act Like it!","BaseMod","Colored Powertips","Downfall","GifTheSpireLib","Minty Spire (QoL Compilation)","Quick Restart","Relic Stats","StSLib","Waifu the Spire"],"gold_per_floor":[99,118,118,136,191,191,191,219,231,250,265,290,290,315,326,428,428,428,444,462,105,131,131,131,56,41,56,68,88,121,321,332,427,427,277,294,307,327,15,232,232,232,267,305,317,199,199,241,262,262,262,312,110,110,110],"floor_reached":56,"playtime":3768,"items_purged":["Decay","hexamod:Strike","hexamod:Strike","hexamod:Sear","hexamod:Strike"],"score":1469,"play_id":"d65e2324-cc61-4224-be6f-dfb152ee0328","local_time":"20210102211424","is_ascension_mode":true,"campfire_choices":[{"data":"Apotheosis","floor":1.0,"key":"SMITH"},{"floor":6.0,"key":"REST"},{"data":"hexamod:SearingWound","floor":18.0,"key":"SMITH"},{"floor":25.0,"key":"RECALL"},{"data":"expansioncontent:QuickStudy","floor":35.0,"key":"SMITH"},{"floor":42.0,"key":"REST"},{"floor":54,"key":"REST"}],"circlet_count":0,"master_deck":["hexamod:Defend","hexamod:Defend","hexamod:Defend","hexamod:Defend","hexamod:Float","Apotheosis+1","hexamod:SoulSteal","hexamod:SoulSteal","hexamod:Firestarter+1","hexamod:TimeOfNeed","hexamod:FastForward","hexamod:NightmareGuise","hexamod:Hexaguard","hexamod:Hexaguard","hexamod:ExtraCrispy","hexamod:FirstSeal","hexamod:SearingWound+1","hexamod:Incineration","expansioncontent:QuickStudy+1","hexamod:SpectersWail+1","hexamod:Rewind+1","hexamod:AdvancingGuard+1","hexamod:SpectralSpark+1","hexamod:FifthSeal","hexamod:FourthSeal","hexamod:Haunt","hexamod:Hexaguard","hexamod:ThirdSeal","hexamod:RainOfEmbers+1","hexamod:SecondSeal","hexamod:RainOfEmbers+1","hexamod:SecondSeal","hexamod:FlamesFromBeyond","hexamod:EmpoweredFlame","hexamod:TurnItUp","hexamod:GhostShield+1","hexamod:GhostShield+1","hexamod:RainOfEmbers+1","hexamod:FirstSeal","hexamod:SpectersWail"],"relics":["hexamod:SpiritBrand","Smiling Mask","Kunai","Gremlin Horn","Potion Belt","Bronze Scales","Busted Crown","Dream Catcher","Darkstone Periapt","downfall:HeartBlessingBlue","Happy Flower","sneckomod:SneckoTalon","downfall:HeartBlessingRed","downfall:HeartBlessingGreen","Pantograph","Eternal Feather","MawBank","Dead Branch","Whetstone","Guardian:BottledAnomaly"],"acts_visited":["Exordium","TheCity","TheBeyond","TheEnding"],"potions_floor_usage":[48,48,55,55,55],"damage_taken":[{"damage":6.0,"enemies":"Jaw Worm","floor":2.0,"turns":3.0},{"damage":0.0,"enemies":"Small Slimes","floor":4.0,"turns":3.0},{"damage":17.0,"enemies":"Lagavulin Event","floor":5.0,"turns":6.0},{"damage":21.0,"enemies":"Lagavulin","floor":8.0,"turns":6.0},{"damage":0.0,"enemies":"Cultist","floor":9.0,"turns":3.0},{"damage":0.0,"enemies":"Blue Slaver","floor":10.0,"turns":3.0},{"damage":8.0,"enemies":"Lots of Slimes","floor":11.0,"turns":3.0},{"damage":14.0,"enemies":"3 Sentries","floor":12.0,"turns":5.0},{"damage":0.0,"enemies":"Lagavulin","floor":14.0,"turns":6.0},{"damage":3.0,"enemies":"Blue Slaver","floor":15.0,"turns":3.0},{"damage":15.0,"enemies":"downfall:Silent","floor":16.0,"turns":9.0},{"damage":6.0,"enemies":"Shell Parasite","floor":19.0,"turns":3.0},{"damage":0.0,"enemies":"Centurion and Healer","floor":20.0,"turns":6.0},{"damage":3.0,"enemies":"downfall:FleeingMerchant","floor":21.0,"turns":4.0},{"damage":0.0,"enemies":"downfall:FleeingMerchant","floor":26.0,"turns":4.0},{"damage":0.0,"enemies":"Snake Plant","floor":27.0,"turns":4.0},{"damage":16.0,"enemies":"Cultist and Chosen","floor":28.0,"turns":6.0},{"damage":8.0,"enemies":"Snecko","floor":29.0,"turns":4.0},{"damage":7.0,"enemies":"Gremlin Leader","floor":30.0,"turns":5.0},{"damage":12.0,"enemies":"Shelled Parasite and Fungi","floor":32.0,"turns":4.0},{"damage":12.0,"enemies":"downfall:Watcher","floor":33.0,"turns":6.0},{"damage":10.0,"enemies":"3 Darklings","floor":36.0,"turns":4.0},{"damage":5.0,"enemies":"3 Shapes","floor":37.0,"turns":3.0},{"damage":5.0,"enemies":"Maw","floor":38.0,"turns":8.0},{"damage":0.0,"enemies":"downfall:FleeingMerchant","floor":39.0,"turns":4.0},{"damage":0.0,"enemies":"downfall:FleeingMerchant","floor":40.0,"turns":4.0},{"damage":4.0,"enemies":"Nemesis","floor":43.0,"turns":4.0},{"damage":20,"enemies":"4 Shapes","floor":44,"turns":6},{"damage":5,"enemies":"Reptomancer","floor":48,"turns":4},{"damage":6,"enemies":"Jaw Worm Horde","floor":49,"turns":2},{"damage":18,"enemies":"downfall:Defect","floor":50,"turns":7},{"damage":93,"enemies":"downfall:CharBossMerchant","floor":52,"turns":8},{"damage":15,"enemies":"downfall:NeowBoss","floor":55,"turns":19}],"seed_played":"-4305884086246514156","potions_obtained":[{"floor":4.0,"key":"DuplicationPotion"},{"floor":5.0,"key":"Dexterity Potion"},{"floor":9.0,"key":"ColorlessPotion"},{"floor":12.0,"key":"CultistPotion"},{"floor":13.0,"key":"downfall:CursedFountainPotion"},{"floor":15.0,"key":"Weak Potion"},{"floor":19.0,"key":"SteroidPotion"},{"floor":29.0,"key":"SkillPotion"},{"floor":33.0,"key":"Explosive Potion"},{"floor":36.0,"key":"Fire Potion"},{"floor":37.0,"key":"AttackPotion"},{"floor":38.0,"key":"FairyPotion"},{"floor":38.0,"key":"PowerPotion"},{"floor":39.0,"key":"DistilledChaos"},{"floor":48,"key":"SneckoOil"},{"floor":48,"key":"SkillPotion"},{"floor":52,"key":"SmokeBomb"}],"is_trial":false,"path_per_floor":["R","M","?","M","?","R","T","E","M","M","M","E","?","E","M","B",null,"R","M","M","$","T","?","T","R","$","M","M","M","E","?","M","B",null,"R","M","M","M","$","$","T","R","E","M","?","$","?","E","M","B",null,"E","$","R","B",null],"character_chosen":"THE_SPIRIT","items_purchased":["hexamod:Incineration","expansioncontent:QuickStudy","hexamod:SpectersWail","Pantograph","hexamod:SecondSeal","hexamod:EmpoweredFlame","Guardian:BottledAnomaly"],"campfire_rested":3,"item_purchase_floors":[21,21,21,39,40,46,53],"current_hp_per_floor":[70,64,64,64,47,68,68,47,47,47,39,25,25,25,22,14,70,70,70,70,70,70,70,70,80,80,80,71,70,70,70,65,60,80,80,70,72,74,80,80,80,80,80,67,67,67,67,69,63,62,80,24,24,69,79],"gold":110,"neow_bonus":"RANDOM_COLORLESS_2","is_daily":false,"chose_seed":false,"campfire_upgraded":3,"win_rate":0.0,"timestamp":1609614864,"path_taken":["R","M","?","M","?","R","T","E","M","M","M","E","?","E","M","BOSS","R","M","M","$","?","?","T","R","$","?","M","M","E","?","M","BOSS","R","M","M","M","?","$","T","R","E","M","?","$","?","E","M","BOSS","E","$","R","BOSS"],"items_purchased_type":["Card","Card","Card","Relic","Card","Card","Relic"],"build_version":"2020-12-22","purchased_purges":5,"victory":true,"max_hp_per_floor":[70,70,70,70,70,70,70,70,70,70,70,70,70,70,70,70,70,70,70,70,70,70,70,70,80,80,80,80,80,80,80,80,80,80,80,80,80,80,80,80,80,80,80,80,80,80,80,80,80,80,80,80,80,80,80],"relic_stats":{"Darkstone Periapt":0,"Gremlin Horn":[26,26],"Happy Flower":[27],"counters":[33,169],"Dead Branch":[128],"Eternal Feather":21,"Whetstone":["hexamod:Firestarter","hexamod:SpectersWail"],"Smiling Mask":375,"MawBank":36,"Dream Catcher":2,"Busted Crown":80,"Bronze Scales":[280],"Pantograph":28,"Kunai":[14],"obtain_stats":[{"Potion Belt":12,"Darkstone Periapt":24,"Gremlin Horn":8,"Happy Flower":30,"downfall:HeartBlessingRed":35,"Dead Branch":48,"downfall:HeartBlessingGreen":35,"Eternal Feather":41,"Whetstone":52,"Smiling Mask":5,"sneckomod:SneckoTalon":34,"MawBank":43,"Dream Catcher":23,"Busted Crown":17,"downfall:HeartBlessingBlue":25,"Bronze Scales":14,"Pantograph":39,"Kunai":7,"Guardian:BottledAnomaly":53,"hexamod:SpiritBrand":0},{"Potion Belt":8,"Darkstone Periapt":14,"Gremlin Horn":4,"Happy Flower":19,"downfall:HeartBlessingRed":21,"Dead Branch":29,"downfall:HeartBlessingGreen":21,"Eternal Feather":26,"Whetstone":32,"Smiling Mask":3,"sneckomod:SneckoTalon":21,"MawBank":27,"Dream Catcher":14,"Busted Crown":11,"downfall:HeartBlessingBlue":14,"Bronze Scales":9,"Pantograph":25,"Kunai":3,"Guardian:BottledAnomaly":32,"hexamod:SpiritBrand":0},{"Potion Belt":32,"Darkstone Periapt":63,"Gremlin Horn":18,"Happy Flower":86,"downfall:HeartBlessingRed":96,"Dead Branch":133,"downfall:HeartBlessingGreen":96,"Eternal Feather":119,"Whetstone":150,"Smiling Mask":12,"sneckomod:SneckoTalon":96,"MawBank":123,"Dream Catcher":63,"Busted Crown":50,"downfall:HeartBlessingBlue":63,"Bronze Scales":38,"Pantograph":115,"Kunai":12,"Guardian:BottledAnomaly":150,"hexamod:SpiritBrand":0}]},"card_choices":[{"not_picked":["Mayhem","Transmutation"],"picked":"Apotheosis","floor":0.0},{"not_picked":["hexamod:InspiringFlames","hexamod:PowerFromBeyond"],"picked":"hexamod:SoulSteal","floor":2.0},{"not_picked":["hexamod:InspiringFlames","hexamod:GhostOfSpireFuture"],"picked":"hexamod:SoulSteal","floor":4.0},{"not_picked":["hexamod:SoulSteal","hexamod:HauntingEcho"],"picked":"hexamod:Firestarter","floor":5.0},{"not_picked":["hexamod:SecondSeal","hexamod:SuperheatedStrike"],"picked":"hexamod:TimeOfNeed","floor":8.0},{"not_picked":["hexamod:NightmareGuise","hexamod:AdvancingGuard"],"picked":"hexamod:FastForward","floor":9.0},{"not_picked":["hexamod:InspiringFlames","hexamod:GhostLash"],"picked":"hexamod:NightmareGuise","floor":10.0},{"not_picked":["hexamod:ShieldOfDarkness","hexamod:NecessarySacrifice"],"picked":"hexamod:Hexaguard","floor":11.0},{"not_picked":["hexamod:ApocalypseNow","hexamod:RainOfEmbers"],"picked":"hexamod:Hexaguard","floor":12.0},{"not_picked":["hexamod:NecessarySacrifice","hexamod:CatchUp"],"picked":"hexamod:ExtraCrispy","floor":14.0},{"not_picked":["hexamod:CatchUp","hexamod:GhostShield"],"picked":"hexamod:FirstSeal","floor":15.0},{"not_picked":["hexamod:TimeWarp","hexamod:ParanormalForm"],"picked":"hexamod:SearingWound","floor":16.0},{"not_picked":["hexamod:BacktrackSmack"],"picked":"SKIP","floor":19.0},{"not_picked":["hexamod:SwordOfDarkness"],"picked":"SKIP","floor":20.0},{"not_picked":["hexamod:SwordOfDarkness"],"picked":"SKIP","floor":21.0},{"not_picked":["hexamod:FirstSeal"],"picked":"SKIP","floor":26.0},{"not_picked":[],"picked":"hexamod:Rewind+1","floor":27.0},{"not_picked":[],"picked":"hexamod:AdvancingGuard+1","floor":28.0},{"not_picked":[],"picked":"hexamod:SpectralSpark+1","floor":29.0},{"not_picked":["hexamod:RainOfEmbers"],"picked":"SKIP","floor":30.0},{"not_picked":["hexamod:ShieldOfDarkness"],"picked":"SKIP","floor":32.0},{"not_picked":[],"picked":"hexamod:FifthSeal","floor":33.0},{"not_picked":[],"picked":"hexamod:FourthSeal","floor":36.0},{"not_picked":["hexamod:NightmareStrike"],"picked":"SKIP","floor":36.0},{"not_picked":["hexamod:NightmareStrike"],"picked":"SKIP","floor":37.0},{"not_picked":[],"picked":"hexamod:Haunt","floor":38.0},{"not_picked":["hexamod:FourthSeal"],"picked":"SKIP","floor":38.0},{"not_picked":[],"picked":"hexamod:Hexaguard","floor":39.0},{"not_picked":[],"picked":"hexamod:ThirdSeal","floor":40.0},{"not_picked":[],"picked":"hexamod:RainOfEmbers+1","floor":40.0},{"not_picked":[],"picked":"hexamod:RainOfEmbers+1","floor":43.0},{"not_picked":["hexamod:NightmareStrike"],"picked":"SKIP","floor":43.0},{"not_picked":[],"picked":"hexamod:SecondSeal","floor":44},{"not_picked":[],"picked":"hexamod:FlamesFromBeyond","floor":44},{"not_picked":["hexamod:FastForward"],"picked":"SKIP","floor":44},{"not_picked":[],"picked":"hexamod:GhostShield+1","floor":48},{"not_picked":[],"picked":"hexamod:GhostShield+1","floor":49},{"not_picked":[],"picked":"hexamod:RainOfEmbers+1","floor":49},{"not_picked":[],"picked":"hexamod:FirstSeal","floor":52},{"not_picked":["hexamod:Firestarter"],"picked":"SKIP","floor":52},{"not_picked":[],"picked":"hexamod:SpectersWail","floor":54}],"player_experience":851588,"relics_obtained":[{"floor":5.0,"key":"Smiling Mask"},{"floor":7.0,"key":"Kunai"},{"floor":8.0,"key":"Gremlin Horn"},{"floor":12.0,"key":"Potion Belt"},{"floor":14.0,"key":"Bronze Scales"},{"floor":23.0,"key":"Dream Catcher"},{"floor":24.0,"key":"Darkstone Periapt"},{"floor":30.0,"key":"Happy Flower"},{"floor":41.0,"key":"Eternal Feather"},{"floor":43.0,"key":"MawBank"},{"floor":48,"key":"Dead Branch"},{"floor":52,"key":"Whetstone"}],"event_choices":[{"damage_healed":0.0,"max_hp_gain":0.0,"max_hp_loss":0.0,"gold_gain":0.0,"event_name":"Wheel of Change","player_choice":"Relic","floor":23.0,"gold_loss":0.0,"damage_taken":0.0},{"damage_healed":0,"gold_gain":0,"cards_transformed":["hexamod:Strike"],"player_choice":"Transformed","damage_taken":0,"max_hp_gain":0,"max_hp_loss":0,"event_name":"Transmorgrifier","floor":47,"gold_loss":0,"cards_obtained":["hexamod:TurnItUp"]}],"is_beta":false,"boss_relics":[{"not_picked":["SacredBark","Black Star"],"picked":"Busted Crown"},{"not_picked":["Velvet Choker","Runic Dome"],"picked":"sneckomod:SneckoTalon"}],"items_purged_floors":[21,39,40,46,53],"is_endless":false,"potions_floor_spawned":[4,5,9,12,15,19,27,29,30,33,36,37,38,48],"ascension_level":4}}