{"host":"9tch52zpouts7b2p","time":1609563442,"event":{"mods":["BaseMod","Colored Map","Minty Spire (QoL Compilation)","StSLib","UnlockEverythingMod"],"gold_per_floor":[110,185,198,198,214,214,231,250,332,366,381,381,381,396,396,500,500,514,532,532,94,94,94,123,140,140,158,158,158],"floor_reached":28,"playtime":1999,"items_purged":["Steam Power+1"],"score":257,"play_id":"14ccd3cb-59a4-4114-8f26-4afd200a0b12","local_time":"20210102125722","is_ascension_mode":true,"campfire_choices":[{"floor":6.0,"key":"REST"},{"floor":13.0,"key":"REST"},{"floor":15.0,"key":"REST"},{"floor":23.0,"key":"REST"}],"circlet_count":0,"master_deck":["Defend_B","Defend_B","Defend_B","Zap","Dualcast","Storm","Buffer+1","Chill","Aggregate","Capacitor","Turbo","White Noise","Barrage","Turbo","Sunder","Meteor Strike","Barrage+1","Tempest+1","Turbo+1","Stack","Capacitor","Decay","Seeing Red","Glacier","Caltrops+1"],"relics":["Cracked Core","NlothsMask","Astrolabe","Anchor","PrismaticShard","Unceasing Top","Frozen Egg 2"],"acts_visited":["Exordium","TheCity"],"potions_floor_usage":[28],"damage_taken":[{"damage":1.0,"enemies":"Jaw Worm","floor":1.0,"turns":4.0},{"damage":12.0,"enemies":"2 Louse","floor":3.0,"turns":3.0},{"damage":0.0,"enemies":"Cultist","floor":5.0,"turns":4.0},{"damage":7.0,"enemies":"Gremlin Gang","floor":7.0,"turns":5.0},{"damage":21.0,"enemies":"Exordium Wildlife","floor":8.0,"turns":5.0},{"damage":2.0,"enemies":"3 Louse","floor":10.0,"turns":3.0},{"damage":7.0,"enemies":"2 Fungi Beasts","floor":11.0,"turns":3.0},{"damage":5.0,"enemies":"Exordium Wildlife","floor":14.0,"turns":5.0},{"damage":26.0,"enemies":"Hexaghost","floor":16.0,"turns":9.0},{"damage":12.0,"enemies":"Chosen","floor":18.0,"turns":5.0},{"damage":11.0,"enemies":"3 Byrds","floor":19.0,"turns":4.0},{"damage":28.0,"enemies":"Gremlin Leader","floor":24.0,"turns":9.0},{"damage":26.0,"enemies":"Snake Plant","floor":25.0,"turns":4.0},{"damage":12.0,"enemies":"3 Cultists","floor":27.0,"turns":5.0},{"damage":10,"enemies":"Shelled Parasite and Fungi","floor":28,"turns":2}],"seed_played":"455487952826764842","potions_obtained":[{"floor":1.0,"key":"ColorlessPotion"},{"floor":3.0,"key":"BlessingOfTheForge"},{"floor":8.0,"key":"FearPotion"},{"floor":10.0,"key":"Explosive Potion"},{"floor":11.0,"key":"Weak Potion"},{"floor":24.0,"key":"PowerPotion"},{"floor":27.0,"key":"PowerPotion"}],"is_trial":false,"path_per_floor":["M","?","M","?","M","R","M","M","T","M","M","?","R","M","R","B",null,"M","M","?","$","?","R","E","M","T","M","M"],"character_chosen":"DEFECT","items_purchased":["Anchor","PrismaticShard","Capacitor"],"campfire_rested":4,"item_purchase_floors":[21,21,21],"current_hp_per_floor":[53,42,30,30,30,52,45,24,24,22,15,15,37,32,54,28,75,63,52,52,52,52,74,46,20,20,8,0,0],"gold":158,"neow_bonus":"TRANSFORM_TWO_CARDS","is_daily":false,"chose_seed":false,"campfire_upgraded":0,"win_rate":0.0,"timestamp":1609563442,"path_taken":["M","?","M","?","?","R","M","M","T","M","?","?","R","M","R","BOSS","M","?","?","$","?","R","E","M","T","M","?"],"items_purchased_type":["Relic","Relic","Card"],"build_version":"2020-12-22","purchased_purges":1,"victory":false,"max_hp_per_floor":[75,75,75,75,75,75,75,75,75,75,75,75,75,75,75,75,75,75,75,75,75,75,75,75,75,75,75,75,75],"card_choices":[{"not_picked":["Darkness","Heatsinks"],"picked":"Chill","floor":1.0},{"not_picked":["BootSequence","Coolheaded"],"picked":"Aggregate","floor":3.0},{"not_picked":["Redo","Undo"],"picked":"Capacitor","floor":5.0},{"not_picked":["FTL","Hologram"],"picked":"Turbo","floor":7.0},{"not_picked":["Compile Driver","Gash"],"picked":"White Noise","floor":8.0},{"not_picked":["Hologram","Streamline"],"picked":"Barrage","floor":10.0},{"not_picked":["Sunder","Go for the Eyes"],"picked":"Turbo","floor":11.0},{"not_picked":["Thunder Strike","Sweeping Beam"],"picked":"Sunder","floor":14.0},{"not_picked":["Machine Learning","Core Surge"],"picked":"Meteor Strike","floor":16.0},{"not_picked":["Cold Snap","Blizzard"],"picked":"Turbo+1","floor":18.0},{"not_picked":["Sweeping Beam","White Noise"],"picked":"Stack","floor":19.0},{"not_picked":["ThirdEye+1","Adaptation"],"picked":"Seeing Red","floor":24.0},{"not_picked":["CrushJoints","Genetic Algorithm"],"picked":"Glacier","floor":25.0},{"not_picked":["Anger","Perfected Strike"],"picked":"Caltrops+1","floor":27.0}],"player_experience":107234,"relics_obtained":[{"floor":24.0,"key":"Unceasing Top"},{"floor":26.0,"key":"Frozen Egg 2"}],"event_choices":[{"damage_healed":0.0,"max_hp_gain":0.0,"max_hp_loss":0.0,"gold_gain":75.0,"event_name":"World of Goop","player_choice":"Gather Gold","floor":2.0,"gold_loss":0.0,"damage_taken":11.0},{"damage_healed":0.0,"max_hp_gain":0.0,"max_hp_loss":0.0,"gold_gain":0.0,"event_name":"FaceTrader","player_choice":"Trade","floor":4.0,"gold_loss":0.0,"damage_taken":0.0,"relics_obtained":["NlothsMask"]},{"damage_healed":0.0,"max_hp_gain":0.0,"max_hp_loss":0.0,"gold_gain":0.0,"event_name":"Accursed Blacksmith","player_choice":"Forge","floor":12.0,"gold_loss":0.0,"damage_taken":0.0,"cards_upgraded":["Buffer"]},{"damage_healed":0.0,"max_hp_gain":0.0,"max_hp_loss":0.0,"gold_gain":0.0,"event_name":"Ghosts","player_choice":"Ignored","floor":20.0,"gold_loss":0.0,"damage_taken":0.0},{"damage_healed":0.0,"max_hp_gain":0.0,"max_hp_loss":0.0,"gold_gain":0.0,"event_name":"Forgotten Altar","player_choice":"Smashed Altar","floor":22.0,"gold_loss":0.0,"damage_taken":0.0,"cards_obtained":["Decay"]}],"is_beta":false,"boss_relics":[{"not_picked":["Ectoplasm","FrozenCore"],"picked":"Astrolabe"}],"items_purged_floors":[21],"is_endless":false,"potions_floor_spawned":[1,3,8,10,11,24,27],"killed_by":"Shelled Parasite and Fungi","ascension_level":2}}