{"host":"i19jjmeqmvseha12","time":1609562396,"event":{"mods":["BaseMod","Colored Powertips","Dota2Spire","Minty Spire (QoL Compilation)","Replay The Spire","StSLib","The Cursed"],"gold_per_floor":[116,116,129,89,108,108,133,107,107,107,107],"floor_reached":10,"playtime":266,"items_purged":[],"score":56,"play_id":"cf16bc1d-86ef-40e1-a923-447614917be4","local_time":"20210101203956","is_ascension_mode":false,"campfire_choices":[{"data":"Crescendo","floor":6,"key":"SMITH"}],"circlet_count":0,"master_deck":["Strike_P","Strike_P","Strike_P","Strike_P","Defend_P","Defend_P","Defend_P","Eruption+1","Vigilance","Halt+1","Crescendo+1","LikeWater","CrushJoints","CrushJoints","Collect","FlurryOfBlows"],"relics":["PureWater","Odd Mushroom","Dota2Spire:Desolator"],"acts_visited":["Exordium"],"potions_floor_usage":[10],"damage_taken":[{"damage":1,"enemies":"2 Louse","floor":1,"turns":3},{"damage":0,"enemies":"Small Slimes","floor":3,"turns":3},{"damage":0,"enemies":"Jaw Worm","floor":5,"turns":3},{"damage":15,"enemies":"The Mushroom Lair","floor":7,"turns":5},{"damage":45,"enemies":"3 Sentries","floor":10,"turns":5}],"seed_played":"2571523828240157582","potions_obtained":[{"floor":3,"key":"Strength Potion"},{"floor":5,"key":"Strength Potion"}],"is_trial":false,"path_per_floor":["M","?","M","$","M","R","?","$","T","E"],"character_chosen":"WATCHER","items_purchased":["CrushJoints","FlurryOfBlows"],"campfire_rested":0,"item_purchase_floors":[4,8],"current_hp_per_floor":[71,57,57,57,57,57,42,42,42,0,0],"gold":107,"neow_bonus":"TRANSFORM_CARD","is_daily":false,"chose_seed":false,"campfire_upgraded":1,"win_rate":0.0,"timestamp":1609562396,"path_taken":["M","?","M","$","M","R","?","?","T","E"],"items_purchased_type":["Card","Card"],"build_version":"2020-12-22","purchased_purges":0,"victory":false,"max_hp_per_floor":[72,72,72,72,72,72,72,72,72,72,72],"card_choices":[{"not_picked":["Conclude","Halt"],"picked":"Crescendo","floor":1},{"not_picked":["Replay:BluntJabs","SashWhip"],"picked":"LikeWater","floor":3},{"not_picked":["Replay:BluntJabs","Protect","Crescendo"],"picked":"SKIP","floor":5},{"not_picked":["CutThroughFate","DeceiveReality"],"picked":"Collect","floor":7}],"player_experience":132279,"relics_obtained":[{"floor":7,"key":"Odd Mushroom"},{"floor":9,"key":"Dota2Spire:Desolator"}],"event_choices":[{"damage_healed":0,"gold_gain":0,"player_choice":"Entered Light","damage_taken":14,"max_hp_gain":0,"max_hp_loss":0,"event_name":"Shining Light","floor":2,"gold_loss":0,"cards_upgraded":["Eruption","Halt"]},{"damage_healed":0,"gold_gain":0,"player_choice":"Fought Mushrooms","damage_taken":0,"max_hp_gain":0,"max_hp_loss":0,"event_name":"Mushrooms","floor":7,"gold_loss":0}],"is_beta":false,"boss_relics":[],"items_purged_floors":[],"is_endless":false,"potions_floor_spawned":[3,5],"killed_by":"3 Sentries","ascension_level":0}}