{"host":"5gusigds1c3jyr99","time":1609605331,"event":{"mods":["AchievementEnabler","Arknights The Spire","BaseMod","GungeonMod","Hermit","Minty Spire (QoL Compilation)","Permanent Neow","Replay The Spire","StSLib","The Bug Knight","The Cursed","The Death Knight","The Disciple","The Dragon Tamer","The Hierophant","The Jungle","The Poker Player","The Senshi"],"gold_per_floor":[218,237,237,247,257,257,273,293,293,293,311,311,236,252,252,352,352,365,365,280,292,232,232,232,232,232,232,232,266,283,32,47,147,147,246,246,261,136,147,158,170,203,217,236,236,236,255,255,284,299,299,299],"floor_reached":53,"playtime":2849,"items_purged":["ats:Strike G","ats:Strike V","ats:Strike C"],"score":635,"play_id":"86fc5c61-7f66-4559-88ae-2545f660348f","local_time":"20210103013531","is_ascension_mode":false,"campfire_choices":[{"data":"ats:Ambush","floor":6,"key":"SMITH"},{"data":"ats:Ignite","floor":10,"key":"SMITH"},{"data":"ats:Explosion Area Strengthen","floor":12,"key":"SMITH"},{"data":"ats:Powerful Strike","floor":15,"key":"SMITH"},{"data":"ats:Armor Crushing Shot","floor":23,"key":"SMITH"},{"data":"ats:Emotion Absorption","floor":27,"key":"SMITH"},{"data":"ats:Poison Spread","floor":34,"key":"SMITH"},{"data":"ats:Sunburst","floor":46,"key":"SMITH"},{"data":"ats:Ignite","floor":48,"key":"SMITH"}],"circlet_count":0,"master_deck":["ats:Strike S","ats:Armor Crushing Shot+1","ats:Defend","ats:Defend","ats:Defend","ats:Defend","ats:Emotion Absorption+1","ats:Ignite+1","ats:Ambush+1","ats:Ignite+1","ats:Powerful Strike+1","ats:Sunburst+1","ats:Explosion Area Strengthen+1","ats:Powerful Strike+1","ats:Echo Reverb+1","ats:Poison Spread+1","ats:Charging Defense+1","ats:Powerful Strike+1","ats:Poison Spread+1"],"relics":["ats:Sanity","Lizard Tail","DemoMod:RiddleOfLead","Vajra","Mango","ats:Originium","ats:Spiritual Recovery","Akabeko","DemoMod:VorpalBullet","Gremlin Horn","SlaversCollar","ats:Industrial Water Cannon","DemoMod:GlassGuonStoneRelic","Mercury Hourglass","ats:Lavender"],"acts_visited":["Exordium","TheCity","TheBeyond"],"potions_floor_usage":[16,33,33,40,44,52,52,52],"damage_taken":[{"damage":8,"enemies":"Jaw Worm","floor":1,"turns":5},{"damage":3,"enemies":"Cultist","floor":2,"turns":4},{"damage":0,"enemies":"2 Louse","floor":4,"turns":3},{"damage":8,"enemies":"Blue Slaver","floor":5,"turns":5},{"damage":4,"enemies":"Looter","floor":7,"turns":3},{"damage":6,"enemies":"2 Fungi Beasts","floor":8,"turns":2},{"damage":0,"enemies":"Gremlin Gang","floor":11,"turns":4},{"damage":4,"enemies":"3 Louse","floor":14,"turns":3},{"damage":20,"enemies":"Hexaghost","floor":16,"turns":9},{"damage":11,"enemies":"3 Byrds","floor":18,"turns":5},{"damage":0,"enemies":"Spheric Guardian","floor":21,"turns":3},{"damage":31,"enemies":"Gremlin Leader","floor":29,"turns":5},{"damage":13,"enemies":"Centurion and Healer","floor":30,"turns":4},{"damage":9,"enemies":"Snake Plant","floor":32,"turns":3},{"damage":13,"enemies":"Colosseum Slavers","floor":33,"turns":2},{"damage":4,"enemies":"Colosseum Nobs","floor":33,"turns":3},{"damage":9,"enemies":"Automaton","floor":35,"turns":9},{"damage":0,"enemies":"3 Darklings","floor":37,"turns":4},{"damage":5,"enemies":"3 Shapes","floor":39,"turns":2},{"damage":0,"enemies":"3 Darklings","floor":40,"turns":3},{"damage":16,"enemies":"4 Shapes","floor":41,"turns":3},{"damage":5,"enemies":"Giant Head","floor":42,"turns":3},{"damage":0,"enemies":"Transient","floor":43,"turns":5},{"damage":0,"enemies":"Sphere and 2 Shapes","floor":44,"turns":2},{"damage":0,"enemies":"Jaw Worm Horde","floor":47,"turns":2},{"damage":0,"enemies":"Reptomancer","floor":49,"turns":2},{"damage":0,"enemies":"3 Darklings","floor":50,"turns":3},{"damage":6,"enemies":"Replay:Hell Engine","floor":52,"turns":5}],"seed_played":"-4148758926837078507","potions_obtained":[{"floor":1,"key":"DeathKnight:RimePotion"},{"floor":2,"key":"Regen Potion"},{"floor":3,"key":"FairyPotion"},{"floor":14,"key":"Explosive Potion"},{"floor":16,"key":"Ancient Potion"},{"floor":18,"key":"DeathKnight:RimePotion"},{"floor":35,"key":"Fire Potion"},{"floor":37,"key":"AttackPotion"},{"floor":41,"key":"Dexterity Potion"},{"floor":44,"key":"ColorlessPotion"}],"is_trial":false,"path_per_floor":["M","M","?","M","M","R","M","M","T","R","M","R","$","M","R","B",null,"M","?","?","M","?","R","?","PTL","PTL","R","T","E","M","$","M","?","R","B",null,"M","$","M","M","M","E","M","M","T","R","M","R","E","M","R","B",null],"character_chosen":"DOCTOR_CLASS","items_purchased":["Akabeko"],"campfire_rested":0,"item_purchase_floors":[31],"current_hp_per_floor":[64,61,61,61,53,53,49,43,43,43,43,43,43,39,39,19,82,71,71,71,71,71,71,71,71,71,71,85,54,41,41,32,24,24,15,96,96,96,91,91,75,70,70,70,70,70,70,70,70,72,96,90],"gold":299,"neow_bonus":"HUNDRED_GOLD","is_daily":false,"chose_seed":false,"campfire_upgraded":9,"win_rate":0.0,"timestamp":1609605331,"path_taken":["M","M","?","M","?","R","?","?","T","R","M","R","?","M","R","BOSS","M","?","?","M","?","R","?","PTL","PTL","R","R","T","E","?","$","M","?","R","BOSS","M","$","M","M","M","E","M","M","T","R","M","R","E","M","R","BOSS"],"items_purchased_type":["Relic"],"build_version":"2020-12-22","purchased_purges":3,"victory":true,"max_hp_per_floor":[72,72,72,72,72,72,72,72,72,72,72,72,72,72,72,72,82,82,82,82,82,82,82,82,82,82,82,96,96,96,96,96,96,96,96,96,96,96,96,96,96,96,96,96,96,96,96,96,96,96,96,96],"card_choices":[{"not_picked":["ats:Flexible Camouflage","ats:Consecutive Shot Auto"],"picked":"ats:Ignite","floor":1},{"not_picked":["ats:Apocalypse","ats:Hammer On"],"picked":"ats:Ambush","floor":2},{"not_picked":["ats:Burning Ground","ats:Revitalization"],"picked":"ats:Ignite","floor":4},{"not_picked":["ats:Healing Drone","ats:Charging Defense"],"picked":"ats:Powerful Strike","floor":5},{"not_picked":["ats:Nebulous Foxfire","ats:Ignite"],"picked":"ats:Sunburst","floor":7},{"not_picked":["ats:Charging Defense","ats:Beaten Up"],"picked":"ats:Explosion Area Strengthen","floor":8},{"not_picked":["ats:Mental Burst","ats:Revitalization"],"picked":"ats:Powerful Strike","floor":11},{"not_picked":["ats:Flame Of Heaven","ats:Powerful Strike"],"picked":"ats:Echo Reverb","floor":14},{"not_picked":["ats:Apocalypse","ats:Composite Medical Shells"],"picked":"ats:Poison Spread+1","floor":18},{"not_picked":["ats:Part Time Job","ats:Thermite Blade"],"picked":"ats:Charging Defense+1","floor":21},{"not_picked":["ats:Fractured Body","ats:Very Hot Blade+1","ats:Magnetic Hammer"],"picked":"SKIP","floor":29},{"not_picked":["ats:Curse Doll","ats:Hammer On"],"picked":"ats:Powerful Strike+1","floor":30},{"not_picked":["ats:Spore Proliferation","ats:Hammer On","ats:Assault Order"],"picked":"SKIP","floor":32},{"not_picked":["ats:Childhood Dance","ats:Soul Absorption"],"picked":"ats:Poison Spread","floor":33},{"not_picked":["ats:Childhood Dance+1","ats:Shell Defense","ats:Rapid Magazine"],"picked":"SKIP","floor":37},{"not_picked":["ats:Poison Spread","ats:Flexible Camouflage","ats:Curse Doll+1"],"picked":"SKIP","floor":39},{"not_picked":["ats:Blood Oath","ats:Flexible Camouflage+1","ats:Chain Hook+1"],"picked":"SKIP","floor":40},{"not_picked":["ats:Shell Defense+1","ats:Volcano","ats:Poison Spread+1"],"picked":"SKIP","floor":41},{"not_picked":["ats:Apocalypse","ats:Steam Pump+1","ats:Rat Pack"],"picked":"SKIP","floor":42},{"not_picked":["ats:Chain Hook+1","ats:Ignite","ats:Thorns"],"picked":"SKIP","floor":43},{"not_picked":["ats:Soul Absorption+1","ats:Shell Defense","ats:Ignite+1"],"picked":"SKIP","floor":44},{"not_picked":["ats:Leaping Hammer+1","ats:Directed Diagnosis+1","ats:Healing Strengthening+1"],"picked":"SKIP","floor":47},{"not_picked":["ats:Wolf Pack","ats:Spore Proliferation","ats:Hammer On+1"],"picked":"SKIP","floor":49},{"not_picked":["ats:Shadow Assault","ats:Assault Order+1","ats:Leaping Hammer"],"picked":"SKIP","floor":50}],"player_experience":576108,"relics_obtained":[{"floor":9,"key":"Lizard Tail"},{"floor":28,"key":"Mango"},{"floor":29,"key":"ats:Originium"},{"floor":29,"key":"ats:Spiritual Recovery"},{"floor":33,"key":"DemoMod:VorpalBullet"},{"floor":33,"key":"Gremlin Horn"},{"floor":42,"key":"ats:Originium"},{"floor":42,"key":"ats:Industrial Water Cannon"},{"floor":45,"key":"Mercury Hourglass"},{"floor":49,"key":"ats:Originium"},{"floor":49,"key":"ats:Lavender"}],"event_choices":[{"damage_healed":0,"gold_gain":0,"player_choice":"Got Potions","damage_taken":0,"max_hp_gain":0,"max_hp_loss":0,"event_name":"Lab","floor":3,"gold_loss":0},{"damage_healed":0,"gold_gain":0,"player_choice":"Ignored","damage_taken":0,"max_hp_gain":0,"max_hp_loss":0,"event_name":"Vampires","floor":19,"gold_loss":0},{"damage_healed":0,"gold_gain":0,"player_choice":"Obtained Relic","damage_taken":0,"relics_obtained":["Vajra"],"max_hp_gain":0,"max_hp_loss":0,"event_name":"Addict","floor":20,"gold_loss":85},{"damage_healed":0,"gold_gain":0,"player_choice":"Upgraded","damage_taken":0,"max_hp_gain":0,"max_hp_loss":0,"event_name":"Upgrade Shrine","floor":24,"gold_loss":0,"cards_upgraded":["ats:Powerful Strike"]},{"damage_healed":0,"gold_gain":0,"player_choice":"Fight","damage_taken":0,"max_hp_gain":0,"max_hp_loss":0,"event_name":"Colosseum","floor":33,"gold_loss":0},{"damage_healed":0,"gold_gain":0,"player_choice":"Fought Nobs","damage_taken":0,"max_hp_gain":0,"max_hp_loss":0,"event_name":"Colosseum","floor":33,"gold_loss":0}],"is_beta":false,"boss_relics":[{"not_picked":["Painkiller Herb","Snecko Eye"],"picked":"DemoMod:RiddleOfLead"},{"not_picked":["Velvet Choker","Replay:Wanted Poster"],"picked":"SlaversCollar"}],"items_purged_floors":[13,31,38],"is_endless":false,"potions_floor_spawned":[1,2,5,7,14,16,18,30,32,33,35,37,39,41,44,50],"ascension_level":0}}