{"host":"wl9at99caqxndrn4","time":1609592274,"event":{"mods":["BaseMod","BetterRewards","Colored Map","Colored Powertips","Downfall","Googly Eyes","Hermit","Lobotomy","Marisa（霧雨　魔理沙）","Minty Spire (QoL Compilation)","Quick Restart","Rare Cards Sparkle","Remilia（蕾米莉亚）","Shop Mod","StSLib","The Animator","The Construct","The Cursed","The Disciple","The Hierophant","The Necromancer","The Poker Player","The Runesmith"],"gold_per_floor":[113,123,123,31,50,50,77,77,101,116,141,158,190,203,203,307,307,324,324,341,359,37,66,66,66,119,119,138,164,164,64,64,168,218,236,236,286,286,303,303,318,318,318,330,363,363,66,91,91,91,91,91,14,40,40],"floor_reached":56,"playtime":5969,"items_purged":["Anger","Berserk"],"score":1278,"play_id":"0843ea1b-177d-4666-92f3-e1a0b8ff85ed","local_time":"20210102205754","is_ascension_mode":false,"campfire_choices":[{"floor":6,"key":"RECALL"},{"data":"expansioncontent:DefensiveStance","floor":8,"key":"SMITH"},{"floor":15,"key":"REST"},{"data":"Demon Form","floor":24,"key":"SMITH"},{"floor":27,"key":"REST"},{"data":"Demon Form","floor":32,"key":"SMITH"},{"floor":40,"key":"REST"},{"data":"Limit Break","floor":42,"key":"SMITH"},{"floor":49,"key":"REST"},{"data":"Bash","floor":52,"key":"SMITH"}],"circlet_count":0,"master_deck":["Defend_R","Defend_R+1","Defend_R","Bash+1","Cleave","expansioncontent:DefensiveStance+1","Feed","Flex","Impervious+1","Carnage+1","Twin Strike+1","Demon Form+1","Demon Form+1","expansioncontent:GoopSpray","Bite","Bite+1","Bite","Bite+1","Bite","Perfected Strike+1","Limit Break+1","Perfected Strike","Barricade","Uppercut","Blood for Blood+1","Heavy Blade+1"],"relics":["Burning Blood","Toy Ornithopter","Happy Flower","Anchor","Snecko Eye","DollysMirror","Unceasing Top","Orichalcum","Pen Nib","Tiny House","construct:RocketBooster","Potion Belt","Boot","CaptainsWheel","Runesmith:AutoHammer","Torii"],"acts_visited":["Exordium","TheCity","TheBeyond","TheEnding"],"potions_floor_usage":[21,55,55,55],"damage_taken":[{"damage":2,"enemies":"2 Louse","floor":1,"turns":3},{"damage":1,"enemies":"Cultist","floor":2,"turns":3},{"damage":1,"enemies":"Jaw Worm","floor":5,"turns":6},{"damage":29,"enemies":"Lagavulin","floor":7,"turns":8},{"damage":3,"enemies":"Gremlin Gang","floor":10,"turns":5},{"damage":16,"enemies":"Exordium Thugs","floor":12,"turns":3},{"damage":16,"enemies":"3 Sentries","floor":13,"turns":7},{"damage":0,"enemies":"Large Slime","floor":14,"turns":5},{"damage":46,"enemies":"Slime Boss","floor":16,"turns":11},{"damage":39,"enemies":"Spheric Guardian","floor":18,"turns":6},{"damage":5,"enemies":"2 Thieves","floor":20,"turns":3},{"damage":6,"enemies":"Snake Plant","floor":21,"turns":4},{"damage":22,"enemies":"Gremlin Leader","floor":23,"turns":6},{"damage":8,"enemies":"Snecko","floor":28,"turns":6},{"damage":31,"enemies":"Slavers","floor":29,"turns":5},{"damage":58,"enemies":"Automaton","floor":33,"turns":7},{"damage":0,"enemies":"Orb Walker","floor":35,"turns":2},{"damage":52,"enemies":"2 Orb Walkers","floor":37,"turns":6},{"damage":37,"enemies":"3 Darklings","floor":39,"turns":6},{"damage":7,"enemies":"Maw","floor":41,"turns":5},{"damage":29,"enemies":"Sphere and 2 Shapes","floor":44,"turns":5},{"damage":15,"enemies":"Giant Head","floor":45,"turns":7},{"damage":37,"enemies":"Nemesis","floor":48,"turns":5},{"damage":23,"enemies":"Time Eater","floor":50,"turns":7},{"damage":24,"enemies":"Shield and Spear","floor":54,"turns":4},{"damage":68,"enemies":"The Heart","floor":55,"turns":8}],"seed_played":"-623019329961785653","potions_obtained":[{"floor":2,"key":"Dexterity Potion"},{"floor":3,"key":"CultistPotion"},{"floor":3,"key":"SpeedPotion"},{"floor":3,"key":"BloodPotion"},{"floor":7,"key":"Dexterity Potion"},{"floor":10,"key":"Swift Potion"},{"floor":13,"key":"AttackPotion"},{"floor":21,"key":"BlessingOfTheForge"},{"floor":28,"key":"ColorlessPotion"},{"floor":45,"key":"SkillPotion"}],"is_trial":false,"path_per_floor":["M","M","?","$","M","R","E","R","T","M","T","M","E","M","R","B",null,"M","?","M","M","$","E","R","?","T","R","M","E","?","$","R","B",null,"M","?","?","T","M","R","M","R","T","M","E","?","$","E","R","B",null,"R","$","E","B",null],"character_chosen":"IRONCLAD","items_purchased":["expansioncontent:DefensiveStance","DollysMirror","expansioncontent:GoopSpray","CaptainsWheel","LiquidMemories"],"campfire_rested":4,"item_purchase_floors":[4,22,22,47,53],"current_hp_per_floor":[80,80,80,80,80,80,57,57,57,60,60,55,50,61,87,49,89,56,39,42,49,49,35,35,35,35,63,67,53,97,97,97,51,102,102,102,61,61,34,65,74,74,74,64,63,63,63,36,68,60,111,111,111,95,60],"gold":40,"neow_bonus":"UPGRADE_CARD","is_daily":false,"chose_seed":false,"campfire_upgraded":5,"win_rate":0.0,"timestamp":1609592274,"path_taken":["M","M","?","?","?","R","E","R","T","?","?","M","E","M","R","BOSS","M","?","M","M","$","E","R","?","T","R","M","E","?","$","R","BOSS","M","?","?","?","M","R","M","R","T","?","E","?","?","E","R","BOSS","R","$","E","BOSS"],"items_purchased_type":["Card","Relic","Card","Relic","Potion"],"build_version":"2020-12-22","purchased_purges":2,"victory":true,"max_hp_per_floor":[80,80,80,80,80,80,80,80,80,80,80,83,86,89,89,89,89,89,94,94,94,94,94,94,94,94,94,94,97,97,97,97,97,102,102,102,105,105,105,105,105,105,105,108,108,108,108,108,108,111,111,111,111,111,111],"card_choices":[{"not_picked":["True Grit","Disarm"],"picked":"Cleave","floor":1},{"not_picked":["True Grit","Clash","Feel No Pain"],"picked":"SKIP","floor":2},{"not_picked":["Pommel Strike","Perfected Strike"],"picked":"Anger","floor":5},{"not_picked":["Heavy Blade","Shrug It Off","Armaments"],"picked":"SKIP","floor":7},{"not_picked":["Twin Strike","Headbutt"],"picked":"Feed","floor":10},{"not_picked":["Clothesline","Sword Boomerang","Headbutt"],"picked":"SKIP","floor":12},{"not_picked":["Carnage","Anger"],"picked":"Flex","floor":13},{"not_picked":["Cleave","Armaments"],"picked":"Impervious","floor":14},{"not_picked":["Bludgeon","Corruption"],"picked":"Berserk","floor":16},{"not_picked":["Rage","Clash"],"picked":"Carnage+1","floor":18},{"not_picked":["Warcry","Fire Breathing"],"picked":"Twin Strike+1","floor":20},{"not_picked":["Pummel","Warcry+1"],"picked":"Demon Form","floor":21},{"not_picked":["Iron Wave","Corruption","Metallicize+1"],"picked":"SKIP","floor":23},{"not_picked":["Cleave","Fire Breathing+1"],"picked":"Perfected Strike+1","floor":28},{"not_picked":["Body Slam","Battle Trance+1","Anger"],"picked":"SKIP","floor":29},{"not_picked":["Offering","Impervious"],"picked":"Limit Break","floor":33},{"not_picked":["Clash+1","Cleave+1"],"picked":"Perfected Strike","floor":34},{"not_picked":["Perfected Strike+1","Warcry","Twin Strike+1"],"picked":"SKIP","floor":35},{"not_picked":["Iron Wave","Sword Boomerang"],"picked":"Barricade","floor":37},{"not_picked":["Metallicize","True Grit+1"],"picked":"Uppercut","floor":39},{"not_picked":["Armaments","Clash+1","Inflame+1"],"picked":"SKIP","floor":41},{"not_picked":["Inflame","Rupture","Headbutt+1"],"picked":"SKIP","floor":44},{"not_picked":["Twin Strike+1","Metallicize+1"],"picked":"Blood for Blood+1","floor":45},{"not_picked":["Armaments+1","Seeing Red+1"],"picked":"Heavy Blade+1","floor":48},{"not_picked":["Limit Break","Fire Breathing","Body Slam+1"],"picked":"SKIP","floor":54}],"player_experience":170351,"relics_obtained":[{"floor":7,"key":"Toy Ornithopter"},{"floor":9,"key":"Happy Flower"},{"floor":11,"key":"Blood Vial"},{"floor":13,"key":"Anchor"},{"floor":23,"key":"Unceasing Top"},{"floor":26,"key":"Orichalcum"},{"floor":29,"key":"Pen Nib"},{"floor":37,"key":"construct:RocketBooster"},{"floor":43,"key":"Potion Belt"},{"floor":45,"key":"Boot"},{"floor":48,"key":"Runesmith:AutoHammer"},{"floor":54,"key":"Torii"}],"event_choices":[{"damage_healed":0,"gold_gain":0,"player_choice":"Got Potions","damage_taken":0,"max_hp_gain":0,"max_hp_loss":0,"event_name":"Lab","floor":3,"gold_loss":0},{"damage_healed":0,"gold_gain":0,"player_choice":"Shed Blood","damage_taken":22,"max_hp_gain":5,"max_hp_loss":0,"event_name":"Forgotten Altar","floor":19,"gold_loss":0},{"damage_healed":0,"gold_gain":0,"player_choice":"Became a vampire (Vial)","damage_taken":0,"max_hp_gain":0,"max_hp_loss":0,"event_name":"Vampires","floor":25,"relics_lost":["Blood Vial"],"gold_loss":0,"cards_obtained":["Bite","Bite","Bite","Bite","Bite"]},{"damage_healed":44,"gold_gain":0,"player_choice":"Full Heal","damage_taken":0,"max_hp_gain":0,"max_hp_loss":0,"event_name":"Wheel of Change","floor":30,"gold_loss":0},{"damage_healed":0,"gold_gain":0,"player_choice":"Ignored","damage_taken":0,"max_hp_gain":0,"max_hp_loss":0,"event_name":"Tomb of Lord Red Mask","floor":36,"gold_loss":0},{"damage_healed":0,"gold_gain":0,"player_choice":"Fight","damage_taken":0,"max_hp_gain":0,"max_hp_loss":0,"event_name":"Mysterious Sphere","floor":37,"gold_loss":0},{"cards_removed":["Defend_R"],"damage_healed":0,"gold_gain":0,"player_choice":"Removed Skill","damage_taken":0,"max_hp_gain":0,"max_hp_loss":0,"event_name":"Falling","floor":46,"gold_loss":0}],"is_beta":false,"boss_relics":[{"not_picked":["Mark of Pain","Astrolabe"],"picked":"Snecko Eye"},{"not_picked":["Runesmith:UraniumAnvil","Runic Dome"],"picked":"Tiny House"}],"items_purged_floors":[22,31],"is_endless":false,"potions_floor_spawned":[2,7,10,13,21,28,33,35,41,45],"ascension_level":0}}