{"host":"d9m9v0h6vo0edadb","time":1609573098,"event":{"mods":["BaseMod","Hermit","Keyboard Shortcuts","Minty Spire (QoL Compilation)","StSLib","SuperFastMode","The Cursed"],"gold_per_floor":[110,110,185,185,22,22,57,57,106,120,120,152,94,113,113,113,113],"floor_reached":16,"playtime":207,"items_purged":["Strike_G"],"score":262,"play_id":"6320fe80-6b61-4f48-ba3f-bd212f59ea45","local_time":"20210102163818","is_ascension_mode":true,"campfire_choices":[{"floor":6.0,"key":"REST"},{"data":"Blade Dance","floor":8.0,"key":"SMITH"},{"data":"Terror","floor":11.0,"key":"SMITH"},{"data":"Reflex","floor":15,"key":"SMITH"}],"circlet_count":0,"master_deck":["AscendersBane","Strike_G","Strike_G","Strike_G","Strike_G","Defend_G","Defend_G","Defend_G","Defend_G","Defend_G","Survivor","Neutralize","Blade Dance+1","Terror+1","Acrobatics","Reflex+1","Blade Dance","PiercingWail"],"relics":["Ring of the Snake","NeowsBlessing","HornCleat","Lizard Tail","Anchor","Matryoshka"],"acts_visited":["Exordium"],"potions_floor_usage":[16],"damage_taken":[{"damage":0.0,"enemies":"Jaw Worm","floor":1.0,"turns":1.0},{"damage":0.0,"enemies":"Gremlin Nob","floor":7.0,"turns":1.0},{"damage":0.0,"enemies":"Small Slimes","floor":10.0,"turns":1.0},{"damage":20,"enemies":"3 Sentries","floor":12,"turns":13},{"damage":0,"enemies":"Cultist","floor":14,"turns":2},{"damage":35,"enemies":"The Guardian","floor":16,"turns":11}],"seed_played":"-7703308380034176757","potions_obtained":[{"floor":1.0,"key":"Ancient Potion"},{"floor":14,"key":"CunningPotion"}],"is_trial":false,"path_per_floor":["M","?","?","?","$","R","E","R","T","M","R","E","$","M","R","B"],"character_chosen":"THE_SILENT","items_purchased":["Terror","Blade Dance"],"campfire_rested":1,"item_purchase_floors":[5,13],"current_hp_per_floor":[59,41,30,21,21,40,40,40,40,40,40,20,20,20,20,21,21],"gold":113,"neow_bonus":"THREE_ENEMY_KILL","is_daily":false,"chose_seed":false,"campfire_upgraded":3,"win_rate":0.0,"timestamp":1609573098,"path_taken":["M","?","?","?","$","R","E","R","T","?","R","E","$","M","R","BOSS"],"items_purchased_type":["Card","Card"],"build_version":"2020-12-22","purchased_purges":1,"victory":false,"max_hp_per_floor":[66,66,66,66,66,66,66,66,66,66,66,66,66,66,66,66,66],"card_choices":[{"not_picked":["Footwork","Poisoned Stab"],"picked":"Blade Dance","floor":1.0},{"not_picked":["Deflect","Bane","Slice"],"picked":"SKIP","floor":7.0},{"not_picked":["Dash","Backflip"],"picked":"Acrobatics","floor":10.0},{"not_picked":["Leg Sweep","Catalyst"],"picked":"Reflex","floor":12},{"not_picked":["Escape Plan","Dagger Throw"],"picked":"PiercingWail","floor":14}],"player_experience":946873,"relics_obtained":[{"floor":7.0,"key":"Lizard Tail"},{"floor":9.0,"key":"Anchor"},{"floor":12,"key":"Matryoshka"}],"event_choices":[{"damage_healed":0.0,"max_hp_gain":0.0,"max_hp_loss":0.0,"gold_gain":0.0,"event_name":"Scrap Ooze","player_choice":"Success","floor":2.0,"gold_loss":0.0,"damage_taken":18.0,"relics_obtained":["HornCleat"]},{"damage_healed":0.0,"max_hp_gain":0.0,"max_hp_loss":0.0,"gold_gain":75.0,"event_name":"World of Goop","player_choice":"Gather Gold","floor":3.0,"gold_loss":0.0,"damage_taken":11.0},{"damage_healed":0.0,"max_hp_gain":0.0,"max_hp_loss":0.0,"gold_gain":0.0,"event_name":"Wheel of Change","player_choice":"Damaged","floor":4.0,"gold_loss":0.0,"damage_taken":9.0}],"is_beta":false,"boss_relics":[],"items_purged_floors":[5],"is_endless":false,"potions_floor_spawned":[1,14],"killed_by":"The Guardian","ascension_level":20}}