{"host":"5fasz840ryq7obdf","time":1609616800,"event":{"mods":["AchievementEnabler","BaseMod","Bestiary","Better Altar","Better Skull","Better Third Choice","BetterRewards","Block Reminder","Colored Powertips","Curses Come First","Highlight Path","Minty Spire (QoL Compilation)","Quick Restart","Relic Sorter","Relic Stats","Replay The Spire","Shop Mod","Spicy Shops","StSLib","SuperFastMode","ojb\u0027s Better Paths Mod","ojb\u0027s Info Mod"],"gold_per_floor":[115,28,28,66,66,126,12,73,73,146,183,233,233,307,307,441,441,489,544,93,93,121,194,194,281,359,359,427,512,437,508,508,640,640,671,1004,1092,1092,387,441,441,514,514,864,880,880,880,935,935,951,997,997,997,158,212,224],"floor_reached":57,"playtime":3856,"items_purged":["Strike_R","Strike_R","Injury","Strike_R","Inflame"],"score":3914,"play_id":"a490c4df-3bfa-472e-834c-f60242960f8d","local_time":"20210102194640","is_ascension_mode":true,"campfire_choices":[{"data":"HandOfGreed","floor":13.0,"key":"SMITH"},{"data":"Bash","floor":15.0,"key":"SMITH"},{"data":"Bloodletting","floor":24.0,"key":"SMITH"},{"data":"Rupture","floor":27.0,"key":"SMITH"},{"data":"Rupture","floor":41.0,"key":"SMITH"},{"data":"Intimidate","floor":46.0,"key":"SMITH"},{"floor":49.0,"key":"RECALL"},{"data":"Pommel Strike","floor":53.0,"key":"SMITH"}],"circlet_count":1,"master_deck":["AscendersBane","Defend_R","Defend_R","Bash+1","HandOfGreed+1","Whirlwind","Sadistic Nature","Impervious","Rupture+1","Hemokinesis","Thunderclap","Intimidate+1","Bloodletting+1","ReplayTheSpireMod:Private Reserves","Rupture+1","Rupture","Hemogenesis","Seeing Red","Pommel Strike+1","Combust","Feed","Pummel","ReplayTheSpireMod:Stacked+1","ReplayTheSpireMod:Stacked+1","Barricade","Secret Weapon+1","Iron Wave+1","Life Link+1","Replay:Undeath\u0027s Touch","Infernal Blade+1","Sadistic Nature","Shrug It Off+1"],"relics":["Burning Blood","Happy Flower","ReplayTheSpireMod:Ring of Addiction","BargainBundle","Torii","Membership Card","Self Forming Clay","Akabeko","OrangePellets","Onion Ring","Calipers","Red Skull","Replay:Bandana","Mummified Hand","Odd Mushroom","Replay:Accelerometer","Oddly Smooth Stone","Shuriken","Busted Crown","Bag of Marbles","Anchor","Brimstone","ReplayTheSpireMod:Lightbulb","Blood Vial","Toxic Egg 2","Singing Bowl","Bronze Scales","Pocketwatch","Replay:Grab Bag","Philosopher\u0027s Stone","Electric Blood","Black Star","SlaversCollar","Prayer Wheel","Ring of Fury","Chameleon Ring","Toy Ornithopter","ReplayTheSpireMod:Ninjato","StoneCalendar","Replay:Towering Pillar of Hats","Pet Ghost","Circlet","Ginger","Replay:Rubber Ducky","Old Coin","Replay:Wax Seal","Bottled Tornado","Unceasing Top","Strange Spoon","ReplayTheSpireMod:Spearhead","ClockworkSouvenir","HornCleat","Replay:Bottled Snecko"],"acts_visited":["Exordium","TheCity","TheBeyond","TheEnding"],"potions_floor_usage":[56,56],"damage_taken":[{"damage":0.0,"enemies":"2 Louse","floor":1.0,"turns":2.0},{"damage":7.0,"enemies":"Small Slimes","floor":4.0,"turns":3.0},{"damage":4.0,"enemies":"Lagavulin","floor":6.0,"turns":5.0},{"damage":1.0,"enemies":"The Mushroom Lair","floor":8.0,"turns":2.0},{"damage":4.0,"enemies":"3 Sentries","floor":10.0,"turns":3.0},{"damage":0.0,"enemies":"Cultist","floor":11.0,"turns":1.0},{"damage":2.0,"enemies":"Blue Slaver","floor":12.0,"turns":2.0},{"damage":15.0,"enemies":"Gremlin Nob","floor":14.0,"turns":4.0},{"damage":21.0,"enemies":"The Guardian","floor":16.0,"turns":6.0},{"damage":27.0,"enemies":"3 Byrds","floor":18.0,"turns":5.0},{"damage":20.0,"enemies":"Spheric Guardian","floor":19.0,"turns":5.0},{"damage":0.0,"enemies":"Shelled Parasite and Fungi","floor":22.0,"turns":2.0},{"damage":5.0,"enemies":"Book of Stabbing","floor":23.0,"turns":3.0},{"damage":2.0,"enemies":"Slavers","floor":25.0,"turns":3.0},{"damage":23.0,"enemies":"Book of Stabbing","floor":28.0,"turns":3.0},{"damage":21.0,"enemies":"Cultist and Chosen","floor":29.0,"turns":6.0},{"damage":26.0,"enemies":"Slavers","floor":31.0,"turns":4.0},{"damage":17.0,"enemies":"Automaton","floor":33.0,"turns":6.0},{"damage":15.0,"enemies":"3 Darklings","floor":35.0,"turns":3.0},{"damage":25.0,"enemies":"2 Orb Walkers","floor":37.0,"turns":2.0},{"damage":11.0,"enemies":"Giant Head","floor":40.0,"turns":2.0},{"damage":16.0,"enemies":"R_Hoarder","floor":42.0,"turns":4.0},{"damage":18.0,"enemies":"Nemesis","floor":44.0,"turns":3.0},{"damage":2.0,"enemies":"Orb Walker","floor":45.0,"turns":2.0},{"damage":7.0,"enemies":"Spire Growth","floor":48.0,"turns":2.0},{"damage":40.0,"enemies":"Time Eater","floor":50.0,"turns":4.0},{"damage":34.0,"enemies":"Donu and Deca","floor":51.0,"turns":4.0},{"damage":17.0,"enemies":"Shield and Spear","floor":55.0,"turns":5.0},{"damage":28,"enemies":"The Heart","floor":56,"turns":6}],"seed_played":"6789754782060777800","potions_obtained":[{"floor":8.0,"key":"Block Potion"},{"floor":14.0,"key":"Adrenaline Potion"},{"floor":23.0,"key":"Energy Potion"},{"floor":25.0,"key":"Weak Potion"},{"floor":29.0,"key":"SpeedPotion"},{"floor":33.0,"key":"DuplicationPotion"},{"floor":38.0,"key":"Adrenaline Potion"},{"floor":38.0,"key":"DuplicationPotion"},{"floor":38.0,"key":"Strength Potion"},{"floor":40.0,"key":"HeartOfIron"},{"floor":42.0,"key":"Languid Potion"},{"floor":44.0,"key":"Block Potion"},{"floor":47.0,"key":"Doom Potion"},{"floor":55.0,"key":"SpeedPotion"}],"is_trial":false,"path_per_floor":["M","$","?","M","?","E","$","?","T","E","M","M","R","E","R","B",null,"M","M","$","?","M","E","R","E","T","R","E","M","?","E","R","B",null,"M","?","?","?","$","E","R","E","T","E","M","R","?","M","R","B","B",null,"R","$","E","B",null],"character_chosen":"IRONCLAD","items_purchased":["BargainBundle","Torii","HandOfGreed","Whirlwind","SteroidPotion","FearPotion","Inflame","Sadistic Nature","Membership Card","Self Forming Clay","Akabeko","OrangePellets","Happy Flower","Onion Ring","Impervious","Rupture","Calipers","Red Skull","Hemokinesis","Thunderclap","Replay:Bandana","ReplayTheSpireMod:Private Reserves","Bag of Marbles","Anchor","Brimstone","Seeing Red","ReplayTheSpireMod:Lightbulb","ReplayTheSpireMod:Stacked+1","ReplayTheSpireMod:Ninjato","Dead Branch","Barricade","StoneCalendar","Secret Weapon+1","Sadistic Nature","Bottled Tornado","Unceasing Top","Strange Spoon","Shrug It Off+1","ReplayTheSpireMod:Spearhead","ClockworkSouvenir","Fruit Juice","SteroidPotion"],"campfire_rested":0,"item_purchase_floors":[0,0,0,0,0,0,0,0,0,0,0,0,0,0,0,0,0,0,0,0,2,7,20,20,20,20,20,39,39,39,39,39,39,54,54,54,54,54,54,54,54,54],"current_hp_per_floor":[27,27,20,19,19,21,21,26,26,28,34,38,38,29,29,14,60,46,39,39,39,45,53,53,59,59,59,46,40,40,29,29,31,69,74,74,60,60,60,60,60,74,74,84,92,92,92,97,95,76,73,94,94,106,107,97],"gold":224,"neow_bonus":"","is_daily":false,"chose_seed":false,"campfire_upgraded":7,"win_rate":0.0,"timestamp":1609616800,"path_taken":["M","$","?","M","?","E","$","?","T","E","M","M","R","E","R","BOSS","M","M","$","?","?","E","R","E","T","R","E","M","?","E","R","BOSS","M","?","?","?","$","E","R","E","T","E","M","R","?","M","R","BOSS","BOSS","R","$","E","BOSS"],"items_purchased_type":["Relic","Relic","Card","Card","Potion","Potion","Card","Card","Relic","Relic","Relic","Relic","Relic","Relic","Card","Card","Relic","Relic","Card","Card","Relic","Card","Relic","Relic","Relic","Card","Relic","Card","Relic","Relic","Card","Relic","Card","Card","Relic","Relic","Relic","Card","Relic","Relic","Potion","Potion"],"build_version":"2020-12-22","purchased_purges":5,"victory":true,"max_hp_per_floor":[75,75,75,75,75,75,75,75,75,75,75,75,75,75,75,75,75,75,75,75,75,75,75,75,75,75,75,77,79,79,81,81,81,81,86,86,89,89,89,92,92,90,90,95,97,95,95,97,95,98,101,101,101,108,113,116],"relic_stats":{"Happy Flower":[66],"Torii":123,"Singing Bowl":16,"counters":[279,880],"Self Forming Clay":[894],"StoneCalendar":[0],"Ginger":[15],"Burning Blood":1478,"Blood Vial":30,"OrangePellets":[33],"Strange Spoon":[77],"Busted Crown":40,"Mummified Hand":[153],"Shuriken":[23],"Bronze Scales":[662],"Prayer Wheel":8,"Black Star":4,"obtain_stats":[{"Golden Egg":45,"Replay:Accelerometer":9,"Ginger":0,"Whetstone":9,"Bottled Tornado":54,"Sling":48,"Ring of Searing":19,"Old Coin":42,"Blood Vial":17,"Sundial":5,"MealTicket":3,"HandDrill":0,"Replay:Bottled Flurry":57,"Kunai":19,"Replay:Wax Seal":0,"Electric Blood":17,"Replay:Bottled Steam":30,"Runic Cube":17,"betterAltar:BloodRelic":21,"Blue Candle":48,"Counterbalance":48,"ReplayTheSpireMod:Ring of Addiction":38,"Eternal Feather":8,"Pen Nib":0,"Replay:Ancient Bell":34,"Akabeko":17,"SlaversCollar":17,"Bird Faced Urn":48,"Pandora\u0027s Box":34,"Mark of Pain":34,"StrikeDummy":23,"Unceasing Top":0,"Lantern":9,"Regal Pillow":21,"Singing Bowl":0,"Torii":0,"StoneCalendar":4,"Blue Doll":2,"King of Hearts":0,"Bag of Preparation":48,"Smiling Mask":9,"Cursed Key":34,"Ancient Tea Set":21,"Burning Blood":0,"Pet Ghost":30,"Replay:Rubber Ducky":34,"BranchBurnRelic":41,"Matryoshka":0,"Shovel":17,"Toolbox":54,"Chemical X":20,"InkBottle":17,"Paper Frog":28,"Potion Belt":48,"Self Forming Clay":31,"Golden Idol":3,"Circlet":0,"Thread and Needle":45,"PreservedInsect":0,"The Courier":27,"Omamori":25,"Ring of Greed":2,"Frozen Egg 2":0,"MawBank":42,"Busted Crown":17,"Ornamental Fan":26,"Bloody Idol":21,"Orrery":20,"Turnip":54,"Art of War":6,"Durian":0,"Garlic":0,"Bottled Lightning":14,"ReplayTheSpireMod:Ring of Challenge":2,"ReplayTheSpireMod:Lightbulb":11,"Toy Ornithopter":23,"Ice Cream":12,"Divine Protection":0,"Calipers":0,"Gremlin Horn":55,"CeramicFish":2,"Vajra":20,"Sozu":17,"Centennial Puzzle":21,"HornCleat":55,"DollysMirror":0,"Strawberry":40,"Prayer Wheel":17,"Philosopher\u0027s Stone":17,"Iron Hammer":25,"Toxic Egg 2":0,"Girya":0,"Happy Flower":0,"Ring of Hypnosis":19,"ReplayTheSpireMod:CursedCoin":54,"Replay:Grab Bag":17,"Dead Branch":39,"Oddly Smooth Stone":8,"Charon\u0027s Ashes":26,"Letter Opener":40,"War Paint":41,"Question Card":14,"Du-Vu Doll":0,"OrangePellets":31,"ReplayTheSpireMod:Spearhead":6,"Replay:Baseball":25,"Brimstone":37,"Shuriken":32,"Bronze Scales":42,"Onion Ring":42,"Simple Rune":55,"Molten Egg 2":22,"Black Star":34,"ReplayTheSpireMod:TigerMarble":8,"Grinning Jar":6,"Mirror":40,"Pocketwatch":44,"Meat on the Bone":0,"Darkstone Periapt":12,"ReplayFunnel":54,"Mango":10,"Incense Burner":38,"Juzu Bracelet":48,"ClockworkSouvenir":48,"Nunchaku":26,"Replay:Bandana":0,"Dream Catcher":23,"Chameleon Ring":44,"Mummified Hand":6,"Gambling Chip":0,"Tiny Chest":20,"Red Mask":39,"Replay:Bottled Snecko":54,"Red Skull":20,"Runic Pyramid":17,"Gremlin Food":0,"BargainBundle":0,"ReplayTheSpireMod:Ninjato":39,"Replay:Towering Pillar of Hats":12,"Guide Book":36,"Quantum Egg":3,"Replay:WaspNest":9,"Odd Mushroom":10,"Orichalcum":31,"Medical Kit":0,"White Beast Statue":28,"Mercury Hourglass":46,"Calling Bell":17,"Peace Pipe":45,"Strange Spoon":0,"Anchor":36,"ChewingGum":34,"Ring of Fury":38,"Bag of Marbles":0,"Snack Pack":0,"Membership Card":0,"TungstenRod":43,"FossilizedHelix":46},{"Golden Egg":156,"Replay:Accelerometer":254,"Ginger":10,"Whetstone":16,"Bottled Tornado":216,"Sling":66,"Ring of Searing":199,"Old Coin":210,"Blood Vial":21,"Sundial":193,"MealTicket":41,"HandDrill":0,"Replay:Bottled Flurry":190,"Kunai":50,"Replay:Wax Seal":191,"Electric Blood":139,"Replay:Bottled Steam":145,"Runic Cube":198,"betterAltar:BloodRelic":22,"Blue Candle":66,"Counterbalance":214,"ReplayTheSpireMod:Ring of Addiction":270,"Eternal Feather":16,"Pen Nib":0,"Replay:Ancient Bell":205,"Akabeko":49,"SlaversCollar":198,"Bird Faced Urn":66,"Pandora\u0027s Box":237,"Mark of Pain":58,"StrikeDummy":175,"Unceasing Top":68,"Lantern":4,"Regal Pillow":51,"Singing Bowl":40,"Torii":68,"StoneCalendar":41,"Blue Doll":219,"King of Hearts":98,"Bag of Preparation":94,"Smiling Mask":16,"Cursed Key":29,"Ancient Tea Set":109,"Burning Blood":0,"Pet Ghost":177,"Replay:Rubber Ducky":205,"BranchBurnRelic":271,"Matryoshka":10,"Shovel":49,"Toolbox":248,"Chemical X":230,"InkBottle":49,"Paper Frog":26,"Potion Belt":94,"Self Forming Clay":28,"Golden Idol":69,"Circlet":0,"Thread and Needle":36,"PreservedInsect":10,"The Courier":55,"Omamori":24,"Ring of Greed":219,"Frozen Egg 2":0,"MawBank":64,"Busted Crown":259,"Ornamental Fan":24,"Bloody Idol":22,"Orrery":109,"Turnip":158,"Art of War":14,"Durian":98,"Garlic":160,"Bottled Lightning":20,"ReplayTheSpireMod:Ring of Challenge":219,"ReplayTheSpireMod:Lightbulb":167,"Toy Ornithopter":23,"Ice Cream":46,"Divine Protection":160,"Calipers":40,"Gremlin Horn":129,"CeramicFish":11,"Vajra":22,"Sozu":76,"Centennial Puzzle":51,"HornCleat":97,"DollysMirror":98,"Strawberry":121,"Prayer Wheel":21,"Philosopher\u0027s Stone":228,"Iron Hammer":112,"Toxic Egg 2":0,"Girya":191,"Happy Flower":10,"Ring of Hypnosis":199,"ReplayTheSpireMod:CursedCoin":158,"Replay:Grab Bag":198,"Dead Branch":270,"Oddly Smooth Stone":44,"Charon\u0027s Ashes":54,"Letter Opener":34,"War Paint":89,"Question Card":9,"Du-Vu Doll":40,"OrangePellets":28,"ReplayTheSpireMod:Spearhead":101,"Replay:Baseball":112,"Brimstone":31,"Shuriken":57,"Bronze Scales":35,"Onion Ring":123,"Simple Rune":129,"Molten Egg 2":232,"Black Star":85,"ReplayTheSpireMod:TigerMarble":224,"Grinning Jar":135,"Mirror":152,"Pocketwatch":124,"Meat on the Bone":130,"Darkstone Periapt":19,"ReplayFunnel":128,"Mango":45,"Incense Burner":88,"Juzu Bracelet":186,"ClockworkSouvenir":66,"Nunchaku":24,"Replay:Bandana":98,"Dream Catcher":111,"Chameleon Ring":211,"Mummified Hand":71,"Gambling Chip":40,"Tiny Chest":22,"Red Mask":151,"Replay:Bottled Snecko":128,"Red Skull":22,"Runic Pyramid":171,"Gremlin Food":191,"BargainBundle":250,"ReplayTheSpireMod:Ninjato":270,"Replay:Towering Pillar of Hats":195,"Guide Book":118,"Quantum Egg":219,"Replay:WaspNest":103,"Odd Mushroom":5,"Orichalcum":84,"Medical Kit":130,"White Beast Statue":203,"Mercury Hourglass":65,"Calling Bell":21,"Peace Pipe":125,"Strange Spoon":0,"Anchor":59,"ChewingGum":148,"Ring of Fury":270,"Bag of Marbles":98,"Snack Pack":130,"Membership Card":10,"TungstenRod":35,"FossilizedHelix":93},{"Golden Egg":513,"Replay:Accelerometer":790,"Ginger":39,"Whetstone":57,"Bottled Tornado":680,"Sling":203,"Ring of Searing":641,"Old Coin":658,"Blood Vial":72,"Sundial":619,"MealTicket":129,"HandDrill":0,"Replay:Bottled Flurry":610,"Kunai":163,"Replay:Wax Seal":613,"Electric Blood":470,"Replay:Bottled Steam":489,"Runic Cube":639,"betterAltar:BloodRelic":74,"Blue Candle":203,"Counterbalance":669,"ReplayTheSpireMod:Ring of Addiction":848,"Eternal Feather":57,"Pen Nib":0,"Replay:Ancient Bell":652,"Akabeko":159,"SlaversCollar":639,"Bird Faced Urn":203,"Pandora\u0027s Box":734,"Mark of Pain":182,"StrikeDummy":566,"Unceasing Top":212,"Lantern":11,"Regal Pillow":166,"Singing Bowl":127,"Torii":212,"StoneCalendar":129,"Blue Doll":691,"King of Hearts":364,"Bag of Preparation":337,"Smiling Mask":57,"Cursed Key":99,"Ancient Tea Set":385,"Burning Blood":0,"Pet Ghost":569,"Replay:Rubber Ducky":652,"BranchBurnRelic":850,"Matryoshka":39,"Shovel":159,"Toolbox":770,"Chemical X":713,"InkBottle":159,"Paper Frog":88,"Potion Belt":337,"Self Forming Clay":94,"Golden Idol":215,"Circlet":0,"Thread and Needle":116,"PreservedInsect":39,"The Courier":176,"Omamori":80,"Ring of Greed":691,"Frozen Egg 2":0,"MawBank":195,"Busted Crown":806,"Ornamental Fan":80,"Bloody Idol":74,"Orrery":385,"Turnip":523,"Art of War":53,"Durian":364,"Garlic":531,"Bottled Lightning":66,"ReplayTheSpireMod:Ring of Challenge":691,"ReplayTheSpireMod:Lightbulb":542,"Toy Ornithopter":77,"Ice Cream":148,"Divine Protection":531,"Calipers":127,"Gremlin Horn":430,"CeramicFish":43,"Vajra":74,"Sozu":241,"Centennial Puzzle":166,"HornCleat":355,"DollysMirror":364,"Strawberry":411,"Prayer Wheel":72,"Philosopher\u0027s Stone":708,"Iron Hammer":392,"Toxic Egg 2":0,"Girya":613,"Happy Flower":39,"Ring of Hypnosis":641,"ReplayTheSpireMod:CursedCoin":523,"Replay:Grab Bag":639,"Dead Branch":848,"Oddly Smooth Stone":142,"Charon\u0027s Ashes":172,"Letter Opener":111,"War Paint":319,"Question Card":33,"Du-Vu Doll":127,"OrangePellets":94,"ReplayTheSpireMod:Spearhead":370,"Replay:Baseball":392,"Brimstone":103,"Shuriken":180,"Bronze Scales":113,"Onion Ring":417,"Simple Rune":430,"Molten Egg 2":718,"Black Star":297,"ReplayTheSpireMod:TigerMarble":700,"Grinning Jar":452,"Mirror":505,"Pocketwatch":419,"Meat on the Bone":435,"Darkstone Periapt":65,"ReplayFunnel":429,"Mango":144,"Incense Burner":313,"Juzu Bracelet":595,"ClockworkSouvenir":203,"Nunchaku":80,"Replay:Bandana":364,"Dream Catcher":389,"Chameleon Ring":659,"Mummified Hand":222,"Gambling Chip":127,"Tiny Chest":74,"Red Mask":501,"Replay:Bottled Snecko":429,"Red Skull":74,"Runic Pyramid":556,"Gremlin Food":613,"BargainBundle":778,"ReplayTheSpireMod:Ninjato":848,"Replay:Towering Pillar of Hats":628,"Guide Book":407,"Quantum Egg":691,"Replay:WaspNest":373,"Odd Mushroom":14,"Orichalcum":286,"Medical Kit":435,"White Beast Statue":647,"Mercury Hourglass":200,"Calling Bell":72,"Peace Pipe":420,"Strange Spoon":0,"Anchor":183,"ChewingGum":497,"Ring of Fury":848,"Bag of Marbles":364,"Snack Pack":435,"Membership Card":39,"TungstenRod":113,"FossilizedHelix":334}],"Toy Ornithopter":22,"Unceasing Top":[9],"Pocketwatch":[58]},"card_choices":[{"not_picked":["Defy Death","Replay:Undeath\u0027s Touch","Run Through"],"picked":"SKIP","floor":1.0},{"not_picked":["Pummel","True Grit"],"picked":"Intimidate","floor":4.0},{"not_picked":["Run Through","ReplayTheSpireMod:LeadingStrike"],"picked":"Bloodletting","floor":6.0},{"not_picked":["ReplayTheSpireMod:Limb From Limb","Sentinel","Havoc"],"picked":"SKIP","floor":10.0},{"not_picked":["Headbutt","Wild Strike"],"picked":"Rupture","floor":11.0},{"not_picked":["Run Through","Rampage","Sword Boomerang"],"picked":"SKIP","floor":12.0},{"not_picked":["Clothesline","Replay:Undeath\u0027s Touch"],"picked":"Rupture","floor":14.0},{"not_picked":["Eclipse","Fiend Fire"],"picked":"Hemogenesis","floor":16.0},{"not_picked":["Warcry"],"picked":"SKIP","floor":18.0},{"not_picked":["Warcry+1"],"picked":"SKIP","floor":19.0},{"not_picked":["True Grit"],"picked":"SKIP","floor":22.0},{"not_picked":["Twin Strike"],"picked":"SKIP","floor":23.0},{"not_picked":["Perfected Strike"],"picked":"SKIP","floor":25.0},{"not_picked":["Clash"],"picked":"Singing Bowl","floor":28.0},{"not_picked":["Pommel Strike"],"picked":"Singing Bowl","floor":29.0},{"not_picked":["Second Wind+1"],"picked":"Singing Bowl","floor":31.0},{"not_picked":[],"picked":"Feed","floor":33.0},{"not_picked":["Defy Death+1"],"picked":"Singing Bowl","floor":35.0},{"not_picked":[],"picked":"Pummel","floor":37.0},{"not_picked":[],"picked":"Iron Wave+1","floor":40.0},{"not_picked":[],"picked":"Life Link+1","floor":42.0},{"not_picked":["Anger"],"picked":"Singing Bowl","floor":44.0},{"not_picked":[],"picked":"Replay:Undeath\u0027s Touch","floor":45.0},{"not_picked":["Evolve"],"picked":"Singing Bowl","floor":45.0},{"not_picked":[],"picked":"Infernal Blade+1","floor":48.0},{"not_picked":["Sword Boomerang+1"],"picked":"Singing Bowl","floor":48.0},{"not_picked":["Headbutt"],"picked":"Singing Bowl","floor":55.0}],"player_experience":1377584,"relics_obtained":[{"floor":6.0,"key":"Mummified Hand"},{"floor":8.0,"key":"Odd Mushroom"},{"floor":9.0,"key":"Replay:Accelerometer"},{"floor":10.0,"key":"Oddly Smooth Stone"},{"floor":14.0,"key":"Shuriken"},{"floor":23.0,"key":"Blood Vial"},{"floor":25.0,"key":"Toxic Egg 2"},{"floor":26.0,"key":"Singing Bowl"},{"floor":28.0,"key":"Bronze Scales"},{"floor":31.0,"key":"Pocketwatch"},{"floor":37.0,"key":"Prayer Wheel"},{"floor":38.0,"key":"Ring of Fury"},{"floor":38.0,"key":"ReplayTheSpireMod:Ring of Addiction"},{"floor":38.0,"key":"Chameleon Ring"},{"floor":38.0,"key":"Toy Ornithopter"},{"floor":40.0,"key":"Replay:Towering Pillar of Hats"},{"floor":40.0,"key":"Pet Ghost"},{"floor":42.0,"key":"Ginger"},{"floor":42.0,"key":"Replay:Rubber Ducky"},{"floor":44.0,"key":"Old Coin"},{"floor":44.0,"key":"Replay:Wax Seal"},{"floor":55.0,"key":"HornCleat"},{"floor":55.0,"key":"Replay:Bottled Snecko"}],"event_choices":[{"cards_removed":["Strike_R"],"damage_healed":0.0,"max_hp_gain":0.0,"max_hp_loss":0.0,"gold_gain":0.0,"event_name":"Golden Wing","player_choice":"Card Removal","floor":3.0,"gold_loss":0.0,"damage_taken":7.0},{"damage_healed":0.0,"max_hp_gain":0.0,"max_hp_loss":0.0,"gold_gain":0.0,"event_name":"Golden Idol","player_choice":"Take Wound","floor":5.0,"gold_loss":0.0,"damage_taken":0.0,"relics_obtained":["Golden Idol"],"cards_obtained":["Injury"]},{"damage_healed":0.0,"max_hp_gain":0.0,"max_hp_loss":0.0,"gold_gain":0.0,"event_name":"Mushrooms","player_choice":"Fought Mushrooms","floor":8.0,"gold_loss":0.0,"damage_taken":0.0},{"cards_removed":["Strike_R"],"damage_healed":0.0,"max_hp_gain":0.0,"max_hp_loss":0.0,"gold_gain":0.0,"event_name":"Purifier","player_choice":"Purged","floor":21.0,"gold_loss":0.0,"damage_taken":0.0},{"damage_healed":0.0,"max_hp_gain":0.0,"max_hp_loss":0.0,"gold_gain":0.0,"cards_transformed":["Defend_R","Defend_R"],"event_name":"Designer","player_choice":"Transformed Cards","floor":30.0,"gold_loss":75.0,"damage_taken":0.0,"cards_obtained":["Anger","Pommel Strike"]},{"damage_healed":0.0,"max_hp_gain":0.0,"max_hp_loss":0.0,"gold_gain":333.0,"event_name":"The Moai Head","player_choice":"Gave Idol","floor":36.0,"relics_lost":["Golden Idol"],"gold_loss":0.0,"damage_taken":0.0},{"damage_healed":0.0,"max_hp_gain":0.0,"max_hp_loss":0.0,"gold_gain":0.0,"event_name":"Mysterious Sphere","player_choice":"Fight","floor":37.0,"gold_loss":0.0,"damage_taken":0.0},{"damage_healed":0.0,"max_hp_gain":0.0,"max_hp_loss":0.0,"gold_gain":0.0,"event_name":"Lab","player_choice":"Got Potions","floor":47.0,"gold_loss":0.0,"damage_taken":0.0}],"is_beta":false,"boss_relics":[{"not_picked":["Tiny House","Astrolabe"],"picked":"Busted Crown"},{"not_picked":["Mark of Pain","Runic Pyramid"],"picked":"Replay:Grab Bag"},{"not_picked":["Velvet Choker","Sozu"],"picked":"Philosopher\u0027s Stone"},{"not_picked":["Ooze Armor","Cursed Key"],"picked":"Electric Blood"},{"not_picked":["Black Blood","SacredBark"],"picked":"Black Star"},{"not_picked":["Replay:Drink Me","Empty Cage"],"picked":"SlaversCollar"}],"items_purged_floors":[0,0,7,20,54],"is_endless":false,"potions_floor_spawned":[4,8,10,14,23,25,29,31,33,40,42,44,55],"ascension_level":20}}