{"host":"mitsb0f2d3kywzzp","time":1609620353,"event":{"mods":["AchievementEnabler","BaseMod","Colored Map","Colored Powertips","Downfall","Hermit","Highlight Path","Marisa????????","Minty Spire (QoL Compilation)","READ ME - Guardian Mod","Rare Cards Sparkle","Replay The Spire","StSLib","SuperFastMode","The Cursed","The Necromancer","The Servant 0.9.4"],"gold_per_floor":[113,123,0,0,0,21,35,35,35,35,60,75,75,75,75,35,35,156,156,170,269,293,318,88,88,123,123,147,172,172,172,172,195,195,315,315,335,668,88,107,157,205,217,242,254,266,297,330,365,400,412,424],"floor_reached":53,"playtime":3400,"items_purged":["TheCursedMod:Defend_TheCursed","TheCursedMod:CursedMace"],"score":1151,"play_id":"ae6a9959-e3ba-458a-8b41-c0e3c99e7e6c","local_time":"20210102154553","is_ascension_mode":false,"campfire_choices":[{"data":"Defend_W","floor":8,"key":"PURGE"},{"data":"Strike_R","floor":10,"key":"PURGE"},{"data":"TheCursedMod:PrepareRite","floor":13,"key":"PURGE"},{"data":"TheCursedMod:Strike_TheCursed","floor":17,"key":"PURGE"},{"data":"TheCursedMod:FuryStrike","floor":25,"key":"PURGE"},{"data":"TheCursedMod:CollectTribute","floor":31,"key":"SMITH"},{"data":"TheCursedMod:CleanUpWorkshop","floor":34,"key":"SMITH"},{"data":"TheCursedMod:CollectTribute","floor":43,"key":"SMITH"},{"data":"TheCursedMod:SpitefulPlan","floor":46,"key":"SMITH"},{"data":"TheCursedMod:CursedWand","floor":51,"key":"SMITH"}],"circlet_count":0,"master_deck":["TheCursedMod:Strike_TheCursed+1","TheCursedMod:Strike_TheCursed+1","TheCursedMod:Strike_TheCursed+1","TheCursedMod:Defend_TheCursed+1","TheCursedMod:Defend_TheCursed+1","TheCursedMod:CursedWand+1","TheCursedMod:CleanUpWorkshop+1","TheCursedMod:Dregs","TheCursedMod:WearCloak","Injury","TheCursedMod:AbyssShockwave","TheCursedMod:CursedAmulet","TheCursedMod:CircleOfCorruption","TheCursedMod:WearCloak","TheCursedMod:WearCloak","TheCursedMod:CollectTribute+1","CurseOfTheBell","TheCursedMod:Wield+1","TheCursedMod:SurpriseAttack+1","TheCursedMod:CursedBoomerang+1","TheCursedMod:FleshFromBone","TheCursedMod:CursedBlade","TheCursedMod:TacticalStrike+1","Shame","TheCursedMod:TroublousMinions+1","TheCursedMod:ShockAndAwe","ReplayTheSpireMod:Faulty Equipment","CommonCold","ReplayTheSpireMod:Faulty Equipment","TheCursedMod:SpitefulStrike+1","TheCursedMod:CollectTribute+1","TheCursedMod:SpitefulPlan+1","TheCursedMod:AshesToAshes","TheCursedMod:CircleOfBlood+1","TheCursedMod:TacticalStrike+1","Hallucinations","TheCursedMod:SurpriseAttack+1","TheCursedMod:SurpriseAttack+1","TheCursedMod:SurpriseAttack","Spreading Infection","TheCursedMod:Wield","TheCursedMod:RavingStaff+1","Parasite","TheCursedMod:SoulReap","TheCursedMod:WearCloak+1","TheCursedMod:SoulCrush","TheCursedMod:WearCloak","Regret"],"relics":["TheCursedMod:BlackMagic101","Peace Pipe","Du-Vu Doll","Calling Bell","MealTicket","Shuriken","CaptainsWheel","Pet Ghost","Ice Cream","Smiling Mask","Tiny Chest","Replay:Ancient Bell","Replay:Wax Seal","Mercury Hourglass","Prayer Wheel","White Beast Statue","Art of War","Ring of Greed","Ring of Chaos","MawBank","Golden Idol","ReplayTheSpireMod:Shallot","Oddly Smooth Stone"],"acts_visited":["Exordium","TheCity","TheBeyond"],"potions_floor_usage":[18,18,26,35,35,52],"damage_taken":[{"damage":0,"enemies":"2 Louse","floor":1,"turns":3},{"damage":0,"enemies":"Small Slimes","floor":2,"turns":3},{"damage":0,"enemies":"Jaw Worm","floor":6,"turns":3},{"damage":6,"enemies":"Blue Slaver","floor":7,"turns":4},{"damage":0,"enemies":"Exordium Wildlife","floor":11,"turns":2},{"damage":0,"enemies":"Looter","floor":12,"turns":2},{"damage":24,"enemies":"Hexaghost","floor":18,"turns":12},{"damage":2,"enemies":"2 Thieves","floor":20,"turns":3},{"damage":2,"enemies":"3 Byrds","floor":22,"turns":4},{"damage":4,"enemies":"Snake Plant","floor":23,"turns":4},{"damage":14,"enemies":"Slavers","floor":26,"turns":4},{"damage":0,"enemies":"Sentry and Sphere","floor":29,"turns":4},{"damage":0,"enemies":"3 Cultists","floor":33,"turns":3},{"damage":26,"enemies":"Pondfish","floor":35,"turns":13},{"damage":0,"enemies":"Orb Walker","floor":37,"turns":2},{"damage":0,"enemies":"3 Darklings","floor":40,"turns":3},{"damage":6,"enemies":"R_Hoarder","floor":42,"turns":4},{"damage":0,"enemies":"4 Shapes","floor":44,"turns":3},{"damage":0,"enemies":"Jaw Worm Horde","floor":47,"turns":2},{"damage":0,"enemies":"Writhing Mass","floor":48,"turns":2},{"damage":15,"enemies":"Transient","floor":49,"turns":5},{"damage":0,"enemies":"Maw","floor":50,"turns":3},{"damage":0,"enemies":"Donu and Deca","floor":52,"turns":4}],"seed_played":"436605477498299309","potions_obtained":[{"floor":1,"key":"Weak Potion"},{"floor":6,"key":"LifebloodPotion"},{"floor":11,"key":"AttackPotion"},{"floor":12,"key":"FearPotion"},{"floor":20,"key":"Guardian:BlockOnCardUsePotion"},{"floor":22,"key":"Adrenaline Potion"},{"floor":23,"key":"Slimebound:ThreeZeroPotion"},{"floor":40,"key":"FairyPotion"},{"floor":42,"key":"Strength Potion"},{"floor":44,"key":"Adrenaline Potion"},{"floor":47,"key":"BlessingOfTheForge"}],"is_trial":false,"path_per_floor":["M","M","$","?","?","M","M","R","T","R","M","M","R","PTL","PTL","$","R","B",null,"M","?","M","M","$","R","E","?","T","M","?","R","?","M","R","B",null,"M","?","$","M","?","E","R","M","T","R","M","M","M","M","R","B",null],"character_chosen":"THE_CURSED","items_purchased":["TheCursedMod:WearCloak","TheCursedMod:WearCloak","Pet Ghost","TheCursedMod:FleshFromBone","TheCursedMod:CursedBlade","White Beast Statue","TheCursedMod:SpitefulPlan","Art of War","TheCursedMod:AshesToAshes"],"campfire_rested":0,"item_purchase_floors":[3,16,24,24,24,39,39,39,39],"current_hp_per_floor":[75,75,75,75,68,68,62,62,62,62,62,62,62,62,62,62,62,38,75,73,73,71,67,75,75,61,61,61,61,61,61,61,61,61,35,75,75,75,75,75,75,69,69,73,73,73,75,75,75,75,75,75],"gold":436,"neow_bonus":"ONE_RARE_RELIC","is_daily":false,"chose_seed":false,"campfire_upgraded":5,"win_rate":0.0,"timestamp":1609620353,"path_taken":["M","M","$","?","?","M","M","R","T","R","M","M","R","PTL","PTL","?","R","BOSS","M","?","M","M","$","R","E","?","T","M","?","R","?","M","R","BOSS","M","?","$","M","?","E","R","M","T","R","M","M","M","M","R","BOSS"],"items_purchased_type":["Card","Card","Relic","Card","Card","Relic","Card","Relic","Card"],"build_version":"2020-12-22","purchased_purges":2,"victory":true,"max_hp_per_floor":[75,75,75,75,75,75,75,75,75,75,75,75,75,75,75,75,75,75,75,75,75,75,75,75,75,75,75,75,75,75,75,75,75,75,75,75,75,75,75,75,75,75,75,75,75,75,75,75,75,75,75,75],"card_choices":[{"not_picked":["TheCursedMod:CircleOfWindfury","TheCursedMod:Torture"],"picked":"TheCursedMod:CursedMace","floor":1},{"not_picked":["TheCursedMod:SoulReap","TheCursedMod:SurpriseAttack"],"picked":"TheCursedMod:FuryStrike","floor":2},{"not_picked":["TheCursedMod:CircleOfAmplification","TheCursedMod:SurpriseAttack"],"picked":"TheCursedMod:PrepareRite","floor":6},{"not_picked":["TheCursedMod:CursedMace","TheCursedMod:ReleasedKnowledge"],"picked":"TheCursedMod:AbyssShockwave","floor":7},{"not_picked":["TheCursedMod:CircleOfFocus","TheCursedMod:FleshFromBone"],"picked":"TheCursedMod:CursedAmulet","floor":11},{"not_picked":["TheCursedMod:Stretching","TheCursedMod:TacticalStrike"],"picked":"TheCursedMod:CircleOfCorruption","floor":12},{"not_picked":["TheCursedMod:CursedRelics","TheCursedMod:DemonicPact"],"picked":"TheCursedMod:CollectTribute","floor":18},{"not_picked":["TheCursedMod:Hemoplague","TheCursedMod:ManaBullet+1"],"picked":"TheCursedMod:Wield+1","floor":20},{"not_picked":["TheCursedMod:SoulReap","TheCursedMod:Obscuration"],"picked":"TheCursedMod:SurpriseAttack+1","floor":22},{"not_picked":["TheCursedMod:BlessingInDisguise","TheCursedMod:Grudge"],"picked":"TheCursedMod:CursedBoomerang+1","floor":23},{"not_picked":["TheCursedMod:TacticalStrike","TheCursedMod:SoulCrush","TheCursedMod:Evocation"],"picked":"SKIP","floor":26},{"not_picked":["TheCursedMod:Stigma+1","TheCursedMod:FleshFromBone"],"picked":"TheCursedMod:TacticalStrike+1","floor":29},{"not_picked":["TheCursedMod:SmokeScreen+1","TheCursedMod:UltimatePain"],"picked":"TheCursedMod:TroublousMinions+1","floor":33},{"not_picked":["TheCursedMod:OutForBlood","TheCursedMod:ManaCirculation"],"picked":"TheCursedMod:ShockAndAwe","floor":35},{"not_picked":["hexamod:Haunted","AbeCurse"],"picked":"ReplayTheSpireMod:Faulty Equipment","floor":36},{"not_picked":["Overencumbered","Languid"],"picked":"CommonCold","floor":36},{"not_picked":["Amnesia","Regret"],"picked":"ReplayTheSpireMod:Faulty Equipment","floor":36},{"not_picked":["TheCursedMod:CircleOfCorruption+1","TheCursedMod:RavingStaff+1"],"picked":"TheCursedMod:SpitefulStrike+1","floor":37},{"not_picked":["TheCursedMod:SpreadPlague+1","TheCursedMod:Obscuration"],"picked":"TheCursedMod:CollectTribute","floor":37},{"not_picked":["TheCursedMod:FleshFromBone+1","TheCursedMod:VitalStrike"],"picked":"TheCursedMod:CircleOfBlood+1","floor":40},{"not_picked":["TheCursedMod:Obscuration","TheCursedMod:CursedShiv+1"],"picked":"TheCursedMod:TacticalStrike+1","floor":40},{"not_picked":["TheCursedMod:CollectTribute","TheCursedMod:CursedStaff"],"picked":"TheCursedMod:SurpriseAttack+1","floor":42},{"not_picked":["TheCursedMod:FuryStrike","TheCursedMod:CursedAmulet"],"picked":"TheCursedMod:SurpriseAttack+1","floor":44},{"not_picked":["TheCursedMod:Stretching","TheCursedMod:CircleOfAbyss"],"picked":"TheCursedMod:SurpriseAttack","floor":44},{"not_picked":["TheCursedMod:RavingStaff","TheCursedMod:Evocation+1"],"picked":"TheCursedMod:Wield","floor":47},{"not_picked":["TheCursedMod:Stretching+1","TheCursedMod:CircleOfWindfury+1"],"picked":"TheCursedMod:RavingStaff+1","floor":47},{"not_picked":["TheCursedMod:PrepareRite+1","TheCursedMod:FuryStrike+1"],"picked":"TheCursedMod:SoulReap","floor":48},{"not_picked":["TheCursedMod:FleshFromBone+1","TheCursedMod:DoubleShield+1"],"picked":"TheCursedMod:WearCloak+1","floor":48},{"not_picked":["TheCursedMod:CursedMace","TheCursedMod:CursedBoomerang+1"],"picked":"TheCursedMod:SoulCrush","floor":49},{"not_picked":["TheCursedMod:CursedAmulet","TheCursedMod:TacticalStrike","TheCursedMod:Obscuration"],"picked":"SKIP","floor":49},{"not_picked":["TheCursedMod:RavingStaff","TheCursedMod:TroublousMinions+1"],"picked":"TheCursedMod:WearCloak","floor":50},{"not_picked":["TheCursedMod:RavingStaff","TheCursedMod:CursedStaff","TheCursedMod:AshesToAshes"],"picked":"SKIP","floor":50}],"player_experience":323399,"relics_obtained":[{"floor":9,"key":"Du-Vu Doll"},{"floor":19,"key":"MealTicket"},{"floor":19,"key":"Shuriken"},{"floor":19,"key":"CaptainsWheel"},{"floor":26,"key":"Ice Cream"},{"floor":28,"key":"Smiling Mask"},{"floor":41,"key":"Ring of Greed"},{"floor":41,"key":"Ring of Chaos"},{"floor":41,"key":"MawBank"},{"floor":41,"key":"Golden Idol"},{"floor":42,"key":"ReplayTheSpireMod:Shallot"},{"floor":45,"key":"Oddly Smooth Stone"}],"event_choices":[{"damage_healed":0,"gold_gain":0,"player_choice":"Take Wound","damage_taken":0,"relics_obtained":["Golden Idol"],"max_hp_gain":0,"max_hp_loss":0,"event_name":"Golden Idol","floor":4,"gold_loss":0,"cards_obtained":["Injury"]},{"cards_removed":["TheCursedMod:Defend_TheCursed"],"damage_healed":0,"gold_gain":0,"player_choice":"Card Removal","damage_taken":7,"max_hp_gain":0,"max_hp_loss":0,"event_name":"Golden Wing","floor":5,"gold_loss":0},{"damage_healed":0,"gold_gain":99,"player_choice":"Stole From Cult","damage_taken":0,"max_hp_gain":0,"max_hp_loss":0,"event_name":"Nest","floor":21,"gold_loss":0},{"damage_healed":0,"gold_gain":0,"player_choice":"Ignored","damage_taken":0,"max_hp_gain":0,"max_hp_loss":0,"event_name":"Vampires","floor":27,"gold_loss":0},{"damage_healed":0,"gold_gain":0,"player_choice":"Simplicity","damage_taken":0,"max_hp_gain":0,"max_hp_loss":0,"event_name":"Back to Basics","floor":30,"gold_loss":0,"cards_upgraded":["TheCursedMod:Strike_TheCursed","TheCursedMod:Strike_TheCursed","TheCursedMod:Strike_TheCursed","TheCursedMod:Defend_TheCursed","TheCursedMod:Defend_TheCursed"]},{"damage_healed":0,"gold_gain":0,"player_choice":"Stole Relic","damage_taken":0,"relics_obtained":["Tiny Chest"],"max_hp_gain":0,"max_hp_loss":0,"event_name":"Addict","floor":32,"gold_loss":0,"cards_obtained":["Shame"]},{"damage_healed":0,"gold_gain":333,"player_choice":"Gave Idol","damage_taken":0,"max_hp_gain":0,"max_hp_loss":0,"event_name":"The Moai Head","floor":38,"relics_lost":["Golden Idol"],"gold_loss":0}],"is_beta":false,"boss_relics":[{"not_picked":["Sozu","ReplayTheSpireMod:DimensionalGlitch"],"picked":"Calling Bell"},{"not_picked":["Runic Dome","Replay:Wanted Poster"],"picked":"Replay:Ancient Bell"},{"not_picked":["ReplayTheSpireMod:TigerMarble","Dream Catcher"],"picked":"Replay:Wax Seal"},{"not_picked":["Darkstone Periapt","HornCleat"],"picked":"Mercury Hourglass"},{"not_picked":["Unceasing Top","Replay:Kaleidoscope"],"picked":"Prayer Wheel"}],"items_purged_floors":[3,39],"is_endless":false,"potions_floor_spawned":[1,6,11,12,20,22,23,40,42,44,47,48,49,50],"ascension_level":0}}