{"host":"662n7794wuevbd4i","time":1609602616,"event":{"mods":["BaseMod","KOR Keyword Fix","Minty Spire (QoL Compilation)","StSLib","The Cursed","The Dragon Tamer","The Hierophant","The Poker Player"],"gold_per_floor":[117,130,146,157,176,176,207,207,288,20,20,33,11,40,40,141,141,155,41,71,3,16,16,16,28,40,52,80,92,104,128,140,152,152,152],"floor_reached":33,"playtime":2116,"items_purged":["DTMod:Strike"],"score":280,"play_id":"6464f87e-220c-47bc-ad38-2617c4b7aa85","local_time":"20210103005016","is_ascension_mode":false,"metric_token":543,"campfire_choices":[{"data":"DTMod:FlameSlash","floor":6,"key":"SMITH"},{"floor":15,"key":"REST"},{"data":"DTMod:GearUp","floor":23,"key":"SMITH"},{"data":"DTMod:WarmUp","floor":25,"key":"SMITH"},{"data":"DTMod:Astonish","floor":27,"key":"SMITH"},{"data":"DTMod:CrossStep","floor":30,"key":"SMITH"},{"data":"DTMod:Threaten","floor":32,"key":"SMITH"}],"dtmod_dragon_data":[49,56,0,-1,12,0],"circlet_count":0,"master_deck":["DTMod:Strike","DTMod:Strike","DTMod:TargetDefense","DTMod:TargetDefense","DTMod:TargetDefense","DTMod:SwitchingTactic","DTMod:Threaten+1","DTMod:FlameSlash+1","DTMod:Astonish+1","DTMod:Conduct","DTMod:FlameSlash","DTMod:SneakAttack","DTMod:TagTeam","DTMod:GearUp+1","DTMod:BalancedStrike+1","DTMod:Harmonize+1","DTMod:Haste+1","DTMod:MagiciansMark+1","DTMod:ForkedFire","DTMod:TauntingStrike","DTMod:WarmUp+1","DTMod:Conduct+1","DTMod:CrossStep+1","DTMod:MagicField+1"],"relics":["DTMod:PactStone","NeowsBlessing","Pantograph","Eternal Feather","Letter Opener","Girya","Astrolabe","Red Mask","MawBank","Kunai"],"acts_visited":["Exordium","TheCity"],"potions_floor_usage":[12,31,31],"damage_taken":[{"damage":0,"enemies":"Cultist","floor":1,"turns":1},{"damage":0,"enemies":"2 Louse","floor":2,"turns":1},{"damage":0,"enemies":"Small Slimes","floor":3,"turns":1},{"damage":10,"enemies":"3 Louse","floor":4,"turns":3},{"damage":3,"enemies":"Gremlin Gang","floor":5,"turns":5},{"damage":22,"enemies":"3 Sentries","floor":7,"turns":4},{"damage":12,"enemies":"Blue Slaver","floor":12,"turns":4},{"damage":0,"enemies":"Lagavulin","floor":14,"turns":5},{"damage":40,"enemies":"Hexaghost","floor":16,"turns":14},{"damage":0,"enemies":"Shell Parasite","floor":18,"turns":6},{"damage":25,"enemies":"Masked Bandits","floor":20,"turns":4},{"damage":13,"enemies":"Spheric Guardian","floor":22,"turns":5},{"damage":0,"enemies":"Centurion and Healer","floor":28,"turns":8},{"damage":5,"enemies":"Snecko","floor":31,"turns":5},{"damage":46,"enemies":"Automaton","floor":33,"turns":12}],"seed_played":"520709275644054359","potions_obtained":[{"floor":1,"key":"Regen Potion"},{"floor":7,"key":"SteroidPotion"},{"floor":18,"key":"GamblersBrew"},{"floor":22,"key":"AttackPotion"},{"floor":31,"key":"SteroidPotion"}],"is_trial":false,"path_per_floor":["M","M","M","M","M","R","E","?","T","$","?","M","?","E","R","B",null,"M","$","?","$","M","R","?","R","T","R","M","?","R","M","R","B"],"character_chosen":"THE_DT","items_purchased":["DTMod:FlameSlash","Letter Opener","DTMod:ForkedFire","DTMod:WarmUp"],"campfire_rested":1,"item_purchase_floors":[10,10,19,21],"current_hp_per_floor":[45,45,45,35,32,32,10,10,10,10,10,7,7,7,29,5,45,45,45,20,20,7,19,19,31,31,43,43,43,45,40,45,0,0,0],"gold":152,"neow_bonus":"THREE_ENEMY_KILL","is_daily":false,"chose_seed":false,"campfire_upgraded":6,"win_rate":0.0,"timestamp":1609602616,"path_taken":["M","M","M","M","M","R","E","?","T","$","?","M","?","E","R","BOSS","M","$","?","$","M","R","?","R","T","R","?","?","R","M","R","BOSS"],"items_purchased_type":["Card","Relic","Card","Card"],"build_version":"2020-12-22","purchased_purges":1,"victory":false,"max_hp_per_floor":[45,45,45,45,45,45,45,45,45,45,45,45,45,45,45,45,45,45,45,45,45,45,45,45,45,45,45,45,45,45,45,45,45,45,45],"card_choices":[{"not_picked":["DTMod:Astonish","DTMod:FlameSlash"],"picked":"DTMod:Threaten","floor":1},{"not_picked":["DTMod:Hide","DTMod:ComboAttack"],"picked":"DTMod:FlameSlash","floor":2},{"not_picked":["DTMod:Shift","DTMod:Weaken","DTMod:PurifyingFlame"],"picked":"SKIP","floor":3},{"not_picked":["DTMod:Training","DTMod:CalculatedDefense"],"picked":"DTMod:Astonish","floor":4},{"not_picked":["DTMod:BreakAttack","DTMod:CleansingStrike"],"picked":"DTMod:FlameSlash","floor":5},{"not_picked":["DTMod:LowKick","DTMod:Overwhelm"],"picked":"DTMod:Conduct","floor":7},{"not_picked":["DTMod:StarRain","DTMod:GearUp"],"picked":"DTMod:SneakAttack","floor":12},{"not_picked":["DTMod:BlueScale","DTMod:Conduct"],"picked":"DTMod:TagTeam","floor":14},{"not_picked":["DTMod:ResonanceForm","DTMod:HeadStart"],"picked":"DTMod:GearUp","floor":16},{"not_picked":["DTMod:MagicField+1","DTMod:BurningForce"],"picked":"DTMod:MagiciansMark+1","floor":18},{"not_picked":["DTMod:Punisher","DTMod:BlazingStrike"],"picked":"DTMod:TauntingStrike","floor":20},{"not_picked":["DTMod:Training","DTMod:BurningEnergy"],"picked":"DTMod:Conduct+1","floor":22},{"not_picked":["DTMod:ComboAttack+1","DTMod:CleansingStrike+1"],"picked":"DTMod:CrossStep","floor":28},{"not_picked":["DTMod:RunningTactic","DTMod:Training"],"picked":"DTMod:MagicField+1","floor":31}],"player_experience":123394,"relics_obtained":[{"floor":7,"key":"Pantograph"},{"floor":9,"key":"Eternal Feather"},{"floor":14,"key":"Girya"},{"floor":20,"key":"Red Mask"},{"floor":26,"key":"Kunai"}],"event_choices":[{"damage_healed":0,"gold_gain":0,"player_choice":"Ignored","damage_taken":0,"max_hp_gain":0,"max_hp_loss":0,"event_name":"Liars Game","floor":8,"gold_loss":0},{"damage_healed":0,"gold_gain":0,"player_choice":"Ignored","damage_taken":0,"max_hp_gain":0,"max_hp_loss":0,"event_name":"Shining Light","floor":11,"gold_loss":0},{"damage_healed":0,"gold_gain":0,"player_choice":"Left Gold","damage_taken":0,"max_hp_gain":0,"max_hp_loss":0,"event_name":"World of Goop","floor":13,"gold_loss":22},{"damage_healed":0,"gold_gain":0,"player_choice":"Fought Bandits","damage_taken":0,"max_hp_gain":0,"max_hp_loss":0,"event_name":"Masked Bandits","floor":20,"gold_loss":0},{"cards_removed":["DTMod:FlameSlash"],"damage_healed":0,"gold_gain":0,"player_choice":"Gave Card","damage_taken":0,"relics_obtained":["MawBank"],"max_hp_gain":0,"max_hp_loss":0,"event_name":"WeMeetAgain","floor":24,"gold_loss":0},{"damage_healed":0,"gold_gain":0,"player_choice":"Ignored","damage_taken":0,"max_hp_gain":0,"max_hp_loss":0,"event_name":"Ghosts","floor":29,"gold_loss":0}],"is_beta":false,"boss_relics":[{"not_picked":["Philosopher\u0027s Stone","SlaversCollar"],"picked":"Astrolabe"}],"items_purged_floors":[19],"is_endless":false,"potions_floor_spawned":[1,7,18,22,31],"killed_by":"Automaton","ascension_level":0}}