{"host":"of54lgomlc4q20p4","time":1609551660,"event":{"mods":["2.2 Compatiblity","BaseMod","Colored Map","Downfall","Hermit","Hubris","Infinite Spire","Minty Spire (QoL Compilation)","Robot Space Explorer","StSLib","The Cursed","The Disciple","The Necromancer","The Poker Player","The Runesmith"],"gold_per_floor":[99,110,19,19,30,30,84,84,113,23,198,40,40,57,70,70,70,70],"floor_reached":16,"playtime":1402,"items_purged":[],"score":98,"play_id":"ff23486e-26a1-4e7a-a853-c5fb193b8ebe","local_time":"20210101204100","is_ascension_mode":false,"campfire_choices":[{"data":"Slimebound:CorrosiveSpit","floor":1,"key":"SMITH"}],"circlet_count":0,"master_deck":["Slimebound:Strike_Slimebound","Slimebound:Strike_Slimebound","Slimebound:Strike_Slimebound","Slimebound:Tackle","Slimebound:Defend_Slimebound","Slimebound:Defend_Slimebound","Slimebound:Defend_Slimebound","Slimebound:Defend_Slimebound","Slimebound:Split","Slimebound:CorrosiveSpit+1","Slimebound:PressTheAttack","Slimebound:LeechEnergy","Slimebound:SplitAcid","Slimebound:Repurpose+1","Slimebound:Gluttony","Slimebound:ItLooksTasty","Slimebound:LeadByExample","Doubt","Slimebound:MegaLick","Slimebound:LeechEnergy","Slimebound:SamplingLick"],"relics":["Slimebound:AbsorbEndCombat","Blood Vial","infinitespire:Joker Card","infinitespire:Beetle Shell","Slimebound:AggressiveSlimeRelic","downfall:BrokenWingStatue"],"acts_visited":["Exordium"],"potions_floor_usage":[12,12,16,16],"damage_taken":[{"damage":8,"enemies":"Cultist","floor":2,"turns":4},{"damage":15,"enemies":"downfall:FleeingMerchant","floor":3,"turns":4},{"damage":14,"enemies":"Jaw Worm","floor":5,"turns":3},{"damage":27,"enemies":"3 Sentries","floor":9,"turns":6},{"damage":14,"enemies":"downfall:FleeingMerchant","floor":10,"turns":4},{"damage":26,"enemies":"downfall:FleeingMerchant","floor":12,"turns":4},{"damage":23,"enemies":"Small Slimes","floor":14,"turns":3},{"damage":25,"enemies":"Exordium Wildlife","floor":15,"turns":4},{"damage":41,"enemies":"downfall:Defect","floor":16,"turns":6}],"seed_played":"8376149981559952860","potions_obtained":[{"floor":5,"key":"Energy Potion"},{"floor":9,"key":"EntropicBrew"},{"floor":15,"key":"Slimebound:SlimyTonguePotion"}],"is_trial":false,"path_per_floor":["R","M","$","?","M","?","T","?","E","$","?","$","?","M","M","B"],"character_chosen":"SLIMEBOUND","items_purchased":["Slimebound:LeechEnergy","Slimebound:SplitAcid","Slimebound:LeadByExample","Slimebound:AggressiveSlimeRelic"],"campfire_rested":0,"item_purchase_floors":[3,3,10,12],"current_hp_per_floor":[66,62,59,64,64,64,64,52,39,43,43,29,29,18,11,0,0,0],"gold":70,"neow_bonus":"TEN_PERCENT_HP_BONUS","is_daily":false,"chose_seed":false,"campfire_upgraded":1,"win_rate":0.0,"timestamp":1609551660,"path_taken":["R","M","$","?","?","?","T","?","E","$","?","$","?","M","M","BOSS"],"items_purchased_type":["Card","Card","Card","Relic"],"build_version":"2020-12-22","purchased_purges":0,"victory":false,"max_hp_per_floor":[66,66,66,66,66,66,66,66,66,66,66,66,66,66,66,66,66,66],"card_choices":[{"not_picked":["Slimebound:LeadByExample","Slimebound:ComboTackle"],"picked":"Slimebound:SplitLeeching","floor":2},{"not_picked":["Slimebound:ItLooksTasty","Slimebound:SamplingLick"],"picked":"Slimebound:PressTheAttack","floor":3},{"not_picked":["Slimebound:SplitLeeching","Slimebound:PressTheAttack"],"picked":"Slimebound:Repurpose","floor":5},{"not_picked":["Slimebound:MassRepurpose","Slimebound:SlimeBarrage"],"picked":"Slimebound:Gluttony","floor":9},{"not_picked":["Slimebound:Chomp","Slimebound:SamplingLick"],"picked":"Slimebound:ItLooksTasty","floor":10},{"not_picked":["Slimebound:LeechingTouch","Slimebound:ProtectTheBoss"],"picked":"Slimebound:MegaLick","floor":12},{"not_picked":["Slimebound:HauntingLick","Slimebound:FormOfPuddle"],"picked":"Slimebound:LeechEnergy","floor":14},{"not_picked":["Slimebound:HauntingLick","Slimebound:MegaLick"],"picked":"Slimebound:SamplingLick","floor":15}],"player_experience":52327,"relics_obtained":[{"floor":7,"key":"Blood Vial"},{"floor":9,"key":"infinitespire:Beetle Shell"}],"event_choices":[{"cards_removed":["Slimebound:SplitLeeching"],"damage_healed":5,"gold_gain":0,"player_choice":"Offered Common","damage_taken":0,"max_hp_gain":0,"max_hp_loss":0,"event_name":"Bonfire Elementals","floor":4,"gold_loss":0},{"cards_removed":["Slimebound:SplitLeeching"],"damage_healed":5,"gold_gain":0,"player_choice":"Offered Special","damage_taken":0,"max_hp_gain":0,"max_hp_loss":0,"event_name":"Bonfire Elementals","floor":4,"gold_loss":0},{"damage_healed":0,"gold_gain":0,"player_choice":"Grow","damage_taken":0,"max_hp_gain":0,"max_hp_loss":0,"event_name":"Living Wall","floor":6,"gold_loss":0,"cards_upgraded":["Slimebound:Repurpose"]},{"damage_healed":0,"gold_gain":0,"player_choice":"Success","damage_taken":12,"relics_obtained":["infinitespire:Joker Card"],"max_hp_gain":0,"max_hp_loss":0,"event_name":"Scrap Ooze","floor":8,"gold_loss":0}],"is_beta":false,"boss_relics":[],"items_purged_floors":[],"is_endless":false,"potions_floor_spawned":[5,9,15],"killed_by":"downfall:Defect","ascension_level":0}}