{"host":"50per11302020","time":1609573987,"event":{"mods":["AchievementEnabler","BaseMod","Colored Map","Minty Spire (QoL Compilation)","Relic Stats","StSLib"],"gold_per_floor":[217,228,245,93,93,126,142,172,198,215,244,244,260,276,276,375,375,389,38,48,48,96,122,122,154,154,179,179,179,213,231,231,329,329,349,12,29,29,44,79,99,99,126,140,140,152,187,207,207,207],"floor_reached":51,"playtime":6386,"items_purged":["Strike_G"],"score":977,"play_id":"cf111147-df0d-4f9c-864b-acdd2337a818","local_time":"20210101235307","is_ascension_mode":true,"campfire_choices":[{"floor":15,"key":"REST"},{"floor":24,"key":"REST"},{"floor":28,"key":"REST"},{"floor":32,"key":"REST"},{"data":"Calculated Gamble","floor":42,"key":"SMITH"},{"floor":45,"key":"REST"},{"floor":49,"key":"REST"}],"circlet_count":0,"master_deck":["Strike_G","Strike_G","Strike_G","Strike_G","Defend_G","Defend_G","Defend_G+1","Defend_G","Defend_G","Survivor","Neutralize","Riddle With Holes+1","Backflip","Backstab","Crippling Poison","Venomology","Blade Dance","Dash","Well Laid Plans","Neutralize","Bullet Time","Calculated Gamble","Malaise","Panacea","Outmaneuver+1","Ghostly","Ghostly","Ghostly","Ghostly","Ghostly","Heel Hook","Caltrops","Acrobatics","Flying Knee","Malaise","Venomology","Finisher+1","Dagger Spray+1","Deflect+1","Corpse Explosion","Blade Dance","Blade Dance","Accuracy+1","Calculated Gamble+1","Dodge and Roll","Blade Dance+1","Terror","Catalyst+1","Cloak And Dagger+1"],"relics":["Ring of the Snake","Blood Vial","Dream Catcher","Tiny Chest","Lantern","SacredBark","Mummified Hand","Boot","Torii","Omamori","Kunai","Du-Vu Doll","Lizard Tail","Calling Bell","Anchor","Shuriken","The Specimen","TwistedFunnel","Strawberry","Regal Pillow","Juzu Bracelet","Bird Faced Urn"],"acts_visited":["Exordium","TheCity","TheBeyond"],"potions_floor_usage":[6,8,10,11,13,16,18,18,23,23,23,23,25,27,30,31,31,33,33,33,35,37,37,38,39,40,40,40,41,44,44,46,50,50,50,50,50],"damage_taken":[{"damage":4,"enemies":"Small Slimes","floor":1,"turns":5},{"damage":0,"enemies":"2 Louse","floor":2,"turns":3},{"damage":0,"enemies":"Cultist","floor":3,"turns":4},{"damage":0,"enemies":"Gremlin Nob","floor":6,"turns":2},{"damage":15,"enemies":"Large Slime","floor":7,"turns":9},{"damage":12,"enemies":"Lagavulin","floor":8,"turns":4},{"damage":0,"enemies":"Looter","floor":10,"turns":3},{"damage":13,"enemies":"Gremlin Nob","floor":11,"turns":3},{"damage":0,"enemies":"Red Slaver","floor":13,"turns":2},{"damage":0,"enemies":"Lots of Slimes","floor":14,"turns":4},{"damage":22,"enemies":"The Guardian","floor":16,"turns":13},{"damage":5,"enemies":"Chosen","floor":18,"turns":5},{"damage":2,"enemies":"Shell Parasite","floor":20,"turns":9},{"damage":29,"enemies":"Gremlin Leader","floor":23,"turns":9},{"damage":8,"enemies":"Slavers","floor":25,"turns":5},{"damage":4,"enemies":"Gremlin Leader","floor":27,"turns":9},{"damage":5,"enemies":"Slavers","floor":30,"turns":6},{"damage":1,"enemies":"3 Cultists","floor":31,"turns":6},{"damage":18,"enemies":"Champ","floor":33,"turns":20},{"damage":1,"enemies":"Orb Walker","floor":35,"turns":4},{"damage":1,"enemies":"3 Shapes","floor":37,"turns":3},{"damage":0,"enemies":"Transient","floor":39,"turns":5},{"damage":16,"enemies":"Giant Head","floor":40,"turns":8},{"damage":9,"enemies":"Sphere and 2 Shapes","floor":41,"turns":8},{"damage":10,"enemies":"Writhing Mass","floor":44,"turns":9},{"damage":0,"enemies":"Jaw Worm Horde","floor":46,"turns":2},{"damage":29,"enemies":"Nemesis","floor":47,"turns":5},{"damage":1,"enemies":"Spire Growth","floor":48,"turns":5},{"damage":18,"enemies":"Awakened One","floor":50,"turns":11}],"seed_played":"2465329059018519734","potions_obtained":[{"floor":2,"key":"SteroidPotion"},{"floor":3,"key":"ColorlessPotion"},{"floor":6,"key":"Strength Potion"},{"floor":20,"key":"Swift Potion"},{"floor":23,"key":"Ancient Potion"},{"floor":30,"key":"SkillPotion"},{"floor":33,"key":"GhostInAJar"},{"floor":38,"key":"Fruit Juice"},{"floor":38,"key":"DuplicationPotion"},{"floor":38,"key":"EssenceOfSteel"},{"floor":39,"key":"Fire Potion"},{"floor":41,"key":"Fruit Juice"},{"floor":44,"key":"DistilledChaos"}],"is_trial":false,"path_per_floor":["M","M","M","$","?","E","M","E","T","M","E","?","M","M","R","B",null,"M","$","M","?","T","E","R","E","T","E","R","?","E","M","R","B",null,"M","$","M","?","M","E","M","R","T","M","R","M","E","M","R","B",null],"character_chosen":"THE_SILENT","items_purchased":["Crippling Poison","Mummified Hand","Panacea","TwistedFunnel","Strawberry","Blade Dance"],"campfire_rested":6,"item_purchase_floors":[4,19,19,36,36,36],"current_hp_per_floor":[66,66,66,66,52,52,39,29,29,31,20,20,22,24,45,25,70,65,65,65,35,35,6,16,10,10,8,18,18,15,16,26,10,35,34,41,41,51,52,36,29,29,29,31,62,62,33,34,62,46],"gold":207,"neow_bonus":"HUNDRED_GOLD","is_daily":false,"chose_seed":false,"campfire_upgraded":1,"win_rate":0.0,"timestamp":1609573987,"path_taken":["M","M","M","$","?","E","M","E","T","M","E","?","?","M","R","BOSS","M","$","M","?","?","E","R","E","T","E","R","?","E","M","R","BOSS","M","$","M","?","M","E","?","R","T","M","R","M","E","M","R","BOSS"],"items_purchased_type":["Card","Relic","Card","Relic","Relic","Card"],"build_version":"2020-12-18","purchased_purges":1,"victory":true,"max_hp_per_floor":[70,70,70,70,70,70,70,70,70,70,70,70,70,70,70,70,70,70,70,70,35,35,35,35,35,35,35,35,35,35,35,35,35,35,35,42,42,52,52,52,52,52,52,62,62,62,62,62,62,62],"relic_stats":{"Regal Pillow":23,"Torii":20,"counters":[29,181],"Juzu Bracelet":0,"Boot":[223],"Blood Vial":34,"Dream Catcher":6,"Lizard Tail":0,"Mummified Hand":[30],"Shuriken":[36],"Bird Faced Urn":[2],"Tiny Chest":1,"Kunai":[56],"obtain_stats":[{"TwistedFunnel":36,"Lantern":11,"Regal Pillow":40,"Torii":23,"The Specimen":34,"SacredBark":17,"Omamori":25,"Juzu Bracelet":43,"Boot":22,"Blood Vial":6,"Du-Vu Doll":27,"Calling Bell":34,"Dream Catcher":8,"Lizard Tail":30,"Anchor":34,"Mummified Hand":19,"Shuriken":34,"Strawberry":36,"Bird Faced Urn":47,"Tiny Chest":9,"Kunai":26,"Ring of the Snake":0},{"TwistedFunnel":20,"Lantern":8,"Regal Pillow":23,"Torii":14,"The Specimen":19,"SacredBark":11,"Omamori":15,"Juzu Bracelet":24,"Boot":13,"Blood Vial":4,"Du-Vu Doll":16,"Calling Bell":19,"Dream Catcher":6,"Lizard Tail":17,"Anchor":19,"Mummified Hand":12,"Shuriken":19,"Strawberry":20,"Bird Faced Urn":27,"Tiny Chest":6,"Kunai":15,"Ring of the Snake":0},{"TwistedFunnel":125,"Lantern":33,"Regal Pillow":141,"Torii":75,"The Specimen":121,"SacredBark":52,"Omamori":80,"Juzu Bracelet":149,"Boot":66,"Blood Vial":14,"Du-Vu Doll":89,"Calling Bell":121,"Dream Catcher":27,"Lizard Tail":95,"Anchor":121,"Mummified Hand":57,"Shuriken":121,"Strawberry":125,"Bird Faced Urn":165,"Tiny Chest":27,"Kunai":80,"Ring of the Snake":0}],"Ring of the Snake":[58]},"card_choices":[{"not_picked":["Quick Slash","Leg Sweep"],"picked":"Riddle With Holes","floor":1},{"not_picked":["Well Laid Plans","Poisoned Stab"],"picked":"Backflip","floor":2},{"not_picked":["Infinite Blades","Slice"],"picked":"Backstab","floor":3},{"not_picked":["Slice","PiercingWail"],"picked":"Venomology","floor":6},{"not_picked":["Sucker Punch","Tactician"],"picked":"Blade Dance","floor":7},{"not_picked":["Outmaneuver","Backflip"],"picked":"Dash","floor":8},{"not_picked":["Prepared","Poisoned Stab","PiercingWail"],"picked":"SKIP","floor":10},{"not_picked":["Backflip","Flying Knee"],"picked":"Well Laid Plans","floor":11},{"not_picked":["Blade Dance","Backflip","Underhanded Strike"],"picked":"SKIP","floor":13},{"not_picked":["Sucker Punch","Backflip"],"picked":"Bullet Time","floor":14},{"not_picked":["Infinite Blades","Bane"],"picked":"Calculated Gamble","floor":15},{"not_picked":["Die Die Die","Doppelganger"],"picked":"Malaise","floor":16},{"not_picked":["Cloak And Dagger","Dodge and Roll","Backflip"],"picked":"SKIP","floor":18},{"not_picked":["Blade Dance","Deflect+1"],"picked":"Outmaneuver+1","floor":20},{"not_picked":["Escape Plan+1","Skewer"],"picked":"Heel Hook","floor":23},{"not_picked":["PiercingWail+1","Quick Slash"],"picked":"Caltrops","floor":24},{"not_picked":["Terror","Underhanded Strike"],"picked":"Acrobatics","floor":25},{"not_picked":["PiercingWail","Backstab"],"picked":"Flying Knee","floor":27},{"not_picked":["Cloak And Dagger","Sucker Punch+1"],"picked":"Malaise","floor":28},{"not_picked":["Quick Slash+1","Dodge and Roll"],"picked":"Finisher+1","floor":30},{"not_picked":["Backflip","Underhanded Strike"],"picked":"Dagger Spray+1","floor":31},{"not_picked":["Outmaneuver","Eviscerate"],"picked":"Deflect+1","floor":32},{"not_picked":["Adrenaline","Die Die Die"],"picked":"Corpse Explosion","floor":33},{"not_picked":["Dagger Spray","Sucker Punch+1"],"picked":"Blade Dance","floor":35},{"not_picked":["Acrobatics","Masterful Stab+1","Bane+1"],"picked":"SKIP","floor":37},{"not_picked":["Flying Knee+1","Quick Slash"],"picked":"Accuracy+1","floor":39},{"not_picked":["Wraith Form v2","Eviscerate"],"picked":"Calculated Gamble","floor":40},{"not_picked":["Predator+1","Sucker Punch+1"],"picked":"Dodge and Roll","floor":41},{"not_picked":["Prepared","Riddle With Holes"],"picked":"Blade Dance+1","floor":44},{"not_picked":["Blur","Acrobatics+1"],"picked":"Terror","floor":45},{"not_picked":["Prepared","Deflect+1"],"picked":"Catalyst+1","floor":46},{"not_picked":["Slice+1","Endless Agony","Deadly Poison"],"picked":"SKIP","floor":47},{"not_picked":["Deflect","Corpse Explosion"],"picked":"Cloak And Dagger+1","floor":48}],"player_experience":40206,"relics_obtained":[{"floor":6,"key":"Blood Vial"},{"floor":8,"key":"Dream Catcher"},{"floor":9,"key":"Tiny Chest"},{"floor":11,"key":"Lantern"},{"floor":22,"key":"Boot"},{"floor":23,"key":"Torii"},{"floor":25,"key":"Omamori"},{"floor":26,"key":"Kunai"},{"floor":27,"key":"Du-Vu Doll"},{"floor":30,"key":"Lizard Tail"},{"floor":34,"key":"Anchor"},{"floor":34,"key":"Shuriken"},{"floor":34,"key":"The Specimen"},{"floor":40,"key":"Regal Pillow"},{"floor":43,"key":"Juzu Bracelet"},{"floor":47,"key":"Bird Faced Urn"}],"event_choices":[{"damage_healed":0,"gold_gain":0,"player_choice":"Entered Light","damage_taken":14,"max_hp_gain":0,"max_hp_loss":0,"event_name":"Shining Light","floor":5,"gold_loss":0,"cards_upgraded":["Riddle With Holes","Defend_G"]},{"damage_healed":0,"gold_gain":0,"player_choice":"1 cards matched","damage_taken":0,"max_hp_gain":0,"max_hp_loss":0,"event_name":"Match and Keep!","floor":12,"gold_loss":0,"cards_obtained":["Neutralize"]},{"damage_healed":0,"gold_gain":0,"player_choice":"Became a Ghost","damage_taken":0,"max_hp_gain":0,"max_hp_loss":35,"event_name":"Ghosts","floor":21,"gold_loss":0,"cards_obtained":["Ghostly","Ghostly","Ghostly","Ghostly","Ghostly"]},{"damage_healed":0,"gold_gain":0,"player_choice":"Copied","damage_taken":0,"max_hp_gain":0,"max_hp_loss":0,"event_name":"Duplicator","floor":29,"gold_loss":0,"cards_obtained":["Venomology"]},{"damage_healed":0,"gold_gain":0,"player_choice":"Got Potions","damage_taken":0,"max_hp_gain":0,"max_hp_loss":0,"event_name":"Lab","floor":38,"gold_loss":0}],"is_beta":true,"boss_relics":[{"not_picked":["HoveringKite","Empty Cage"],"picked":"SacredBark"},{"not_picked":["Black Star","Astrolabe"],"picked":"Calling Bell"}],"items_purged_floors":[4],"is_endless":false,"potions_floor_spawned":[2,3,6,14,20,23,30,33,39,41,44,46],"ascension_level":3}}