{"host":"nkolxg4se00n20yf","time":1609626283,"event":{"mods":["BaseMod","CatGirl Mod","Chen","Colored Map","Colored Powertips","Downfall","Friendly Minions","Infinite Spire","Kiyohime????","Marisa????????","Minty Spire (QoL Compilation)","StSLib","Td1madao Mod","The Administrix","The Cursed","The Exalted","The Hierophant","The Servant 0.9.4"],"gold_per_floor":[20,20,20,43,68,68,111,111,186,227,227,227,245,279,279,375,375,388,388,388,388,412,412,412,446,446,4,44,44,58,76,76,174,174,195,320,343,367,367,411,411,431,431,449,449,485,510,544,544,637,733,733,751,300,323,338,349,369,369,401,401,414,414,414,414,455,455,529,529,534,548,102,105,127,152,202,202,225,256,270,299,299,313,313,392,437,461,473,473,523,169,169,502,525,534,534,541,541,570,586,598,659,719,740,752,133,160,118,118],"floor_reached":108,"playtime":5833,"items_purged":["Writhe","Strike_MRS","infinitespire:Pacifist"],"score":6297,"play_id":"64a0cd93-eb51-4954-84a3-7508ad798505","local_time":"20210102232443","is_ascension_mode":true,"campfire_choices":[{"data":"EarthLightRay","floor":6.0,"key":"SMITH"},{"floor":8.0,"key":"REST"},{"floor":11.0,"key":"REST"},{"floor":15.0,"key":"REST"},{"data":"MasterSpark","floor":23.0,"key":"SMITH"},{"data":"PropBag","floor":32.0,"key":"SMITH"},{"floor":41.0,"key":"REST"},{"floor":45.0,"key":"REST"},{"floor":49.0,"key":"REST"},{"floor":63,"key":"REST"},{"floor":65,"key":"REST"},{"data":"infinitespire:TheBestDefense","floor":67,"key":"SMITH"},{"data":"CollectingQuirk","floor":77,"key":"SMITH"},{"data":"MillisecondPulsars","floor":82,"key":"SMITH"},{"data":"CasketOfStar","floor":84,"key":"SMITH"},{"data":"CasketOfStar","floor":92,"key":"SMITH"},{"data":"AbsoluteMagnitude","floor":96,"key":"SMITH"},{"data":"CasketOfStar","floor":98,"key":"SMITH"},{"data":"EventHorizon","floor":101,"key":"SMITH"},{"data":"EnergyFlow","floor":105,"key":"SMITH"}],"circlet_count":0,"master_deck":["AscendersBane","MasterSpark+1","UpSweep+1","EarthLightRay+1","OrrerysSun","Acceleration","SporeBomb","NonDirectionalLaser","CasketOfStar+1","UltimateShortwave","RitualDagger","EarthLightRay","infinitespire:Starlight","OortCloud","PropBag+1","MillisecondPulsars+1","infinitespire:TheBestDefense+1","AbsoluteMagnitude+1","RefractionSpark","GrandCross","ChargingUp","StarDustReverie","CasketOfStar+1","CollectingQuirk+1","WitchOfGreed","AsteroidBelt","SprinkleStarSeal","TreasureHunter","infinitespire:Gouge","expansioncontent:QuickStudy","EventHorizon+1","EventHorizon+1","LuminesStrike","CasketOfStar+1","Singularity","EventHorizon+1","MillisecondPulsars","EnergyFlow+1","ManaRampage","CurseOfTheBell","Thinking Ahead"],"relics":["MiniHakkero","Juzu Bracelet","infinitespire:EmpoweringShard","Potion Belt","infinitespire:Bottled Soul","ExperimentalFamiliar","SlaversCollar","Toy Ornithopter","infinitespire:Lucky Rock","Bromod:ArcaneMomentum","infinitespire:BottledMercury","Whetstone","Toy Ornithopter","MutagenicStrength","infinitespire:Cupcake","Bromod:ArcaneFury","Bromod:ArcaneAegis","Blue Candle","Lantern","Ornamental Fan","Cursed Key","Membership Card","Bromod:ArcanePistoleer","Omamori","infinitespire:Beetle Shell","Bag of Marbles","Sundial","Happy Flower","Bromod:ArcaneEnergize","Sling","infinitespire:Eraser","CeramicFish","InkBottle","Oddly Smooth Stone","Orichalcum","PreservedInsect","infinitespire:PuzzleCube","infinitespire:Golems Mask","Pandora\u0027s Box","Ice Cream","Regal Pillow","Chemical X","Akabeko","Eternal Feather","infinitespire:WardingShard","Molten Egg 2","MawBank","Calling Bell","MealTicket","White Beast Statue","Bromod:ArcanePulse","Bromod:ArcaneUltimatum","PrismaticShard","Singing Bowl","Bottled Lightning","Kunai"],"acts_visited":["Exordium","TheCity","TheBeyond","Exordium","TheCity","TheBeyond","TheEnding"],"potions_floor_usage":[56,58,58,66,74,79,80,81,83,87,87,100,102,103,103,103,108],"damage_taken":[{"damage":2.0,"enemies":"Cultist","floor":1.0,"turns":4.0},{"damage":0.0,"enemies":"2 Louse","floor":4.0,"turns":2.0},{"damage":3.0,"enemies":"Small Slimes","floor":5.0,"turns":3.0},{"damage":41.0,"enemies":"Gremlin Nob","floor":7.0,"turns":4.0},{"damage":43.0,"enemies":"3 Sentries","floor":10.0,"turns":12.0},{"damage":11.0,"enemies":"Blue Slaver","floor":13.0,"turns":4.0},{"damage":10.0,"enemies":"Gremlin Nob","floor":14.0,"turns":3.0},{"damage":28.0,"enemies":"Slime Boss","floor":16.0,"turns":8.0},{"damage":6.0,"enemies":"Spheric Guardian","floor":18.0,"turns":3.0},{"damage":2.0,"enemies":"Chosen","floor":22.0,"turns":3.0},{"damage":19.0,"enemies":"Slavers","floor":25.0,"turns":3.0},{"damage":6.0,"enemies":"Book of Stabbing","floor":28.0,"turns":3.0},{"damage":6.0,"enemies":"Shelled Parasite and Fungi","floor":30.0,"turns":2.0},{"damage":0.0,"enemies":"Sentry and Sphere","floor":31.0,"turns":1.0},{"damage":56.0,"enemies":"Champ","floor":33.0,"turns":7.0},{"damage":0.0,"enemies":"Orb Walker","floor":35.0,"turns":2.0},{"damage":44.0,"enemies":"infinitespire:Three Voidlings","floor":36.0,"turns":4.0},{"damage":79.0,"enemies":"Nightmare_Alpha","floor":36.0,"turns":8.0},{"damage":13.0,"enemies":"3 Shapes","floor":37.0,"turns":2.0},{"damage":12.0,"enemies":"Writhing Mass","floor":38.0,"turns":3.0},{"damage":35.0,"enemies":"Nemesis","floor":40.0,"turns":3.0},{"damage":25.0,"enemies":"3 Darklings","floor":42.0,"turns":3.0},{"damage":16.0,"enemies":"Jaw Worm Horde","floor":44.0,"turns":3.0},{"damage":13.0,"enemies":"Giant Head","floor":46.0,"turns":4.0},{"damage":42.0,"enemies":"4 Shapes","floor":47.0,"turns":1.0},{"damage":45.0,"enemies":"Nemesis","floor":48.0,"turns":5.0},{"damage":56.0,"enemies":"infinitespire:MassOfShapes","floor":50.0,"turns":5.0},{"damage":32,"enemies":"Donu and Deca","floor":51,"turns":4},{"damage":0,"enemies":"2 Louse","floor":53,"turns":1},{"damage":18,"enemies":"Jaw Worm","floor":55,"turns":2},{"damage":0,"enemies":"Small Slimes","floor":56,"turns":2},{"damage":0,"enemies":"3 Louse","floor":57,"turns":1},{"damage":93,"enemies":"Nightmare","floor":58,"turns":6},{"damage":0,"enemies":"Gremlin Nob","floor":60,"turns":2},{"damage":0,"enemies":"2 Fungi Beasts","floor":62,"turns":1},{"damage":16,"enemies":"3 Sentries","floor":66,"turns":2},{"damage":0,"enemies":"Hexaghost","floor":68,"turns":2},{"damage":44,"enemies":"2 Thieves","floor":70,"turns":2},{"damage":0,"enemies":"Shell Parasite","floor":71,"turns":1},{"damage":0,"enemies":"Shelled Parasite and Fungi","floor":73,"turns":2},{"damage":0,"enemies":"Sentry and Sphere","floor":74,"turns":4},{"damage":0,"enemies":"Gremlin Leader","floor":75,"turns":2},{"damage":19,"enemies":"Slavers","floor":79,"turns":3},{"damage":0,"enemies":"Cultist and Chosen","floor":80,"turns":2},{"damage":0,"enemies":"Gremlin Leader","floor":81,"turns":5},{"damage":40,"enemies":"Centurion and Healer","floor":83,"turns":5},{"damage":0,"enemies":"Champ","floor":85,"turns":2},{"damage":9,"enemies":"3 Shapes","floor":87,"turns":2},{"damage":1,"enemies":"3 Darklings","floor":88,"turns":2},{"damage":0,"enemies":"Reptomancer","floor":94,"turns":2},{"damage":0,"enemies":"Giant Head","floor":97,"turns":2},{"damage":0,"enemies":"Nemesis","floor":99,"turns":1},{"damage":20,"enemies":"Jaw Worm Horde","floor":100,"turns":3},{"damage":54,"enemies":"infinitespire:MassOfShapes","floor":102,"turns":3},{"damage":51,"enemies":"Time Eater","floor":103,"turns":3},{"damage":0,"enemies":"Shield and Spear","floor":107,"turns":1},{"damage":164,"enemies":"The Heart","floor":108,"turns":3}],"seed_played":"-1952651211609201911","potions_obtained":[{"floor":3.0,"key":"Slimebound:ThreeZeroPotion"},{"floor":3.0,"key":"SkillPotion"},{"floor":4.0,"key":"Guardian:BlockOnCardUsePotion"},{"floor":10.0,"key":"champ:CounterPotion"},{"floor":13.0,"key":"BottledSpark"},{"floor":16.0,"key":"PowerPotion"},{"floor":18.0,"key":"Energy Potion"},{"floor":22.0,"key":"Energy Potion"},{"floor":28.0,"key":"Dexterity Potion"},{"floor":33.0,"key":"Block Potion"},{"floor":38.0,"key":"Dexterity Potion"},{"floor":40.0,"key":"sneckomod:MuddlingPotion"},{"floor":42.0,"key":"Explosive Potion"},{"floor":46.0,"key":"sneckomod:MuddlingPotion"},{"floor":50.0,"key":"Fire Potion"},{"floor":55,"key":"SkillPotion"},{"floor":56,"key":"Block Potion"},{"floor":58,"key":"EssenceOfSteel"},{"floor":62,"key":"Swift Potion"},{"floor":66,"key":"LiquidMemories"},{"floor":68,"key":"Fire Potion"},{"floor":73,"key":"champ:CounterPotion"},{"floor":74,"key":"Explosive Potion"},{"floor":75,"key":"ShroomBrew"},{"floor":79,"key":"ColorlessPotion"},{"floor":80,"key":"Swift Potion"},{"floor":80,"key":"BlessingOfTheForge"},{"floor":81,"key":"SmokeBomb"},{"floor":83,"key":"ColorlessPotion"},{"floor":83,"key":"Explosive Potion"},{"floor":87,"key":"Weak Potion"},{"floor":87,"key":"Block Potion"},{"floor":100,"key":"StarNLove"},{"floor":100,"key":"Ancient Potion"},{"floor":102,"key":"EssenceOfSteel"},{"floor":107,"key":"BottledSpark"}],"is_trial":false,"path_per_floor":["M","?","?","M","M","R","E","R","T","E","R","?","M","E","R","B",null,"M","?","?","?","M","R","AVR","E","T","$","E","?","M","M","R","B",null,"M","?","M","M","?","E","R","M","T","M","R","E","M","E","R","B","B",null,"M","$","M","M","M","NM","?","E","T","M","R","?","R","E","R","B",null,"M","M","$","M","M","E","?","R","T","E","M","E","R","M","R","B",null,"M","M","?","?","$","R","?","E","T","R","E","R","E","M","R","B","B",null,"R","$","E","B"],"character_chosen":"MARISA","items_purchased":["infinitespire:BottledMercury","Whetstone","Membership Card","Bromod:ArcanePistoleer","Omamori","Sling","infinitespire:Eraser","CeramicFish","expansioncontent:QuickStudy","Ice Cream","Regal Pillow","Chemical X","EnergyFlow","Bromod:ArcaneUltimatum","PrismaticShard","Singing Bowl","Thinking Ahead","BottledSpark","Swift Potion","Dexterity Potion"],"campfire_rested":8,"item_purchase_floors":[27,27,54,54,54,72,72,72,72,91,91,91,91,106,106,106,106,106,106,106],"current_hp_per_floor":[75,46,46,50,51,51,16,41,41,4,29,29,24,20,45,29,70,70,70,64,64,68,68,68,65,65,65,79,79,79,79,79,49,75,79,11,14,22,39,24,49,40,40,38,63,54,26,33,58,28,2,64,64,64,56,76,84,11,11,25,25,25,49,49,73,69,69,69,78,41,51,51,55,81,81,81,81,81,68,81,81,81,71,71,71,79,81,80,80,80,80,80,80,81,81,81,81,81,81,65,81,41,34,70,81,81,83,0,0],"gold":118,"neow_bonus":"TWENTY_PERCENT_HP_BONUS","is_daily":false,"chose_seed":false,"campfire_upgraded":12,"win_rate":0.0,"timestamp":1609626283,"path_taken":["M","?","?","M","?","R","E","R","T","E","R","?","M","E","R","BOSS","M","?","?","?","M","R","AVR","E","T","$","E","?","M","M","R","BOSS","M","?","M","M","?","E","R","M","T","M","R","E","M","E","R","BOSS","BOSS","M","$","M","M","M","NM","?","E","T","M","R","?","R","E","R","BOSS","M","M","$","M","M","E","?","R","T","E","M","E","R","M","R","BOSS","M","M","?","?","$","R","?","E","T","R","E","R","E","M","R","BOSS","BOSS","R","$","E","BOSS"],"items_purchased_type":["Relic","Relic","Relic","Relic","Relic","Relic","Relic","Relic","Card","Relic","Relic","Relic","Card","Relic","Relic","Relic","Card","Potion","Potion","Potion"],"build_version":"2020-12-22","purchased_purges":3,"victory":false,"max_hp_per_floor":[84,84,84,84,84,84,84,84,84,84,84,84,84,84,84,84,84,84,84,84,84,84,84,84,84,84,84,84,84,84,84,84,84,84,84,84,84,84,84,84,84,84,84,84,84,84,84,84,84,84,84,84,84,84,84,84,84,84,81,81,81,81,81,81,81,81,81,81,81,81,81,81,81,81,81,81,81,81,81,81,81,81,81,81,81,81,81,81,81,81,81,81,81,81,81,81,81,81,81,81,81,81,81,81,81,81,83,83,83],"card_choices":[{"not_picked":["GrandCross","MilkyWay"],"picked":"EarthLightRay","floor":1.0},{"not_picked":["MysteriousBeam","IllusionStar"],"picked":"OrrerysSun","floor":4.0},{"not_picked":["EnergyRecoil","Occultation","MysteriousBeam"],"picked":"SKIP","floor":5.0},{"not_picked":["MagicChant","ManaConvection"],"picked":"Acceleration","floor":7.0},{"not_picked":["MagicChant","OneTimeOff"],"picked":"SporeBomb","floor":10.0},{"not_picked":["LuminesStrike","MysteriousBeam"],"picked":"NonDirectionalLaser","floor":13.0},{"not_picked":["StarBarrage","DoubleSpark"],"picked":"CasketOfStar","floor":14.0},{"not_picked":["AbsoluteMagnitude","SuperNova"],"picked":"UltimateShortwave","floor":16.0},{"not_picked":["MysteriousBeam","NonDirectionalLaser","Acceleration"],"picked":"SKIP","floor":18.0},{"not_picked":["UnstableBomb","StarlightTyphoon"],"picked":"EarthLightRay","floor":22.0},{"not_picked":["MilkyWay","SporeBomb"],"picked":"OortCloud","floor":25.0},{"not_picked":["MilkyWay","DC","GalacticHalo"],"picked":"SKIP","floor":28.0},{"not_picked":["ShootingEcho","EnergyRecoil","StarBarrage"],"picked":"SKIP","floor":30.0},{"not_picked":["AsteroidBelt","Singularity+1"],"picked":"PropBag","floor":31.0},{"not_picked":["JA","BinaryStars"],"picked":"MillisecondPulsars","floor":33.0},{"not_picked":["WitchLeyline","Occultation+1","AsteroidBelt"],"picked":"SKIP","floor":35.0},{"not_picked":["infinitespire:Oblivion","infinitespire:Starlight"],"picked":"infinitespire:TheBestDefense","floor":36.0},{"not_picked":["ShootingEcho","WitchLeyline"],"picked":"StarBarrage+1","floor":36.0},{"not_picked":["MachineGunSpark+1","6A+1","PowerUp+1"],"picked":"SKIP","floor":37.0},{"not_picked":["DragonMeteor+1","MilkyWay"],"picked":"AbsoluteMagnitude","floor":38.0},{"not_picked":["WitchOfGreed+1","BlazingStar"],"picked":"RefractionSpark","floor":40.0},{"not_picked":["OortCloud","IllusionStar"],"picked":"GrandCross","floor":42.0},{"not_picked":["PowerUp","WitchLeyline","LuminesStrike"],"picked":"SKIP","floor":44.0},{"not_picked":["WitchLeyline","AsteroidBelt"],"picked":"ChargingUp","floor":46.0},{"not_picked":["WitchOfGreed+1","MysteriousBeam","MeteoricShower+1"],"picked":"SKIP","floor":47.0},{"not_picked":["RefractionSpark","SporeBomb"],"picked":"StarDustReverie","floor":48.0},{"not_picked":["BinaryStars","AbsoluteMagnitude"],"picked":"CasketOfStar","floor":50.0},{"not_picked":["BinaryStars","MaximisePower"],"picked":"CollectingQuirk","floor":51},{"not_picked":["DC","OrrerysSun"],"picked":"WitchOfGreed","floor":53},{"not_picked":["Acceleration","WitchLeyline","GrandCross"],"picked":"SKIP","floor":55},{"not_picked":["Occultation","LuminesStrike"],"picked":"AsteroidBelt","floor":56},{"not_picked":["DoubleSpark","SporeBomb","EscapeVelocity"],"picked":"SKIP","floor":57},{"not_picked":["PowerUp","EventHorizon","SatelliteIllusion"],"picked":"SKIP","floor":58},{"not_picked":["SporeBomb","MilkyWay","IllusionStar"],"picked":"SKIP","floor":60},{"not_picked":["DarkMatter","DC","PowerUp"],"picked":"SKIP","floor":62},{"not_picked":["MachineGunSpark","NonDirectionalLaser"],"picked":"SprinkleStarSeal","floor":66},{"not_picked":["AbsoluteMagnitude","JA"],"picked":"TreasureHunter","floor":68},{"not_picked":["infinitespire:FutureSight","infinitespire:Starlight"],"picked":"infinitespire:Gouge","floor":69},{"not_picked":["NonDirectionalLaser","MysteriousBeam","WitchOfGreed"],"picked":"SKIP","floor":70},{"not_picked":["GrandCross","GravityBeat","SprinkleStarSeal"],"picked":"SKIP","floor":71},{"not_picked":["SporeBomb+1","Occultation","GrandCross"],"picked":"SKIP","floor":73},{"not_picked":["AsteroidBelt","NonDirectionalLaser"],"picked":"EventHorizon+1","floor":74},{"not_picked":["6A+1","SuperNova","WitchLeyline"],"picked":"SKIP","floor":75},{"not_picked":["IllusionStar","GravityBeat","DC"],"picked":"SKIP","floor":79},{"not_picked":["ChargeUpSpray","GrandCross","OpenUniverse"],"picked":"SKIP","floor":80},{"not_picked":["GravityBeat","DC","SporeBomb"],"picked":"SKIP","floor":81},{"not_picked":["SprinkleStarSeal","DoubleSpark"],"picked":"EventHorizon+1","floor":83},{"not_picked":["RefractionSpark","LuminesStrike","GalacticHalo"],"picked":"SKIP","floor":87},{"not_picked":["Occultation","NonDirectionalLaser","LuminesStrike"],"picked":"SKIP","floor":88},{"not_picked":["WitchOfGreed","DarkSpark","UnstableBomb"],"picked":"SKIP","floor":94},{"not_picked":["AlicesGift+1","OortCloud","GalacticHalo+1"],"picked":"SKIP","floor":97},{"not_picked":["ShootingEcho+1","SuperNova","GrandCross+1"],"picked":"SKIP","floor":99},{"not_picked":["RefractionSpark+1","GravityBeat+1","LuminesStrike+1"],"picked":"SKIP","floor":100},{"not_picked":["CollectingQuirk+1","BlazingStar+1"],"picked":"ManaRampage","floor":102},{"not_picked":["ThirdEye","sneckomod:QuickBite+1","AdministrixMod:JustRewards+1"],"picked":"Singing Bowl","floor":107}],"player_experience":1075707,"relics_obtained":[{"floor":7.0,"key":"Juzu Bracelet"},{"floor":9.0,"key":"infinitespire:EmpoweringShard"},{"floor":10.0,"key":"Potion Belt"},{"floor":14.0,"key":"infinitespire:Bottled Soul"},{"floor":25.0,"key":"infinitespire:Lucky Rock"},{"floor":26.0,"key":"Bromod:ArcaneMomentum"},{"floor":28.0,"key":"Toy Ornithopter"},{"floor":36.0,"key":"Bromod:ArcaneFury"},{"floor":40.0,"key":"Bromod:ArcaneAegis"},{"floor":43.0,"key":"Blue Candle"},{"floor":46.0,"key":"Lantern"},{"floor":48.0,"key":"Ornamental Fan"},{"floor":58,"key":"infinitespire:Beetle Shell"},{"floor":60,"key":"Bag of Marbles"},{"floor":61,"key":"Sundial"},{"floor":66,"key":"Happy Flower"},{"floor":75,"key":"InkBottle"},{"floor":78,"key":"Oddly Smooth Stone"},{"floor":79,"key":"Orichalcum"},{"floor":79,"key":"PreservedInsect"},{"floor":81,"key":"infinitespire:PuzzleCube"},{"floor":81,"key":"infinitespire:Golems Mask"},{"floor":94,"key":"Akabeko"},{"floor":95,"key":"Eternal Feather"},{"floor":97,"key":"infinitespire:WardingShard"},{"floor":97,"key":"Molten Egg 2"},{"floor":99,"key":"MawBank"},{"floor":104,"key":"MealTicket"},{"floor":104,"key":"White Beast Statue"},{"floor":104,"key":"Bromod:ArcanePulse"},{"floor":107,"key":"Bottled Lightning"}],"event_choices":[{"damage_healed":0.0,"max_hp_gain":0.0,"max_hp_loss":0.0,"gold_gain":0.0,"event_name":"Golden Idol","player_choice":"Take Damage","floor":2.0,"gold_loss":0.0,"damage_taken":29.0,"relics_obtained":["Golden Idol"]},{"damage_healed":0.0,"max_hp_gain":0.0,"max_hp_loss":0.0,"gold_gain":0.0,"event_name":"Lab","player_choice":"Got Potions","floor":3.0,"gold_loss":0.0,"damage_taken":0.0},{"damage_healed":0.0,"max_hp_gain":0.0,"max_hp_loss":0.0,"gold_gain":0.0,"event_name":"Golden Wing","player_choice":"Ignored","floor":12.0,"gold_loss":0.0,"damage_taken":0.0},{"damage_healed":0.0,"max_hp_gain":0.0,"max_hp_loss":0.0,"gold_gain":0.0,"event_name":"Vampires","player_choice":"Ignored","floor":19.0,"gold_loss":0.0,"damage_taken":0.0},{"damage_healed":0.0,"max_hp_gain":0.0,"max_hp_loss":0.0,"gold_gain":0.0,"event_name":"Nest","player_choice":"Joined the Cult","floor":20.0,"gold_loss":0.0,"damage_taken":6.0,"cards_obtained":["RitualDagger"]},{"cards_removed":["Strike_MRS"],"damage_healed":0.0,"max_hp_gain":0.0,"max_hp_loss":0.0,"gold_gain":0.0,"event_name":"Purifier","player_choice":"Purged","floor":21.0,"gold_loss":0.0,"damage_taken":0.0},{"damage_healed":0.0,"max_hp_gain":0.0,"max_hp_loss":0.0,"gold_gain":0.0,"event_name":"Drug Dealer","player_choice":"Inject Mutagens","floor":29.0,"gold_loss":0.0,"damage_taken":0.0,"relics_obtained":["MutagenicStrength"]},{"damage_healed":17.0,"max_hp_gain":0.0,"max_hp_loss":0.0,"gold_gain":0.0,"event_name":"Winding Halls","player_choice":"Writhe","floor":39.0,"gold_loss":0.0,"damage_taken":0.0,"cards_obtained":["Writhe"]},{"cards_removed":["Parasite"],"damage_healed":0,"gold_gain":0,"player_choice":"Removed Curses","damage_taken":0,"max_hp_gain":0,"max_hp_loss":0,"event_name":"Fountain of Cleansing","floor":59,"gold_loss":0},{"cards_removed":["Defend_MRS"],"damage_healed":0,"gold_gain":0,"player_choice":"Purged","damage_taken":0,"max_hp_gain":0,"max_hp_loss":0,"event_name":"Purifier","floor":64,"gold_loss":0},{"damage_healed":0,"gold_gain":50,"player_choice":"Stole From Cult","damage_taken":0,"max_hp_gain":0,"max_hp_loss":0,"event_name":"Nest","floor":76,"gold_loss":0},{"cards_removed":["StarBarrage"],"damage_healed":0,"gold_gain":0,"player_choice":"Removed Attack","damage_taken":0,"max_hp_gain":0,"max_hp_loss":0,"event_name":"Falling","floor":89,"gold_loss":0},{"damage_healed":0,"gold_gain":50,"player_choice":"Pray","damage_taken":0,"max_hp_gain":0,"max_hp_loss":0,"event_name":"Golden Shrine","floor":90,"gold_loss":0},{"damage_healed":0,"gold_gain":333,"player_choice":"Gave Idol","damage_taken":0,"max_hp_gain":0,"max_hp_loss":0,"event_name":"The Moai Head","floor":93,"relics_lost":["Golden Idol"],"gold_loss":0}],"is_beta":false,"boss_relics":[{"not_picked":["Empty Cage","Runic Dome"],"picked":"ExperimentalFamiliar"},{"not_picked":["Astrolabe","Runic Pyramid"],"picked":"infinitespire:Cupcake"},{"not_picked":["Velvet Choker","Coffee Dripper"],"picked":"Cursed Key"},{"not_picked":["Bromod:ArcaneBarrier","Snecko Eye"],"picked":"Bromod:ArcaneEnergize"},{"not_picked":["Velvet Choker","Bromod:ArcaneGrace"],"picked":"Pandora\u0027s Box"},{"not_picked":["Philosopher\u0027s Stone","Runic Pyramid"],"picked":"Calling Bell"}],"items_purged_floors":[54,72,106],"is_endless":true,"potions_floor_spawned":[4,10,13,16,18,22,28,33,38,40,42,46,50,56,62,68,73,74,75,80,83,87,99,100,102,107],"killed_by":"The Heart","ascension_level":20}}