{"host":"j8ly90ps7nkk24ot","time":1609578998,"event":{"mods":["AchievementEnabler","Act Like it!","Aspiration","BaseMod","Better Note","Better Sensory Stone","Better Skull","Block Reminder","Clockwork Mod","Colored Map","Colored Powertips","DeckTracker","Dio Mod","Downfall","Fiend Mod","Googly Eyes","GungeonMod","Halation","Hermit","Highlight Path","Minty Spire (QoL Compilation)","Permanent Neow","Practice Mode","Quick Restart","Rare Cards Sparkle","Relic Sorter","Relic Stats","Replay The Spire","StSLib","SuperFastMode","Synergy Search","The Bladedancer","The Bug Knight","The Construct","The Disciple","The Exalted","The Juggle","The Necromancer","The Saiyan","The Servant 0.9.4","The Showman","The Wild Card","TheBandit","TheHero","Waifu the Spire","everything is the same but u backflip on backflip","slay the spire mod where everything is the same but ironclad has a cowboy hat"],"gold_per_floor":[94,108,199,37,49,82,82,47,71,71,106,21,41,57,57,182,182,197,26,45,45,45,45],"floor_reached":22,"playtime":2203,"items_purged":["Regret"],"score":244,"play_id":"af2b3c9b-69cc-43d0-ac10-633d493554f2","local_time":"20210102011638","is_ascension_mode":false,"campfire_choices":[{"floor":7,"key":"REST"},{"data":"Saiyan:SuperSaiyanForm","floor":15,"key":"SMITH"}],"circlet_count":0,"master_deck":["Saiyan:SAIYA_Strike","Saiyan:SAIYA_Strike","Saiyan:SAIYA_Strike","Saiyan:SAIYA_Strike","Saiyan:SAIYA_Defend","Saiyan:SAIYA_Defend","Saiyan:SAIYA_Defend","Saiyan:SAIYA_Defend","Saiyan:EnergyBlast","Saiyan:KaioKen","Saiyan:RuthlessBlow","Saiyan:BigBangAttack","Saiyan:HyperTimeChamber","Saiyan:Makankosappo","Saiyan:SuperSaiyanForm+1","expansioncontent:DonusPower","Saiyan:ConcussiveBlow","Saiyan:MajinSeal","Injury","Saiyan:Scouter","Saiyan:KiExplosion","Saiyan:Furor","Saiyan:TransfigurationBeam","Saiyan:ThirstForFight","Saiyan:Momentum","Guardian:Aged","hermit:ImpendingDoom","hermit:ImpendingDoom","Saiyan:Planning+1","Saiyan:MeteorDash","Saiyan:MindBoom","Saiyan:KiStrike","sneckomod:UnknownRarePower"],"relics":["SaiyanSoul","SaiyanHeart","halation:LettersToHer","Bromod:ArcaneTempo","Bromod:ArcaneMomentum","aspiration:Lifesprig","Golden Idol","TungstenRod","Replay:Ancient Bell","Bromod:ArcaneConsequence","Darkstone Periapt","aspiration:AnachronicSnailShell"],"acts_visited":["Exordium","TheCity"],"potions_floor_usage":[11,13],"damage_taken":[{"damage":10,"enemies":"Cultist","floor":1,"turns":3},{"damage":0,"enemies":"Small Slimes","floor":2,"turns":1},{"damage":0,"enemies":"Jaw Worm","floor":5,"turns":6},{"damage":11,"enemies":"3 Sentries","floor":6,"turns":4},{"damage":12,"enemies":"HollowMod:MossKnight","floor":11,"turns":6},{"damage":0,"enemies":"Exordium Wildlife","floor":13,"turns":7},{"damage":1,"enemies":"Looter","floor":14,"turns":3},{"damage":26,"enemies":"The Guardian","floor":16,"turns":10},{"damage":55,"enemies":"Spheric Guardian","floor":18,"turns":6},{"damage":29,"enemies":"Shelled Parasite and Fungi","floor":20,"turns":5},{"damage":9,"enemies":"Chosen and Byrds","floor":22,"turns":3}],"seed_played":"8574191461295791183","potions_obtained":[{"floor":5,"key":"EntropicBrew"},{"floor":13,"key":"Fruit Juice"},{"floor":20,"key":"Fire Potion"}],"is_trial":false,"path_per_floor":["M","M","?","$","M","E","R","?","T","?","E","$","M","M","R","B",null,"M","$","M","?","M"],"character_chosen":"SAIYAJIN","items_purchased":["expansioncontent:DonusPower","Saiyan:KiExplosion","Saiyan:Furor","Saiyan:MeteorDash","Saiyan:MindBoom"],"campfire_rested":1,"item_purchase_floors":[4,12,12,19,19],"current_hp_per_floor":[51,51,27,27,27,17,35,50,50,50,39,39,45,44,44,19,88,34,34,6,6,0,0],"gold":45,"neow_bonus":"RANDOM_EVENT","is_daily":false,"chose_seed":false,"campfire_upgraded":1,"win_rate":0.0,"timestamp":1609578998,"path_taken":["M","M","?","$","?","E","R","?","T","?","E","?","M","M","R","BOSS","M","$","?","?","?"],"items_purchased_type":["Card","Card","Card","Card","Card"],"build_version":"2020-12-22","purchased_purges":1,"victory":false,"max_hp_per_floor":[61,61,61,61,61,62,62,62,62,62,63,63,69,69,69,70,88,89,89,90,90,90,90],"relic_stats":{"Darkstone Periapt":18,"counters":[11,54],"Golden Idol":46,"obtain_stats":[{"Darkstone Periapt":17,"aspiration:Lifesprig":9,"Golden Idol":10,"DemoMod:GlassGuonStoneRelic":11,"SaiyanHeart":0,"Replay:Ancient Bell":17,"Bromod:ArcaneConsequence":17,"Bromod:ArcaneMomentum":6,"aspiration:AnachronicSnailShell":17,"Bromod:ArcaneTempo":3,"SaiyanSoul":0,"halation:LettersToHer":0,"TungstenRod":11},{"Darkstone Periapt":8,"aspiration:Lifesprig":4,"Golden Idol":4,"DemoMod:GlassGuonStoneRelic":5,"SaiyanHeart":0,"Replay:Ancient Bell":8,"Bromod:ArcaneConsequence":8,"Bromod:ArcaneMomentum":4,"aspiration:AnachronicSnailShell":8,"Bromod:ArcaneTempo":2,"SaiyanSoul":0,"halation:LettersToHer":0,"TungstenRod":5},{"Darkstone Periapt":40,"aspiration:Lifesprig":14,"Golden Idol":14,"DemoMod:GlassGuonStoneRelic":20,"SaiyanHeart":0,"Replay:Ancient Bell":40,"Bromod:ArcaneConsequence":40,"Bromod:ArcaneMomentum":14,"aspiration:AnachronicSnailShell":40,"Bromod:ArcaneTempo":4,"SaiyanSoul":0,"halation:LettersToHer":0,"TungstenRod":20}],"TungstenRod":30},"card_choices":[{"not_picked":["Saiyan:DoubleMasenko","Saiyan:FingerParry"],"picked":"Saiyan:BigBangAttack","floor":1},{"not_picked":["Saiyan:DragonRadar","Saiyan:Honing"],"picked":"Saiyan:HyperTimeChamber","floor":2},{"not_picked":["Saiyan:Planning","Saiyan:BigBangAttack"],"picked":"Saiyan:Makankosappo","floor":3},{"not_picked":["Saiyan:DoubleMasenko","Saiyan:Twize"],"picked":"Saiyan:SuperSaiyanForm","floor":3},{"not_picked":["Saiyan:Kienzan","Saiyan:PlotArmor"],"picked":"Saiyan:ConcussiveBlow","floor":5},{"not_picked":["Saiyan:KameHameHa","Saiyan:ThirstForFight"],"picked":"Saiyan:MajinSeal","floor":6},{"not_picked":["Saiyan:Taunt","Saiyan:ExtremeSpeed"],"picked":"Saiyan:Scouter","floor":11},{"not_picked":["Saiyan:BigBangAttack","Saiyan:Pacing"],"picked":"Saiyan:TransfigurationBeam","floor":13},{"not_picked":["Saiyan:DragonRadar","Saiyan:Expend"],"picked":"Saiyan:ThirstForFight","floor":14},{"not_picked":["Saiyan:SolarFlare","Saiyan:GhostAttack"],"picked":"Saiyan:Momentum","floor":16},{"not_picked":["ReplayTheSpireMod:Restless Dread","Normality"],"picked":"Guardian:Aged","floor":17},{"not_picked":["hexamod:Haunted","Overencumbered"],"picked":"hermit:ImpendingDoom","floor":17},{"not_picked":["ReplayTheSpireMod:Restless Dread","Pain"],"picked":"hermit:ImpendingDoom","floor":17},{"not_picked":["Saiyan:SaiyanHubris","Saiyan:LastResort"],"picked":"Saiyan:Planning+1","floor":18},{"not_picked":["Saiyan:Honing+1","Saiyan:KiExplosion+1"],"picked":"Saiyan:KiStrike","floor":20}],"player_experience":124497,"relics_obtained":[{"floor":3,"key":"Bromod:ArcaneTempo"},{"floor":6,"key":"Bromod:ArcaneMomentum"},{"floor":9,"key":"halation:LettersToHer"},{"floor":9,"key":"aspiration:Lifesprig"},{"floor":11,"key":"TungstenRod"}],"event_choices":[{"damage_healed":0,"gold_gain":0,"player_choice":"Box","damage_taken":0,"relics_obtained":["halation:LettersToHer"],"max_hp_gain":0,"max_hp_loss":0,"event_name":"Big Fish","floor":0,"gold_loss":0,"cards_obtained":["Regret"]},{"damage_healed":15,"gold_gain":0,"player_choice":"Healed","damage_taken":0,"max_hp_gain":0,"max_hp_loss":0,"event_name":"The Cleric","floor":8,"gold_loss":35},{"damage_healed":0,"gold_gain":0,"player_choice":"Take Wound","damage_taken":0,"relics_obtained":["Golden Idol"],"max_hp_gain":0,"max_hp_loss":0,"event_name":"Golden Idol","floor":10,"gold_loss":0,"cards_obtained":["Injury"]},{"cards_removed":["Saiyan:MindBoom"],"damage_healed":0,"gold_gain":0,"player_choice":"Take \u0026 Give","damage_taken":0,"max_hp_gain":0,"max_hp_loss":0,"event_name":"betterNote:BetterNote","floor":21,"gold_loss":0,"cards_obtained":["sneckomod:UnknownRarePower"]}],"is_beta":false,"boss_relics":[{"not_picked":["ChewingGum","Ectoplasm"],"picked":"Replay:Ancient Bell"},{"not_picked":["HollowMod:PaleOreRelic","Centennial Puzzle"],"picked":"Bromod:ArcaneConsequence"},{"not_picked":["Meat on the Bone","Replay:Bottled Snecko"],"picked":"Darkstone Periapt"},{"not_picked":["Torii","Gambling Chip"],"picked":"aspiration:AnachronicSnailShell"}],"items_purged_floors":[4],"is_endless":false,"potions_floor_spawned":[5,13,20],"killed_by":"Chosen and Byrds","ascension_level":0}}