{"host":"sxnl403xm2xmiyj1","time":1609582499,"event":{"mods":["AchievementEnabler","BaseMod","Colored Map","Keyboard Shortcuts","Minty Spire (QoL Compilation)","Quick Restart","StSLib","SuperFastMode"],"gold_per_floor":[359,23,34,34,53,80,93,118,141,141,173,184,216,233,233,337,337,353,17,17,17,37,37,66,82,82,108,118,143,163,195,195,296,296,316,13,33,33,33,64,24,24,24,53,53,78,78,110,110,110,110,110,8,38,38,38],"floor_reached":55,"playtime":1772,"items_purged":["Strike_G"],"score":1727,"play_id":"0123c0e3-9324-4f4f-9430-2de5fc8237fa","local_time":"20210102191459","is_ascension_mode":true,"campfire_choices":[{"data":"Blade Dance","floor":10.0,"key":"SMITH"},{"data":"Reflex","floor":15.0,"key":"SMITH"},{"data":"A Thousand Cuts","floor":23.0,"key":"SMITH"},{"data":"Malaise","floor":32,"key":"SMITH"},{"floor":45,"key":"RECALL"},{"floor":49,"key":"REST"},{"data":"Choke","floor":52,"key":"SMITH"}],"circlet_count":0,"master_deck":["AscendersBane","Strike_G","Strike_G","Strike_G","Strike_G","Defend_G+1","Defend_G","Defend_G","Defend_G+1","Defend_G","Survivor","Neutralize","Acrobatics","Infinite Blades","Blade Dance+1","Underhanded Strike","Leg Sweep","PiercingWail","Backstab","Reflex+1","Backflip","Tools of the Trade","Well Laid Plans","Malaise+1","Choke+1","A Thousand Cuts+1","Cloak And Dagger","Slice","Prepared+1","Footwork","Footwork+1","Dagger Throw","Masterful Stab+1","PiercingWail+1","Backflip","Adrenaline","Blade Dance+1","Terror","Footwork","Escape Plan","Madness","Madness","Endless Agony+1","Accuracy","Finesse+1","Tactician+1","PiercingWail+1","Underhanded Strike","Blade Dance+1","Deflect+1","Prepared+1"],"relics":["Ring of the Serpent","Ninja Scroll","Thread and Needle","Oddly Smooth Stone","Anchor","Dream Catcher","InkBottle","WristBlade","MutagenicStrength","Pear","Calipers","Mercury Hourglass","War Paint","PreservedInsect","Toxic Egg 2","Bottled Tornado","Ice Cream","Ancient Tea Set","Regal Pillow","Mummified Hand"],"acts_visited":["Exordium","TheCity","TheBeyond","TheEnding"],"potions_floor_usage":[29,33,44,46,50,54,55],"damage_taken":[{"damage":0.0,"enemies":"Jaw Worm","floor":1.0,"turns":5.0},{"damage":0.0,"enemies":"Cultist","floor":3.0,"turns":3.0},{"damage":0.0,"enemies":"Small Slimes","floor":5.0,"turns":3.0},{"damage":8.0,"enemies":"3 Sentries","floor":6.0,"turns":8.0},{"damage":0.0,"enemies":"Looter","floor":7.0,"turns":3.0},{"damage":1.0,"enemies":"Lagavulin","floor":8.0,"turns":6.0},{"damage":0.0,"enemies":"3 Sentries","floor":11.0,"turns":8.0},{"damage":0.0,"enemies":"Blue Slaver","floor":12.0,"turns":2.0},{"damage":0.0,"enemies":"Gremlin Nob","floor":13.0,"turns":2.0},{"damage":0.0,"enemies":"2 Fungi Beasts","floor":14.0,"turns":3.0},{"damage":0.0,"enemies":"The Guardian","floor":16.0,"turns":16.0},{"damage":0.0,"enemies":"3 Byrds","floor":18.0,"turns":4.0},{"damage":0.0,"enemies":"Spheric Guardian","floor":22.0,"turns":1.0},{"damage":0.0,"enemies":"Slavers","floor":24.0,"turns":4.0},{"damage":0.0,"enemies":"Chosen and Byrds","floor":25.0,"turns":5.0},{"damage":0.0,"enemies":"Book of Stabbing","floor":27.0,"turns":5.0},{"damage":0.0,"enemies":"Shelled Parasite and Fungi","floor":28.0,"turns":7.0},{"damage":0,"enemies":"Gremlin Leader","floor":29,"turns":7},{"damage":0,"enemies":"3 Cultists","floor":30,"turns":4},{"damage":0,"enemies":"Slavers","floor":31,"turns":5},{"damage":15,"enemies":"Automaton","floor":33,"turns":8},{"damage":0,"enemies":"Orb Walker","floor":35,"turns":3},{"damage":0,"enemies":"3 Shapes","floor":37,"turns":4},{"damage":10,"enemies":"Nemesis","floor":40,"turns":5},{"damage":8,"enemies":"Giant Head","floor":44,"turns":5},{"damage":5,"enemies":"Nemesis","floor":46,"turns":5},{"damage":0,"enemies":"Giant Head","floor":48,"turns":5},{"damage":19,"enemies":"Awakened One","floor":50,"turns":10},{"damage":7,"enemies":"Shield and Spear","floor":54,"turns":5},{"damage":69,"enemies":"The Heart","floor":55,"turns":5}],"seed_played":"6111855992463784375","potions_obtained":[{"floor":4.0,"key":"CunningPotion"},{"floor":4.0,"key":"Fire Potion"},{"floor":7.0,"key":"AttackPotion"},{"floor":8.0,"key":"FearPotion"},{"floor":13.0,"key":"LiquidMemories"},{"floor":14.0,"key":"Energy Potion"},{"floor":16.0,"key":"ColorlessPotion"},{"floor":18.0,"key":"Block Potion"},{"floor":27.0,"key":"AttackPotion"},{"floor":30,"key":"Ancient Potion"},{"floor":33,"key":"Swift Potion"},{"floor":44,"key":"ColorlessPotion"},{"floor":46,"key":"Swift Potion"},{"floor":54,"key":"Fire Potion"}],"is_trial":false,"path_per_floor":["M","$","M","?","M","E","M","E","T","R","E","M","E","M","R","B",null,"M","$","?","?","M","R","E","M","T","E","M","E","M","E","R","B",null,"M","$","M","?","?","E","$","?","T","E","R","E","?","E","R","B",null,"R","$","E","B"],"character_chosen":"THE_SILENT","items_purchased":["Infinite Blades","Ninja Scroll","Blade Dance","A Thousand Cuts","Cloak And Dagger","Slice","Terror","PreservedInsect","Footwork","Accuracy","Deflect+1","Strength Potion"],"campfire_rested":1,"item_purchase_floors":[2,2,2,19,19,19,36,36,36,41,53,53],"current_hp_per_floor":[45,45,45,45,45,37,37,36,36,36,36,36,36,36,36,36,62,62,62,62,62,62,62,72,72,72,72,72,72,72,72,72,57,74,74,74,74,74,64,54,54,54,54,46,46,41,41,41,80,61,75,75,75,68,0,0],"gold":38,"neow_bonus":"TWO_FIFTY_GOLD","is_daily":false,"chose_seed":false,"campfire_upgraded":5,"win_rate":0.0,"timestamp":1609582499,"path_taken":["M","$","M","?","?","E","M","E","T","R","E","M","E","M","R","BOSS","M","$","?","?","M","R","E","M","T","E","M","E","M","E","R","BOSS","M","$","M","?","?","E","$","?","T","E","R","E","?","E","R","BOSS","R","$","E","BOSS"],"items_purchased_type":["Card","Relic","Card","Card","Card","Card","Card","Relic","Card","Card","Card","Potion"],"build_version":"2020-12-22","purchased_purges":1,"victory":false,"max_hp_per_floor":[70,70,70,70,70,70,70,70,70,70,70,70,70,70,70,70,70,70,70,70,70,70,70,80,80,80,80,80,80,80,80,80,80,80,80,80,80,80,80,80,80,80,80,80,80,80,80,80,80,80,80,80,80,80,80,80],"card_choices":[{"not_picked":["Flying Knee","Deflect"],"picked":"Acrobatics","floor":1.0},{"not_picked":["Acrobatics","Outmaneuver"],"picked":"Deflect","floor":3.0},{"not_picked":["Leg Sweep","Poisoned Stab"],"picked":"Underhanded Strike","floor":5.0},{"not_picked":["Riddle With Holes","Outmaneuver"],"picked":"Leg Sweep","floor":6.0},{"not_picked":["Poisoned Stab","Deadly Poison"],"picked":"PiercingWail","floor":7.0},{"not_picked":["Bullet Time","Dagger Spray"],"picked":"Backstab","floor":8.0},{"not_picked":["Deadly Poison","Heel Hook"],"picked":"Reflex","floor":11.0},{"not_picked":["Sucker Punch","Flying Knee"],"picked":"Backflip","floor":12.0},{"not_picked":["Deflect","Predator"],"picked":"Tools of the Trade","floor":13.0},{"not_picked":["Quick Slash","Backflip"],"picked":"Well Laid Plans","floor":14.0},{"not_picked":["Phantasmal Killer","Tools of the Trade"],"picked":"Malaise","floor":16.0},{"not_picked":["Deflect+1","Backstab"],"picked":"Choke","floor":18.0},{"not_picked":["Setup+1","Blur"],"picked":"Prepared+1","floor":22.0},{"not_picked":["Caltrops","Dash","Dagger Spray+1"],"picked":"SKIP","floor":24.0},{"not_picked":["Bane","Underhanded Strike"],"picked":"Footwork","floor":25.0},{"not_picked":["Setup","Slice+1"],"picked":"Footwork+1","floor":27.0},{"not_picked":["Riddle With Holes","Grand Finale"],"picked":"Dagger Throw","floor":28.0},{"not_picked":["Flying Knee","Deadly Poison"],"picked":"Masterful Stab+1","floor":29},{"not_picked":["Outmaneuver","Deadly Poison+1"],"picked":"PiercingWail+1","floor":30},{"not_picked":["Deadly Poison","All Out Attack+1"],"picked":"Backflip","floor":31},{"not_picked":["Phantasmal Killer","Glass Knife"],"picked":"Adrenaline","floor":33},{"not_picked":["Infinite Blades+1","Well Laid Plans+1"],"picked":"Blade Dance+1","floor":35},{"not_picked":["Dagger Throw+1","Terror+1"],"picked":"Escape Plan","floor":37},{"not_picked":["Distraction+1","Flying Knee+1"],"picked":"Endless Agony+1","floor":40},{"not_picked":["Panache","Impatience+1"],"picked":"Finesse+1","floor":42},{"not_picked":["Catalyst+1","Caltrops+1"],"picked":"Tactician+1","floor":44},{"not_picked":["Bane+1","Tools of the Trade"],"picked":"PiercingWail+1","floor":46},{"not_picked":["Poisoned Stab","Corpse Explosion+1"],"picked":"Underhanded Strike","floor":48},{"not_picked":["Noxious Fumes","Underhanded Strike+1"],"picked":"Blade Dance+1","floor":49},{"not_picked":["Backflip+1","Grand Finale"],"picked":"Prepared+1","floor":54}],"player_experience":145757,"relics_obtained":[{"floor":6.0,"key":"Thread and Needle"},{"floor":8.0,"key":"Oddly Smooth Stone"},{"floor":9.0,"key":"Anchor"},{"floor":11.0,"key":"Dream Catcher"},{"floor":13.0,"key":"InkBottle"},{"floor":24.0,"key":"Pear"},{"floor":27.0,"key":"Calipers"},{"floor":29,"key":"Mercury Hourglass"},{"floor":31,"key":"War Paint"},{"floor":40,"key":"Toxic Egg 2"},{"floor":43,"key":"Bottled Tornado"},{"floor":44,"key":"Ice Cream"},{"floor":46,"key":"Ancient Tea Set"},{"floor":48,"key":"Regal Pillow"},{"floor":54,"key":"Mummified Hand"}],"event_choices":[{"damage_healed":0.0,"max_hp_gain":0.0,"max_hp_loss":0.0,"gold_gain":0.0,"event_name":"Lab","player_choice":"Got Potions","floor":4.0,"gold_loss":0.0,"damage_taken":0.0},{"damage_healed":0.0,"max_hp_gain":0.0,"max_hp_loss":0.0,"gold_gain":0.0,"event_name":"Drug Dealer","player_choice":"Inject Mutagens","floor":20.0,"gold_loss":0.0,"damage_taken":0.0,"relics_obtained":["MutagenicStrength"]},{"cards_removed":["Deflect"],"damage_healed":0,"gold_gain":0,"player_choice":"Removed Skill","damage_taken":0,"max_hp_gain":0,"max_hp_loss":0,"event_name":"Falling","floor":38,"gold_loss":0},{"damage_healed":0,"gold_gain":0,"player_choice":"Embrace Madness","damage_taken":10,"max_hp_gain":0,"max_hp_loss":0,"event_name":"Winding Halls","floor":39,"gold_loss":0,"cards_obtained":["Madness","Madness"]},{"damage_healed":0,"gold_gain":0,"player_choice":"Memory 1","damage_taken":0,"max_hp_gain":0,"max_hp_loss":0,"event_name":"SensoryStone","floor":42,"gold_loss":0},{"damage_healed":0,"gold_gain":0,"player_choice":"Ignored","damage_taken":0,"max_hp_gain":0,"max_hp_loss":0,"event_name":"SecretPortal","floor":47,"gold_loss":0}],"is_beta":false,"boss_relics":[{"not_picked":["Sozu","SacredBark"],"picked":"WristBlade"},{"not_picked":["Velvet Choker","Tiny House"],"picked":"Ring of the Serpent"}],"items_purged_floors":[19],"is_endless":false,"potions_floor_spawned":[7,8,13,14,16,18,22,27,30,33,44,46,54],"killed_by":"The Heart","ascension_level":11}}