{"host":"eemx8njkng76fu5x","time":1609622257,"event":{"mods":["2.2 Compatiblity","BaseMod","Downfall","Minty Spire (QoL Compilation)","Permanent Neow","StSLib","Unceasing Turn Reminder","Unknown Chances"],"gold_per_floor":[99,119,29,129,142,152,152,163,88,99,99,115,40,65,77,149,149,74,89,108,108,108,128,152,177,177,177,192,77,77,96,114,191,191,191,206,219,79,90,100,100,117,312,343,343,368,144,144,161,161,161,196,40,40,40],"floor_reached":56,"playtime":3384,"items_purged":["Slimebound:Tackle","Slimebound:Strike_Slimebound+1","Slimebound:Strike_Slimebound+1","Slimebound:Strike_Slimebound+1","Slimebound:FinishingTackle+1"],"score":2030,"play_id":"beb84ada-bf96-41ee-a558-212deba18b4a","local_time":"20210103051737","is_ascension_mode":true,"campfire_choices":[{"data":"Slimebound:CorrosiveSpit","floor":1.0,"key":"SMITH"},{"floor":9.0,"key":"RECALL"},{"data":"Slimebound:SpikyOuterGoop","floor":13.0,"key":"SMITH"},{"data":"Slimebound:SlimeSpikes","floor":18.0,"key":"SMITH"},{"data":"Slimebound:SamplingLick","floor":27.0,"key":"SMITH"},{"data":"Slimebound:LeechEnergy","floor":30.0,"key":"SMITH"},{"data":"Slimebound:HauntingLick","floor":35.0,"key":"SMITH"},{"data":"Slimebound:TongueLash","floor":45,"key":"SMITH"},{"data":"Slimebound:GrowthPunch","floor":54,"key":"SMITH"}],"circlet_count":0,"master_deck":["AscendersBane","Slimebound:Defend_Slimebound+1","Slimebound:Defend_Slimebound+1","Slimebound:Defend_Slimebound+1","Slimebound:Split+1","Slimebound:CorrosiveSpit+1","Slimebound:SlimeSpikes+1","Slimebound:SpikyOuterGoop+1","Slimebound:RejuvenatingLick+1","Slimebound:ItLooksTasty","Slimebound:Grow+1","Slimebound:SpikyOuterGoop+1","Slimebound:Grow+1","Slimebound:HauntingLick+1","Slimebound:SamplingLick+1","Slimebound:LeechEnergy+1","Slimebound:SpikyOuterGoop+1","Slimebound:HauntingLick+1","Slimebound:TongueLash+1","Slimebound:LeechEnergy+1","Slimebound:GrowthPunch+1"],"relics":["Slimebound:AbsorbEndCombatUpgraded","downfall:HeartBlessingBlue","downfall:HeartBlessingRed","Frozen Egg 2","Sozu","downfall:HeartBlessingGreen","Potion Belt","Bronze Scales","War Paint","Slimebound:PotencyRelic","Mango","Toy Ornithopter","Happy Flower"],"acts_visited":["Exordium","TheCity","TheBeyond","TheEnding"],"potions_floor_usage":[55],"damage_taken":[{"damage":12.0,"enemies":"2 Louse","floor":2.0,"turns":4.0},{"damage":9.0,"enemies":"downfall:FleeingMerchant","floor":3.0,"turns":4.0},{"damage":8.0,"enemies":"Cultist","floor":5.0,"turns":4.0},{"damage":11.0,"enemies":"Jaw Worm","floor":6.0,"turns":5.0},{"damage":8.0,"enemies":"3 Louse","floor":8.0,"turns":6.0},{"damage":15.0,"enemies":"Large Slime","floor":10.0,"turns":6.0},{"damage":23.0,"enemies":"Exordium Thugs","floor":12.0,"turns":4.0},{"damage":23.0,"enemies":"3 Sentries","floor":14.0,"turns":6.0},{"damage":12.0,"enemies":"Gremlin Gang","floor":15.0,"turns":5.0},{"damage":29.0,"enemies":"downfall:Silent","floor":16.0,"turns":11.0},{"damage":20.0,"enemies":"3 Byrds","floor":19.0,"turns":4.0},{"damage":31.0,"enemies":"Shelled Parasite and Fungi","floor":20.0,"turns":6.0},{"damage":12.0,"enemies":"Centurion and Healer","floor":23.0,"turns":5.0},{"damage":50.0,"enemies":"Gremlin Leader","floor":25.0,"turns":12.0},{"damage":10.0,"enemies":"Chosen and Byrds","floor":28.0,"turns":6.0},{"damage":19.0,"enemies":"downfall:FleeingMerchant","floor":29.0,"turns":4.0},{"damage":21.0,"enemies":"Cultist and Chosen","floor":31.0,"turns":7.0},{"damage":8.0,"enemies":"Centurion and Healer","floor":32.0,"turns":5.0},{"damage":8.0,"enemies":"downfall:Defect","floor":33.0,"turns":9.0},{"damage":19.0,"enemies":"3 Shapes","floor":36.0,"turns":6.0},{"damage":46,"enemies":"3 Darklings","floor":37,"turns":7},{"damage":8,"enemies":"downfall:FleeingMerchant","floor":38,"turns":4},{"damage":38,"enemies":"4 Shapes","floor":39,"turns":6},{"damage":13,"enemies":"Spire Growth","floor":40,"turns":5},{"damage":29,"enemies":"3 Darklings","floor":42,"turns":5},{"damage":9,"enemies":"downfall:FleeingMerchant","floor":43,"turns":4},{"damage":40,"enemies":"Nemesis","floor":44,"turns":9},{"damage":21,"enemies":"Mind Bloom Boss Battle","floor":46,"turns":6},{"damage":34,"enemies":"Jaw Worm Horde","floor":49,"turns":4},{"damage":12,"enemies":"downfall:Watcher","floor":50,"turns":8},{"damage":126,"enemies":"downfall:CharBossMerchant","floor":52,"turns":12},{"damage":80,"enemies":"downfall:NeowBoss","floor":55,"turns":36}],"seed_played":"-8958560676839003396","potions_obtained":[{"floor":8.0,"key":"Fire Potion"},{"floor":10.0,"key":"Dexterity Potion"},{"floor":14.0,"key":"Ancient Potion"},{"floor":15.0,"key":"Swift Potion"}],"is_trial":false,"path_per_floor":["R","M","$","?","M","M","T","M","R","M","?","M","R","E","M","B",null,"R","M","M","?","?","M","T","E","?","R","M","$","R","M","M","B",null,"R","M","M","$","M","M","T","M","$","E","R","?","$","?","M","B",null,"E","$","R","B",null],"character_chosen":"SLIMEBOUND","items_purchased":["Slimebound:GrowthPunch","Happy Flower"],"campfire_rested":0,"item_purchase_floors":[47,53],"current_hp_per_floor":[54,54,60,60,60,60,60,60,70,70,70,63,63,62,70,70,70,70,64,57,57,57,61,61,49,49,49,63,58,58,59,69,70,70,70,67,63,70,56,70,70,70,70,57,57,84,84,84,78,84,84,36,36,36,37],"gold":40,"neow_bonus":"UPGRADE_CARD","is_daily":false,"chose_seed":false,"campfire_upgraded":8,"win_rate":0.0,"timestamp":1609622257,"path_taken":["R","M","$","?","M","M","T","M","R","M","?","M","R","E","M","BOSS","R","M","M","?","?","M","T","E","?","R","M","$","R","M","M","BOSS","R","M","M","$","M","M","T","M","$","E","R","?","$","?","M","BOSS","E","$","R","BOSS"],"items_purchased_type":["Card","Relic"],"build_version":"2020-12-22","purchased_purges":5,"victory":true,"max_hp_per_floor":[60,60,60,60,60,60,60,60,70,70,70,70,70,70,70,70,70,70,70,70,70,70,70,70,70,70,70,70,70,70,70,70,70,70,70,70,70,70,70,70,70,70,70,70,70,84,84,84,84,84,84,84,84,84,84],"card_choices":[{"not_picked":["Slimebound:LeechEnergy","Slimebound:Schlurp"],"picked":"Slimebound:SlimeSpikes","floor":2.0},{"not_picked":["Slimebound:RollThrough","Slimebound:Prepare"],"picked":"Slimebound:SpikyOuterGoop","floor":3.0},{"not_picked":["Slimebound:GoopSpray","Slimebound:SplitLeeching","Slimebound:SplitMire"],"picked":"SKIP","floor":5.0},{"not_picked":["Slimebound:Chomp","Slimebound:BestDefense"],"picked":"Slimebound:RejuvenatingLick","floor":6.0},{"not_picked":["Slimebound:Replication","Slimebound:ViciousTackle"],"picked":"Slimebound:ItLooksTasty","floor":8.0},{"not_picked":["Slimebound:Schlurp","Slimebound:OneTwoCombo","Slimebound:FormOfPuddle"],"picked":"SKIP","floor":10.0},{"not_picked":["Slimebound:RainOfGoop","Slimebound:DivideAndConquer","Slimebound:PressTheAttack"],"picked":"SKIP","floor":12.0},{"not_picked":["Slimebound:SplitBruiser","Slimebound:HauntingLick"],"picked":"Slimebound:Grow+1","floor":14.0},{"not_picked":["Slimebound:SplitMire","Slimebound:SlimeSpikes"],"picked":"Slimebound:SpikyOuterGoop+1","floor":15.0},{"not_picked":["Slimebound:ServeAndProtect","Slimebound:SplitAcid+1"],"picked":"Slimebound:Grow+1","floor":19.0},{"not_picked":["Slimebound:DivideAndConquer","Slimebound:FinishingTackle"],"picked":"Slimebound:HauntingLick","floor":20.0},{"not_picked":["Slimebound:LeechEnergy","Slimebound:RainOfGoop"],"picked":"Slimebound:SamplingLick","floor":23.0},{"not_picked":["Slimebound:ServeAndProtect","Slimebound:SplitBruiser","Slimebound:Schlurp+1"],"picked":"SKIP","floor":25.0},{"not_picked":["Slimebound:Grow+1","Slimebound:FormOfPuddle"],"picked":"Slimebound:LeechEnergy","floor":28.0},{"not_picked":["Slimebound:SplitBruiser","Slimebound:PrepareCrush","Slimebound:ViciousTackle"],"picked":"SKIP","floor":29.0},{"not_picked":["Slimebound:Chomp","Slimebound:SplitBruiser","Slimebound:LeechingTouch"],"picked":"SKIP","floor":31.0},{"not_picked":["Slimebound:GoopSpray","Slimebound:SplitLeeching"],"picked":"Slimebound:SpikyOuterGoop+1","floor":32.0},{"not_picked":["Slimebound:HauntingLick","Slimebound:GoopTackle"],"picked":"Slimebound:FinishingTackle+1","floor":36.0},{"not_picked":["Slimebound:SlimeSpikes","Slimebound:SplitBruiser"],"picked":"Slimebound:HauntingLick+1","floor":37},{"not_picked":["Slimebound:HauntingLick+1","Slimebound:GoopSpray"],"picked":"Slimebound:TongueLash","floor":38},{"not_picked":["Slimebound:RallyTheTroops","Slimebound:SamplingLick","Slimebound:SlimeBrawl+1"],"picked":"SKIP","floor":39},{"not_picked":["Slimebound:SplitLeeching","Slimebound:Prepare+1","Slimebound:GoopTackle"],"picked":"SKIP","floor":40},{"not_picked":["Slimebound:LeechingTouch","Slimebound:SlimeBarrage"],"picked":"Slimebound:LeechEnergy+1","floor":42},{"not_picked":["Slimebound:DivideAndConquer","Slimebound:LevelUp+1","Slimebound:RejuvenatingLick"],"picked":"SKIP","floor":43},{"not_picked":["Slimebound:LivingWall","Slimebound:LeechingTouch+1","Slimebound:DivideAndConquer+1"],"picked":"SKIP","floor":44},{"not_picked":["Slimebound:HauntingLick","Slimebound:FinishingTackle+1","Slimebound:MassRepurpose"],"picked":"SKIP","floor":49},{"not_picked":["Slimebound:ForwardTackle","Slimebound:ComboTackle","Slimebound:LeechEnergy"],"picked":"SKIP","floor":52}],"player_experience":438814,"relics_obtained":[{"floor":14.0,"key":"Frozen Egg 2"},{"floor":24.0,"key":"Potion Belt"},{"floor":25.0,"key":"Bronze Scales"},{"floor":41,"key":"War Paint"},{"floor":44,"key":"Slimebound:PotencyRelic"},{"floor":46,"key":"Mango"},{"floor":52,"key":"Toy Ornithopter"}],"event_choices":[{"cards_removed":["Slimebound:Defend_Slimebound"],"damage_healed":0.0,"max_hp_gain":0.0,"max_hp_loss":0.0,"gold_gain":0.0,"event_name":"Bonfire Elementals","player_choice":"Offered Basic","floor":11.0,"gold_loss":0.0,"damage_taken":0.0},{"damage_healed":0.0,"max_hp_gain":0.0,"max_hp_loss":0.0,"gold_gain":0.0,"event_name":"Vampires","player_choice":"Ignored","floor":21.0,"gold_loss":0.0,"damage_taken":0.0},{"damage_healed":0.0,"max_hp_gain":0.0,"max_hp_loss":0.0,"gold_gain":0.0,"event_name":"Back to Basics","player_choice":"Simplicity","floor":22.0,"gold_loss":0.0,"damage_taken":0.0,"cards_upgraded":["Slimebound:Strike_Slimebound","Slimebound:Strike_Slimebound","Slimebound:Strike_Slimebound","Slimebound:Defend_Slimebound","Slimebound:Defend_Slimebound","Slimebound:Defend_Slimebound"]}],"is_beta":false,"boss_relics":[{"not_picked":["SacredBark","Runic Pyramid"],"picked":"Sozu"},{"not_picked":["Philosopher\u0027s Stone","Coffee Dripper"],"picked":"Slimebound:AbsorbEndCombatUpgraded"}],"items_purged_floors":[3,29,38,43,47],"is_endless":false,"potions_floor_spawned":[8,10,12,14,15,23,25,31,33,39,42,44,46,49,52],"ascension_level":13}}