{"host":"k6u7q08ihsmpx7o5","time":1609613567,"event":{"mods":["BaseMod","Bestiary","Minty Spire (QoL Compilation)","StSLib"],"gold_per_floor":[116,391,156,77,22,22,53,53,78,78,109,125,137,150,150,225,225,235,249,195,210,259,259,284,284,307,307,307],"floor_reached":27,"playtime":1683,"items_purged":["Regret"],"score":528,"play_id":"06e66133-8c37-4e31-903b-b2190e25ef79","local_time":"20210102195247","is_ascension_mode":true,"campfire_choices":[{"data":"Bash","floor":6,"key":"SMITH"},{"data":"Feed","floor":8,"key":"SMITH"},{"data":"Pommel Strike","floor":10,"key":"SMITH"},{"data":"Armaments","floor":15,"key":"SMITH"},{"data":"Carnage","floor":23,"key":"SMITH"},{"data":"Dark Embrace","floor":25,"key":"SMITH"}],"circlet_count":0,"master_deck":["AscendersBane","Strike_R","Strike_R","Strike_R","Strike_R","Strike_R","Defend_R","Defend_R","Defend_R","Defend_R","Bash+1","Pommel Strike+1","Feed+1","Burning Pact","Armaments+1","Clothesline","Feel No Pain","Impervious","Second Wind","Carnage+1","Dark Embrace+1"],"relics":["Burning Blood","Strawberry","Pen Nib","Paper Frog","StrikeDummy","Oddly Smooth Stone","Pantograph","Mark of Pain","Nunchaku","Vajra"],"acts_visited":["Exordium","TheCity"],"potions_floor_usage":[7,16,16,24,24],"damage_taken":[{"damage":9,"enemies":"Jaw Worm","floor":1,"turns":4},{"damage":8,"enemies":"Gremlin Nob","floor":7,"turns":3},{"damage":8,"enemies":"Lagavulin","floor":11,"turns":3},{"damage":0,"enemies":"Cultist","floor":12,"turns":2},{"damage":0,"enemies":"2 Louse","floor":13,"turns":2},{"damage":21,"enemies":"Red Slaver","floor":14,"turns":6},{"damage":63,"enemies":"Hexaghost","floor":16,"turns":9},{"damage":20,"enemies":"3 Byrds","floor":18,"turns":7},{"damage":10,"enemies":"Shell Parasite","floor":19,"turns":6},{"damage":18,"enemies":"Snecko","floor":21,"turns":5},{"damage":24,"enemies":"Book of Stabbing","floor":24,"turns":4},{"damage":54,"enemies":"Gremlin Leader","floor":27,"turns":6}],"seed_played":"-512912752817294047","potions_obtained":[{"floor":7,"key":"EntropicBrew"}],"is_trial":false,"path_per_floor":["M","?","$","?","$","R","E","R","T","R","E","M","M","M","R","B",null,"M","M","$","M","T","R","E","R","T","E"],"character_chosen":"IRONCLAD","items_purchased":["Pen Nib","Fire Potion","SteroidPotion"],"campfire_rested":0,"item_purchase_floors":[3,5,20],"current_hp_per_floor":[72,72,72,72,72,72,70,70,70,70,72,82,92,81,81,45,88,78,78,78,70,70,70,52,52,52,0,0],"gold":307,"neow_bonus":"RANDOM_COMMON_RELIC","is_daily":false,"chose_seed":false,"campfire_upgraded":6,"win_rate":0.0,"timestamp":1609613567,"path_taken":["M","?","?","?","$","R","E","R","T","R","E","M","M","M","R","BOSS","M","M","$","M","?","R","E","R","T","E"],"items_purchased_type":["Relic","Potion","Potion"],"build_version":"2020-12-22","purchased_purges":1,"victory":false,"max_hp_per_floor":[82,82,82,82,82,82,82,82,82,82,86,90,94,98,98,102,102,106,110,110,114,114,114,114,114,114,114,114],"card_choices":[{"not_picked":["Wild Strike","Pummel"],"picked":"Pommel Strike","floor":1},{"not_picked":["Armaments","Shrug It Off"],"picked":"Feed","floor":7},{"not_picked":["Thunderclap","Bloodletting"],"picked":"Burning Pact","floor":11},{"not_picked":["Rampage","Combust"],"picked":"Armaments","floor":12},{"not_picked":["Clash","Flex"],"picked":"Clothesline","floor":13},{"not_picked":["Heavy Blade","Clothesline"],"picked":"Feel No Pain","floor":14},{"not_picked":["Juggernaut","Limit Break"],"picked":"Impervious","floor":16},{"not_picked":["Reckless Charge+1","Rage","Headbutt"],"picked":"SKIP","floor":18},{"not_picked":["Seeing Red","Pommel Strike"],"picked":"Second Wind","floor":19},{"not_picked":["Hemokinesis","Sentinel"],"picked":"Carnage","floor":21},{"not_picked":["Feel No Pain","Rupture"],"picked":"Dark Embrace","floor":24}],"player_experience":1927043,"relics_obtained":[{"floor":7,"key":"StrikeDummy"},{"floor":9,"key":"Oddly Smooth Stone"},{"floor":11,"key":"Pantograph"},{"floor":24,"key":"Nunchaku"},{"floor":26,"key":"Vajra"}],"event_choices":[{"damage_healed":0,"gold_gain":275,"player_choice":"Desecrate","damage_taken":0,"max_hp_gain":0,"max_hp_loss":0,"event_name":"Golden Shrine","floor":2,"gold_loss":0,"cards_obtained":["Regret"]},{"damage_healed":0,"gold_gain":0,"player_choice":"Paid Gold","damage_taken":0,"relics_obtained":["Paper Frog"],"max_hp_gain":0,"max_hp_loss":0,"event_name":"WeMeetAgain","floor":4,"gold_loss":79}],"is_beta":false,"boss_relics":[{"not_picked":["Astrolabe","Black Star"],"picked":"Mark of Pain"}],"items_purged_floors":[3],"is_endless":false,"potions_floor_spawned":[7,21],"killed_by":"Gremlin Leader","ascension_level":20}}