{"host":"eemx8njkng76fu5x","time":1609571263,"event":{"mods":["2.2 Compatiblity","BaseMod","Downfall","Minty Spire (QoL Compilation)","Permanent Neow","StSLib","Unceasing Turn Reminder","Unknown Chances"],"gold_per_floor":[199,211,230,248,53,78,102,113,133,145,70,80,80,100,117,117,117,117],"floor_reached":16,"playtime":733,"items_purged":["champ:Execute"],"score":173,"play_id":"f79b81a2-5e85-4121-8260-2b0f1b1ae818","local_time":"20210102150743","is_ascension_mode":true,"campfire_choices":[{"data":"champ:Taunt","floor":1.0,"key":"SMITH"},{"data":"champ:Lariat","floor":11.0,"key":"SMITH"},{"data":"champ:GladiatorStyle","floor":13.0,"key":"SMITH"}],"circlet_count":0,"master_deck":["AscendersBane","champ:Strike","champ:Strike","champ:Strike","champ:Strike","champ:Defend","champ:Defend","champ:Defend","champ:Defend","champ:Taunt+1","champ:GladiatorStyle+1","champ:CrookedStrike","champ:FanOfKnives","champ:GladiatorsShout","champ:Lariat+1","champ:Haymaker","champ:CalledShot","champ:Haymaker","champ:ArenaPreparation","champ:ShieldSlam"],"relics":["champ:ChampionCrown","Pen Nib","downfall:HeartBlessingBlue"],"acts_visited":["Exordium"],"potions_floor_usage":[15],"damage_taken":[{"damage":10.0,"enemies":"Cultist","floor":2.0,"turns":3.0},{"damage":7.0,"enemies":"2 Louse","floor":3.0,"turns":3.0},{"damage":12.0,"enemies":"Jaw Worm","floor":4.0,"turns":6.0},{"damage":10.0,"enemies":"downfall:FleeingMerchant","floor":5.0,"turns":4.0},{"damage":27.0,"enemies":"3 Sentries","floor":6.0,"turns":5.0},{"damage":0.0,"enemies":"3 Louse","floor":8.0,"turns":3.0},{"damage":32.0,"enemies":"Exordium Thugs","floor":9.0,"turns":6.0},{"damage":12.0,"enemies":"Exordium Wildlife","floor":10.0,"turns":4.0},{"damage":12.0,"enemies":"Exordium Thugs","floor":12.0,"turns":3.0},{"damage":18.0,"enemies":"Gremlin Gang","floor":14.0,"turns":4.0},{"damage":0,"enemies":"Lots of Slimes","floor":15,"turns":1},{"damage":18,"enemies":"downfall:Ironclad","floor":16,"turns":5}],"seed_played":"1289695252315734013","potions_obtained":[{"floor":3.0,"key":"Fire Potion"},{"floor":6.0,"key":"Energy Potion"},{"floor":8.0,"key":"AttackPotion"},{"floor":12.0,"key":"Strength Potion"}],"is_trial":false,"path_per_floor":["R","M","M","M","$","E","T","M","M","M","R","M","R","M","M","B"],"character_chosen":"THE_CHAMP","items_purchased":["champ:Lariat","champ:Haymaker"],"campfire_rested":0,"item_purchase_floors":[5,5],"current_hp_per_floor":[81,81,79,72,67,52,52,52,32,25,35,26,26,19,19,1,1,1],"gold":117,"neow_bonus":"HUNDRED_GOLD","is_daily":false,"chose_seed":false,"campfire_upgraded":3,"win_rate":0.0,"timestamp":1609571263,"path_taken":["R","M","M","M","$","E","T","M","M","M","R","M","R","M","M","BOSS"],"items_purchased_type":["Card","Card"],"build_version":"2020-12-22","purchased_purges":1,"victory":false,"max_hp_per_floor":[90,90,90,90,90,90,90,90,90,90,100,100,100,100,100,100,100,100],"card_choices":[{"not_picked":["champ:ShieldSigil","champ:FocusedBerserking"],"picked":"champ:GladiatorStyle","floor":2.0},{"not_picked":["champ:GutPunch","champ:StanceDance"],"picked":"champ:CrookedStrike","floor":3.0},{"not_picked":["champ:Encircle","champ:StrikeOfGenius"],"picked":"champ:FanOfKnives","floor":4.0},{"not_picked":["champ:DefensiveShout","champ:TornadoPunch"],"picked":"champ:GladiatorsShout","floor":5.0},{"not_picked":["champ:DefensiveShout","champ:SwordSigil"],"picked":"champ:CalledShot","floor":6.0},{"not_picked":["champ:RageSigil","champ:GladiatorsShout"],"picked":"champ:Haymaker","floor":8.0},{"not_picked":["champ:Aggression","champ:SwordSigil"],"picked":"champ:ArenaPreparation","floor":9.0},{"not_picked":["champ:FaceSlap","champ:BerserkersShout","champ:PerfectedStrike"],"picked":"SKIP","floor":10.0},{"not_picked":["champ:Backstep","champ:GutPunch","champ:ArenaPreparation"],"picked":"SKIP","floor":12.0},{"not_picked":["champ:DefensiveShout","champ:FocusedBerserking"],"picked":"champ:ShieldSlam","floor":14.0},{"not_picked":["champ:FaceSlap","champ:GladiatorsShout","champ:BerserkerStyle"],"picked":"SKIP","floor":15}],"player_experience":431387,"relics_obtained":[{"floor":6.0,"key":"Pen Nib"}],"event_choices":[],"is_beta":false,"boss_relics":[],"items_purged_floors":[5],"is_endless":false,"potions_floor_spawned":[3,6,8,12],"killed_by":"downfall:Ironclad","ascension_level":12}}