{"host":"kh6fvhxn285ncg0o","time":1609556110,"event":{"mods":["Act Like it!","BaseMod","Colored Map","Friendly Minions","Keyboard Shortcuts","Minty Spire (QoL Compilation)","Quick Restart","Relic Stats","StSLib","SuperFastMode"],"gold_per_floor":[12,30,42,42,42,42,72,72,148,173,173],"floor_reached":10,"playtime":329,"items_purged":[],"score":132,"play_id":"8027286d-2ff9-40ab-a952-1be0562a0a10","local_time":"20210102115510","is_ascension_mode":true,"campfire_choices":[{"data":"Noxious Fumes","floor":6,"key":"SMITH"},{"data":"Flechettes","floor":8,"key":"SMITH"}],"circlet_count":0,"master_deck":["AscendersBane","Strike_G","Strike_G","Strike_G","Defend_G","Defend_G","Defend_G","Defend_G","Defend_G","Survivor","Neutralize","Sucker Punch","Distraction","Dagger Throw","Flechettes+1","Noxious Fumes+1"],"relics":["Ring of the Snake","Pantograph","Sundial","Lantern"],"acts_visited":["Exordium"],"potions_floor_usage":[10],"damage_taken":[{"damage":0,"enemies":"2 Louse","floor":1,"turns":6},{"damage":1,"enemies":"Jaw Worm","floor":2,"turns":5},{"damage":2,"enemies":"Small Slimes","floor":3,"turns":5},{"damage":24,"enemies":"3 Sentries","floor":10,"turns":7}],"seed_played":"-1231206099721370299","potions_obtained":[{"floor":3,"key":"Fruit Juice"}],"is_trial":false,"path_per_floor":["M","M","M","?","?","R","?","R","T","E"],"character_chosen":"THE_SILENT","items_purchased":[],"campfire_rested":0,"item_purchase_floors":[],"current_hp_per_floor":[59,58,56,56,30,30,30,30,30,11,11],"gold":173,"neow_bonus":"TRANSFORM_TWO_CARDS","is_daily":false,"chose_seed":false,"campfire_upgraded":2,"win_rate":0.0,"timestamp":1609556110,"path_taken":["M","M","M","?","?","R","?","R","T","E"],"items_purchased_type":[],"build_version":"2020-12-22","purchased_purges":0,"victory":false,"max_hp_per_floor":[66,66,66,66,66,66,66,66,66,71,71],"relic_stats":{"counters":[4,23],"Sundial":[0],"Pantograph":0,"obtain_stats":[{"Lantern":10,"Sundial":9,"Pantograph":5,"Ring of the Snake":0},{"Lantern":4,"Sundial":3,"Pantograph":3,"Ring of the Snake":0},{"Lantern":23,"Sundial":16,"Pantograph":16,"Ring of the Snake":0}],"Ring of the Snake":[8]},"card_choices":[{"not_picked":["Underhanded Strike","Flying Knee"],"picked":"Dagger Throw","floor":1},{"not_picked":["Dagger Throw","Riddle With Holes"],"picked":"Flechettes","floor":2},{"not_picked":["Calculated Gamble","Cloak And Dagger"],"picked":"Noxious Fumes","floor":3}],"player_experience":3344730,"relics_obtained":[{"floor":9,"key":"Sundial"},{"floor":10,"key":"Lantern"}],"event_choices":[{"damage_healed":0,"gold_gain":0,"player_choice":"Ignored","damage_taken":0,"max_hp_gain":0,"max_hp_loss":0,"event_name":"Liars Game","floor":4,"gold_loss":0},{"damage_healed":0,"gold_gain":0,"player_choice":"Success","damage_taken":26,"relics_obtained":["Pantograph"],"max_hp_gain":0,"max_hp_loss":0,"event_name":"Scrap Ooze","floor":5,"gold_loss":0},{"damage_healed":0,"gold_gain":30,"player_choice":"Searched \u00271\u0027 times","damage_taken":0,"max_hp_gain":0,"max_hp_loss":0,"event_name":"Dead Adventurer","floor":7,"gold_loss":0}],"is_beta":false,"boss_relics":[],"items_purged_floors":[],"is_endless":false,"potions_floor_spawned":[3],"killed_by":"3 Sentries","ascension_level":20}}