{"host":"os9owiyb0rak6c8n","time":1609612695,"event":{"mods":["AchievementEnabler","BaseMod","Beaked The Cultist","Better Third Choice","Block Reminder","Colored Map","Colored Powertips","Dio Mod","Minty Spire (QoL Compilation)","Robot Space Explorer","Spicy Shops","StSLib","The Death Knight","The Dragon Tamer"],"gold_per_floor":[113,113,388,62,80,80,115,65,65,0,0,26,26,76,76,172,222,209,24,42,42,117,117,117,117,117],"floor_reached":25,"playtime":861,"items_purged":["Regret","Regret","Strike_G"],"score":319,"play_id":"f2c33fb9-9ef7-4873-8e29-8add276debd7","local_time":"20210102193815","is_ascension_mode":true,"campfire_choices":[{"data":"Infinite Blades","floor":6,"key":"SMITH"},{"data":"Enlightenment","floor":11,"key":"SMITH"},{"data":"Catalyst","floor":15,"key":"SMITH"},{"floor":23,"key":"REST"}],"circlet_count":0,"master_deck":["Strike_G","Strike_G","Strike_G","Defend_G","Defend_G","Defend_G","Defend_G+1","Defend_G","Survivor+1","Neutralize","Infinite Blades+1","Blur","Noxious Fumes","Bane","Leg Sweep","Catalyst+1","Enlightenment+1","Acrobatics","Wraith Form v2","Deadly Poison","Distraction","Deadly Poison"],"relics":["Ring of the Snake","Blood Vial","Mummified Hand","Question Card","Omamori","Strawberry","Tiny House","Necronomicon"],"acts_visited":["Exordium","TheCity"],"potions_floor_usage":[7],"damage_taken":[{"damage":1,"enemies":"2 Louse","floor":1,"turns":3},{"damage":2,"enemies":"Jaw Worm","floor":5,"turns":5},{"damage":19,"enemies":"Lagavulin","floor":7,"turns":7},{"damage":22,"enemies":"Gremlin Nob","floor":12,"turns":5},{"damage":19,"enemies":"Hexaghost","floor":16,"turns":13},{"damage":14,"enemies":"2 Thieves","floor":18,"turns":4},{"damage":1,"enemies":"3 Byrds","floor":20,"turns":6},{"damage":58,"enemies":"Slavers","floor":25,"turns":4}],"seed_played":"9218759275774703597","potions_obtained":[{"floor":5,"key":"BlessingOfTheForge"},{"floor":12,"key":"Strength Potion"},{"floor":17,"key":"LiquidMemories"},{"floor":18,"key":"SteroidPotion"}],"is_trial":false,"path_per_floor":["M","?","?","$","M","R","E","$","T","?","R","E","?","T","R","B",null,"M","$","M","?","?","R","$","E"],"character_chosen":"THE_SILENT","items_purchased":["Blur","Noxious Fumes","Catalyst","Distraction"],"campfire_rested":1,"item_purchase_floors":[4,4,8,19],"current_hp_per_floor":[62,62,62,62,62,62,45,45,45,51,51,31,24,31,31,14,71,59,59,60,44,36,62,62,6,6],"gold":117,"neow_bonus":"UPGRADE_CARD","is_daily":false,"chose_seed":false,"campfire_upgraded":3,"win_rate":0.0,"timestamp":1609612695,"path_taken":["M","?","?","$","?","R","E","?","T","?","R","E","?","?","R","BOSS","M","$","M","?","?","R","$","E"],"items_purchased_type":["Card","Card","Card","Card"],"build_version":"2020-12-22","purchased_purges":3,"victory":false,"max_hp_per_floor":[70,70,70,70,70,70,70,70,70,76,76,76,76,83,83,83,88,88,88,88,88,88,88,88,88,88],"card_choices":[{"not_picked":["Slice","Blade Dance"],"picked":"Infinite Blades","floor":1},{"not_picked":["Finisher","Acrobatics"],"picked":"Bane","floor":5},{"not_picked":["Backstab","Setup"],"picked":"Leg Sweep","floor":7},{"not_picked":["Sucker Punch","Dagger Spray","Infinite Blades"],"picked":"Acrobatics","floor":12},{"not_picked":["Phantasmal Killer","Adrenaline","Bullet Time"],"picked":"Wraith Form v2","floor":16},{"not_picked":["Expertise","Bane","Dash"],"picked":"Deadly Poison","floor":17},{"not_picked":["Prepared","Bane","Underhanded Strike+1","Setup"],"picked":"SKIP","floor":18},{"not_picked":["Flying Knee","Blade Dance","Dagger Throw"],"picked":"Deadly Poison","floor":20}],"player_experience":531670,"relics_obtained":[{"floor":7,"key":"Mummified Hand"},{"floor":9,"key":"Question Card"},{"floor":12,"key":"Omamori"},{"floor":14,"key":"Strawberry"},{"floor":21,"key":"Necronomicon"}],"event_choices":[{"damage_healed":0,"gold_gain":0,"player_choice":"Box","damage_taken":0,"relics_obtained":["Blood Vial"],"max_hp_gain":0,"max_hp_loss":0,"event_name":"Big Fish","floor":2,"gold_loss":0,"cards_obtained":["Regret"]},{"damage_healed":0,"gold_gain":275,"player_choice":"Desecrate","damage_taken":0,"max_hp_gain":0,"max_hp_loss":0,"event_name":"Golden Shrine","floor":3,"gold_loss":0,"cards_obtained":["Regret"]},{"damage_healed":0,"gold_gain":0,"player_choice":"RENOUNCE","damage_taken":65,"max_hp_gain":0,"max_hp_loss":0,"event_name":"betterThird:BetterSerpent","floor":10,"gold_loss":65,"cards_obtained":["Enlightenment"]},{"cards_removed":["Strike_G"],"damage_healed":0,"gold_gain":0,"player_choice":"Card Removal","damage_taken":7,"max_hp_gain":0,"max_hp_loss":0,"event_name":"Golden Wing","floor":13,"gold_loss":0},{"damage_healed":0,"gold_gain":0,"player_choice":"Obtained Book","damage_taken":16,"max_hp_gain":0,"max_hp_loss":0,"event_name":"Cursed Tome","floor":21,"gold_loss":0},{"damage_healed":0,"gold_gain":75,"player_choice":"Touch","damage_taken":8,"max_hp_gain":0,"max_hp_loss":0,"event_name":"FaceTrader","floor":22,"gold_loss":0}],"is_beta":false,"boss_relics":[{"not_picked":["Runic Pyramid","SacredBark"],"picked":"Tiny House"}],"items_purged_floors":[4,4,19],"is_endless":false,"potions_floor_spawned":[5,12,18],"killed_by":"Slavers","ascension_level":9}}