{"host":"jfjanrmpavyj4ikg","time":1609575530,"event":{"mods":["AchievementEnabler","BaseMod","BetterRewards","Colored Map","Colored Powertips","GifTheSpireLib","Hermit","Infinite Spire","Minty Spire (QoL Compilation)","Quick Restart","Rare Cards Sparkle","Replay The Spire","Shop Mod","StSLib","The Cursed","The Disciple","The Hierophant","The Necromancer"],"gold_per_floor":[111,125,50,50,50,81,81,33,59,59,59,59,59,69,69,69,69],"floor_reached":16,"playtime":935,"items_purged":["hierophant:Defend_Hierophant"],"score":96,"play_id":"57735e56-327e-4aca-a7c6-ae4b7fe871be","local_time":"20210102001850","is_ascension_mode":false,"campfire_choices":[{"floor":7,"key":"REST"},{"data":"hierophant:ChurchCoffers","floor":10,"key":"SMITH"},{"data":"hierophant:HolyVerse","floor":12,"key":"SMITH"},{"data":"hierophant:Strike_Hierophant","floor":15,"key":"PURGE"}],"circlet_count":0,"master_deck":["hierophant:Strike_Hierophant","hierophant:Strike_Hierophant","hierophant:Punish+1","hierophant:Defend_Hierophant","hierophant:Defend_Hierophant","hierophant:Defend_Hierophant","hierophant:ChurchCoffers+1","hierophant:TollTheBells","hierophant:HolyVerse+1"],"relics":["hierophant:PropheticMaskRelic","Replay:Bottled Snecko","Meat on the Bone","Replay:Baseball"],"acts_visited":["Exordium"],"potions_floor_usage":[6,16],"damage_taken":[{"damage":0,"enemies":"Small Slimes","floor":1,"turns":3},{"damage":9,"enemies":"Cultist","floor":2,"turns":4},{"damage":40,"enemies":"Lagavulin","floor":6,"turns":11},{"damage":0,"enemies":"2 Louse","floor":14,"turns":1},{"damage":54,"enemies":"Hexaghost","floor":16,"turns":9}],"seed_played":"2157722212575582773","potions_obtained":[{"floor":1,"key":"BlessingOfTheForge"},{"floor":6,"key":"Swift Potion"}],"is_trial":false,"path_per_floor":["M","M","$","?","?","E","R","$","T","R","?","R","?","M","R_BF","B"],"character_chosen":"HIEROPHANT","items_purchased":["hierophant:HolyVerse"],"campfire_rested":1,"item_purchase_floors":[8],"current_hp_per_floor":[80,71,71,71,68,28,52,52,52,52,52,52,52,52,52,0,0],"gold":69,"neow_bonus":"RANDOM_EVENT","is_daily":false,"chose_seed":false,"campfire_upgraded":2,"win_rate":0.0,"timestamp":1609575530,"path_taken":["M","M","$","?","?","E","R","$","T","R","?","R","?","M","R_BF","BOSS"],"items_purchased_type":["Card"],"build_version":"2020-12-22","purchased_purges":1,"victory":false,"max_hp_per_floor":[80,80,80,80,80,80,80,80,80,80,80,80,80,80,80,80,80],"card_choices":[{"not_picked":["hierophant:Charity","hierophant:Upheaval","hierophant:Zeal"],"picked":"SKIP","floor":1},{"not_picked":["hierophant:Embezzle","hierophant:Smite","hierophant:Sermon"],"picked":"SKIP","floor":2},{"not_picked":["hierophant:ThreeLashes","hierophant:ArchangelShield"],"picked":"hierophant:TollTheBells","floor":6},{"not_picked":["hierophant:OrnateBuckler","hierophant:MorningPrayer","hierophant:Charity"],"picked":"SKIP","floor":14}],"player_experience":53581,"relics_obtained":[{"floor":6,"key":"Meat on the Bone"},{"floor":9,"key":"Replay:Baseball"}],"event_choices":[{"damage_healed":0,"gold_gain":0,"player_choice":"Donut","damage_taken":0,"max_hp_gain":5,"max_hp_loss":0,"event_name":"Big Fish","floor":0,"gold_loss":0},{"cards_removed":["hierophant:Strike_Hierophant"],"damage_healed":0,"gold_gain":0,"player_choice":"Forget","damage_taken":0,"max_hp_gain":0,"max_hp_loss":0,"event_name":"Living Wall","floor":4,"gold_loss":0},{"damage_healed":0,"gold_gain":0,"player_choice":"Success","damage_taken":3,"relics_obtained":["Replay:Bottled Snecko"],"max_hp_gain":0,"max_hp_loss":0,"event_name":"Scrap Ooze","floor":5,"gold_loss":0},{"damage_healed":0,"gold_gain":0,"player_choice":"Forge","damage_taken":0,"max_hp_gain":0,"max_hp_loss":0,"event_name":"Accursed Blacksmith","floor":13,"gold_loss":0,"cards_upgraded":["hierophant:Punish"]}],"is_beta":false,"boss_relics":[],"items_purged_floors":[3],"is_endless":false,"potions_floor_spawned":[1,6],"killed_by":"Hexaghost","ascension_level":0}}