{"host":"7bzprrpqr2usgpra","time":1609609311,"event":{"mods":["ATMod(阿瑾Mod)","BaseMod","BetterRewards","Dota2Spire","HololiveMod","Lobotomy","Minty Spire (QoL Compilation)","MostiFishMod","Quick Restart","Spicy Shops","StSLib","TestMod","TheWitcher","[IsaacMod]以撒尖塔","【遗物卡牌】REMEMod"],"gold_per_floor":[116,116,731,696,714,749,128,259,282,296,307,318,653,748,748,926,926,941,961,975,975,593,593,690,816,862,876,876,892,892,892,892,1065,1065,1075,707,707,718,718,846,725,725,725,745,877,314,314,451,451,651,651,651,51,289,389],"floor_reached":56,"playtime":1421,"items_purged":["Strike_B","Strike_B","Strike_B","Writhe"],"score":2547,"play_id":"4e3e1e17-4bfd-48ea-9d2a-7cfe0b871fd0","local_time":"20210103014151","is_ascension_mode":true,"campfire_choices":[{"floor":15,"key":"REST"},{"data":"MostiFishMod:ReadyAimFire","floor":23,"key":"SMITH"},{"data":"MostiFishMod:Kaleido","floor":28,"key":"SMITH"},{"data":"Apotheosis","floor":32,"key":"SMITH"},{"floor":47,"key":"RECALL"},{"data":"Creative AI","floor":49,"key":"SMITH"},{"data":"testmod-PowerStrike","floor":52,"key":"SMITH"}],"circlet_count":0,"master_deck":["AscendersBane","Strike_B+1","Defend_B","Defend_B","Defend_B","Defend_B","Zap+1","Dualcast","MostiFishMod:Kaleido+1","AT_MachinaRedman","Reprogram","Chaos","Turbo","REME_Compress","REME_MawOfCthun","Cold Snap","Machine Learning","Beam Cell","MostiFishMod:Hijack","Ball Lightning","MostiFishMod:ReadyAimFire+1","MostiFishMod:FrostNova","MostiFishMod:WinterMarkForm","REME_SelfUpgrade","Defragment","Heatsinks+1","Meteor Strike","Buffer","Heatsinks+1","Apotheosis+1","MostiFishMod:Prepare","Hello World","Bullet Time","AT_DarkMatter+1","ElectricPowerLearning","Chill+1","testmod-PowerStrike+1","Creative AI+1","Steam+1"],"relics":["testmod-TestBox","HushsDoor","AT_ATBox","REME_ComplimentaryCards","GuanYuAspect","MoneyPower","testmod-FatalChain","testmod-Fanaticism","SynthV:TestCard","TheBean","Lee\u0027s Waffle","AT_TheCollector","Matryoshka","MealTicket","AT_SpeedBoots","Art of War","FrostBlade","Tiny Chest","Dota2Spire:PowerTreads","testmod-Alchemist","Regal Pillow","Blue Candle","Coffee Dripper","REME_HourglassOfDeath","SynthV","REME_ComplimentaryCards","Torii","TheBible","StrikeDummy","GuppysTail","Dota2Spire:LotusOrb","White Beast Statue","CeramicFish","Dota2Spire:Butterfly","Dota2Spire:DrumOfEndurance","Vajra"],"acts_visited":["Exordium","TheCity","TheBeyond","TheEnding"],"potions_floor_usage":[8,8,44,44,44,50,50,55],"damage_taken":[{"damage":18,"enemies":"Small Slimes","floor":1,"turns":2},{"damage":6,"enemies":"Jaw Worm","floor":3,"turns":1},{"damage":0,"enemies":"Cultist","floor":5,"turns":2},{"damage":0,"enemies":"Lagavulin","floor":6,"turns":4},{"damage":0,"enemies":"Gremlin Nob","floor":8,"turns":2},{"damage":0,"enemies":"Gremlin Gang","floor":10,"turns":1},{"damage":2,"enemies":"Large Slime","floor":11,"turns":3},{"damage":16,"enemies":"Red Slaver","floor":12,"turns":2},{"damage":0,"enemies":"3 Sentries","floor":13,"turns":2},{"damage":0,"enemies":"Slime Boss","floor":16,"turns":2},{"damage":0,"enemies":"Spheric Guardian","floor":18,"turns":1},{"damage":0,"enemies":"Shell Parasite","floor":19,"turns":2},{"damage":0,"enemies":"Cultist and Chosen","floor":20,"turns":2},{"damage":0,"enemies":"Gremlin Leader","floor":25,"turns":2},{"damage":0,"enemies":"Snecko","floor":27,"turns":2},{"damage":0,"enemies":"Shelled Parasite and Fungi","floor":29,"turns":1},{"damage":0,"enemies":"Collector","floor":33,"turns":2},{"damage":0,"enemies":"Orb Walker","floor":35,"turns":1},{"damage":24,"enemies":"3 Shapes","floor":38,"turns":2},{"damage":1,"enemies":"Giant Head","floor":40,"turns":3},{"damage":0,"enemies":"Writhing Mass","floor":44,"turns":2},{"damage":38,"enemies":"Reptomancer","floor":45,"turns":2},{"damage":13,"enemies":"Giant Head","floor":48,"turns":2},{"damage":28,"enemies":"Donu and Deca","floor":50,"turns":3},{"damage":32,"enemies":"Shield and Spear","floor":54,"turns":3},{"damage":16,"enemies":"The Heart","floor":55,"turns":2}],"seed_played":"6553586374161681112","potions_obtained":[{"floor":1,"key":"FearPotion"},{"floor":5,"key":"GamblersBrew"},{"floor":8,"key":"ColorlessPotion"},{"floor":11,"key":"Fire Potion"},{"floor":20,"key":"PotionOfCapacity"},{"floor":29,"key":"LiquidMemories"},{"floor":44,"key":"FearPotion"},{"floor":45,"key":"Fruit Juice"},{"floor":48,"key":"Weak Potion"},{"floor":54,"key":"BlessingOfTheForge"}],"is_trial":false,"path_per_floor":["M","?","M","?","M","E","$","E","T","M","M","M","E","?","R","B",null,"M","M","M","?","$","R","?","E","T","M","R","M","?","T","R","B",null,"M","$","?","M","?","E","$","T","T","M","E","$","R","E","R","B",null,"R","$","E","B",null],"character_chosen":"DEFECT","items_purchased":["Lee\u0027s Waffle","AT_TheCollector","REME_MawOfCthun","Tiny Chest","Dota2Spire:PowerTreads","REME_HourglassOfDeath","SynthV","TheBible","White Beast Statue","testmod-PowerStrike","Dota2Spire:Butterfly","Dota2Spire:DrumOfEndurance"],"campfire_rested":1,"item_purchase_floors":[7,7,7,22,22,36,36,41,46,46,53,53],"current_hp_per_floor":[28,17,12,17,21,28,43,43,43,43,43,32,43,28,34,43,43,43,43,43,43,43,43,28,38,38,43,43,43,43,43,43,43,43,43,43,43,36,36,43,43,43,43,43,43,43,43,33,33,39,43,43,48,19,11],"gold":389,"neow_bonus":"BOSS_RELIC","is_daily":false,"chose_seed":false,"campfire_upgraded":5,"win_rate":0.0,"timestamp":1609609311,"path_taken":["M","?","M","?","M","E","$","E","T","M","?","?","E","?","R","BOSS","M","?","M","?","$","R","?","E","T","M","R","?","?","?","R","BOSS","M","?","?","M","?","E","$","?","T","?","E","$","R","E","R","BOSS","R","$","E","BOSS"],"items_purchased_type":["Relic","Relic","Card","Relic","Relic","Relic","Relic","Relic","Relic","Card","Relic","Relic"],"build_version":"2020-12-22","purchased_purges":4,"victory":true,"max_hp_per_floor":[36,36,36,36,36,36,43,43,43,43,43,43,43,43,43,43,43,43,43,43,43,43,43,43,43,43,43,43,43,43,43,43,43,43,43,43,43,43,43,43,43,43,43,43,43,43,43,43,43,48,48,48,48,48,48],"card_choices":[{"not_picked":[],"picked":"Bomb","floor":0},{"not_picked":["Bomb","AT_StudyProgram"],"picked":"Reprogram","floor":1},{"not_picked":["Reinforced Body","Leap","Sweeping Beam","Steam"],"picked":"Chaos","floor":3},{"not_picked":["AT_RobotInSpace","Reprogram","Genetic Algorithm","Coolheaded"],"picked":"Turbo","floor":5},{"not_picked":["Skim","REME_SelfUpgrade","Bomb","Distribution"],"picked":"REME_Compress","floor":6},{"not_picked":["Leap","Blizzard","Tempest","Coolheaded"],"picked":"Cold Snap","floor":8},{"not_picked":["Hello World","Scrape","AT_HeatAcrobatics","Beam Cell"],"picked":"Machine Learning","floor":10},{"not_picked":["REME_Compress","Steam","MostiFishMod:PushDownKick","MostiFishMod:FluxCapactior"],"picked":"Beam Cell","floor":11},{"not_picked":["Recycle","Reprogram","Gash","Cold Snap"],"picked":"MostiFishMod:Hijack","floor":12},{"not_picked":["MostiFishMod:PushDownKick","Leap","Stack","Skim"],"picked":"Ball Lightning","floor":13},{"not_picked":["Seek","MostiFishMod:ATRI","Hyperbeam","Multi-Cast"],"picked":"MostiFishMod:ReadyAimFire","floor":16},{"not_picked":["Turbo","Streamline","Skim+1","Rip and Tear"],"picked":"REME_SelfUpgrade","floor":18},{"not_picked":["Gash","Reinforced Body","Leap","AT_EMC2+1"],"picked":"Defragment","floor":19},{"not_picked":["Reprogram","Ball Lightning","Compile Driver","AT_HeatAcrobatics"],"picked":"Heatsinks+1","floor":20},{"not_picked":["White Noise","Compile Driver","Beam Cell","Leap+1","Sweeping Beam"],"picked":"Meteor Strike","floor":25},{"not_picked":["Rebound","Streamline","Steam","Undo"],"picked":"Buffer","floor":27},{"not_picked":["Streamline","Go for the Eyes+1","Scrape","Steam"],"picked":"Heatsinks+1","floor":29},{"not_picked":["MostiFishMod:Tomorrow","Biased Cognition","REME_ForAll","Fission"],"picked":"MostiFishMod:Prepare","floor":33},{"not_picked":["Cold Snap","Hologram","REME_DataAnalysis","FTL"],"picked":"Hello World","floor":35},{"not_picked":["Tempest","Gash","Hologram","Doom and Gloom","MostiFishMod:ReprogramOld"],"picked":"SKIP","floor":38},{"not_picked":["Streamline","Gash+1","Barrage","Rip and Tear"],"picked":"AT_DarkMatter+1","floor":40},{"not_picked":["Rebound","Hello World","Leap+1","Hologram+1"],"picked":"ElectricPowerLearning","floor":44},{"not_picked":["REME_DataAnalysis","MostiFishMod:GatherIntelligence","Cold Snap+1","AT_ThunderBolt"],"picked":"Chill+1","floor":45},{"not_picked":["Sweeping Beam","Hello World+1","Cold Snap","Undo"],"picked":"Creative AI","floor":48},{"not_picked":["Scrape","Leap","Gash","Coolheaded"],"picked":"Steam+1","floor":54}],"player_experience":234459,"relics_obtained":[{"floor":1,"key":"SynthV:TestCard"},{"floor":6,"key":"TheBean"},{"floor":8,"key":"Matryoshka"},{"floor":9,"key":"MealTicket"},{"floor":9,"key":"AT_SpeedBoots"},{"floor":13,"key":"Art of War"},{"floor":25,"key":"testmod-Alchemist"},{"floor":26,"key":"Regal Pillow"},{"floor":31,"key":"Blue Candle"},{"floor":40,"key":"Torii"},{"floor":42,"key":"StrikeDummy"},{"floor":43,"key":"GuppysTail"},{"floor":45,"key":"Dota2Spire:LotusOrb"},{"floor":48,"key":"CeramicFish"},{"floor":54,"key":"Vajra"}],"event_choices":[{"damage_healed":0,"gold_gain":0,"player_choice":"Entered Light","damage_taken":11,"max_hp_gain":0,"max_hp_loss":0,"event_name":"Shining Light","floor":2,"gold_loss":0,"cards_upgraded":["Zap","Strike_B"]},{"damage_healed":9,"gold_gain":0,"player_choice":"Healed","damage_taken":0,"max_hp_gain":0,"max_hp_loss":0,"event_name":"The Cleric","floor":4,"gold_loss":35},{"damage_healed":0,"gold_gain":0,"player_choice":"Ignored","damage_taken":0,"max_hp_gain":0,"max_hp_loss":0,"event_name":"Beggar","floor":21,"gold_loss":0},{"damage_healed":9,"gold_gain":0,"player_choice":"Writhe","damage_taken":0,"max_hp_gain":0,"max_hp_loss":0,"event_name":"Winding Halls","floor":37,"gold_loss":0,"cards_obtained":["Writhe"]},{"damage_healed":0,"gold_gain":0,"player_choice":"Swap Relic","damage_taken":0,"relics_obtained":["REME_ComplimentaryCards"],"max_hp_gain":0,"max_hp_loss":0,"event_name":"给自己的盒子","floor":39,"relics_lost":["DaveBox"],"gold_loss":0}],"is_beta":false,"boss_relics":[{"not_picked":["testmod-Temperance","Pandora\u0027s Box"],"picked":"FrostBlade"},{"not_picked":[]},{"not_picked":["Fusion Hammer","REME_LowDesire"],"picked":"Coffee Dripper"},{"not_picked":[]}],"items_purged_floors":[22,36,46,53],"is_endless":false,"potions_floor_spawned":[1,5,8,11,16,18,20,29,33,40,44,45,48,54],"ascension_level":15}}