{"host":"5yjvsohl6z99blyx","time":1609626789,"event":{"mods":["BaseMod","Better Altar","Better Match","Better Note","Better Sensory Stone","Better Skull","Better Third Choice","Better Vampires","BetterRewards","Colored Map","Colored Powertips","Defuse TimeMaze Blight","Downfall","Emptier Cage","Energized Spire","Highlight Path","Hubris","Minty Spire (QoL Compilation)","Permanent Neow","Quick Restart","Relic Filter","Replay The Spire","Shop Mod","StSLib","Transform Curses","Uncapped"],"gold_per_floor":[116,135,153,2,13,13,32,57,134,185,200,200,228,243,243,346,346,364,114,134,149,13,44,44,63,63,113,47,76,76,104,104,209,209,220,50,50,50,50,50,50],"floor_reached":40,"playtime":2800,"items_purged":["Strike_R","Strike_R","hubris:Wrath"],"score":607,"play_id":"796ae110-7741-4499-924b-01d93bfff4e6","local_time":"20210102233309","is_ascension_mode":true,"campfire_choices":[{"data":"Apotheosis","floor":6,"key":"SMITH"},{"floor":12,"key":"REST"},{"floor":15,"key":"RECALL"},{"data":"Specialist","floor":24,"key":"SMITH"}],"circlet_count":0,"master_deck":["Strike_R","Strike_R","Strike_R","Defend_R","Defend_R","Defend_R","Defend_R","Bash","Apotheosis+1","Cleave","Flex","Infernal Blade+1","Iron Wave","Run Through","Battle Trance","ReplayTheSpireMod:Muscle Training","Intimidate","Entrench","Berserk","Ghostly Armor","Evolve","The Bomb","Specialist+1","Disarm","Combust+1","Power Through","expansioncontent:ChargeUp","Fire Breathing+1","Feel No Pain","Feel No Pain","Shrug It Off","Hemogenesis","ReplayReversal"],"relics":["Burning Blood","Membership Card","Vajra","hubris:ChampionShield","MerchantsRug","TungstenRod","ClockworkSouvenir","Tiny Chest","Shuriken","Ornamental Fan","Orichalcum","Torii","Frozen Eye","Nunchaku","Juzu Bracelet","hubris:SlimyHat","Red Skull","ReplayTheSpireMod:CursedCoin","Toy Ornithopter","Singing Bowl","Anchor","Runic Dome","Oddly Smooth Stone","Potion Belt"],"acts_visited":["Exordium","TheCity","TheBeyond"],"potions_floor_usage":[5,8,8,16,20,25,29,29,31,33,35,40],"damage_taken":[{"damage":7,"enemies":"Small Slimes","floor":1,"turns":5},{"damage":1,"enemies":"Jaw Worm","floor":2,"turns":3},{"damage":0,"enemies":"Cultist","floor":3,"turns":3},{"damage":9,"enemies":"Gremlin Gang","floor":5,"turns":3},{"damage":9,"enemies":"Exordium Thugs","floor":7,"turns":3},{"damage":17,"enemies":"Lagavulin","floor":8,"turns":5},{"damage":12,"enemies":"Blue Slaver","floor":11,"turns":2},{"damage":8,"enemies":"Replay:BlueRogue","floor":13,"turns":5},{"damage":8,"enemies":"Lots of Slimes","floor":14,"turns":3},{"damage":1,"enemies":"Slime Boss","floor":16,"turns":7},{"damage":7,"enemies":"2 Thieves","floor":18,"turns":3},{"damage":6,"enemies":"Shell Parasite","floor":20,"turns":4},{"damage":24,"enemies":"Centurion and Healer","floor":21,"turns":5},{"damage":26,"enemies":"Slavers","floor":23,"turns":5},{"damage":0,"enemies":"Snake Plant","floor":25,"turns":4},{"damage":0,"enemies":"Replay:Snechameleon","floor":29,"turns":7},{"damage":15,"enemies":"Book of Stabbing","floor":31,"turns":6},{"damage":25,"enemies":"hubris:MusketHawk","floor":33,"turns":13},{"damage":19,"enemies":"3 Darklings","floor":35,"turns":4},{"damage":83,"enemies":"Nemesis","floor":40,"turns":8}],"seed_played":"4443202534918155619","potions_obtained":[{"floor":2,"key":"FearPotion"},{"floor":5,"key":"sneckomod:MuddlingPotion"},{"floor":14,"key":"AttackPotion"},{"floor":18,"key":"champ:CounterPotion"},{"floor":23,"key":"Weak Potion"},{"floor":30,"key":"SmokeBomb"},{"floor":30,"key":"Explosive Potion"},{"floor":30,"key":"Slimebound:ThreeZeroPotion"},{"floor":31,"key":"ColorlessPotion"}],"is_trial":false,"path_per_floor":["M","M","M","$","M","R","M","E","T","?","M","R","E","M","R","B",null,"M","$","M","M","$","E","R","M","T","T","$","E","?","E","R_BF","B",null,"M","$","?","?","T","E"],"character_chosen":"IRONCLAD","items_purchased":["Membership Card","Vajra","hubris:ChampionShield","MerchantsRug","Apotheosis","ClockworkSouvenir","Infernal Blade+1","HeartOfIron","Frozen Eye","Nunchaku","Evolve","The Bomb","Specialist","Juzu Bracelet","Power Through","expansioncontent:ChargeUp","ReplayTheSpireMod:CursedCoin","Toy Ornithopter","champ:CounterPotion","Feel No Pain","PowerPotion","Oddly Smooth Stone","Potion Belt","Dexterity Potion"],"campfire_rested":1,"item_purchase_floors":[0,0,0,0,0,4,4,4,19,19,19,19,19,22,22,22,28,28,28,28,28,36,36,36],"current_hp_per_floor":[79,80,80,80,77,77,74,63,63,44,38,62,60,58,58,63,80,79,79,79,61,61,41,41,47,47,47,47,63,63,61,82,63,82,71,71,71,71,71,0,0],"gold":50,"neow_bonus":"","is_daily":false,"chose_seed":false,"campfire_upgraded":2,"win_rate":0.0,"timestamp":1609626789,"path_taken":["M","M","M","$","M","R","M","E","T","?","M","R","E","?","R","BOSS","M","$","?","M","$","E","R","M","T","?","$","E","?","E","R_BF","BOSS","M","$","?","?","?","E"],"items_purchased_type":["Relic","Relic","Relic","Relic","Card","Relic","Card","Potion","Relic","Relic","Card","Card","Card","Relic","Card","Card","Relic","Relic","Potion","Card","Potion","Relic","Relic","Potion"],"build_version":"2020-12-22","purchased_purges":3,"victory":false,"max_hp_per_floor":[80,80,80,80,80,80,80,80,80,80,80,80,80,80,80,80,80,80,80,80,80,80,80,80,80,80,80,80,80,80,82,82,82,82,84,84,80,80,80,80,80],"card_choices":[{"not_picked":["Armaments","Sentinel"],"picked":"Cleave","floor":1},{"not_picked":["Thunderclap","Pommel Strike"],"picked":"Flex","floor":2},{"not_picked":["ReplayTheSpireMod:Corrosion Curse","Thunderclap","Dropkick"],"picked":"SKIP","floor":3},{"not_picked":["Perfected Strike","Warcry"],"picked":"Iron Wave","floor":5},{"not_picked":["Sentinel","Headbutt"],"picked":"Run Through","floor":7},{"not_picked":["Thunderclap","Hemokinesis"],"picked":"Battle Trance","floor":8},{"not_picked":["Rampage","ReplayTheSpireMod:Strike From Hell"],"picked":"ReplayTheSpireMod:Muscle Training","floor":10},{"not_picked":["Reckless Charge","Hemogenesis"],"picked":"Intimidate","floor":10},{"not_picked":["True Grit","Clash"],"picked":"Entrench","floor":11},{"not_picked":["Sword Boomerang","Thunderclap","hubris:CleavingFinish"],"picked":"SKIP","floor":13},{"not_picked":["Replay:Undeath\u0027s Touch","Life Link","Havoc"],"picked":"SKIP","floor":14},{"not_picked":["Demonic Infusion","Replay:Many Hands"],"picked":"Berserk","floor":16},{"not_picked":["Havoc","Thunderclap"],"picked":"Ghostly Armor","floor":18},{"not_picked":["hubris:CleavingFinish","Cleave"],"picked":"Disarm","floor":20},{"not_picked":["Defy Death","Headbutt"],"picked":"Combust","floor":21},{"not_picked":["Searing Blow","Heavy Blade+1"],"picked":"Fire Breathing+1","floor":23},{"not_picked":["Run Through","Sever Soul","Abandon"],"picked":"SKIP","floor":25},{"not_picked":["Rampage","Replay:Undeath\u0027s Touch"],"picked":"Shrug It Off","floor":29},{"not_picked":["Iron Wave","Wild Strike","Brutality"],"picked":"Singing Bowl","floor":31},{"not_picked":["Impervious","Fiend Fire"],"picked":"Hemogenesis","floor":33},{"not_picked":["Cleave","Dropkick","Warcry+1"],"picked":"Singing Bowl","floor":35}],"player_experience":185587,"relics_obtained":[{"floor":8,"key":"Tiny Chest"},{"floor":9,"key":"Shuriken"},{"floor":10,"key":"Ornamental Fan"},{"floor":13,"key":"Orichalcum"},{"floor":23,"key":"hubris:SlimyHat"},{"floor":27,"key":"Red Skull"},{"floor":29,"key":"Singing Bowl"},{"floor":31,"key":"Anchor"}],"event_choices":[{"damage_healed":0,"gold_gain":0,"player_choice":"Got Potions","damage_taken":0,"max_hp_gain":0,"max_hp_loss":0,"event_name":"Lab","floor":30,"gold_loss":0},{"damage_healed":0,"gold_gain":0,"player_choice":"Max HP","damage_taken":0,"max_hp_gain":0,"max_hp_loss":4,"event_name":"Winding Halls","floor":37,"gold_loss":0}],"is_beta":false,"boss_relics":[{"not_picked":["Astrolabe","hubris:BlackHole"],"picked":"hubris:Backtick"},{"not_picked":["Sozu","Snecko Eye"],"picked":"Runic Dome"}],"items_purged_floors":[0,19,28],"is_endless":false,"potions_floor_spawned":[2,5,14,18,23,31],"killed_by":"Nemesis","ascension_level":2}}