{"host":"Bilverbakes","time":1609626474,"event":{"mods":["2.2 Compatiblity","AchievementEnabler","BaseMod","Bestiary","Colored Map","Minty Spire (QoL Compilation)","Relic Stats","StSLib","ojb\u0027s Info Mod"],"gold_per_floor":[213,223,323,337,30,30,58,71,71,106,122,140,140,151,151,229,229,242,242,242,242,242,276,276,286,286,316,328,328,346,3,3,76,76,86,111,111,122,122,153,167,167,167,167,177,177,197,72,72,72,72,72,72,103,103],"floor_reached":56,"playtime":3273,"items_purged":["Strike_B","Strike_B+1","Melter"],"score":1982,"play_id":"9720d5ea-0230-4008-aa51-9c9f8265b365","local_time":"20210102162754","is_ascension_mode":true,"campfire_choices":[{"data":"Zap","floor":6.0,"key":"SMITH"},{"data":"Defragment","floor":13.0,"key":"SMITH"},{"data":"Coolheaded","floor":15.0,"key":"SMITH"},{"data":"Sunder","floor":24.0,"key":"SMITH"},{"data":"Electrodynamics","floor":29.0,"key":"SMITH"},{"data":"Lockon","floor":32.0,"key":"SMITH"},{"data":"Fission","floor":42,"key":"SMITH"},{"data":"Fission","floor":46,"key":"SMITH"},{"floor":49,"key":"RECALL"},{"data":"Panacea","floor":52,"key":"SMITH"}],"circlet_count":0,"master_deck":["AscendersBane","Defend_B","Zap+1","Dualcast","BootSequence","FTL+1","Compile Driver","Cold Snap","Undo","Defragment+1","Cold Snap","Coolheaded+1","Electrodynamics+1","FTL","Necronomicurse","Biased Cognition","Storm","Sunder+1","Lockon+1","Doom and Gloom","Go for the Eyes","Core Surge","Panacea+1","Biased Cognition","Fission+1","Electrodynamics+1","Glacier","Fission+1","Chill","Coolheaded+1","Skim","Biased Cognition"],"relics":["Cracked Core","Whetstone","DataDisk","Pear","Question Card","SlaversCollar","Necronomicon","Toy Ornithopter","Gremlin Horn","Sundial","Lantern","DollysMirror","Astrolabe","Turnip","InkBottle","Nunchaku"],"acts_visited":["Exordium","TheCity","TheBeyond","TheEnding"],"potions_floor_usage":[47,54,55],"damage_taken":[{"damage":8.0,"enemies":"2 Louse","floor":1.0,"turns":2.0},{"damage":0.0,"enemies":"Cultist","floor":2.0,"turns":4.0},{"damage":0.0,"enemies":"Jaw Worm","floor":4.0,"turns":3.0},{"damage":3.0,"enemies":"Lagavulin","floor":7.0,"turns":6.0},{"damage":0.0,"enemies":"2 Fungi Beasts","floor":8.0,"turns":3.0},{"damage":2.0,"enemies":"3 Sentries","floor":10.0,"turns":7.0},{"damage":0.0,"enemies":"Looter","floor":11.0,"turns":2.0},{"damage":0.0,"enemies":"Lots of Slimes","floor":12.0,"turns":3.0},{"damage":9.0,"enemies":"Exordium Wildlife","floor":14.0,"turns":3.0},{"damage":0.0,"enemies":"The Guardian","floor":16.0,"turns":12.0},{"damage":0.0,"enemies":"Chosen","floor":18.0,"turns":4.0},{"damage":0.0,"enemies":"Slavers","floor":23.0,"turns":4.0},{"damage":0.0,"enemies":"Spheric Guardian","floor":25.0,"turns":1.0},{"damage":2.0,"enemies":"Book of Stabbing","floor":27.0,"turns":5.0},{"damage":9.0,"enemies":"Centurion and Healer","floor":28.0,"turns":5.0},{"damage":12.0,"enemies":"3 Cultists","floor":30.0,"turns":3.0},{"damage":16.0,"enemies":"Collector","floor":33.0,"turns":4.0},{"damage":8.0,"enemies":"Orb Walker","floor":35.0,"turns":3.0},{"damage":2.0,"enemies":"Mind Bloom Boss Battle","floor":36.0,"turns":5.0},{"damage":0.0,"enemies":"3 Shapes","floor":38.0,"turns":2.0},{"damage":0.0,"enemies":"Writhing Mass","floor":39.0,"turns":2.0},{"damage":22,"enemies":"Giant Head","floor":40,"turns":8},{"damage":0,"enemies":"3 Darklings","floor":41,"turns":3},{"damage":3,"enemies":"Spire Growth","floor":45,"turns":3},{"damage":0,"enemies":"Jaw Worm Horde","floor":47,"turns":1},{"damage":7,"enemies":"Time Eater","floor":50,"turns":11},{"damage":0,"enemies":"Shield and Spear","floor":54,"turns":3},{"damage":48,"enemies":"The Heart","floor":55,"turns":9}],"seed_played":"4457193470321405439","potions_obtained":[{"floor":1.0,"key":"Block Potion"},{"floor":4.0,"key":"DistilledChaos"},{"floor":12.0,"key":"Strength Potion"},{"floor":16.0,"key":"Explosive Potion"},{"floor":23.0,"key":"Swift Potion"},{"floor":27.0,"key":"PotionOfCapacity"},{"floor":35.0,"key":"SmokeBomb"},{"floor":45,"key":"AttackPotion"},{"floor":47,"key":"BlessingOfTheForge"}],"is_trial":false,"path_per_floor":["M","M","?","M","$","R","E","M","T","E","M","M","R","M","R","B",null,"M","?","?","?","T","E","R","M","T","E","M","R","M","$","R","B",null,"M","?","?","M","M","E","M","R","T","?","M","R","M","$","R","B",null,"R","$","E","B",null],"character_chosen":"DEFECT","items_purchased":["FTL","Compile Driver","Whetstone","Panacea","DollysMirror"],"campfire_rested":0,"item_purchase_floors":[5,5,5,31,31],"current_hp_per_floor":[56,56,56,56,56,56,53,53,63,61,61,61,61,52,52,52,74,74,58,58,58,58,63,63,63,63,66,57,57,45,45,45,29,68,60,58,58,58,63,41,41,41,41,41,38,38,43,43,43,36,70,70,70,75,32],"gold":103,"neow_bonus":"HUNDRED_GOLD","is_daily":false,"chose_seed":false,"campfire_upgraded":9,"win_rate":0.0,"timestamp":1609626474,"path_taken":["M","M","?","M","$","R","E","M","T","E","M","M","R","M","R","BOSS","M","?","?","?","?","E","R","M","T","E","M","R","M","$","R","BOSS","M","?","?","M","M","E","M","R","T","?","M","R","M","$","R","BOSS","R","$","E","BOSS"],"items_purchased_type":["Card","Card","Relic","Card","Relic"],"build_version":"2020-12-18","purchased_purges":3,"victory":true,"max_hp_per_floor":[71,71,71,71,71,71,71,71,81,81,81,81,81,81,81,81,81,81,81,81,81,81,81,81,81,81,81,81,81,81,81,81,81,81,81,81,81,81,81,81,81,81,81,81,81,81,81,81,81,81,81,81,81,81,81],"relic_stats":{"Nunchaku":[1],"Gremlin Horn":[9,9],"counters":[28,121],"Sundial":[6],"Astrolabe":["Electrodynamics","Gash","Storm"],"Turnip":[2],"Necronomicon":[24],"Whetstone":["Strike_B","FTL"],"Question Card":19,"obtain_stats":[{"Lantern":27,"Pear":9,"Gremlin Horn":23,"Astrolabe":34,"Whetstone":5,"Question Card":10,"SlaversCollar":17,"DataDisk":7,"Nunchaku":54,"Sundial":26,"DollysMirror":31,"Turnip":36,"Necronomicon":19,"Cracked Core":0,"Toy Ornithopter":22,"InkBottle":40},{"Lantern":14,"Pear":5,"Gremlin Horn":12,"Astrolabe":17,"Whetstone":3,"Question Card":6,"SlaversCollar":10,"DataDisk":4,"Nunchaku":27,"Sundial":13,"DollysMirror":16,"Turnip":19,"Necronomicon":11,"Cracked Core":0,"Toy Ornithopter":11,"InkBottle":22},{"Lantern":59,"Pear":18,"Gremlin Horn":53,"Astrolabe":71,"Whetstone":9,"Question Card":25,"SlaversCollar":45,"DataDisk":15,"Nunchaku":112,"Sundial":54,"DollysMirror":67,"Turnip":79,"Necronomicon":49,"Cracked Core":0,"Toy Ornithopter":49,"InkBottle":91}],"Toy Ornithopter":30,"InkBottle":[14]},"card_choices":[{"not_picked":["Coolheaded","Rebound"],"picked":"BootSequence","floor":1.0},{"not_picked":["Coolheaded","Leap"],"picked":"Melter","floor":2.0},{"not_picked":["Steam","Coolheaded","Stack"],"picked":"SKIP","floor":4.0},{"not_picked":["Gash","Leap"],"picked":"Cold Snap","floor":7.0},{"not_picked":["Leap","Consume"],"picked":"Undo","floor":8.0},{"not_picked":["Capacitor","Barrage"],"picked":"Defragment","floor":10.0},{"not_picked":["Rip and Tear","Rebound","Beam Cell"],"picked":"Cold Snap","floor":11.0},{"not_picked":["Leap","Turbo","Recycle","Streamline"],"picked":"SKIP","floor":12.0},{"not_picked":["Go for the Eyes","Amplify","Gash"],"picked":"Coolheaded","floor":14.0},{"not_picked":["Hyperbeam","Seek","Biased Cognition"],"picked":"Electrodynamics","floor":16.0},{"not_picked":["Stack","Rebound","Gash"],"picked":"FTL","floor":18.0},{"not_picked":["All For One","Stack","FTL"],"picked":"Lockon","floor":23.0},{"not_picked":["Undo","Barrage","Conserve Battery"],"picked":"Doom and Gloom","floor":25.0},{"not_picked":["Rebound","White Noise","Recycle"],"picked":"Go for the Eyes","floor":27.0},{"not_picked":["Cold Snap","Leap","Tempest"],"picked":"Core Surge","floor":28.0},{"not_picked":["Conserve Battery","Streamline","Leap","Stack"],"picked":"SKIP","floor":30.0},{"not_picked":["Amplify","Thunder Strike","Machine Learning"],"picked":"Fission","floor":33.0},{"not_picked":["Redo+1","Heatsinks","Undo","Leap+1"],"picked":"SKIP","floor":35.0},{"not_picked":["Ball Lightning","Storm+1","Redo+1"],"picked":"Glacier","floor":36.0},{"not_picked":["Turbo","Redo+1","Genetic Algorithm","Self Repair"],"picked":"SKIP","floor":38.0},{"not_picked":["Aggregate","Conserve Battery","Storm"],"picked":"Fission","floor":40},{"not_picked":["Reinforced Body","Consume+1","Ball Lightning"],"picked":"Chill","floor":41},{"not_picked":["Steam+1","Undo","Gash"],"picked":"Coolheaded+1","floor":45},{"not_picked":["Lockon+1","Go for the Eyes","Beam Cell"],"picked":"Skim","floor":47},{"not_picked":["Rebound","Compile Driver","Static Discharge"],"picked":"Biased Cognition","floor":54}],"player_experience":543553,"relics_obtained":[{"floor":7.0,"key":"DataDisk"},{"floor":9.0,"key":"Pear"},{"floor":10.0,"key":"Question Card"},{"floor":19.0,"key":"Necronomicon"},{"floor":22.0,"key":"Toy Ornithopter"},{"floor":23.0,"key":"Gremlin Horn"},{"floor":26.0,"key":"Sundial"},{"floor":27.0,"key":"Lantern"},{"floor":36.0,"key":"Turnip"},{"floor":40,"key":"InkBottle"},{"floor":54,"key":"Nunchaku"}],"event_choices":[{"damage_healed":0.0,"max_hp_gain":0.0,"max_hp_loss":0.0,"gold_gain":100.0,"event_name":"Wheel of Change","player_choice":"Gold","floor":3.0,"gold_loss":0.0,"damage_taken":0.0},{"damage_healed":0.0,"max_hp_gain":0.0,"max_hp_loss":0.0,"gold_gain":0.0,"event_name":"Cursed Tome","player_choice":"Obtained Book","floor":19.0,"gold_loss":0.0,"damage_taken":16.0},{"damage_healed":0.0,"max_hp_gain":0.0,"max_hp_loss":0.0,"gold_gain":0.0,"cards_transformed":["Strike_B","Strike_B"],"event_name":"Drug Dealer","player_choice":"Became Test Subject","floor":20.0,"gold_loss":0.0,"damage_taken":0.0,"cards_obtained":["Biased Cognition","Storm"]},{"damage_healed":0.0,"max_hp_gain":0.0,"max_hp_loss":0.0,"gold_gain":0.0,"event_name":"The Library","player_choice":"Read","floor":21.0,"gold_loss":0.0,"damage_taken":0.0,"cards_obtained":["Sunder"]},{"damage_healed":0.0,"max_hp_gain":0.0,"max_hp_loss":0.0,"gold_gain":0.0,"event_name":"MindBloom","player_choice":"Fight","floor":36.0,"gold_loss":0.0,"damage_taken":0.0},{"cards_removed":["Storm"],"damage_healed":0.0,"max_hp_gain":0.0,"max_hp_loss":0.0,"gold_gain":0.0,"event_name":"Falling","player_choice":"Removed Power","floor":37.0,"gold_loss":0.0,"damage_taken":0.0},{"cards_removed":["Gash"],"damage_healed":0,"gold_gain":0,"player_choice":"Purged","damage_taken":0,"max_hp_gain":0,"max_hp_loss":0,"event_name":"Purifier","floor":44,"gold_loss":0}],"is_beta":true,"boss_relics":[{"not_picked":["SacredBark","Ectoplasm"],"picked":"SlaversCollar"},{"not_picked":["Fusion Hammer","Philosopher\u0027s Stone"],"picked":"Astrolabe"}],"items_purged_floors":[5,31,48],"is_endless":false,"potions_floor_spawned":[1,4,12,16,23,27,35,38,45,47],"ascension_level":14}}