{"host":"9l1knhxfturzliqa","time":1609554557,"event":{"mods":["BaseMod","Colored Map","Colored Powertips","DeckTracker","Highlight Path","Keyboard Shortcuts","Minty Spire (QoL Compilation)","Random Character Button"],"gold_per_floor":[115,128,53,53,73,73,73,73,73,348,373,389,403,159,159,254,254,272,288,307,319,329,329,361,361,361,377,377,394,429,429,429,532,532,550,550,562,572,590,590,619,619,619,635,635,684,714,725,725,725,725],"floor_reached":50,"playtime":4468,"items_purged":["Strike_P","Regret"],"score":830,"play_id":"a72b7265-5a2a-4ba7-8649-465db6766af0","local_time":"20210102112917","is_ascension_mode":true,"campfire_choices":[{"data":"Eruption","floor":6.0,"key":"SMITH"},{"data":"LessonLearned","floor":8.0,"key":"SMITH"},{"data":"Adaptation","floor":15.0,"key":"SMITH"},{"data":"Vault","floor":23.0,"key":"SMITH"},{"floor":25.0,"key":"REST"},{"data":"Fasting2","floor":28.0,"key":"SMITH"},{"data":"TalkToTheHand","floor":32.0,"key":"SMITH"},{"floor":40.0,"key":"RECALL"},{"data":"Indignation","floor":45.0,"key":"SMITH"},{"data":"Halt","floor":49.0,"key":"SMITH"}],"circlet_count":0,"master_deck":["Strike_P+1","Strike_P+1","Strike_P+1","Defend_P+1","Defend_P+1","Defend_P+1","Eruption+1","Vigilance+1","LessonLearned+1","BowlingBash+1","Tantrum+1","CrushJoints+1","Consecrate+1","Meditate+1","TalkToTheHand+1","Adaptation+1","Evaluate+1","ClearTheMind+1","Fasting2+1","Vault+1","Blasphemy+1","SashWhip+1","EmptyFist+1","Indignation+1","Halt+1","FearNoEvil","Writhe","Vault+1","MentalFortress+1","Wish"],"relics":["HolyWater","Dream Catcher","CloakClasp","Orrery","Frozen Egg 2","Singing Bowl","Bronze Scales","Coffee Dripper","Gambling Chip","Meat on the Bone","Girya","CaptainsWheel"],"acts_visited":["Exordium","TheCity","TheBeyond"],"potions_floor_usage":[],"damage_taken":[{"damage":0.0,"enemies":"2 Louse","floor":1.0,"turns":2.0},{"damage":0.0,"enemies":"Small Slimes","floor":2.0,"turns":2.0},{"damage":0.0,"enemies":"Cultist","floor":5.0,"turns":4.0},{"damage":2.0,"enemies":"Gremlin Nob","floor":11.0,"turns":2.0},{"damage":6.0,"enemies":"Looter","floor":12.0,"turns":2.0},{"damage":1.0,"enemies":"Large Slime","floor":13.0,"turns":4.0},{"damage":6.0,"enemies":"Hexaghost","floor":16.0,"turns":6.0},{"damage":0.0,"enemies":"Chosen","floor":18.0,"turns":3.0},{"damage":13.0,"enemies":"2 Thieves","floor":19.0,"turns":4.0},{"damage":2.0,"enemies":"Shelled Parasite and Fungi","floor":20.0,"turns":3.0},{"damage":5.0,"enemies":"Snake Plant","floor":21.0,"turns":4.0},{"damage":7.0,"enemies":"Centurion and Healer","floor":22.0,"turns":5.0},{"damage":34.0,"enemies":"Slavers","floor":24.0,"turns":5.0},{"damage":16.0,"enemies":"Cultist and Chosen","floor":27.0,"turns":4.0},{"damage":0.0,"enemies":"Snake Plant","floor":29.0,"turns":7.0},{"damage":0.0,"enemies":"Gremlin Leader","floor":30.0,"turns":4.0},{"damage":0.0,"enemies":"Collector","floor":33.0,"turns":4.0},{"damage":4.0,"enemies":"3 Darklings","floor":35.0,"turns":5.0},{"damage":0.0,"enemies":"3 Shapes","floor":37.0,"turns":8.0},{"damage":29.0,"enemies":"Jaw Worm Horde","floor":38.0,"turns":5.0},{"damage":25.0,"enemies":"4 Shapes","floor":39.0,"turns":9.0},{"damage":20.0,"enemies":"Reptomancer","floor":41.0,"turns":6.0},{"damage":0.0,"enemies":"Sphere and 2 Shapes","floor":44.0,"turns":5.0},{"damage":0.0,"enemies":"2 Orb Walkers","floor":46.0,"turns":4.0},{"damage":0.0,"enemies":"Nemesis","floor":47.0,"turns":1.0},{"damage":0.0,"enemies":"Jaw Worm Horde","floor":48.0,"turns":4.0},{"damage":50,"enemies":"Time Eater","floor":50,"turns":6}],"seed_played":"-6917394787163560472","potions_obtained":[{"floor":5.0,"key":"Swift Potion"},{"floor":12.0,"key":"Regen Potion"},{"floor":13.0,"key":"Energy Potion"},{"floor":16.0,"key":"Dexterity Potion"},{"floor":19.0,"key":"Fire Potion"},{"floor":20.0,"key":"Energy Potion"},{"floor":22.0,"key":"LiquidMemories"},{"floor":29.0,"key":"PowerPotion"},{"floor":30.0,"key":"SkillPotion"},{"floor":35.0,"key":"EssenceOfSteel"},{"floor":37.0,"key":"BlessingOfTheForge"},{"floor":47.0,"key":"SpeedPotion"}],"is_trial":false,"path_per_floor":["M","M","$","?","M","R","?","R","T","?","E","M","M","$","R","B",null,"M","M","M","M","M","R","E","R","T","M","R","M","E","?","R","B",null,"M","?","M","M","M","R","E","?","T","M","R","?","E","M","R","B"],"character_chosen":"WATCHER","items_purchased":["Orrery"],"campfire_rested":1,"item_purchase_floors":[14],"current_hp_per_floor":[72,72,72,77,77,77,62,62,62,62,60,54,53,53,53,47,77,77,64,62,57,50,50,28,51,51,35,35,35,35,35,35,35,77,75,75,77,48,25,25,7,7,7,21,21,35,47,49,49,0,0],"gold":725,"neow_bonus":"ONE_RANDOM_RARE_CARD","is_daily":false,"chose_seed":false,"campfire_upgraded":8,"win_rate":0.0,"timestamp":1609554557,"path_taken":["M","M","$","?","M","R","?","R","T","?","E","M","M","$","R","BOSS","M","M","M","M","M","R","E","R","T","?","R","M","E","?","R","BOSS","M","?","M","M","M","R","E","?","T","M","R","?","E","M","R","BOSS"],"items_purchased_type":["Relic"],"build_version":"2020-12-22","purchased_purges":2,"victory":false,"max_hp_per_floor":[72,72,72,77,77,77,77,77,77,77,77,77,77,77,77,77,77,77,77,77,77,77,77,77,77,77,77,77,77,77,77,77,77,77,79,79,81,81,83,83,85,85,85,87,87,89,89,91,91,91,91],"card_choices":[{"not_picked":["Protect","SashWhip"],"picked":"BowlingBash","floor":1.0},{"not_picked":["Consecrate","FlyingSleeves"],"picked":"Tantrum","floor":2.0},{"not_picked":["Nirvana","Study"],"picked":"CrushJoints","floor":5.0},{"not_picked":["SashWhip","Study"],"picked":"Consecrate","floor":11.0},{"not_picked":["Weave","EmptyFist"],"picked":"Meditate","floor":12.0},{"not_picked":["TalkToTheHand","ReachHeaven","SandsOfTime"],"picked":"SKIP","floor":13.0},{"not_picked":["ReachHeaven","SandsOfTime"],"picked":"TalkToTheHand","floor":13.0},{"not_picked":["ForeignInfluence","Evaluate"],"picked":"Adaptation","floor":14.0},{"not_picked":["Establishment","Pray"],"picked":"Evaluate","floor":14.0},{"not_picked":["Indignation","FlyingSleeves"],"picked":"ClearTheMind","floor":14.0},{"not_picked":["MasterReality","Crescendo"],"picked":"Fasting2","floor":14.0},{"not_picked":["Blasphemy","MasterReality"],"picked":"Vault","floor":16.0},{"not_picked":["WindmillStrike+1","Consecrate+1","ForeignInfluence"],"picked":"SKIP","floor":18.0},{"not_picked":["CutThroughFate+1","CrushJoints"],"picked":"Blasphemy","floor":19.0},{"not_picked":["PathToVictory","Pray+1","Tantrum"],"picked":"SKIP","floor":20.0},{"not_picked":["Prostrate","Crescendo"],"picked":"SashWhip+1","floor":21.0},{"not_picked":["PathToVictory+1","FollowUp"],"picked":"EmptyFist","floor":22.0},{"not_picked":["Blasphemy","ReachHeaven","Wireheading+1"],"picked":"SKIP","floor":24.0},{"not_picked":["Evaluate","BowlingBash"],"picked":"Indignation","floor":25.0},{"not_picked":["Evaluate","Perseverance"],"picked":"Halt","floor":27.0},{"not_picked":["SashWhip","ReachHeaven","Prostrate"],"picked":"SKIP","floor":29.0},{"not_picked":["Tantrum+1","CarveReality"],"picked":"FearNoEvil","floor":30.0},{"not_picked":["Alpha","Brilliance"],"picked":"Vault","floor":33.0},{"not_picked":["SashWhip","Conclude+1","CrushJoints"],"picked":"Singing Bowl","floor":35.0},{"not_picked":["FlurryOfBlows+1","JustLucky","DeceiveReality+1"],"picked":"Singing Bowl","floor":37.0},{"not_picked":["Vengeance+1","CutThroughFate"],"picked":"MentalFortress+1","floor":38.0},{"not_picked":["Adaptation+1","FollowUp","Vengeance+1"],"picked":"Singing Bowl","floor":39.0},{"not_picked":["LikeWater+1","Crescendo","EmptyFist+1"],"picked":"Singing Bowl","floor":41.0},{"not_picked":["EmptyBody","FlyingSleeves","MentalFortress+1"],"picked":"Singing Bowl","floor":44.0},{"not_picked":["ClearTheMind+1","FollowUp+1","Evaluate+1"],"picked":"Singing Bowl","floor":46.0},{"not_picked":["Protect","CutThroughFate"],"picked":"Wish","floor":47.0},{"not_picked":["SashWhip","EmptyBody","BowlingBash"],"picked":"Singing Bowl","floor":48.0}],"player_experience":296163,"relics_obtained":[{"floor":9.0,"key":"Dream Catcher"},{"floor":11.0,"key":"CloakClasp"},{"floor":24.0,"key":"Frozen Egg 2"},{"floor":30.0,"key":"Singing Bowl"},{"floor":41.0,"key":"Gambling Chip"},{"floor":43.0,"key":"Meat on the Bone"},{"floor":46.0,"key":"Girya"},{"floor":47.0,"key":"CaptainsWheel"}],"event_choices":[{"damage_healed":0.0,"max_hp_gain":5.0,"max_hp_loss":0.0,"gold_gain":0.0,"event_name":"Big Fish","player_choice":"Donut","floor":4.0,"gold_loss":0.0,"damage_taken":0.0},{"damage_healed":0.0,"max_hp_gain":0.0,"max_hp_loss":0.0,"gold_gain":0.0,"event_name":"Shining Light","player_choice":"Entered Light","floor":7.0,"gold_loss":0.0,"damage_taken":15.0,"cards_upgraded":["Vigilance","CrushJoints"]},{"damage_healed":0.0,"max_hp_gain":0.0,"max_hp_loss":0.0,"gold_gain":275.0,"event_name":"Golden Shrine","player_choice":"Desecrate","floor":10.0,"gold_loss":0.0,"damage_taken":0.0,"cards_obtained":["Regret"]},{"damage_healed":0.0,"max_hp_gain":0.0,"max_hp_loss":0.0,"gold_gain":0.0,"event_name":"The Mausoleum","player_choice":"Opened","floor":31.0,"gold_loss":0.0,"damage_taken":0.0,"relics_obtained":["Bronze Scales"],"cards_obtained":["Writhe"]},{"cards_removed":["Defend_P"],"damage_healed":0.0,"max_hp_gain":0.0,"max_hp_loss":0.0,"gold_gain":0.0,"event_name":"Falling","player_choice":"Removed Skill","floor":36.0,"gold_loss":0.0,"damage_taken":0.0},{"damage_healed":0.0,"max_hp_gain":0.0,"max_hp_loss":0.0,"gold_gain":0.0,"event_name":"Tomb of Lord Red Mask","player_choice":"Ignored","floor":42.0,"gold_loss":0.0,"damage_taken":0.0},{"damage_healed":0.0,"max_hp_gain":0.0,"max_hp_loss":0.0,"gold_gain":0.0,"event_name":"Mysterious Sphere","player_choice":"Fight","floor":46.0,"gold_loss":0.0,"damage_taken":0.0}],"is_beta":false,"boss_relics":[{"not_picked":["SacredBark","Busted Crown"],"picked":"HolyWater"},{"not_picked":["Sozu","Runic Dome"],"picked":"Coffee Dripper"}],"items_purged_floors":[3,14],"is_endless":false,"potions_floor_spawned":[5,12,13,16,19,20,22,29,30,35,37,47],"killed_by":"Time Eater","ascension_level":4}}