{"host":"wkcoec525dnrk4jw","time":1609590341,"event":{"mods":["BaseMod","Conspire","Minty Spire (QoL Compilation)","Quick Restart","Replay The Spire","Shop Mod","StSLib","TestMod","The Bug Knight","The Cursed","[IsaacMod]ÒÔÈö¼âËþ"],"gold_per_floor":[131,141,161,161,161,195,212,237,237,237,237],"floor_reached":10,"playtime":223,"items_purged":[],"score":173,"play_id":"0490dad1-41f1-49e1-8ad2-663ee615980a","local_time":"20210102202541","is_ascension_mode":true,"campfire_choices":[],"circlet_count":0,"master_deck":["Strike_B","Strike_B","Strike_B+1","Strike_B","Defend_B","Defend_B+1","Defend_B","Defend_B","Zap","Dualcast","BettingIsNotGood","Fusion","BasicCrystalCard","White Noise","Tempest","Bomb","ReplayRNGCard"],"relics":["Cracked Core","HushsDoor","testmod-TestBox","testmod-BatchProcessingSystem","DeathBook","NeowsBlessing","testmod-BalancedPeriapt","Simple Rune","TuHaoJin","YumHeart"],"acts_visited":["Exordium"],"potions_floor_usage":[7,8],"damage_taken":[{"damage":0,"enemies":"Cultist","floor":1,"turns":1},{"damage":0,"enemies":"Small Slimes","floor":2,"turns":1},{"damage":0,"enemies":"Jaw Worm","floor":3,"turns":1},{"damage":0,"enemies":"3 Sentries","floor":6,"turns":1},{"damage":7,"enemies":"Looter","floor":7,"turns":3},{"damage":0,"enemies":"Gremlin Nob","floor":8,"turns":1},{"damage":13,"enemies":"3 Sentries","floor":10,"turns":1}],"seed_played":"-5003320749729096743","potions_obtained":[{"floor":1,"key":"Adrenaline Potion"},{"floor":3,"key":"Languid Potion"},{"floor":6,"key":"testmod-EscapePotion"},{"floor":7,"key":"PotionOfCapacity"}],"is_trial":false,"path_per_floor":["M","M","M","?","T","E","M","E","T","E"],"character_chosen":"DEFECT","items_purchased":[],"campfire_rested":0,"item_purchase_floors":[],"current_hp_per_floor":[68,68,68,68,68,68,61,61,61,48,48],"gold":237,"neow_bonus":"THREE_ENEMY_KILL","is_daily":false,"chose_seed":false,"campfire_upgraded":0,"win_rate":0.0,"timestamp":1609590341,"path_taken":["M","?","?","?","?","E","M","E","T","E"],"items_purchased_type":[],"build_version":"2020-12-22","purchased_purges":0,"victory":false,"max_hp_per_floor":[75,75,75,75,75,75,75,75,75,75,75],"card_choices":[{"not_picked":[],"picked":"BettingIsNotGood","floor":0},{"not_picked":["Compile Driver","ReplayTheSpireMod:Dual Polarity"],"picked":"Fusion","floor":1},{"not_picked":["Cancel","conspire:SharedLibrary"],"picked":"BasicCrystalCard","floor":2},{"not_picked":["Gash","ReplayTheSpireMod:GoodbyeWorld"],"picked":"White Noise","floor":3},{"not_picked":["Coolheaded","Panic Button"],"picked":"Tempest","floor":6},{"not_picked":["Ball Lightning","Hologram"],"picked":"Bomb","floor":7},{"not_picked":["Chaos","Barrage"],"picked":"ReplayRNGCard","floor":8}],"player_experience":193631,"relics_obtained":[{"floor":5,"key":"testmod-BalancedPeriapt"},{"floor":6,"key":"Simple Rune"},{"floor":8,"key":"TuHaoJin"},{"floor":9,"key":"YumHeart"}],"event_choices":[],"is_beta":false,"boss_relics":[],"items_purged_floors":[],"is_endless":false,"potions_floor_spawned":[1,3,6,7],"killed_by":"3 Sentries","ascension_level":7}}