{"host":"dakcvogui7vuc6hc","time":1609572086,"event":{"mods":["AchievementEnabler","BaseMod","Bestiary","Colored Powertips","Highlight Path","Minty Spire (QoL Compilation)","Permanent Neow","Quick Restart"],"gold_per_floor":[116,128,78,88,99,99,124,124,199,209,209,244,260,274,274,372,372,384,95,45,60,77,77,77],"floor_reached":23,"playtime":2034,"items_purged":["Strike_G","Strike_G"],"score":256,"play_id":"d4f1d4a6-c959-49c0-974f-009865b3a4a4","local_time":"20210101232126","is_ascension_mode":true,"campfire_choices":[{"data":"Concentrate","floor":6.0,"key":"SMITH"},{"data":"Neutralize","floor":8.0,"key":"SMITH"},{"floor":15.0,"key":"RECALL"}],"circlet_count":0,"master_deck":["Strike_G","Defend_G","Defend_G","Defend_G","Defend_G","Survivor","Neutralize+1","Acrobatics","Eviscerate","Concentrate+1","Dagger Throw","Skewer","Poisoned Stab","Footwork","Blade Dance","Well Laid Plans","Prepared","Venomology","Deflect+1","Dodge and Roll"],"relics":["Ring of the Snake","Tingsha","Smiling Mask","Black Star","Bottled Tornado"],"acts_visited":["Exordium","TheCity"],"potions_floor_usage":[],"damage_taken":[{"damage":5.0,"enemies":"2 Louse","floor":1.0,"turns":4.0},{"damage":0.0,"enemies":"Cultist","floor":2.0,"turns":3.0},{"damage":0.0,"enemies":"Small Slimes","floor":4.0,"turns":2.0},{"damage":2.0,"enemies":"Red Slaver","floor":5.0,"turns":3.0},{"damage":7.0,"enemies":"Gremlin Nob","floor":7.0,"turns":3.0},{"damage":9.0,"enemies":"Lots of Slimes","floor":10.0,"turns":4.0},{"damage":16.0,"enemies":"Lagavulin","floor":12.0,"turns":5.0},{"damage":0.0,"enemies":"Gremlin Gang","floor":13.0,"turns":3.0},{"damage":3.0,"enemies":"Looter","floor":14.0,"turns":2.0},{"damage":16.0,"enemies":"The Guardian","floor":16.0,"turns":9.0},{"damage":3.0,"enemies":"Spheric Guardian","floor":18.0,"turns":3.0},{"damage":1.0,"enemies":"Chosen","floor":21.0,"turns":3.0},{"damage":22.0,"enemies":"Snecko","floor":22.0,"turns":6.0},{"damage":40,"enemies":"Gremlin Leader","floor":23,"turns":9}],"seed_played":"7863878149315651120","potions_obtained":[{"floor":4.0,"key":"DistilledChaos"},{"floor":5.0,"key":"FearPotion"},{"floor":12.0,"key":"CunningPotion"},{"floor":13.0,"key":"Weak Potion"},{"floor":18.0,"key":"Weak Potion"},{"floor":22.0,"key":"BlessingOfTheForge"}],"is_trial":false,"path_per_floor":["M","M","?","M","M","R","E","R","T","M","?","E","M","M","R","B",null,"M","$","$","M","M","E"],"character_chosen":"THE_SILENT","items_purchased":["Bottled Tornado"],"campfire_rested":0,"item_purchase_floors":[19],"current_hp_per_floor":[58,58,58,58,56,56,49,49,49,40,63,47,47,44,44,28,54,51,51,51,50,28,0,0],"gold":77,"neow_bonus":"TRANSFORM_TWO_CARDS","is_daily":false,"chose_seed":false,"campfire_upgraded":2,"win_rate":0.0,"timestamp":1609572086,"path_taken":["M","M","?","M","M","R","E","R","T","M","?","E","M","M","R","BOSS","M","?","$","M","M","E"],"items_purchased_type":["Relic"],"build_version":"2020-12-22","purchased_purges":2,"victory":false,"max_hp_per_floor":[63,63,63,63,63,63,63,63,63,63,63,63,63,63,63,63,63,63,63,63,63,63,63,63],"card_choices":[{"not_picked":["Acrobatics","Blade Dance"],"picked":"Concentrate","floor":1.0},{"not_picked":["PiercingWail","Backflip"],"picked":"Dagger Throw","floor":2.0},{"not_picked":["Sucker Punch","Prepared"],"picked":"Skewer","floor":4.0},{"not_picked":["PiercingWail","Outmaneuver"],"picked":"Poisoned Stab","floor":5.0},{"not_picked":["Predator","Dodge and Roll"],"picked":"Footwork","floor":7.0},{"not_picked":["Phantasmal Killer","Catalyst"],"picked":"Blade Dance","floor":10.0},{"not_picked":["Noxious Fumes","Sucker Punch","Dodge and Roll"],"picked":"SKIP","floor":12.0},{"not_picked":["PiercingWail","Bouncing Flask"],"picked":"Well Laid Plans","floor":13.0},{"not_picked":["Backflip","Concentrate"],"picked":"Prepared","floor":14.0},{"not_picked":["Malaise","Night Terror"],"picked":"Venomology","floor":16.0},{"not_picked":["Catalyst","Quick Slash+1"],"picked":"Deflect+1","floor":18.0},{"not_picked":["Slice","Dagger Spray","Deadly Poison"],"picked":"SKIP","floor":21.0},{"not_picked":["Expertise","Acrobatics"],"picked":"Dodge and Roll","floor":22.0}],"player_experience":197697,"relics_obtained":[{"floor":7.0,"key":"Tingsha"},{"floor":12.0,"key":"Smiling Mask"}],"event_choices":[{"cards_removed":["Strike_G"],"damage_healed":0.0,"max_hp_gain":0.0,"max_hp_loss":0.0,"gold_gain":0.0,"event_name":"The Cleric","player_choice":"Card Removal","floor":3.0,"gold_loss":50.0,"damage_taken":0.0},{"damage_healed":23.0,"max_hp_gain":0.0,"max_hp_loss":0.0,"gold_gain":0.0,"event_name":"Wheel of Change","player_choice":"Full Heal","floor":11.0,"gold_loss":0.0,"damage_taken":0.0}],"is_beta":false,"boss_relics":[{"not_picked":["Coffee Dripper","SacredBark"],"picked":"Black Star"}],"items_purged_floors":[19,20],"is_endless":false,"potions_floor_spawned":[4,5,12,13,18,22],"killed_by":"Gremlin Leader","ascension_level":5}}