{"host":"fal5b55xqvompnbi","time":1609595335,"event":{"mods":["AchievementEnabler","BaseMod","BetterRewards","Downfall","Infinite Spire","Marisa????????","Minty Spire (QoL Compilation)","Replay The Spire","Shop Mod","StSLib"],"gold_per_floor":[115,115,134,152,172,172,202,98,124,155,165,165,165,165,165,165,165],"floor_reached":16,"playtime":999,"items_purged":[],"score":110,"play_id":"f46a7498-fd80-47d3-98d9-549dc218bf17","local_time":"20210102144855","is_ascension_mode":false,"campfire_choices":[{"data":"Pommel Strike","floor":6,"key":"SMITH"},{"data":"infinitespire:OneForAll","floor":13,"key":"SMITH"},{"data":"Double Tap","floor":15,"key":"SMITH"}],"circlet_count":0,"master_deck":["Strike_R","Strike_R","Strike_R","Strike_R+1","Strike_R+1","Defend_R","Defend_R","Defend_R","Defend_R","ReplayTheSpireMod:Strike From Hell","Cleave","Shrug It Off","Pommel Strike+1","Sword Boomerang","infinitespire:OneForAll+1","Shrug It Off","Double Tap+1","Entrench+1","Eruption"],"relics":["Simple Rune","MealTicket","Boot","Pet Ghost","Replay:M_SmolderingBlood"],"acts_visited":["Exordium"],"potions_floor_usage":[16,16,16],"damage_taken":[{"damage":0,"enemies":"Small Slimes","floor":1,"turns":3},{"damage":9,"enemies":"2 Louse","floor":3,"turns":2},{"damage":6,"enemies":"Jaw Worm","floor":4,"turns":3},{"damage":2,"enemies":"Looter","floor":5,"turns":3},{"damage":6,"enemies":"Replay:BlueRogue","floor":7,"turns":6},{"damage":44,"enemies":"Lagavulin","floor":10,"turns":11},{"damage":9,"enemies":"Exordium Wildlife","floor":11,"turns":4},{"damage":43,"enemies":"The Guardian","floor":16,"turns":4}],"seed_played":"784592835798802958","potions_obtained":[{"floor":1,"key":"Block Potion"},{"floor":3,"key":"hexamod:EctoCoolerPotion"},{"floor":5,"key":"LiquidMemories"}],"is_trial":false,"path_per_floor":["M","?","M","M","M","R","E","$","T","E","M","?","R","?","R","B"],"character_chosen":"IRONCLAD","items_purchased":["infinitespire:OneForAll","Shrug It Off"],"campfire_rested":0,"item_purchase_floors":[8,8],"current_hp_per_floor":[80,80,77,77,80,80,80,80,80,42,39,39,39,39,39,0,0],"gold":165,"neow_bonus":"RANDOM_COMMON_RELIC","is_daily":false,"chose_seed":false,"campfire_upgraded":3,"win_rate":0.0,"timestamp":1609595335,"path_taken":["M","?","M","M","M","R","E","$","T","E","M","?","R","?","R","BOSS"],"items_purchased_type":["Card","Card"],"build_version":"2020-12-22","purchased_purges":0,"victory":false,"max_hp_per_floor":[80,80,80,80,80,80,80,80,80,80,80,80,80,80,80,80,80],"card_choices":[{"not_picked":["Dark Embrace","Rupture"],"picked":"ReplayTheSpireMod:Strike From Hell","floor":1},{"not_picked":["ReplayTheSpireMod:Stacked","Spot Weakness"],"picked":"Cleave","floor":3},{"not_picked":["Power Through","Wild Strike"],"picked":"Shrug It Off","floor":4},{"not_picked":["Ghostly Armor","Replay:Undeath\u0027s Touch"],"picked":"Pommel Strike","floor":5},{"not_picked":["Evolve","Armaments"],"picked":"Sword Boomerang","floor":7},{"not_picked":["Replay:Undeath\u0027s Touch","Rupture"],"picked":"Double Tap","floor":10},{"not_picked":["Sword Boomerang","ReplayTheSpireMod:Muscle Training"],"picked":"Entrench","floor":11}],"player_experience":48508,"relics_obtained":[{"floor":7,"key":"MealTicket"},{"floor":9,"key":"Boot"},{"floor":10,"key":"Pet Ghost"}],"event_choices":[{"damage_healed":0,"gold_gain":0,"player_choice":"Ignored","damage_taken":0,"max_hp_gain":0,"max_hp_loss":0,"event_name":"Golden Wing","floor":2,"gold_loss":0}],"is_beta":false,"boss_relics":[],"items_purged_floors":[],"is_endless":false,"potions_floor_spawned":[1,3,5],"killed_by":"The Guardian","ascension_level":0}}