{"host":"qwttrqaysb380yri","time":1609568552,"event":{"mods":["BaseMod","Custom Start","Minty Spire (QoL Compilation)","Permanent Neow","Puzzle Mod","Relic Stats","StSLib","The Hierophant"],"gold_per_floor":[114,129,155,183,183,183,219,258,258,312,312,21,21,104,104,160,160,250,259,322,331,382,382,399,221,221,221,221,300,300,383,383,459,459,502,502,133,220,300,359,401,456,468,355,461,461,585,690,690,690],"floor_reached":51,"playtime":1973,"items_purged":["hierophant:Strike_Hierophant","hierophant:Strike_Hierophant","hierophant:Defend_Hierophant"],"score":2053,"play_id":"73c338c0-593c-469f-adcd-ac68e7135144","local_time":"20210102072232","is_ascension_mode":true,"campfire_choices":[{"data":"hierophant:Batter","floor":6,"key":"SMITH"},{"data":"hierophant:ChurchCoffers","floor":15,"key":"SMITH"},{"floor":23,"key":"REST"},{"floor":30,"key":"REST"},{"floor":32,"key":"REST"},{"floor":46,"key":"REST"},{"floor":49,"key":"RECALL"}],"circlet_count":0,"master_deck":["AscendersBane","hierophant:Defend_Hierophant","hierophant:Defend_Hierophant","hierophant:ChurchCoffers+1","hierophant:Doubloon","hierophant:Zeal","hierophant:Batter+1","hierophant:SealAway","hierophant:Doubloon","hierophant:ConvertCurrency","hierophant:Empathy+1","hierophant:ThreeLashes","hierophant:SecretStash+1","hierophant:Sermon+1","hierophant:Purify+1","hierophant:Sermon+1","hierophant:DivineIntervention+1","hierophant:Doubloon+1","hierophant:Charity+1","hierophant:Embezzle+1","hierophant:Blessing+1","hierophant:Endure+1","hierophant:Doubloon+1","hierophant:RecallFunds+1","Decay","hierophant:HolyVerse+1","hierophant:Doubloon+1","hierophant:Remorse+1","hierophant:Shelter+1","hierophant:Bribe+1","hierophant:HammerAndAnvil+1","hierophant:Batter+1","hierophant:Empathy+1","hierophant:Generosity+1","hierophant:Doubloon+1","hierophant:Chorus+1","hierophant:Doubloon+1","hierophant:OrnateBuckler+1","hierophant:Doubloon+1","hierophant:CursedGold+1"],"relics":["Black Star","CeramicFish","Prayer Wheel","Toxic Egg 2","Molten Egg 2","Frozen Egg 2","Pear","HornCleat","Fusion Hammer","Bag of Preparation","Du-Vu Doll","PreservedInsect","Ornamental Fan","Bronze Scales","Bottled Lightning","Ancient Tea Set","Singing Bowl","Empty Cage","Bag of Marbles","InkBottle","hierophant:DonationBoxRelic","MawBank","Blood Vial","Orichalcum","Omamori"],"acts_visited":["Exordium","TheCity","TheBeyond"],"potions_floor_usage":[7,8,16,24,24,40,42,50],"damage_taken":[{"damage":3,"enemies":"2 Louse","floor":1,"turns":3},{"damage":1,"enemies":"Cultist","floor":2,"turns":4},{"damage":2,"enemies":"Jaw Worm","floor":3,"turns":3},{"damage":0,"enemies":"3 Louse","floor":4,"turns":2},{"damage":20,"enemies":"Lagavulin","floor":7,"turns":5},{"damage":0,"enemies":"Gremlin Gang","floor":8,"turns":2},{"damage":32,"enemies":"Gremlin Nob","floor":10,"turns":4},{"damage":13,"enemies":"Blue Slaver","floor":14,"turns":4},{"damage":24,"enemies":"Hexaghost","floor":16,"turns":9},{"damage":0,"enemies":"Spheric Guardian","floor":18,"turns":2},{"damage":36,"enemies":"Chosen","floor":20,"turns":6},{"damage":39,"enemies":"Snake Plant","floor":22,"turns":4},{"damage":28,"enemies":"Book of Stabbing","floor":24,"turns":6},{"damage":0,"enemies":"Slavers","floor":29,"turns":2},{"damage":16,"enemies":"Book of Stabbing","floor":31,"turns":4},{"damage":41,"enemies":"Collector","floor":33,"turns":9},{"damage":2,"enemies":"3 Darklings","floor":35,"turns":1},{"damage":14,"enemies":"Orb Walker","floor":38,"turns":2},{"damage":0,"enemies":"3 Darklings","floor":39,"turns":3},{"damage":37,"enemies":"Nemesis","floor":40,"turns":5},{"damage":0,"enemies":"Transient","floor":41,"turns":5},{"damage":13,"enemies":"Reptomancer","floor":42,"turns":4},{"damage":0,"enemies":"Jaw Worm Horde","floor":45,"turns":2},{"damage":0,"enemies":"Sphere and 2 Shapes","floor":47,"turns":1},{"damage":0,"enemies":"Nemesis","floor":48,"turns":1},{"damage":37,"enemies":"Donu and Deca","floor":50,"turns":7}],"seed_played":"-6725843376117032586","potions_obtained":[{"floor":1,"key":"DuplicationPotion"},{"floor":3,"key":"LiquidMemories"},{"floor":7,"key":"FairyPotion"},{"floor":8,"key":"LiquidBronze"},{"floor":16,"key":"Dexterity Potion"},{"floor":22,"key":"Block Potion"},{"floor":24,"key":"Fire Potion"},{"floor":33,"key":"Dexterity Potion"},{"floor":41,"key":"GamblersBrew"},{"floor":45,"key":"Fire Potion"},{"floor":47,"key":"LiquidMemories"}],"is_trial":false,"path_per_floor":["M","M","M","M","?","R","E","M","T","E","?","$","?","M","R","B",null,"M","?","M","?","M","R","E","$","T","T","?","E","R","E","R","B",null,"M","?","$","M","M","E","M","E","T","$","M","R","M","E","R","B",null],"character_chosen":"HIEROPHANT","items_purchased":["Pear","hierophant:Sermon+1","hierophant:Shelter+1","hierophant:Bribe+1","Bag of Marbles","hierophant:Generosity+1"],"campfire_rested":4,"item_purchase_floors":[12,12,25,25,37,37],"current_hp_per_floor":[65,64,62,62,62,62,42,42,42,10,10,20,20,7,7,10,66,66,66,40,40,11,36,8,8,8,8,8,8,33,27,52,21,69,79,79,79,67,69,44,58,57,57,57,71,101,103,105,105,68],"gold":690,"neow_bonus":"BOSS_RELIC","is_daily":false,"chose_seed":false,"campfire_upgraded":2,"win_rate":0.0,"timestamp":1609568552,"path_taken":["M","M","M","M","?","R","E","?","T","E","?","$","?","M","R","BOSS","M","?","?","?","M","R","E","$","T","?","?","E","R","E","R","BOSS","M","?","$","M","?","E","M","E","T","$","M","R","M","E","R","BOSS"],"items_purchased_type":["Relic","Card","Card","Card","Relic","Card"],"build_version":"2020-12-22","purchased_purges":3,"victory":true,"max_hp_per_floor":[75,75,75,75,75,75,75,75,75,75,75,85,85,85,85,85,85,85,85,85,85,85,85,85,85,85,85,85,85,85,85,85,85,85,87,87,87,89,91,93,97,99,99,99,101,101,103,105,105,105],"relic_stats":{"Singing Bowl":20,"counters":[26,100],"CeramicFish":270,"PreservedInsect":243,"Bag of Preparation":[26],"Orichalcum":[18],"MawBank":24,"Blood Vial":2,"Ornamental Fan":[32],"Bronze Scales":[88],"Prayer Wheel":11,"Black Star":8,"obtain_stats":[{"Singing Bowl":31,"hierophant:PropheticMaskRelic":0,"CeramicFish":7,"Bag of Preparation":24,"Ancient Tea Set":31,"Empty Cage":34,"Blood Vial":43,"HornCleat":13,"Prayer Wheel":7,"Fusion Hammer":17,"Toxic Egg 2":9,"InkBottle":40,"Pear":12,"PreservedInsect":26,"Omamori":48,"Frozen Egg 2":10,"Orichalcum":48,"MawBank":42,"Du-Vu Doll":24,"Ornamental Fan":27,"Bronze Scales":29,"hierophant:DonationBoxRelic":42,"Molten Egg 2":10,"Black Star":0,"Bag of Marbles":37,"Bottled Lightning":29},{"Singing Bowl":15,"hierophant:PropheticMaskRelic":0,"CeramicFish":5,"Bag of Preparation":13,"Ancient Tea Set":15,"Empty Cage":16,"Blood Vial":22,"HornCleat":7,"Prayer Wheel":5,"Fusion Hammer":9,"Toxic Egg 2":6,"InkBottle":20,"Pear":7,"PreservedInsect":13,"Omamori":25,"Frozen Egg 2":7,"Orichalcum":25,"MawBank":22,"Du-Vu Doll":13,"Ornamental Fan":13,"Bronze Scales":14,"hierophant:DonationBoxRelic":22,"Molten Egg 2":7,"Black Star":0,"Bag of Marbles":17,"Bottled Lightning":14},{"Singing Bowl":60,"hierophant:PropheticMaskRelic":0,"CeramicFish":17,"Bag of Preparation":54,"Ancient Tea Set":60,"Empty Cage":69,"Blood Vial":89,"HornCleat":23,"Prayer Wheel":17,"Fusion Hammer":36,"Toxic Egg 2":19,"InkBottle":80,"Pear":23,"PreservedInsect":54,"Omamori":93,"Frozen Egg 2":23,"Orichalcum":93,"MawBank":89,"Du-Vu Doll":54,"Ornamental Fan":54,"Bronze Scales":56,"hierophant:DonationBoxRelic":89,"Molten Egg 2":23,"Black Star":0,"Bag of Marbles":70,"Bottled Lightning":56}],"InkBottle":[13]},"card_choices":[{"not_picked":["hierophant:FaithHealing","hierophant:Prophecy"],"picked":"hierophant:Doubloon","floor":1},{"not_picked":["hierophant:AuricBeam","hierophant:FaithHealing"],"picked":"hierophant:Zeal","floor":2},{"not_picked":["hierophant:Repentance","hierophant:Alms"],"picked":"hierophant:Batter","floor":3},{"not_picked":["hierophant:HammerAndAnvil","hierophant:OrnateBuckler"],"picked":"hierophant:SealAway","floor":4},{"not_picked":["hierophant:Repentance","hierophant:Encroach"],"picked":"hierophant:Empathy","floor":7},{"not_picked":["hierophant:Shelter","hierophant:Repentance"],"picked":"hierophant:ThreeLashes","floor":8},{"not_picked":["hierophant:Encroach","hierophant:PristineSoul","hierophant:Patience"],"picked":"SKIP","floor":8},{"not_picked":["hierophant:SolarFlare+1","hierophant:Anathema+1"],"picked":"hierophant:SecretStash+1","floor":10},{"not_picked":["hierophant:DisplayOfPower+1","hierophant:RepressedViolence+1"],"picked":"hierophant:Purify+1","floor":14},{"not_picked":["hierophant:ArchangelShield+1","hierophant:Smite+1"],"picked":"hierophant:Sermon+1","floor":14},{"not_picked":["hierophant:Invocation+1","hierophant:LocustPlague+1"],"picked":"hierophant:DivineIntervention+1","floor":16},{"not_picked":["hierophant:CoinFling+1","hierophant:Doubloon+1"],"picked":"hierophant:Charity+1","floor":18},{"not_picked":["hierophant:PassingBell+1","hierophant:HolyVerse+1"],"picked":"hierophant:Embezzle+1","floor":18},{"not_picked":["hierophant:Racketeering+1","hierophant:ThreeLashes+1"],"picked":"hierophant:Endure+1","floor":20},{"not_picked":["hierophant:AuricShield+1","hierophant:FieryStrike+1"],"picked":"hierophant:RecallFunds+1","floor":20},{"not_picked":["hierophant:AuricBeam+1","hierophant:OrnateJavelin+1"],"picked":"hierophant:HolyVerse+1","floor":22},{"not_picked":["hierophant:Remorse+1","hierophant:FieryStrike+1","hierophant:MorningPrayer+1"],"picked":"SKIP","floor":22},{"not_picked":["hierophant:ConvertCurrency+1","hierophant:Encroach+1"],"picked":"hierophant:Remorse+1","floor":24},{"not_picked":["hierophant:Glossolalia+1","hierophant:RepressedViolence+1","hierophant:Flagellation+1"],"picked":"SKIP","floor":29},{"not_picked":["hierophant:Determination+1","hierophant:RustyCrate+1"],"picked":"hierophant:HammerAndAnvil+1","floor":31},{"not_picked":["hierophant:Levitation+1","hierophant:Invocation+1"],"picked":"hierophant:Batter+1","floor":33},{"not_picked":["hierophant:ThreeLashes+1","hierophant:DisplayOfPower+1","hierophant:CoinFling+1"],"picked":"Singing Bowl","floor":35},{"not_picked":["hierophant:Exaltation+1","hierophant:ConvertCurrency+1"],"picked":"hierophant:Empathy+1","floor":35},{"not_picked":["hierophant:Patience+1","hierophant:Shelter+1"],"picked":"hierophant:Chorus+1","floor":38},{"not_picked":["hierophant:DisplayOfPower+1","hierophant:Martyrdom+1","hierophant:HolyVerse+1"],"picked":"Singing Bowl","floor":38},{"not_picked":["hierophant:HammerAndAnvil+1","hierophant:MorningPrayer+1"],"picked":"hierophant:Doubloon+1","floor":39},{"not_picked":["hierophant:Smite+1","hierophant:Encroach+1","hierophant:FieryStrike+1"],"picked":"Singing Bowl","floor":39},{"not_picked":["hierophant:MintersHammer+1","hierophant:CoinFling+1","hierophant:Mercenaries+1"],"picked":"Singing Bowl","floor":40},{"not_picked":["hierophant:Smite+1","hierophant:RustyCrate+1","hierophant:RepressedViolence+1"],"picked":"Singing Bowl","floor":41},{"not_picked":["hierophant:FlamingChariot+1","hierophant:SealAway+1","hierophant:Sermon+1"],"picked":"Singing Bowl","floor":41},{"not_picked":["hierophant:Zeal+1","hierophant:RustyCrate+1","hierophant:HammerAndAnvil+1"],"picked":"Singing Bowl","floor":42},{"not_picked":["hierophant:Racketeering+1","hierophant:Encroach+1","hierophant:PassingBell+1"],"picked":"Singing Bowl","floor":45},{"not_picked":["hierophant:Sermon+1","hierophant:Charity+1"],"picked":"hierophant:OrnateBuckler+1","floor":45},{"not_picked":["hierophant:DivineIntervention+1","hierophant:HolyVerse+1","hierophant:Blessing+1"],"picked":"Singing Bowl","floor":47},{"not_picked":["hierophant:Smite+1","hierophant:OrnateBuckler+1"],"picked":"hierophant:CursedGold+1","floor":47},{"not_picked":["hierophant:RustyCrate+1","hierophant:HolyVerse+1","hierophant:Doomsaying+1"],"picked":"Singing Bowl","floor":48}],"player_experience":1973531,"relics_obtained":[{"floor":7,"key":"CeramicFish"},{"floor":7,"key":"Prayer Wheel"},{"floor":9,"key":"Toxic Egg 2"},{"floor":10,"key":"Molten Egg 2"},{"floor":10,"key":"Frozen Egg 2"},{"floor":24,"key":"Bag of Preparation"},{"floor":24,"key":"Du-Vu Doll"},{"floor":26,"key":"PreservedInsect"},{"floor":27,"key":"Ornamental Fan"},{"floor":29,"key":"Bronze Scales"},{"floor":29,"key":"Bottled Lightning"},{"floor":31,"key":"Ancient Tea Set"},{"floor":31,"key":"Singing Bowl"},{"floor":40,"key":"InkBottle"},{"floor":42,"key":"hierophant:DonationBoxRelic"},{"floor":42,"key":"MawBank"},{"floor":43,"key":"Blood Vial"},{"floor":48,"key":"Orichalcum"},{"floor":48,"key":"Omamori"}],"event_choices":[{"damage_healed":0,"gold_gain":0,"cards_transformed":["hierophant:Strike_Hierophant"],"player_choice":"Transformed","damage_taken":0,"max_hp_gain":0,"max_hp_loss":0,"event_name":"Transmorgrifier","floor":5,"gold_loss":0,"cards_obtained":["hierophant:ConvertCurrency"]},{"damage_healed":0,"gold_gain":0,"player_choice":"Ignored","damage_taken":0,"max_hp_gain":0,"max_hp_loss":0,"event_name":"Shining Light","floor":11,"gold_loss":0},{"damage_healed":0,"gold_gain":0,"player_choice":"Searched \u00271\u0027 times","damage_taken":0,"relics_obtained":["HornCleat"],"max_hp_gain":0,"max_hp_loss":0,"event_name":"Dead Adventurer","floor":13,"gold_loss":0},{"damage_healed":0,"gold_gain":0,"cards_transformed":["hierophant:Strike_Hierophant"],"player_choice":"Transformed","damage_taken":0,"max_hp_gain":0,"max_hp_loss":0,"event_name":"Transmorgrifier","floor":19,"gold_loss":0,"cards_obtained":["hierophant:Blessing"]},{"damage_healed":0,"gold_gain":0,"player_choice":"Smashed Altar","damage_taken":0,"max_hp_gain":0,"max_hp_loss":0,"event_name":"Forgotten Altar","floor":21,"gold_loss":0,"cards_obtained":["Decay"]},{"damage_healed":0,"gold_gain":0,"player_choice":"Ignored","damage_taken":0,"max_hp_gain":0,"max_hp_loss":0,"event_name":"Vampires","floor":28,"gold_loss":0},{"damage_healed":0,"gold_gain":0,"player_choice":"Forge","damage_taken":0,"max_hp_gain":0,"max_hp_loss":0,"event_name":"Accursed Blacksmith","floor":36,"gold_loss":0,"cards_upgraded":["hierophant:Empathy"]}],"is_beta":false,"boss_relics":[{"not_picked":["Tiny House","Philosopher\u0027s Stone"],"picked":"Fusion Hammer"},{"not_picked":["Runic Dome","SlaversCollar"],"picked":"Empty Cage"}],"items_purged_floors":[25,37,44],"is_endless":false,"potions_floor_spawned":[1,3,7,8,16,22,24,33,35,41,45,47],"ascension_level":15}}