{"host":"2461dio7vetlq1z3","time":1609608973,"event":{"mods":["2.2 Compatiblity","AchievementEnabler","BaseMod","Better Third Choice","Friendly Minions","Minty Spire (QoL Compilation)","Relic Stats","Replay The Spire","Spicy Shops","StSLib","Waifu the Spire"],"gold_per_floor":[113,7,23,23,23,23,38,72,125,152,36,36,61,74,74,147,147,166,166,22,41,41,70,70,102,102,102,27,27,27,27,27,104,104,114,29,41,57,76,76,76,76,76,76,76],"floor_reached":44,"playtime":1987,"items_purged":["Decay","Strike_R"],"score":1320,"play_id":"078480fa-5fda-49b6-bbe2-2c3e95a03422","local_time":"20210102183613","is_ascension_mode":true,"campfire_choices":[{"data":"Bash","floor":6.0,"key":"SMITH"},{"floor":12,"key":"REST"},{"floor":15,"key":"REST"},{"data":"True Grit","floor":24,"key":"SMITH"},{"floor":27,"key":"REST"},{"floor":29,"key":"REST"},{"data":"Demonic Infusion","floor":32,"key":"SMITH"},{"floor":40,"key":"REST"},{"data":"Rampage","floor":42,"key":"SMITH"}],"circlet_count":0,"master_deck":["AscendersBane","Defend_R","Defend_R","Bash+1","Twin Strike","Burning Pact","Rampage","Impervious","Cleave","Pommel Strike+1","True Grit+1","Shrug It Off","Demonic Infusion+1","ReplayTheSpireMod:Corrosion Curse+1","Battle Trance","Disarm","ReplayTheSpireMod:Strike From Hell","Dark Embrace+1","Fiend Fire","ReplayTheSpireMod:Stacked","Abandon","Rampage+1"],"relics":["Kintsugi","FaceOfCleric","Replay:Baseball","Anchor","Red Skull","Self Forming Clay","Velvet Choker","Kunai","ReplayTheSpireMod:TigerMarble","Mummified Hand","Philosopher\u0027s Stone"],"acts_visited":["Exordium","TheCity","TheBeyond"],"potions_floor_usage":[10,23,25,25,44,44],"damage_taken":[{"damage":20.0,"enemies":"Small Slimes","floor":1.0,"turns":5.0},{"damage":1.0,"enemies":"Cultist","floor":3.0,"turns":3.0},{"damage":9.0,"enemies":"Jaw Worm","floor":7.0,"turns":3.0},{"damage":35.0,"enemies":"3 Sentries","floor":8.0,"turns":7.0},{"damage":0,"enemies":"Gremlin Nob","floor":10,"turns":3},{"damage":15,"enemies":"3 Sentries","floor":13,"turns":5},{"damage":0,"enemies":"Large Slime","floor":14,"turns":2},{"damage":28,"enemies":"The Guardian","floor":16,"turns":9},{"damage":0,"enemies":"Chosen","floor":18,"turns":4},{"damage":4,"enemies":"Spheric Guardian","floor":21,"turns":4},{"damage":40,"enemies":"Gremlin Leader","floor":23,"turns":6},{"damage":17,"enemies":"Slavers","floor":25,"turns":6},{"damage":32,"enemies":"Pondfish","floor":33,"turns":7},{"damage":2,"enemies":"Orb Walker","floor":35,"turns":2},{"damage":13,"enemies":"3 Darklings","floor":37,"turns":6},{"damage":17,"enemies":"Transient","floor":38,"turns":6},{"damage":24,"enemies":"Sphere and 2 Shapes","floor":39,"turns":6},{"damage":70,"enemies":"Reptomancer","floor":44,"turns":2}],"seed_played":"-3744991178583897460","potions_obtained":[{"floor":1.0,"key":"FearPotion"},{"floor":3.0,"key":"Energy Potion"},{"floor":7.0,"key":"Explosive Potion"},{"floor":14,"key":"Fire Potion"},{"floor":16,"key":"SkillPotion"},{"floor":18,"key":"Weak Potion"},{"floor":23,"key":"AttackPotion"},{"floor":33,"key":"SteroidPotion"},{"floor":37,"key":"Strength Potion"},{"floor":39,"key":"Regen Potion"}],"is_trial":false,"path_per_floor":["M","$","M","?","$","R","M","E","T","E","$","R","E","M","R","B",null,"M","?","$","M","?","E","R","E","T","R","?","R","$","$","R","B",null,"M","$","M","M","M","R","?","R","T","E"],"character_chosen":"IRONCLAD","items_purchased":["Burning Pact","Pommel Strike+1","Battle Trance","ReplayTheSpireMod:Stacked"],"campfire_rested":5,"item_purchase_floors":[2,11,20,36],"current_hp_per_floor":[48,48,47,47,47,47,39,5,5,6,6,29,15,16,40,13,64,65,65,65,62,62,23,23,7,7,32,32,57,57,57,57,26,71,70,70,70,58,35,62,62,62,62,0,0],"gold":76,"neow_bonus":"BOSS_RELIC","is_daily":false,"chose_seed":false,"campfire_upgraded":4,"win_rate":0.0,"timestamp":1609608973,"path_taken":["M","$","M","?","?","R","M","E","T","E","?","R","E","M","R","BOSS","M","?","$","?","?","E","R","E","T","R","?","R","?","$","R","BOSS","M","$","?","M","M","R","?","R","T","E"],"items_purchased_type":["Card","Card","Card","Card"],"build_version":"2020-12-22","purchased_purges":2,"victory":false,"max_hp_per_floor":[75,75,75,75,75,75,76,77,77,78,78,78,79,80,80,81,81,82,82,82,83,83,84,84,85,85,85,85,85,85,85,85,86,86,87,87,88,89,90,90,90,90,90,90,90],"relic_stats":{"FaceOfCleric":15,"counters":[18,86],"Self Forming Clay":[93],"Mummified Hand":[6],"Kunai":[17],"obtain_stats":[{"Replay:Baseball":8,"Anchor":9,"FaceOfCleric":4,"Self Forming Clay":13,"Mummified Hand":26,"Velvet Choker":17,"Philosopher\u0027s Stone":34,"ReplayTheSpireMod:TigerMarble":25,"Kunai":23,"Kintsugi":0,"Burning Blood":0,"Red Skull":10},{"Replay:Baseball":4,"Anchor":4,"FaceOfCleric":2,"Self Forming Clay":6,"Mummified Hand":12,"Velvet Choker":8,"Philosopher\u0027s Stone":13,"ReplayTheSpireMod:TigerMarble":12,"Kunai":11,"Kintsugi":0,"Burning Blood":0,"Red Skull":5},{"Replay:Baseball":18,"Anchor":18,"FaceOfCleric":8,"Self Forming Clay":26,"Mummified Hand":57,"Velvet Choker":37,"Philosopher\u0027s Stone":64,"ReplayTheSpireMod:TigerMarble":57,"Kunai":51,"Kintsugi":0,"Burning Blood":0,"Red Skull":21}]},"card_choices":[{"not_picked":["Dual Wield","Wild Strike"],"picked":"Twin Strike","floor":1.0},{"not_picked":["Rupture","ReplayTheSpireMod:Muscle Training"],"picked":"Rampage","floor":3.0},{"not_picked":["Infernal Blade","Intimidate","Reckless Charge"],"picked":"SKIP","floor":7.0},{"not_picked":["Inflame","Twin Strike"],"picked":"Impervious","floor":8.0},{"not_picked":["Pommel Strike","Warcry"],"picked":"Cleave","floor":10},{"not_picked":["Iron Wave","Inflame"],"picked":"True Grit","floor":13},{"not_picked":["Run Through","Dropkick"],"picked":"Shrug It Off","floor":14},{"not_picked":["Feed","Hemogenesis"],"picked":"Demonic Infusion","floor":16},{"not_picked":["Pommel Strike+1","Heavy Blade"],"picked":"ReplayTheSpireMod:Corrosion Curse+1","floor":18},{"not_picked":["Body Slam+1","Flex"],"picked":"Disarm","floor":21},{"not_picked":["Rage","Dropkick"],"picked":"ReplayTheSpireMod:Strike From Hell","floor":23},{"not_picked":["ReplayTheSpireMod:Muscle Training","Warcry"],"picked":"Dark Embrace+1","floor":25},{"not_picked":["Demon Form","Eclipse"],"picked":"Fiend Fire","floor":33},{"not_picked":["Second Wind","Hemokinesis","Run Through+1"],"picked":"SKIP","floor":35},{"not_picked":["Entrench","Wild Strike","Replay:Undeath\u0027s Touch"],"picked":"SKIP","floor":37},{"not_picked":["Pommel Strike+1","Sword Boomerang"],"picked":"Abandon","floor":38},{"not_picked":["Sentinel","Pommel Strike"],"picked":"Rampage","floor":39}],"player_experience":1018481,"relics_obtained":[{"floor":8.0,"key":"Replay:Baseball"},{"floor":9.0,"key":"Anchor"},{"floor":10,"key":"Red Skull"},{"floor":13,"key":"Self Forming Clay"},{"floor":23,"key":"Kunai"},{"floor":25,"key":"ReplayTheSpireMod:TigerMarble"},{"floor":26,"key":"Mummified Hand"}],"event_choices":[{"damage_healed":0.0,"max_hp_gain":0.0,"max_hp_loss":0.0,"gold_gain":0.0,"event_name":"FaceTrader","player_choice":"Trade","floor":4.0,"gold_loss":0.0,"damage_taken":0.0,"relics_obtained":["FaceOfCleric"]},{"cards_removed":["CommonCold"],"damage_healed":0,"gold_gain":0,"player_choice":"Removed Curses","damage_taken":0,"max_hp_gain":0,"max_hp_loss":0,"event_name":"Fountain of Cleansing","floor":19,"gold_loss":0},{"cards_removed":["Strike_R"],"damage_healed":0,"gold_gain":0,"player_choice":"Gave Gold","damage_taken":0,"max_hp_gain":0,"max_hp_loss":0,"event_name":"Beggar","floor":28,"gold_loss":75}],"is_beta":false,"boss_relics":[{"not_picked":["Busted Crown","Replay:Wanted Poster"],"picked":"Velvet Choker"},{"not_picked":["Replay:Bronze Core","Replay:Grab Bag"],"picked":"Philosopher\u0027s Stone"}],"items_purged_floors":[11,20],"is_endless":false,"potions_floor_spawned":[1,3,7,14,16,18,21,23,33,37,39],"killed_by":"Reptomancer","ascension_level":20}}