{"host":"htqwg582tjjtn9p7","time":1609614224,"event":{"mods":["2.2 Compatiblity","AchievementEnabler","Act Like it!","Aspiration","BaseMod","Better Third Choice","Colored Map","Conspire","Curses Come First","Displayed Cursed Tome","Energized Spire","Force Act Four","GifTheSpireLib","Hermit","Highlight Path","JesterMod","Mad Scientist","Minty Spire (QoL Compilation)","Pale of the Ancients","Permanent Neow","Random Character Button","Relic Stats","Replay The Spire","Robot Space Explorer","Somnambulant","Spicy Shops","Spikes Relics","StSLib","Stuff the Spire","The Blue Laboratory","The Disciple","The Dragon Tamer","The Forsaken","The Gatherer","The Judge","The Jungle","The Marked","The Runesmith","The Servant 0.9.4","Uncapped"],"gold_per_floor":[18,18,18,37,57,57,57,100,126,149,149,192,192,216,216,309,309,334,15,31,55,79,79,79,79,79],"floor_reached":25,"playtime":965,"items_purged":["conspire:GhostlyStrike"],"score":467,"play_id":"92b0c2b6-6ac6-4b0a-8971-4d4e01a13e9c","local_time":"20210102200344","is_ascension_mode":true,"campfire_choices":[{"data":"Apotheosis","floor":6.0,"key":"SMITH"},{"floor":11.0,"key":"REST"},{"data":"Neutralize","floor":15.0,"key":"SMITH"},{"floor":23,"key":"REST"}],"circlet_count":0,"master_deck":["AscendersBane","conspire:GhostlyStrike","conspire:GhostlyStrike","conspire:GhostlyStrike","conspire:GhostlyStrike","conspire:GhostlyDefend","conspire:GhostlyDefend","conspire:GhostlyDefend","conspire:GhostlyDefend","conspire:GhostlyDefend","Survivor","Neutralize+1","Apotheosis+1","Noxious Fumes","All Out Attack","Noxious Fumes","ReplayTheSpireMod:The Works","Acrobatics","Pace","Acrobatics","StuffTheSpire:ReptileScales","Deflect"],"relics":["Ring of the Snake","Golden Idol","theForsaken:Kindling","Runesmith:AutoHammer","Darkstone Periapt","conspire:SeveredTorchhead","Membership Card","Divine Protection","PrismaticShard"],"acts_visited":["Exordium","TheCity"],"potions_floor_usage":[16,16,18,21],"damage_taken":[{"damage":5.0,"enemies":"Small Slimes","floor":1.0,"turns":5.0},{"damage":1.0,"enemies":"2 Louse","floor":4.0,"turns":5.0},{"damage":1.0,"enemies":"Cultist","floor":5.0,"turns":4.0},{"damage":14.0,"enemies":"3 Sentries","floor":8.0,"turns":6.0},{"damage":1.0,"enemies":"Looter","floor":10.0,"turns":4.0},{"damage":0.0,"enemies":"Lagavulin","floor":12.0,"turns":8.0},{"damage":0.0,"enemies":"Exordium Wildlife","floor":14.0,"turns":2.0},{"damage":40,"enemies":"Slime Boss","floor":16,"turns":9},{"damage":6,"enemies":"Spheric Guardian","floor":18,"turns":6},{"damage":5,"enemies":"3 Byrds","floor":20,"turns":5},{"damage":16,"enemies":"Snecko","floor":21,"turns":6},{"damage":11,"enemies":"3 Cultists","floor":22,"turns":4},{"damage":31,"enemies":"Gremlin Leader","floor":25,"turns":4}],"seed_played":"4800762366862110861","potions_obtained":[{"floor":4.0,"key":"Death Potion"},{"floor":5.0,"key":"blueLaboratory:Moonshine"},{"floor":12.0,"key":"blueLaboratory:NullPotion"},{"floor":16,"key":"blueLaboratory:BubblePotion"},{"floor":20,"key":"blueLaboratory:NinjaPotion"},{"floor":22,"key":"blueLaboratory:NullPotion"}],"is_trial":false,"path_per_floor":["M","?","?","M","M","R","$","E","T","M","R","E","?","M","R","B",null,"M","$","M","M","M","R","?","E"],"character_chosen":"THE_SILENT","items_purchased":["Membership Card","Divine Protection"],"campfire_rested":2,"item_purchase_floors":[19,19],"current_hp_per_floor":[54,54,54,53,52,52,52,38,38,37,60,60,60,60,60,20,54,48,48,43,27,16,40,28,0,0],"gold":79,"neow_bonus":"RANDOM_COLORLESS_2","is_daily":false,"chose_seed":false,"campfire_upgraded":2,"win_rate":0.0,"timestamp":1609614224,"path_taken":["M","?","?","M","M","R","$","E","T","M","R","E","?","?","R","BOSS","M","$","M","M","M","R","?","E"],"items_purchased_type":["Relic","Relic"],"build_version":"2020-12-22","purchased_purges":1,"victory":false,"max_hp_per_floor":[66,60,60,60,60,60,60,60,60,60,65,65,65,65,65,65,65,65,65,65,65,65,70,70,70,70],"relic_stats":{"Darkstone Periapt":0,"counters":[13,68],"Golden Idol":73,"obtain_stats":[{"Darkstone Periapt":12,"conspire:SeveredTorchhead":17,"Divine Protection":19,"Golden Idol":2,"theForsaken:Kindling":8,"Runesmith:AutoHammer":9,"Membership Card":19,"PrismaticShard":24,"Ring of the Snake":0},{"Darkstone Periapt":6,"conspire:SeveredTorchhead":8,"Divine Protection":9,"Golden Idol":1,"theForsaken:Kindling":4,"Runesmith:AutoHammer":4,"Membership Card":9,"PrismaticShard":12,"Ring of the Snake":0},{"Darkstone Periapt":32,"conspire:SeveredTorchhead":43,"Divine Protection":49,"Golden Idol":5,"theForsaken:Kindling":20,"Runesmith:AutoHammer":20,"Membership Card":49,"PrismaticShard":64,"Ring of the Snake":0}],"Ring of the Snake":[26]},"card_choices":[{"not_picked":["Master of Strategy","StuffTheSpire:Recharge"],"picked":"Apotheosis","floor":0.0},{"not_picked":["Deflect","Acrobatics"],"picked":"Noxious Fumes","floor":1.0},{"not_picked":["ReplayTheSpireMod:Speed Training","Sucker Punch"],"picked":"All Out Attack","floor":4.0},{"not_picked":["Eviscerate","ReplayTheSpireMod:Tripwire","Flechettes"],"picked":"SKIP","floor":5.0},{"not_picked":["Expertise","Prepared","StuffTheSpire:Sprint"],"picked":"SKIP","floor":8.0},{"not_picked":["All Out Attack","Quick Slash","Expertise"],"picked":"SKIP","floor":10.0},{"not_picked":["Backflip","Underhanded Strike"],"picked":"Noxious Fumes","floor":12.0},{"not_picked":["Malaise","Flechettes"],"picked":"ReplayTheSpireMod:The Works","floor":14.0},{"not_picked":["Toxin Wave","StuffTheSpire:Incursion"],"picked":"Acrobatics","floor":18},{"not_picked":["Flying Knee","Dagger Throw"],"picked":"Pace","floor":20},{"not_picked":["Flying Knee","StuffTheSpire:Python"],"picked":"Acrobatics","floor":21},{"not_picked":["ReplayTheSpireMod:Tripwire","Deadly Poison"],"picked":"StuffTheSpire:ReptileScales","floor":22},{"not_picked":["Deadly Poison","Sucker Punch"],"picked":"Deflect","floor":24}],"player_experience":1869387,"relics_obtained":[{"floor":8.0,"key":"theForsaken:Kindling"},{"floor":9.0,"key":"Runesmith:AutoHammer"},{"floor":12.0,"key":"Darkstone Periapt"},{"floor":24,"key":"PrismaticShard"}],"event_choices":[{"damage_healed":0.0,"max_hp_gain":0.0,"max_hp_loss":6.0,"gold_gain":0.0,"event_name":"Golden Idol","player_choice":"Lose Max HP","floor":2.0,"gold_loss":0.0,"damage_taken":0.0,"relics_obtained":["Golden Idol"]},{"damage_healed":0.0,"max_hp_gain":0.0,"max_hp_loss":0.0,"gold_gain":0.0,"event_name":"conspire:LoneGhost","player_choice":"Agree","floor":3.0,"gold_loss":0.0,"damage_taken":0.0},{"damage_healed":0.0,"max_hp_gain":0.0,"max_hp_loss":0.0,"gold_gain":0.0,"event_name":"Match and Keep!","player_choice":"0 cards matched","floor":13.0,"gold_loss":0.0,"damage_taken":0.0,"cards_obtained":[]}],"is_beta":false,"boss_relics":[{"not_picked":["Runic Pyramid","Painkiller Herb"],"picked":"conspire:SeveredTorchhead"}],"items_purged_floors":[19],"is_endless":false,"potions_floor_spawned":[4,5,12,14,16,20,22],"killed_by":"Gremlin Leader","ascension_level":15}}