{"host":"d2y4rmbezebiv8aj","time":1609629179,"event":{"mods":["AchievementEnabler","BaseMod","BetterRewards","Colored Map","Colored Powertips","Custom Start","Highlight Path","Minty Spire (QoL Compilation)","Rare Cards Sparkle","Shop Mod","StSLib","SuperFastMode","Synergy Search"],"gold_per_floor":[111,131,144,156,167,194,205,205,232,232,273,273,286,363,363,363,363],"floor_reached":16,"playtime":683,"items_purged":[],"score":125,"play_id":"0add51bc-8088-41cc-ac08-b238d2a6cf34","local_time":"20210103001259","is_ascension_mode":true,"campfire_choices":[{"data":"Blade Dance","floor":10,"key":"SMITH"},{"floor":12,"key":"REST"},{"data":"Blade Dance","floor":15,"key":"SMITH"}],"circlet_count":0,"master_deck":["Strike_G","Strike_G","Strike_G","Strike_G","Strike_G","Defend_G","Defend_G","Defend_G","Defend_G","Defend_G","Survivor","Neutralize","Blade Dance+1","Blade Dance","PiercingWail","Choke","Dagger Throw","Cloak And Dagger","Deflect","Slice","Injury","Blade Dance+1","Dagger Throw"],"relics":["Ring of the Snake","Darkstone Periapt","Golden Idol","Happy Flower","Lantern"],"acts_visited":["Exordium"],"potions_floor_usage":[6,16],"damage_taken":[{"damage":1,"enemies":"2 Louse","floor":1,"turns":3},{"damage":0,"enemies":"Small Slimes","floor":2,"turns":2},{"damage":0,"enemies":"Jaw Worm","floor":3,"turns":3},{"damage":11,"enemies":"3 Louse","floor":4,"turns":4},{"damage":4,"enemies":"Blue Slaver","floor":5,"turns":4},{"damage":14,"enemies":"Gremlin Nob","floor":6,"turns":4},{"damage":3,"enemies":"Exordium Wildlife","floor":7,"turns":4},{"damage":23,"enemies":"3 Sentries","floor":11,"turns":9},{"damage":5,"enemies":"Looter","floor":13,"turns":3},{"damage":38,"enemies":"Slime Boss","floor":16,"turns":8}],"seed_played":"-2350180934609040158","potions_obtained":[{"floor":4,"key":"CultistPotion"},{"floor":5,"key":"Block Potion"},{"floor":6,"key":"ColorlessPotion"}],"is_trial":false,"path_per_floor":["M","M","M","M","M","E","M","?","T","R","E","R","M","?","R","B"],"character_chosen":"THE_SILENT","items_purchased":[],"campfire_rested":1,"item_purchase_floors":[],"current_hp_per_floor":[69,69,69,58,54,40,37,43,43,43,20,42,37,37,37,0,0],"gold":363,"neow_bonus":"THREE_CARDS","is_daily":false,"chose_seed":false,"campfire_upgraded":2,"win_rate":0.0,"timestamp":1609629179,"path_taken":["M","M","M","M","M","E","M","?","T","R","E","R","M","?","R","BOSS"],"items_purchased_type":[],"build_version":"2020-12-22","purchased_purges":0,"victory":false,"max_hp_per_floor":[70,70,70,70,70,70,70,76,76,76,76,76,76,76,76,76,76],"card_choices":[{"not_picked":["Deflect","PiercingWail"],"picked":"Blade Dance","floor":0},{"not_picked":["Sucker Punch","Flying Knee"],"picked":"Blade Dance","floor":1},{"not_picked":["Tools of the Trade","Tactician"],"picked":"PiercingWail","floor":2},{"not_picked":["Tactician","Well Laid Plans"],"picked":"Choke","floor":3},{"not_picked":["Heel Hook","Quick Slash"],"picked":"Dagger Throw","floor":4},{"not_picked":["Crippling Poison","Deadly Poison"],"picked":"Cloak And Dagger","floor":5},{"not_picked":["Predator","Slice"],"picked":"Deflect","floor":6},{"not_picked":["Bullet Time","Bane"],"picked":"Slice","floor":7},{"not_picked":["Eviscerate","Riddle With Holes"],"picked":"Blade Dance","floor":11},{"not_picked":["Well Laid Plans","Eviscerate"],"picked":"Dagger Throw","floor":13}],"player_experience":320121,"relics_obtained":[{"floor":6,"key":"Darkstone Periapt"},{"floor":9,"key":"Happy Flower"},{"floor":11,"key":"Lantern"}],"event_choices":[{"damage_healed":0,"gold_gain":0,"player_choice":"Take Wound","damage_taken":0,"relics_obtained":["Golden Idol"],"max_hp_gain":0,"max_hp_loss":0,"event_name":"Golden Idol","floor":8,"gold_loss":0,"cards_obtained":["Injury"]},{"damage_healed":0,"gold_gain":77,"player_choice":"Gained Gold","damage_taken":0,"max_hp_gain":0,"max_hp_loss":0,"event_name":"Golden Wing","floor":14,"gold_loss":0}],"is_beta":false,"boss_relics":[],"items_purged_floors":[],"is_endless":false,"potions_floor_spawned":[4,5,6],"killed_by":"Slime Boss","ascension_level":2}}