{"host":"j1mbkraw8apv6ejx","time":1609622352,"event":{"mods":["Aspiration","BaseMod","Colored Map","Colored Powertips","DeckTracker","Highlight Path","Hubris","Infinite Spire","Minty Spire (QoL Compilation)","Quick Restart","Random Character Button","Relic Sorter","Replay The Spire","StSLib","SuperFastMode","Synergy Search","The Cursed","The Disciple","The Jungle","The Runesmith"],"gold_per_floor":[117,132,151,164,176,209,226,259,259,259,284,284,328,23,23,126,126,138,155,164,193,193,247,247,287,361,390,447,512,538,555,555,695,695,714,83,148,217,226,226,251,251,321,653,653,728,800,855,864,966,966,975,1020,1022,1035,58,124,175,278,278,303,364,415,415,415,471,530,530,558,558,611,611,611,611,675,693,732,732,804,875,929,983,4,75,105,177,177,346,505,566,104,104,159,201,234,234,316,368,427,494,531,555,630,630,790,790,848,1007,1007,1007,812,872,925,925,1007,1021,1021,1030,1030,1103,1153,1209,1209,1363,1363,1363,1363],"floor_reached":126,"playtime":19503,"items_purged":["Malaise","Acrobatics","Blade Dance","hubris:SlightOfHand"],"score":3058,"play_id":"8a789117-94d6-4474-96fb-f4723991546a","local_time":"20210102221912","daily_mods":["SealedDeck","Specialized","Heirloom","Time Dilation","DeadlyEvents","Elite Swarm"],"is_ascension_mode":false,"campfire_choices":[{"data":"Calculated Gamble","floor":15,"key":"SMITH"},{"data":"hubris:Fate","floor":24,"key":"SMITH"},{"data":"Amnesia","floor":42,"key":"PURGE"},{"data":"ReplayTheSpireMod:Shiv Toss","floor":45,"key":"SMITH"},{"data":"ReplayTheSpireMod:Scrap Shanks","floor":68,"key":"SMITH"},{"data":"Calculated Gamble","floor":78,"key":"SMITH"},{"data":"Prepared","floor":87,"key":"SMITH"},{"data":"Accuracy","floor":96,"key":"SMITH"},{"data":"infinitespire:Gouge","floor":104,"key":"SMITH"},{"data":"hubris:SlightOfHand","floor":114,"key":"SMITH"},{"floor":119,"key":"DIG"},{"floor":123,"key":"DIG"}],"circlet_count":0,"master_deck":["Calculated Gamble+1","Calculated Gamble+1","Calculated Gamble+1","Calculated Gamble+1","Calculated Gamble+1","Hidden Blade+1","hubris:SlightOfHand+1","ReplayTheSpireMod:Scrap Shanks+1","Prepared+1","Underhanded Strike+1","ReplayTheSpireMod:Shiv Toss+1","Adrenaline+1","ReplayTheSpireMod:Scrap Shanks+1","hubris:Fate+1","Adrenaline+1","infinitespire:Menacing+1","infinitespire:SealOfDarkness+","infinitespire:Gouge+1","Accuracy+1","infinitespire:FutureSight+1","infinitespire:SealOfDarkness+","hubris:DuctTapeCard","Adrenaline+1","Adrenaline+1"],"relics":["Ring of the Snake","ReplayTheSpireMod:Ring of Challenge","hubris:CrystalStatue","hubris:Icosahedron","Replay:Multitool","hubris:CuriousFeather","Durian","infinitespire:EmpoweringShard","hubris:ToyBattleship","HornCleat","CeramicFish","Bottled Tornado","Black Star","Whetstone","aspiration:ChemicalBlood","aspiration:SneckoTail","aspiration:ArtOfWarUpgrade","Chameleon Ring","Bag of Preparation","Gremlin Food","aspiration:HiddenCompartment","infinitespire:PuzzleCube","The Courier","Runic Dome","infinitespire:Midas Blood","Eternal Feather","hubris:TenFootPole","PreservedInsect","hubris:64BitClover","Boot","Runesmith:Nanobots","Old Coin","hubris:AncientText","Ancient Tea Set","hubris:Zylophone","Ring of Chaos","Pet Ghost","Golden Idol","hubris:MobiusCoin","Thread and Needle","Happy Flower","HandDrill","Replay:Rubber Ducky","ReplayFunnel","Sundial","Toy Ornithopter","InkBottle","hubris:DisguiseKit","hubris:PeanutButter","Replay:WaspNest","Replay:Ringing Soul","aspiration:HatOfInfinitePower","Art of War","Bag of Marbles","aspiration:PoetsPen_weak","Toxic Egg 2","Cauldron","hubris:BottledRain","Du-Vu Doll","Runesmith:Locket","Replay:Bottled Eggs","Oddly Smooth Stone","Blood Vial","ReplayTheSpireMod:Ninjato","Unceasing Top","Guide Book","infinitespire:Beetle Shell","Replay:Bottled Flurry","hubris:SlimyHat","hubris:Spice","hubris:MysteriousPyramids","Shuriken","Snake Skull","Strange Spoon","ReplayTheSpireMod:Shallot","Runesmith:AutoHammer","hubris:SphereOfDissonance","Blue Doll","hubris:Backtick","FossilizedHelix","hubris:OldNail","hubris:DuctTape","Potion Belt","Letter Opener","infinitespire:Bottled Soul","Replay:Wax Seal","hubris:ScarierMask","Meat on the Bone","infinitespire:Lucky Rock","Blue Candle","MealTicket","Strawberry","hubris:Reverence","Dead Branch"],"acts_visited":["Exordium","Exordium","TheBeyond","Exordium","Exordium","TheBeyond","Exordium","TheCity"],"potions_floor_usage":[46,46],"damage_taken":[{"damage":0,"enemies":"Cultist","floor":1,"turns":1},{"damage":11,"enemies":"Jaw Worm","floor":2,"turns":2},{"damage":0,"enemies":"2 Louse","floor":3,"turns":1},{"damage":10,"enemies":"Looter","floor":4,"turns":2},{"damage":9,"enemies":"2 Fungi Beasts","floor":5,"turns":2},{"damage":0,"enemies":"Lagavulin","floor":6,"turns":1},{"damage":0,"enemies":"Lots of Slimes","floor":7,"turns":1},{"damage":0,"enemies":"3 Sentries","floor":8,"turns":2},{"damage":0,"enemies":"Lagavulin","floor":11,"turns":2},{"damage":0,"enemies":"3 Sentries","floor":13,"turns":1},{"damage":19,"enemies":"Fading Forest","floor":16,"turns":11},{"damage":0,"enemies":"theJungle:5_Spyders","floor":18,"turns":1},{"damage":0,"enemies":"theJungle:MUSHROOMGANG","floor":19,"turns":1},{"damage":0,"enemies":"Snake Plant","floor":21,"turns":1},{"damage":0,"enemies":"Nightmare","floor":23,"turns":1},{"damage":0,"enemies":"theJungle:2_Phrogs","floor":25,"turns":1},{"damage":0,"enemies":"theJungle:Cassacara","floor":27,"turns":1},{"damage":0,"enemies":"theJungle:Snecko_Cultist_And_Trap","floor":28,"turns":1},{"damage":0,"enemies":"theJungle:Lyon","floor":29,"turns":1},{"damage":0,"enemies":"theJungle:2_Phrogs","floor":30,"turns":1},{"damage":0,"enemies":"Snake Plant","floor":31,"turns":1},{"damage":0,"enemies":"theJungle:FunGuy","floor":33,"turns":1},{"damage":3,"enemies":"3 Shapes","floor":35,"turns":1},{"damage":0,"enemies":"Orb Walker","floor":37,"turns":1},{"damage":0,"enemies":"Maw","floor":38,"turns":1},{"damage":0,"enemies":"Nemesis","floor":41,"turns":1},{"damage":0,"enemies":"R_Hoarder","floor":44,"turns":2},{"damage":22,"enemies":"Transient","floor":46,"turns":5},{"damage":0,"enemies":"Reptomancer","floor":47,"turns":1},{"damage":0,"enemies":"3 Darklings","floor":48,"turns":1},{"damage":0,"enemies":"Replay:Hell Engine","floor":50,"turns":1},{"damage":0,"enemies":"Jaw Worm","floor":52,"turns":1},{"damage":0,"enemies":"2 Louse","floor":53,"turns":1},{"damage":0,"enemies":"Cultist","floor":55,"turns":1},{"damage":0,"enemies":"3 Sentries","floor":57,"turns":1},{"damage":0,"enemies":"Large Slime","floor":58,"turns":1},{"damage":0,"enemies":"3 Louse","floor":59,"turns":1},{"damage":0,"enemies":"Lagavulin","floor":61,"turns":1},{"damage":0,"enemies":"Looter","floor":62,"turns":1},{"damage":0,"enemies":"Red Slaver","floor":63,"turns":1},{"damage":0,"enemies":"Nightmare","floor":66,"turns":1},{"damage":0,"enemies":"2 Fungi Beasts","floor":67,"turns":1},{"damage":0,"enemies":"Hexaghost","floor":69,"turns":1},{"damage":0,"enemies":"theJungle:5_Spyders","floor":71,"turns":1},{"damage":0,"enemies":"theJungle:MUSHROOMGANG","floor":75,"turns":1},{"damage":0,"enemies":"theJungle:Snecko_Cultist_And_Trap","floor":77,"turns":1},{"damage":0,"enemies":"theJungle:Cassacara","floor":79,"turns":1},{"damage":0,"enemies":"theJungle:2_Phrogs","floor":80,"turns":1},{"damage":0,"enemies":"theJungle:JungleHuntersEncounter","floor":82,"turns":1},{"damage":0,"enemies":"theJungle:Cassacara","floor":84,"turns":1},{"damage":0,"enemies":"JungleHuntersEvent","floor":85,"turns":1},{"damage":0,"enemies":"theJungle:2_Phrogs","floor":86,"turns":1},{"damage":0,"enemies":"theJungle:QueenSpyder","floor":88,"turns":1},{"damage":0,"enemies":"Orb Walker","floor":90,"turns":1},{"damage":1,"enemies":"3 Shapes","floor":93,"turns":1},{"damage":0,"enemies":"Jaw Worm Horde","floor":94,"turns":1},{"damage":0,"enemies":"Nightmare_Alpha","floor":95,"turns":2},{"damage":0,"enemies":"Nemesis","floor":97,"turns":1},{"damage":0,"enemies":"4 Shapes","floor":100,"turns":1},{"damage":0,"enemies":"R_Hoarder","floor":101,"turns":1},{"damage":0,"enemies":"Reptomancer","floor":102,"turns":1},{"damage":0,"enemies":"R_Hoarder","floor":103,"turns":1},{"damage":0,"enemies":"Replay:Hell Engine","floor":105,"turns":1},{"damage":0,"enemies":"Small Slimes","floor":107,"turns":1},{"damage":0,"enemies":"Cultist","floor":108,"turns":1},{"damage":0,"enemies":"2 Louse","floor":112,"turns":1},{"damage":0,"enemies":"Looter","floor":113,"turns":1},{"damage":0,"enemies":"3 Sentries","floor":115,"turns":1},{"damage":0,"enemies":"Large Slime","floor":116,"turns":1},{"damage":0,"enemies":"Nightmare_Alpha","floor":118,"turns":4},{"damage":0,"enemies":"3 Sentries","floor":120,"turns":1},{"damage":0,"enemies":"3 Louse","floor":122,"turns":1},{"damage":0,"enemies":"The Guardian","floor":124,"turns":1},{"damage":0,"enemies":"Spheric Guardian","floor":126,"turns":1}],"seed_played":"2791402488527378524","potions_obtained":[{"floor":1,"key":"Energy Potion"},{"floor":2,"key":"GamblersBrew"},{"floor":7,"key":"Ancient Potion"},{"floor":13,"key":"AttackPotion"},{"floor":27,"key":"Block Potion"},{"floor":30,"key":"DistilledChaos"},{"floor":31,"key":"EntropicBrew"},{"floor":41,"key":"DuplicationPotion"},{"floor":46,"key":"ColorlessPotion"},{"floor":50,"key":"BlessingOfTheForge"},{"floor":55,"key":"ColorlessPotion"},{"floor":55,"key":"Block Potion"},{"floor":67,"key":"Toxic Potion"},{"floor":103,"key":"FearPotion"},{"floor":112,"key":"Poison Potion"}],"is_trial":true,"path_per_floor":["M","M","M","M","M","E","M","E","T","T","E","R","E","$","R","B",null,"M","M","?","M","?","NM","R","E","T","E","M","M","E","M","R","B",null,"M","$","M","M","?","R","E","R","T","E","R","M","E","M","R_BF","B",null,"M","M","?","M","$","E","M","M","T","E","M","M","PTL","PTL","NM","M","R_BF","B",null,"M","?","PTL","PTL","M","AVR","M","R","E","E","T","M","$","E","?","E","R","B",null,"M","$","?","M","M","NM","R","E","T","AVR","M","E","E","E","R","B",null,"M","M","PTL","PTL","$","M","M","R","E","M","T","NM","R","E","T","M","R","B",null,"M"],"character_chosen":"THE_SILENT","items_purchased":["Bottled Tornado","ReplayTheSpireMod:Scrap Shanks+1","infinitespire:Midas Blood","Eternal Feather","hubris:TenFootPole","PreservedInsect","hubris:MobiusCoin","Thread and Needle","Happy Flower","HandDrill","Replay:Rubber Ducky","ReplayFunnel","ReplayTheSpireMod:Ninjato","Unceasing Top","Guide Book","infinitespire:Beetle Shell","Replay:Bottled Flurry","Strange Spoon","ReplayTheSpireMod:Shallot","Accuracy","Meat on the Bone"],"campfire_rested":0,"item_purchase_floors":[14,14,36,36,36,36,56,56,56,56,56,56,83,83,83,83,83,91,91,91,111],"current_hp_per_floor":[70,59,59,49,40,40,40,45,45,45,45,67,67,67,67,48,75,75,75,75,75,75,75,75,75,75,75,75,75,75,75,75,75,75,72,72,72,72,72,75,75,75,75,75,75,53,53,53,65,65,75,75,75,66,66,66,66,66,66,66,66,66,66,66,66,66,66,75,75,75,75,75,75,75,75,78,78,78,78,78,78,78,78,86,86,94,94,81,84,84,87,87,86,87,74,74,61,61,64,67,70,70,70,70,70,70,70,70,70,70,70,70,70,70,73,73,73,73,80,80,80,80,80,80,80,80,80],"gold":1363,"neow_bonus":"","is_daily":false,"chose_seed":false,"campfire_upgraded":9,"win_rate":0.0,"timestamp":1609622352,"path_taken":["M","M","M","M","M","E","M","E","T","?","E","R","E","$","R","BOSS","M","M","?","M","?","NM","R","E","T","E","M","M","E","?","R","BOSS","M","$","M","M","?","R","E","R","T","E","R","M","E","M","R_BF","BOSS","M","?","?","?","?","E","M","M","T","E","M","M","PTL","PTL","NM","M","R_BF","BOSS","M","?","PTL","PTL","?","AVR","M","R","E","?","T","M","$","E","?","E","R","BOSS","M","$","?","M","M","NM","R","E","T","AVR","M","E","?","E","R","BOSS","M","?","PTL","PTL","$","M","M","R","E","M","T","NM","R","E","?","?","R","BOSS","M"],"items_purchased_type":["Relic","Card","Relic","Relic","Relic","Relic","Relic","Relic","Relic","Relic","Relic","Relic","Relic","Relic","Relic","Relic","Relic","Relic","Relic","Card","Relic"],"build_version":"2020-12-22","purchased_purges":4,"victory":false,"max_hp_per_floor":[70,70,70,70,70,70,70,75,75,75,75,75,75,75,75,75,75,75,75,75,75,75,75,75,75,75,75,75,75,75,75,75,75,75,75,75,75,75,75,75,75,75,75,75,75,75,75,75,75,75,75,75,75,75,75,75,75,75,75,75,75,75,75,75,75,75,75,75,75,75,75,75,75,75,75,78,78,78,78,78,78,78,78,86,86,94,94,81,84,84,87,87,87,87,74,74,61,61,64,67,70,70,70,70,70,70,70,70,70,70,70,70,70,70,73,73,73,73,80,80,80,80,80,80,80,80,80],"card_choices":[{"not_picked":["Dagger Throw","Dodge and Roll","Hidden Blade"],"picked":"SKIP","floor":1},{"not_picked":["Cloak And Dagger","ReplayTheSpireMod:Tripwire"],"picked":"ReplayTheSpireMod:Shiv Toss","floor":2},{"not_picked":["Finisher","Dagger Throw","Deadly Poison"],"picked":"SKIP","floor":3},{"not_picked":["hubris:SlightOfHand","Flying Knee","Predator"],"picked":"SKIP","floor":4},{"not_picked":["Dagger Spray","Die Die Die","Hidden Blade"],"picked":"SKIP","floor":5},{"not_picked":["ReplayTheSpireMod:From All Sides","Burst","Malaise"],"picked":"SKIP","floor":6},{"not_picked":["Terror","Well Laid Plans","hubris:SlightOfHand"],"picked":"SKIP","floor":7},{"not_picked":["Phantasmal Killer","Grand Finale"],"picked":"Adrenaline","floor":8},{"not_picked":["Atom Bomb","Die Die Die","ReplayTheSpireMod:Necrosis"],"picked":"SKIP","floor":11},{"not_picked":["ReplayTheSpireMod:From All Sides","Unload"],"picked":"Replay:Bag of Tricks","floor":13},{"not_picked":["Underhanded Strike","Slice+1","Riddle With Holes"],"picked":"SKIP","floor":18},{"not_picked":["Dagger Throw","Concentrate","Acrobatics"],"picked":"SKIP","floor":19},{"not_picked":["Well Laid Plans","Sneak Up","Quick Slash"],"picked":"SKIP","floor":21},{"not_picked":["ReplayTheSpireMod:Echoes of Time","ReplayTheSpireMod:??????????????????????"],"picked":"hubris:Fate","floor":23},{"not_picked":["Phantasmal Killer","ReplayTheSpireMod:From All Sides","Glass Knife"],"picked":"SKIP","floor":23},{"not_picked":["ReplayTheSpireMod:From All Sides","A Thousand Cuts","Atom Bomb"],"picked":"SKIP","floor":25},{"not_picked":["Die Die Die","Poison Darts","Tools of the Trade"],"picked":"SKIP","floor":27},{"not_picked":["Die Die Die","Poison Darts","Tools of the Trade"],"picked":"SKIP","floor":27},{"not_picked":["Blade Dance","Poisoned Stab","Escape Plan"],"picked":"SKIP","floor":28},{"not_picked":["Backflip","Blade Dance","Well Laid Plans"],"picked":"SKIP","floor":29},{"not_picked":["infinitespire:Neurotoxin","Storm of Steel","Burst"],"picked":"SKIP","floor":30},{"not_picked":["Dodge and Roll","Hidden Blade","Blade Dance+1"],"picked":"SKIP","floor":31},{"not_picked":["Cloak And Dagger","Setup","Finisher+1"],"picked":"SKIP","floor":35},{"not_picked":["Flying Knee","Dodge and Roll","Slice+1"],"picked":"SKIP","floor":37},{"not_picked":["Dagger Spray+1","Replay:Bag of Tricks"],"picked":"Prepared","floor":38},{"not_picked":["Tools of the Trade","Atom Bomb","Unload"],"picked":"SKIP","floor":41},{"not_picked":["Wraith Form v2","aspiration:Lunge","ReplayTheSpireMod:Necrosis"],"picked":"SKIP","floor":44},{"not_picked":["Underhanded Strike+1","hubris:TrickCloak+1","Flying Knee"],"picked":"SKIP","floor":46},{"not_picked":["Unload","Storm of Steel","Replay:Bag of Tricks"],"picked":"SKIP","floor":47},{"not_picked":["Backflip","Eviscerate+1","Replay:Poison Smokescreen+1"],"picked":"SKIP","floor":48},{"not_picked":["Quick Slash","Choke","hubris:SlightOfHand"],"picked":"SKIP","floor":52},{"not_picked":["Acrobatics","Backflip","Flying Knee"],"picked":"SKIP","floor":53},{"not_picked":["ReplayTheSpireMod:From All Sides","Choke","Acrobatics"],"picked":"SKIP","floor":55},{"not_picked":["Unload","Wraith Form v2","Phantasmal Killer"],"picked":"SKIP","floor":57},{"not_picked":["Unload","Wraith Form v2","Phantasmal Killer"],"picked":"SKIP","floor":57},{"not_picked":["Sucker Punch","Poisoned Stab","Dagger Spray"],"picked":"SKIP","floor":58},{"not_picked":["Reflex","Bouncing Flask","Terror"],"picked":"SKIP","floor":59},{"not_picked":["Unload","Atom Bomb","A Thousand Cuts","OldTimer"],"picked":"SKIP","floor":61},{"not_picked":["ReplayTheSpireMod:Exploit Weakness","Deflect","Underhanded Strike","LockedThread"],"picked":"SKIP","floor":62},{"not_picked":["Reflex","Footwork","Blade Dance","ReapSow"],"picked":"SKIP","floor":63},{"not_picked":["ReplayTheSpireMod:From All Sides","Venomology","Night Terror","Flay"],"picked":"SKIP","floor":66},{"not_picked":["Hidden Blade","Well Laid Plans","Dagger Throw","LockedWhetstone"],"picked":"SKIP","floor":67},{"not_picked":["Outmaneuver","Flying Knee","Blade Dance+1","WakeUpCall"],"picked":"SKIP","floor":71},{"not_picked":["hubris:SlightOfHand+1","Hidden Blade+1","Backflip+1","LockedScales"],"picked":"SKIP","floor":75},{"not_picked":["Backflip+1","Flying Knee","Grand Finale","Stagnate"],"picked":"SKIP","floor":77},{"not_picked":["aspiration:Lunge","Grand Finale","ReplayTheSpireMod:From All Sides","Pendulum"],"picked":"SKIP","floor":79},{"not_picked":["Atom Bomb","Wraith Form v2","Glass Knife","LockedAstrolabe"],"picked":"SKIP","floor":80},{"not_picked":["ReplayTheSpireMod:Scrap Shanks","hubris:SlightOfHand+1","Blur+1","LockedOrichalcum"],"picked":"SKIP","floor":82},{"not_picked":["Replay:Bag of Tricks+1","Phantasmal Killer+1","Atom Bomb","Chronoelasticity"],"picked":"SKIP","floor":84},{"not_picked":["A Thousand Cuts","Doppelganger+1","Bullet Time+1","Pendulum"],"picked":"SKIP","floor":86},{"not_picked":["Phantasmal Killer+1","Grand Finale","LockedFlame"],"picked":"hubris:SpiceAddiction","floor":88},{"not_picked":["infinitespire:NeuralNetwork","infinitespire:TheBestDefense"],"picked":"infinitespire:Gouge","floor":89},{"not_picked":["Flying Knee+1","Hidden Blade+1","Dash","Engulf"],"picked":"SKIP","floor":90},{"not_picked":["ReplayTheSpireMod:Exploit Weakness+1","hubris:SpiceAddiction","hubris:SlightOfHand+1","ReapSow"],"picked":"SKIP","floor":93},{"not_picked":["PiercingWail+1","Caltrops+1","Distraction+1","LockedAnchor"],"picked":"SKIP","floor":94},{"not_picked":["infinitespire:TheBestDefense","infinitespire:FinalStrike"],"picked":"infinitespire:FutureSight","floor":95},{"not_picked":["Burst+1","aspiration:Lunge","Pendulum"],"picked":"hubris:SpiceAddiction","floor":95},{"not_picked":["Glass Knife","Doppelganger+1","Venomology+1"],"picked":"hubris:SpiceAddiction","floor":97},{"not_picked":["Backflip+1","Dagger Throw+1","Underhanded Strike","Echoward"],"picked":"SKIP","floor":100},{"not_picked":["infinitespire:Neurotoxin+1","Unload","LockedFlame"],"picked":"Adrenaline+1","floor":101},{"not_picked":["Burst+1","Poison Darts+1","Malaise+1","OracleForm"],"picked":"SKIP","floor":102},{"not_picked":["Burst+1","Corpse Explosion+1","Poison Darts+1","Flay"],"picked":"SKIP","floor":103},{"not_picked":["Bane","ReplayTheSpireMod:Speed Training+1","Predator","Tempo"],"picked":"SKIP","floor":107},{"not_picked":["Prepared+1","Cloak And Dagger+1","Deflect+1","CrunchTime"],"picked":"SKIP","floor":108},{"not_picked":["Prepared+1","Cloak And Dagger+1","Deflect+1","CrunchTime"],"picked":"SKIP","floor":108},{"not_picked":["Prepared+1","Cloak And Dagger+1","Deflect+1","CrunchTime"],"picked":"SKIP","floor":108},{"not_picked":["Dash","Footwork","hubris:SpiceAddiction","BiteCommand"],"picked":"SKIP","floor":112},{"not_picked":["Dagger Spray","hubris:SpiceAddiction","Quick Slash","BlueShift"],"picked":"SKIP","floor":113},{"not_picked":["Corpse Explosion+1","Bullet Time+1","LockedAstrolabe"],"picked":"Adrenaline+1","floor":115},{"not_picked":["Backflip+1","Prepared+1","Underhanded Strike","HandsUpC"],"picked":"SKIP","floor":116},{"not_picked":["Night Terror+1","Bullet Time+1","infinitespire:Neurotoxin+1","LockedAstrolabe"],"picked":"SKIP","floor":118},{"not_picked":["Venomology+1","Adrenaline+1","A Thousand Cuts","Echonomics"],"picked":"SKIP","floor":120},{"not_picked":["Poisoned Stab","Sucker Punch","hubris:SpiceAddiction","BeatsPerMinute"],"picked":"SKIP","floor":122}],"player_experience":146995,"relics_obtained":[{"floor":6,"key":"hubris:CuriousFeather"},{"floor":8,"key":"Durian"},{"floor":9,"key":"infinitespire:EmpoweringShard"},{"floor":10,"key":"hubris:ToyBattleship"},{"floor":11,"key":"HornCleat"},{"floor":13,"key":"CeramicFish"},{"floor":20,"key":"ReplayTheSpireMod:Ring of Challenge"},{"floor":23,"key":"Whetstone"},{"floor":23,"key":"aspiration:ChemicalBlood"},{"floor":25,"key":"aspiration:SneckoTail"},{"floor":25,"key":"Art of War"},{"floor":26,"key":"Chameleon Ring"},{"floor":27,"key":"Bag of Preparation"},{"floor":27,"key":"Gremlin Food"},{"floor":30,"key":"aspiration:HiddenCompartment"},{"floor":30,"key":"infinitespire:PuzzleCube"},{"floor":33,"key":"The Courier"},{"floor":41,"key":"hubris:64BitClover"},{"floor":41,"key":"Boot"},{"floor":43,"key":"hubris:CrystalStatue"},{"floor":44,"key":"Runesmith:Nanobots"},{"floor":44,"key":"Old Coin"},{"floor":46,"key":"hubris:AncientText"},{"floor":47,"key":"Ancient Tea Set"},{"floor":47,"key":"hubris:Zylophone"},{"floor":53,"key":"Pet Ghost"},{"floor":57,"key":"Sundial"},{"floor":57,"key":"Toy Ornithopter"},{"floor":58,"key":"InkBottle"},{"floor":60,"key":"hubris:DisguiseKit"},{"floor":61,"key":"hubris:PeanutButter"},{"floor":61,"key":"Replay:WaspNest"},{"floor":62,"key":"Replay:Ringing Soul"},{"floor":66,"key":"aspiration:HatOfInfinitePower"},{"floor":66,"key":"Art of War"},{"floor":67,"key":"Bag of Marbles"},{"floor":75,"key":"Toxic Egg 2"},{"floor":77,"key":"hubris:BottledRain"},{"floor":79,"key":"Du-Vu Doll"},{"floor":79,"key":"Runesmith:Locket"},{"floor":80,"key":"Replay:Bottled Eggs"},{"floor":80,"key":"Oddly Smooth Stone"},{"floor":81,"key":"Blood Vial"},{"floor":84,"key":"hubris:SlimyHat"},{"floor":84,"key":"hubris:Spice"},{"floor":84,"key":"hubris:MysteriousPyramids"},{"floor":85,"key":"Shuriken"},{"floor":86,"key":"Snake Skull"},{"floor":86,"key":"hubris:Spice"},{"floor":88,"key":"hubris:Spice"},{"floor":94,"key":"Runesmith:AutoHammer"},{"floor":95,"key":"hubris:SphereOfDissonance"},{"floor":95,"key":"hubris:Spice"},{"floor":97,"key":"Blue Doll"},{"floor":97,"key":"hubris:Spice"},{"floor":100,"key":"hubris:DuctTape"},{"floor":101,"key":"Potion Belt"},{"floor":101,"key":"Letter Opener"},{"floor":103,"key":"infinitespire:Bottled Soul"},{"floor":103,"key":"Replay:Wax Seal"},{"floor":112,"key":"infinitespire:Lucky Rock"},{"floor":115,"key":"Blue Candle"},{"floor":118,"key":"MealTicket"},{"floor":119,"key":"Strawberry"},{"floor":120,"key":"hubris:Reverence"},{"floor":120,"key":"Dead Branch"}],"event_choices":[{"damage_healed":0,"gold_gain":0,"player_choice":"Copied","damage_taken":0,"max_hp_gain":0,"max_hp_loss":0,"event_name":"Duplicator","floor":39,"gold_loss":0,"cards_obtained":["Adrenaline"]},{"damage_healed":0,"gold_gain":0,"player_choice":"Take Damage","damage_taken":18,"relics_obtained":["Golden Idol"],"max_hp_gain":0,"max_hp_loss":0,"event_name":"Golden Idol","floor":54,"gold_loss":0},{"damage_healed":0,"gold_gain":0,"player_choice":"Forge","damage_taken":0,"max_hp_gain":0,"max_hp_loss":0,"event_name":"Accursed Blacksmith","floor":72,"gold_loss":0,"cards_upgraded":["Calculated Gamble"]},{"cards_removed":["Prepared"],"damage_healed":0,"gold_gain":0,"player_choice":"Purged","damage_taken":0,"max_hp_gain":0,"max_hp_loss":0,"event_name":"Purifier","floor":92,"gold_loss":0}],"is_beta":false,"boss_relics":[{"not_picked":["hubris:GrandSneckoEye","aspiration:FutureDiary"],"picked":"Black Star"},{"not_picked":["Busted Crown","Ring of the Serpent"],"picked":"Runic Dome"},{"not_picked":["Kintsugi","aspiration:PoetsPen_weak"],"picked":"Ring of Chaos"},{"not_picked":["Empty Cage","hubris:CrackedHourglass"],"picked":"aspiration:PoetsPen_weak"},{"not_picked":["Velvet Choker","Fusion Hammer","hubris:Spice"]},{"not_picked":["Ring of the Serpent","hubris:Spice"],"picked":"hubris:ScarierMask"},{"not_picked":["hubris:Spice","hubris:Spice","Painkiller Herb"]}],"items_purged_floors":[56,76,83,91],"is_endless":true,"potions_floor_spawned":[1,2,7,8,13,16,27,28,30,31,33,37,41,46,50,52,53,55,61,67,69,80,82,85,88,94,100,102,103,105,112,115,116,124],"killed_by":"Spheric Guardian","ascension_level":0}}