{"host":"mike","time":1609558572,"event":{"mods":["2.2 Compatiblity","AchievementEnabler","BaseMod","Dio Mod","Hermit","Highlight Path","Jorbs\u0027s Wanderer Trilogy","Minty Spire (QoL Compilation)","Random Character Button","Rare Cards Sparkle","Relic Stats","StSLib","The Bladedancer","The Cursed","The Marked"],"gold_per_floor":[112,122,140,140,140,140,173,189,189,223,68,99,99,116,116,215,215,234,251,262,337,348,383,383,412,412,412,432,432,442,118,118,213,513,525,256,274,110,129,129,159,0,25,25,0,34,52,64,64,64,64,64,30,56,56,56],"floor_reached":55,"playtime":3152,"items_purged":["theMarked:Strike","theMarked:Strike","theMarked:Strike"],"score":983,"play_id":"87ffb311-d9ec-43c0-a7d2-95d3024e1792","local_time":"20210101223612","is_ascension_mode":true,"campfire_choices":[{"data":"theMarked:SoldierOfQuellstein","floor":6,"key":"SMITH"},{"floor":13,"key":"REST"},{"data":"theMarked:GodGivenPower","floor":15,"key":"SMITH"},{"floor":24,"key":"REST"},{"floor":27,"key":"REST"},{"data":"theMarked:Polarize","floor":32,"key":"SMITH"},{"data":"Apotheosis","floor":40,"key":"SMITH"},{"floor":49,"key":"RECALL"},{"data":"theMarked:Reabsorb","floor":52,"key":"SMITH"}],"circlet_count":0,"master_deck":["theMarked:Strike","theMarked:Strike","theMarked:Defend","theMarked:Defend","theMarked:Defend","theMarked:Defend","theMarked:SoldierOfQuellstein+1","theMarked:EnhanceMovement","theMarked:MaelstromOfLightning","theMarked:ReduceFriction","theMarked:WastefulDefense","theMarked:Polarize+1","theMarked:TwofoldDefense","theMarked:WardOff","theMarked:Electrocute","theMarked:GodGivenPower+1","theMarked:Convert","theMarked:EternalStudent","theMarked:Reabsorb+1","theMarked:Aftermath+1","theMarked:WardOff+1","theMarked:ElectricStrings+1","theMarked:ChainLightning","Dark Shackles","theMarked:GodGivenPower","theMarked:TurnInvisible","CurseOfTheBell","theMarked:Static+1","theMarked:Electrocute","Apotheosis+1","theMarked:RepellingDischarge+1","theMarked:Aftermath","theMarked:ElementalBlade+1","theMarked:ComboAttacks"],"relics":["theMarked:ArtifactOfAir","Calipers","FossilizedHelix","theMarked:Gun","Blood Vial","Busted Crown","TungstenRod","Anchor","White Beast Statue","Orichalcum","Calling Bell","Akabeko","Matryoshka","Old Coin","ClockworkSouvenir","InkBottle","Red Mask","Mummified Hand","Lantern"],"acts_visited":["Exordium","TheCity","TheBeyond","TheEnding"],"potions_floor_usage":[10,30,33,37,50,50,55,55,55,55,55],"damage_taken":[{"damage":2,"enemies":"2 Louse","floor":1,"turns":3},{"damage":2,"enemies":"Small Slimes","floor":2,"turns":4},{"damage":0,"enemies":"Cultist","floor":3,"turns":4},{"damage":19,"enemies":"3 Sentries","floor":7,"turns":11},{"damage":3,"enemies":"Red Slaver","floor":8,"turns":4},{"damage":31,"enemies":"Gremlin Nob","floor":10,"turns":5},{"damage":0,"enemies":"3 Sentries","floor":12,"turns":7},{"damage":0,"enemies":"3 Louse","floor":14,"turns":3},{"damage":0,"enemies":"Slime Boss","floor":16,"turns":4},{"damage":0,"enemies":"Chosen","floor":18,"turns":3},{"damage":21,"enemies":"2 Thieves","floor":19,"turns":4},{"damage":15,"enemies":"Snake Plant","floor":20,"turns":4},{"damage":0,"enemies":"Chosen and Byrds","floor":22,"turns":3},{"damage":23,"enemies":"Slavers","floor":23,"turns":5},{"damage":16,"enemies":"Book of Stabbing","floor":25,"turns":5},{"damage":0,"enemies":"Centurion and Healer","floor":28,"turns":4},{"damage":0,"enemies":"Snecko","floor":30,"turns":3},{"damage":0,"enemies":"Automaton","floor":33,"turns":6},{"damage":0,"enemies":"Orb Walker","floor":35,"turns":3},{"damage":0,"enemies":"3 Shapes","floor":37,"turns":3},{"damage":0,"enemies":"Maw","floor":39,"turns":5},{"damage":1,"enemies":"Reptomancer","floor":41,"turns":5},{"damage":0,"enemies":"Nemesis","floor":46,"turns":5},{"damage":0,"enemies":"3 Darklings","floor":47,"turns":3},{"damage":0,"enemies":"Jaw Worm Horde","floor":48,"turns":4},{"damage":18,"enemies":"Donu and Deca","floor":50,"turns":7},{"damage":19,"enemies":"Shield and Spear","floor":54,"turns":5},{"damage":58,"enemies":"The Heart","floor":55,"turns":6}],"seed_played":"2582634692398485854","potions_obtained":[{"floor":1,"key":"CultistPotion"},{"floor":2,"key":"LiquidBronze"},{"floor":7,"key":"Swift Potion"},{"floor":14,"key":"Explosive Potion"},{"floor":19,"key":"LiquidMemories"},{"floor":23,"key":"theMarked:ChargePotion"},{"floor":30,"key":"LiquidBronze"},{"floor":33,"key":"Weak Potion"},{"floor":37,"key":"CultistPotion"},{"floor":39,"key":"theMarked:ChargePotion"},{"floor":41,"key":"Dexterity Potion"},{"floor":47,"key":"Block Potion"},{"floor":48,"key":"PowerPotion"},{"floor":54,"key":"EntropicBrew"}],"is_trial":false,"path_per_floor":["M","M","M","?","?","R","E","M","T","E","$","E","R","M","R","B",null,"M","M","M","?","M","E","R","E","T","R","M","?","M","$","R","B",null,"M","$","M","$","M","R","E","?","T","?","$","E","M","M","R","B",null,"R","$","E","B"],"character_chosen":"THE_DEFAULT","items_purchased":["theMarked:Electrocute","theMarked:GodGivenPower","Orichalcum","ClockworkSouvenir","Apotheosis","theMarked:Aftermath","theMarked:ComboAttacks"],"campfire_rested":3,"item_purchase_floors":[11,31,31,36,38,45,53],"current_hp_per_floor":[68,66,66,71,71,71,52,49,49,18,18,18,40,42,42,44,75,75,54,41,34,36,15,37,23,23,45,47,47,49,49,49,51,75,75,75,75,75,75,75,74,74,74,74,74,75,75,75,75,57,75,75,75,56,0,0],"gold":56,"neow_bonus":"THREE_CARDS","is_daily":false,"chose_seed":false,"campfire_upgraded":5,"win_rate":0.0,"timestamp":1609558572,"path_taken":["M","M","M","?","?","R","E","M","T","E","$","E","R","M","R","BOSS","M","M","M","?","M","E","R","E","T","R","?","?","?","$","R","BOSS","M","$","M","$","M","R","E","?","T","?","$","E","?","M","R","BOSS","R","$","E","BOSS"],"items_purchased_type":["Card","Card","Relic","Relic","Card","Card","Card"],"build_version":"2020-12-18","purchased_purges":3,"victory":false,"max_hp_per_floor":[70,70,70,75,75,75,75,75,75,75,75,75,75,75,75,75,75,75,75,75,75,75,75,75,75,75,75,75,75,75,75,75,75,75,75,75,75,75,75,75,75,75,75,75,75,75,75,75,75,75,75,75,75,75,75,75],"relic_stats":{"Blood Vial":21,"Busted Crown":36,"counters":[28,128],"Mummified Hand":[14],"Orichalcum":[54],"obtain_stats":[{"Lantern":46,"Calipers":7,"theMarked:Gun":10,"Orichalcum":31,"White Beast Statue":26,"Akabeko":34,"Old Coin":34,"ClockworkSouvenir":36,"Blood Vial":12,"Calling Bell":34,"theMarked:ArtifactOfAir":0,"Anchor":25,"Busted Crown":17,"Matryoshka":34,"Mummified Hand":43,"Red Mask":42,"FossilizedHelix":9,"TungstenRod":23,"InkBottle":41},{"Lantern":23,"Calipers":4,"theMarked:Gun":6,"Orichalcum":17,"White Beast Statue":15,"Akabeko":18,"Old Coin":18,"ClockworkSouvenir":19,"Blood Vial":7,"Calling Bell":18,"theMarked:ArtifactOfAir":0,"Anchor":15,"Busted Crown":9,"Matryoshka":18,"Mummified Hand":22,"Red Mask":22,"FossilizedHelix":5,"TungstenRod":14,"InkBottle":22},{"Lantern":103,"Calipers":22,"theMarked:Gun":31,"Orichalcum":76,"White Beast Statue":69,"Akabeko":82,"Old Coin":82,"ClockworkSouvenir":85,"Blood Vial":38,"Calling Bell":82,"theMarked:ArtifactOfAir":0,"Anchor":69,"Busted Crown":45,"Matryoshka":82,"Mummified Hand":98,"Red Mask":98,"FossilizedHelix":26,"TungstenRod":64,"InkBottle":98}],"TungstenRod":35,"InkBottle":[13]},"card_choices":[{"not_picked":["theMarked:RepellingDischarge","theMarked:Frustration"],"picked":"theMarked:EnhanceMovement","floor":0},{"not_picked":["theMarked:EmpowerWeapon","theMarked:WardOff"],"picked":"theMarked:MaelstromOfLightning","floor":1},{"not_picked":["theMarked:Generate","theMarked:Improvise"],"picked":"theMarked:ReduceFriction","floor":2},{"not_picked":["theMarked:TunnelVision","theMarked:MaelstromOfLightning"],"picked":"theMarked:WastefulDefense","floor":3},{"not_picked":["theMarked:SelfDefenseTraining","theMarked:ParalyzingBlade"],"picked":"theMarked:Polarize","floor":7},{"not_picked":["theMarked:SwordAndMagic","theMarked:Parkour"],"picked":"theMarked:TwofoldDefense","floor":8},{"not_picked":["theMarked:WastefulDefense","theMarked:TunnelVision"],"picked":"theMarked:WardOff","floor":10},{"not_picked":["theMarked:Abjuration","theMarked:TwofoldDefense"],"picked":"theMarked:GodGivenPower","floor":12},{"not_picked":["theMarked:RogueSparks","theMarked:EmpowerWeapon"],"picked":"theMarked:Convert","floor":14},{"not_picked":["theMarked:BindingBlade","theMarked:Vacuum"],"picked":"theMarked:EternalStudent","floor":16},{"not_picked":[],"picked":"theMarked:Reabsorb","floor":18},{"not_picked":[],"picked":"theMarked:Aftermath+1","floor":19},{"not_picked":["theMarked:Frustration"],"picked":"SKIP","floor":20},{"not_picked":[],"picked":"theMarked:WardOff+1","floor":22},{"not_picked":["theMarked:MysticalArsenal"],"picked":"SKIP","floor":23},{"not_picked":["theMarked:MysticalArsenal"],"picked":"SKIP","floor":23},{"not_picked":[],"picked":"theMarked:ElectricStrings+1","floor":25},{"not_picked":[],"picked":"theMarked:ChainLightning","floor":28},{"not_picked":["theMarked:Parkour+1"],"picked":"SKIP","floor":30},{"not_picked":[],"picked":"theMarked:TurnInvisible","floor":33},{"not_picked":[],"picked":"theMarked:Static+1","floor":35},{"not_picked":[],"picked":"theMarked:Electrocute","floor":37},{"not_picked":[],"picked":"theMarked:RepellingDischarge+1","floor":39},{"not_picked":["theMarked:Standoff"],"picked":"SKIP","floor":41},{"not_picked":["theMarked:Parry+1"],"picked":"SKIP","floor":46},{"not_picked":[],"picked":"theMarked:ElementalBlade+1","floor":47},{"not_picked":["theMarked:Seal+1"],"picked":"SKIP","floor":48},{"not_picked":["theMarked:Parkour"],"picked":"SKIP","floor":54}],"player_experience":291446,"relics_obtained":[{"floor":7,"key":"Calipers"},{"floor":9,"key":"FossilizedHelix"},{"floor":10,"key":"theMarked:Gun"},{"floor":12,"key":"Blood Vial"},{"floor":23,"key":"TungstenRod"},{"floor":25,"key":"Anchor"},{"floor":26,"key":"White Beast Statue"},{"floor":34,"key":"Akabeko"},{"floor":34,"key":"Matryoshka"},{"floor":34,"key":"Old Coin"},{"floor":41,"key":"InkBottle"},{"floor":43,"key":"Mummified Hand"},{"floor":46,"key":"Lantern"}],"event_choices":[{"damage_healed":0,"gold_gain":0,"player_choice":"Donut","damage_taken":0,"max_hp_gain":5,"max_hp_loss":0,"event_name":"Big Fish","floor":4,"gold_loss":0},{"damage_healed":0,"gold_gain":0,"player_choice":"Bought 0 Potions","damage_taken":0,"max_hp_gain":0,"max_hp_loss":0,"event_name":"The Woman in Blue","floor":5,"gold_loss":0},{"damage_healed":0,"gold_gain":75,"player_choice":"Touch","damage_taken":7,"max_hp_gain":0,"max_hp_loss":0,"event_name":"FaceTrader","floor":21,"gold_loss":0},{"damage_healed":0,"gold_gain":0,"player_choice":"1 cards matched","damage_taken":0,"max_hp_gain":0,"max_hp_loss":0,"event_name":"Match and Keep!","floor":29,"gold_loss":0,"cards_obtained":["Dark Shackles"]},{"damage_healed":0,"gold_gain":0,"player_choice":"Paid","damage_taken":0,"relics_obtained":["Red Mask"],"max_hp_gain":0,"max_hp_loss":0,"event_name":"Tomb of Lord Red Mask","floor":42,"gold_loss":159},{"damage_healed":0,"gold_gain":0,"player_choice":"Ignored","damage_taken":0,"max_hp_gain":0,"max_hp_loss":0,"event_name":"SecretPortal","floor":44,"gold_loss":0}],"is_beta":true,"boss_relics":[{"not_picked":["Snecko Eye","Empty Cage"],"picked":"Busted Crown"},{"not_picked":["Fusion Hammer","theMarked:BronzeBlade"],"picked":"Calling Bell"}],"items_purged_floors":[11,31,36],"is_endless":false,"potions_floor_spawned":[1,2,7,14,16,19,20,23,28,30,33,35,37,39,41,46,47,48,54],"killed_by":"The Heart","ascension_level":1}}