{"host":"cyiefo55v5hz1ih5","time":1609566542,"event":{"mods":["2.2 Compatiblity","AchievementEnabler","Arknights The Spire","BaseMod","GifTheSpireLib","Hubris","Minty Spire (QoL Compilation)","Replay The Spire","Spicy Shops","StSLib","The Marked"],"gold_per_floor":[118,118,135,151,76,91,91,126,173,173,173,173,186,186,186,219,219,324,324,335,435,454,464,475,500,500,500,500],"floor_reached":27,"playtime":2212,"items_purged":["ats:Strike S"],"score":267,"play_id":"e1b857ee-67fd-4cd1-89e9-14379e14f7aa","local_time":"20210102004902","is_ascension_mode":true,"campfire_choices":[{"floor":7,"key":"REST"},{"data":"ats:Roar Of Ursus","floor":10,"key":"SMITH"},{"floor":14,"key":"REST"},{"floor":17,"key":"REST"},{"floor":26,"key":"REST"}],"circlet_count":0,"master_deck":["ats:Strike C","ats:Strike V","ats:Armor Crushing Shot","ats:Defend","ats:Defend","ats:Defend","ats:Defend","ats:Emotion Absorption+1","ats:Roar Of Ursus+1","ats:Support Order","ats:Sword Rain","ats:Nebulous Foxfire","ats:Wolf Pack","ats:Charging Defense+1","ats:Blood Oath","ats:Defend Order"],"relics":["ats:Sanity","ats:Originium","MealTicket","Anchor","hubris:Backtick","ats:Ability Aura","hubris:SlimyHat"],"acts_visited":["Exordium","TheCity"],"potions_floor_usage":[8,18,25,27],"damage_taken":[{"damage":12,"enemies":"Small Slimes","floor":1,"turns":6},{"damage":1,"enemies":"Cultist","floor":3,"turns":4},{"damage":12,"enemies":"Jaw Worm","floor":4,"turns":3},{"damage":2,"enemies":"3 Louse","floor":6,"turns":2},{"damage":26,"enemies":"Gremlin Nob","floor":8,"turns":5},{"damage":25,"enemies":"Exordium Thugs","floor":13,"turns":4},{"damage":17,"enemies":"3 Sentries","floor":16,"turns":9},{"damage":45,"enemies":"The Guardian","floor":18,"turns":18},{"damage":22,"enemies":"2 Thieves","floor":20,"turns":5},{"damage":9,"enemies":"Spheric Guardian","floor":22,"turns":9},{"damage":31,"enemies":"Snecko","floor":23,"turns":11},{"damage":23,"enemies":"Snake Plant","floor":24,"turns":7},{"damage":31,"enemies":"Slavers","floor":25,"turns":8},{"damage":32,"enemies":"Gremlin Leader","floor":27,"turns":3}],"seed_played":"5808061821420279993","potions_obtained":[{"floor":1,"key":"DuplicationPotion"},{"floor":6,"key":"FairyPotion"},{"floor":16,"key":"Explosive Potion"},{"floor":18,"key":"LiquidMemories"},{"floor":20,"key":"SneckoOil"},{"floor":25,"key":"ColorlessPotion"}],"is_trial":false,"path_per_floor":["M","?","M","M","$","M","R","E","T","R","PTL","PTL","M","R","?","E","R","B",null,"M","?","M","M","M","E","R","E"],"character_chosen":"DOCTOR_CLASS","items_purchased":[],"campfire_rested":4,"item_purchase_floors":[],"current_hp_per_floor":[60,60,59,47,47,45,66,51,51,51,51,51,28,49,49,38,59,44,72,53,53,55,32,24,10,31,2,2],"gold":500,"neow_bonus":"ONE_RANDOM_RARE_CARD","is_daily":false,"chose_seed":false,"campfire_upgraded":1,"win_rate":0.0,"timestamp":1609566542,"path_taken":["M","?","M","?","?","M","R","E","T","R","PTL","PTL","?","?","R","?","E","R","BOSS","M","?","M","?","M","E","R","E"],"items_purchased_type":[],"build_version":"2020-12-22","purchased_purges":1,"victory":false,"max_hp_per_floor":[72,72,72,72,72,72,72,72,72,72,72,72,72,72,72,72,72,72,72,72,72,72,72,72,72,72,72,72],"card_choices":[{"not_picked":["ats:Composite Medical Shells","ats:Consecutive Shot Auto"],"picked":"ats:Support Order","floor":1},{"not_picked":["ats:Childhood Dance","ats:Healing Strengthening"],"picked":"ats:Sword Rain","floor":3},{"not_picked":["ats:Childhood Dance","ats:Assault Order","ats:Blood Oath"],"picked":"SKIP","floor":4},{"not_picked":["ats:Childhood Dance","ats:Soul Absorption"],"picked":"ats:Nebulous Foxfire","floor":6},{"not_picked":["ats:Assault Order","ats:Shadow Assault","ats:Volcano"],"picked":"SKIP","floor":8},{"not_picked":["ats:Beaten Up","ats:Counter Healing Mode","ats:Flame Of Heaven"],"picked":"SKIP","floor":13},{"not_picked":["ats:Support Order","ats:Collapsing Strike","ats:Steam Pump"],"picked":"SKIP","floor":16},{"not_picked":["ats:Volcano","ats:True Silver Slash"],"picked":"ats:Wolf Pack","floor":18},{"not_picked":["ats:Hook Shot","ats:Collapsing Strike"],"picked":"ats:Charging Defense+1","floor":20},{"not_picked":["ats:Shell Defense","ats:Consecutive Shot Auto+1","ats:Childhood Dance"],"picked":"SKIP","floor":22},{"not_picked":["ats:Flexible Camouflage","ats:Flame Of Heaven+1"],"picked":"ats:Blood Oath","floor":23},{"not_picked":["ats:Revitalization","ats:Thorns"],"picked":"ats:Defend Order","floor":24},{"not_picked":["ats:Poison Spread+1","ats:Hammer On","ats:Shell Defense"],"picked":"SKIP","floor":25}],"player_experience":654646,"relics_obtained":[{"floor":8,"key":"ats:Originium"},{"floor":8,"key":"MealTicket"},{"floor":16,"key":"ats:Originium"},{"floor":16,"key":"Anchor"},{"floor":25,"key":"ats:Originium"},{"floor":25,"key":"hubris:SlimyHat"}],"event_choices":[{"damage_healed":0,"gold_gain":0,"player_choice":"Upgraded","damage_taken":0,"max_hp_gain":0,"max_hp_loss":0,"event_name":"Upgrade Shrine","floor":2,"gold_loss":0,"cards_upgraded":["ats:Emotion Absorption"]},{"damage_healed":0,"gold_gain":100,"player_choice":"Pray","damage_taken":0,"max_hp_gain":0,"max_hp_loss":0,"event_name":"Golden Shrine","floor":21,"gold_loss":0}],"is_beta":false,"boss_relics":[{"not_picked":["Sozu","Replay:Wanted Poster"],"picked":"hubris:Backtick"}],"items_purged_floors":[5],"is_endless":false,"potions_floor_spawned":[1,6,16,18,20,24,25],"killed_by":"Gremlin Leader","ascension_level":2}}