{"host":"sc0o2qwpf9j16a4i","time":1609606137,"event":{"mods":["AchievementEnabler","BaseMod","BetterRewards","Block Reminder","Colored Map","Colored Powertips","Custom Start","Highlight Path","Minty Spire (QoL Compilation)","Relic Stats"],"gold_per_floor":[119,137,137,5,17,17,47,47,47,76,86,161,180,230,230,302,302,316,12,25,43,43,78,78,109,109,109,34,34,62,74,74,145,145,158,178,197,222,222,222,222,222],"floor_reached":41,"playtime":1624,"items_purged":["Strike_B","Strike_B"],"score":1368,"play_id":"c8a2caff-7114-4995-8d8f-c1af86c597c0","local_time":"20210102184857","is_ascension_mode":true,"campfire_choices":[{"data":"Apotheosis","floor":6.0,"key":"SMITH"},{"data":"1","floor":15.0,"key":"LIFT"},{"floor":24,"key":"REST"},{"floor":27,"key":"REST"},{"data":"2","floor":32,"key":"LIFT"},{"floor":40,"key":"RECALL"}],"circlet_count":0,"master_deck":["AscendersBane","Strike_B+1","Defend_B","Defend_B","Defend_B","Zap","Dualcast","Conserve Battery+1","Ball Lightning","Seek+1","Rip and Tear","Self Repair+1","Chill","Chaos","Apotheosis+1","Cold Snap","Darkness","White Noise","Creative AI","Amplify","Reinforced Body","Loop+1","Glacier","Undo+1","Loop+1","Genetic Algorithm+1","Recycle+1","Echo Form+1","Barrage","Hologram+1","Compile Driver","Compile Driver"],"relics":["Cracked Core","Membership Card","Oddly Smooth Stone","Toy Ornithopter","Akabeko","Whetstone","Regal Pillow","War Paint","Ornamental Fan","WingedGreaves","Girya","Cables","Fusion Hammer","Frozen Egg 2","Calipers","Lantern","Shuriken","Anchor","Toxic Egg 2","Sozu","Ice Cream"],"acts_visited":["Exordium","TheCity","TheBeyond"],"potions_floor_usage":[23,25,33,41],"damage_taken":[{"damage":0.0,"enemies":"Small Slimes","floor":1.0,"turns":2.0},{"damage":0.0,"enemies":"Jaw Worm","floor":2.0,"turns":2.0},{"damage":0.0,"enemies":"Cultist","floor":5.0,"turns":3.0},{"damage":8.0,"enemies":"3 Sentries","floor":7.0,"turns":7.0},{"damage":8.0,"enemies":"Lagavulin","floor":10.0,"turns":6.0},{"damage":0.0,"enemies":"Large Slime","floor":11.0,"turns":2.0},{"damage":0.0,"enemies":"2 Fungi Beasts","floor":13.0,"turns":4.0},{"damage":17.0,"enemies":"The Guardian","floor":16.0,"turns":9.0},{"damage":2.0,"enemies":"3 Byrds","floor":18.0,"turns":4.0},{"damage":21.0,"enemies":"Spheric Guardian","floor":20.0,"turns":5.0},{"damage":11.0,"enemies":"Snake Plant","floor":21.0,"turns":6.0},{"damage":36,"enemies":"Gremlin Leader","floor":23,"turns":11},{"damage":68,"enemies":"Slavers","floor":25,"turns":7},{"damage":11,"enemies":"Book of Stabbing","floor":30,"turns":5},{"damage":0,"enemies":"Sentry and Sphere","floor":31,"turns":6},{"damage":0,"enemies":"Automaton","floor":33,"turns":6},{"damage":9,"enemies":"Orb Walker","floor":35,"turns":5},{"damage":23,"enemies":"3 Darklings","floor":36,"turns":8},{"damage":0,"enemies":"Transient","floor":37,"turns":6},{"damage":0,"enemies":"Mind Bloom Boss Battle","floor":38,"turns":4},{"damage":74,"enemies":"Reptomancer","floor":41,"turns":4}],"seed_played":"-1192806360491176953","potions_obtained":[{"floor":2.0,"key":"Regen Potion"},{"floor":5.0,"key":"ColorlessPotion"},{"floor":11.0,"key":"Weak Potion"},{"floor":20.0,"key":"FocusPotion"},{"floor":25,"key":"Ancient Potion"},{"floor":31,"key":"GamblersBrew"},{"floor":33,"key":"FearPotion"}],"is_trial":false,"path_per_floor":["M","M","?","$","M","R","E","T","T","E","M","?","M","?","R","B",null,"M","$","M","M","?","E","R","E","T","R","?","T","E","M","R","B",null,"M","M","M","?","?","R","E"],"character_chosen":"DEFECT","items_purchased":["Membership Card","Oddly Smooth Stone","Toy Ornithopter","Conserve Battery","Ball Lightning","Akabeko","Whetstone","Seek","Regal Pillow","Rip and Tear","War Paint","Self Repair","Apotheosis","Swift Potion","Frozen Egg 2","Loop+1","Glacier","Block Potion"],"campfire_rested":2,"item_purchase_floors":[0,0,0,0,0,0,0,0,0,0,0,0,4,4,19,19,19,19],"current_hp_per_floor":[29,36,36,36,60,60,67,67,67,71,71,60,70,63,63,56,67,71,71,60,59,59,48,71,18,18,54,54,54,43,63,63,71,71,71,58,71,71,71,71,0,0],"gold":222,"neow_bonus":"","is_daily":false,"chose_seed":false,"campfire_upgraded":1,"win_rate":0.0,"timestamp":1609606137,"path_taken":["M","M","?","?","M","R","E","?","T","E","?","?","M","?","R","BOSS","M","?","M","M","?","E","R","E","T","R","?","?","E","?","R","BOSS","M","M","M","?","?","R","E"],"items_purchased_type":["Relic","Relic","Relic","Card","Card","Relic","Relic","Card","Relic","Card","Relic","Card","Card","Potion","Relic","Card","Card","Potion"],"build_version":"2020-12-22","purchased_purges":2,"victory":false,"max_hp_per_floor":[71,71,71,71,71,71,71,71,71,71,71,71,71,71,71,71,71,71,71,71,71,71,71,71,71,71,71,71,71,71,71,71,71,71,71,71,71,71,71,71,71,71],"relic_stats":{"Sozu":7,"Regal Pillow":17,"counters":[80,410],"Ornamental Fan":[16],"Shuriken":[3],"Whetstone":["Strike_B","Strike_B"],"War Paint":["Seek","Conserve Battery"],"obtain_stats":[{"Ice Cream":38,"Calipers":9,"Whetstone":0,"Bottled Tornado":24,"Old Coin":3,"Sozu":17,"Philosopher\u0027s Stone":34,"Fusion Hammer":17,"Toxic Egg 2":30,"Girya":9,"Happy Flower":0,"Astrolabe":17,"Blue Candle":7,"Dead Branch":42,"Oddly Smooth Stone":0,"Pen Nib":0,"War Paint":0,"Question Card":25,"Akabeko":0,"Cables":0,"OrangePellets":36,"Shuriken":26,"Bronze Scales":9,"Bird Faced Urn":11,"Molten Egg 2":0,"Symbiotic Virus":9,"Regal Pillow":45,"Lantern":25,"Singing Bowl":31,"StoneCalendar":8,"Juzu Bracelet":12,"Matryoshka":7,"WingedGreaves":8,"Red Mask":19,"Cracked Core":0,"Potion Belt":9,"Lee\u0027s Waffle":0,"Golden Idol":14,"Thread and Needle":0,"Odd Mushroom":10,"Frozen Egg 2":9,"Orichalcum":47,"White Beast Statue":10,"Calling Bell":0,"Peace Pipe":26,"CaptainsWheel":13,"Anchor":29,"Ornamental Fan":7,"Bloody Idol":22,"Bag of Marbles":0,"Membership Card":30,"Toy Ornithopter":0},{"Ice Cream":79,"Calipers":39,"Whetstone":59,"Bottled Tornado":48,"Old Coin":36,"Sozu":20,"Philosopher\u0027s Stone":50,"Fusion Hammer":30,"Toxic Egg 2":73,"Girya":63,"Happy Flower":34,"Astrolabe":9,"Blue Candle":16,"Dead Branch":56,"Oddly Smooth Stone":59,"Pen Nib":0,"War Paint":59,"Question Card":32,"Akabeko":59,"Cables":34,"OrangePellets":51,"Shuriken":72,"Bronze Scales":17,"Bird Faced Urn":39,"Molten Egg 2":0,"Symbiotic Virus":5,"Regal Pillow":57,"Lantern":72,"Singing Bowl":49,"StoneCalendar":39,"Juzu Bracelet":7,"Matryoshka":4,"WingedGreaves":63,"Red Mask":11,"Cracked Core":0,"Potion Belt":5,"Lee\u0027s Waffle":12,"Golden Idol":19,"Thread and Needle":0,"Odd Mushroom":18,"Frozen Egg 2":26,"Orichalcum":58,"White Beast Statue":27,"Calling Bell":0,"Peace Pipe":48,"CaptainsWheel":41,"Anchor":72,"Ornamental Fan":63,"Bloody Idol":31,"Bag of Marbles":34,"Membership Card":48,"Toy Ornithopter":59},{"Ice Cream":406,"Calipers":168,"Whetstone":299,"Bottled Tornado":213,"Old Coin":158,"Sozu":77,"Philosopher\u0027s Stone":237,"Fusion Hammer":129,"Toxic Egg 2":372,"Girya":313,"Happy Flower":151,"Astrolabe":35,"Blue Candle":60,"Dead Branch":273,"Oddly Smooth Stone":299,"Pen Nib":0,"War Paint":299,"Question Card":141,"Akabeko":299,"Cables":151,"OrangePellets":242,"Shuriken":367,"Bronze Scales":65,"Bird Faced Urn":168,"Molten Egg 2":0,"Symbiotic Virus":18,"Regal Pillow":283,"Lantern":367,"Singing Bowl":220,"StoneCalendar":168,"Juzu Bracelet":23,"Matryoshka":16,"WingedGreaves":313,"Red Mask":44,"Cracked Core":0,"Potion Belt":18,"Lee\u0027s Waffle":47,"Golden Idol":72,"Thread and Needle":0,"Odd Mushroom":69,"Frozen Egg 2":103,"Orichalcum":293,"White Beast Statue":110,"Calling Bell":0,"Peace Pipe":213,"CaptainsWheel":176,"Anchor":367,"Ornamental Fan":313,"Bloody Idol":132,"Bag of Marbles":151,"Membership Card":213,"Toy Ornithopter":299}],"Toy Ornithopter":29,"Cables":[212,141,53,13,5]},"card_choices":[{"not_picked":["Steam","Double Energy"],"picked":"Chill","floor":1.0},{"not_picked":["Redo","Go for the Eyes"],"picked":"Chaos","floor":2.0},{"not_picked":["Streamline","Double Energy"],"picked":"Cold Snap","floor":5.0},{"not_picked":["Sweeping Beam","Thunder Strike"],"picked":"Darkness","floor":7.0},{"not_picked":["Barrage","Recycle"],"picked":"White Noise","floor":10.0},{"not_picked":["Streamline","Beam Cell","Cold Snap"],"picked":"SKIP","floor":11.0},{"not_picked":["Sweeping Beam","Conserve Battery"],"picked":"Creative AI","floor":13.0},{"not_picked":["Meteor Strike","Creative AI"],"picked":"Amplify","floor":16.0},{"not_picked":["Rip and Tear","Conserve Battery"],"picked":"Reinforced Body","floor":18.0},{"not_picked":["Stack","Rebound"],"picked":"Undo+1","floor":20.0},{"not_picked":["Leap","Rebound+1","Redo"],"picked":"SKIP","floor":21.0},{"not_picked":["Stack","Leap"],"picked":"Loop+1","floor":23},{"not_picked":["Hello World+1","Hyperbeam","Steam"],"picked":"SKIP","floor":25},{"not_picked":["Thunder Strike","Compile Driver"],"picked":"Genetic Algorithm+1","floor":30},{"not_picked":["FTL","Chill+1"],"picked":"Recycle+1","floor":31},{"not_picked":["Core Surge","Multi-Cast+1"],"picked":"Echo Form+1","floor":33},{"not_picked":["Darkness+1","Redo+1"],"picked":"Barrage","floor":35},{"not_picked":["Streamline","Barrage+1"],"picked":"Hologram+1","floor":36},{"not_picked":["Steam+1","Leap+1"],"picked":"Compile Driver","floor":37},{"not_picked":["Reprogram+1","Blizzard"],"picked":"Compile Driver","floor":38}],"player_experience":509606,"relics_obtained":[{"floor":7.0,"key":"Ornamental Fan"},{"floor":8.0,"key":"WingedGreaves"},{"floor":9.0,"key":"Girya"},{"floor":10.0,"key":"Cables"},{"floor":23,"key":"Calipers"},{"floor":25,"key":"Lantern"},{"floor":26,"key":"Shuriken"},{"floor":29,"key":"Anchor"},{"floor":30,"key":"Toxic Egg 2"},{"floor":38,"key":"Ice Cream"}],"event_choices":[{"damage_healed":0.0,"max_hp_gain":0.0,"max_hp_loss":0.0,"gold_gain":0.0,"event_name":"Living Wall","player_choice":"Grow","floor":3.0,"gold_loss":0.0,"damage_taken":0.0,"cards_upgraded":["Self Repair"]},{"damage_healed":0.0,"max_hp_gain":0.0,"max_hp_loss":0.0,"gold_gain":75.0,"event_name":"World of Goop","player_choice":"Gather Gold","floor":12.0,"gold_loss":0.0,"damage_taken":11.0},{"damage_healed":0.0,"max_hp_gain":0.0,"max_hp_loss":0.0,"gold_gain":50.0,"event_name":"FaceTrader","player_choice":"Touch","floor":14.0,"gold_loss":0.0,"damage_taken":7.0},{"cards_removed":["Strike_B"],"damage_healed":0,"gold_gain":0,"player_choice":"Gave Gold","damage_taken":0,"max_hp_gain":0,"max_hp_loss":0,"event_name":"Beggar","floor":28,"gold_loss":75},{"damage_healed":0,"gold_gain":0,"player_choice":"Fight","damage_taken":0,"max_hp_gain":0,"max_hp_loss":0,"event_name":"MindBloom","floor":38,"gold_loss":0},{"cards_removed":["Defend_B"],"damage_healed":0,"gold_gain":0,"player_choice":"Removed Skill","damage_taken":0,"max_hp_gain":0,"max_hp_loss":0,"event_name":"Falling","floor":39,"gold_loss":0}],"is_beta":false,"boss_relics":[{"not_picked":["Runic Pyramid","Empty Cage"],"picked":"Fusion Hammer"},{"not_picked":["Coffee Dripper","Philosopher\u0027s Stone"],"picked":"Sozu"}],"items_purged_floors":[0,19],"is_endless":false,"potions_floor_spawned":[2,5,11,20,25,31,33,37],"killed_by":"Reptomancer","ascension_level":20}}