{"host":"6dzkwbf36t1khqct","time":1609553334,"event":{"mods":["AchievementEnabler","BaseMod","Beaked The Cultist","Better Third Choice","Colored Map","Colored Powertips","Conspire","Curses Come First","Displayed Cursed Tome","Downfall","Friendly Minions","Glutton Mod","Hubris","Infinite Spire","Koishi","Lobotomy","Mad Scientist","Marisa????????","Minty Spire (QoL Compilation)","Quick Restart","Replay The Spire","Robot Space Explorer","Say the Spire","StSLib","The Blackbeard","The Construct","The Cursed","The Disciple","The Hierophant","The Mystic","The Runesmith","The Servant 0.9.4","The Witch","??????REMEMod"],"gold_per_floor":[218,235,235,235,254,282,292,292,292,219,236,253,253,253,253,349,349,360,395,395,395,413,80,96,96,96,113,129,129,129],"floor_reached":29,"playtime":2857,"items_purged":[],"score":227,"play_id":"9f56ba7b-7c21-44de-8dc0-84851dc3f750","local_time":"20210102000854","is_ascension_mode":false,"campfire_choices":[{"floor":8,"key":"REST"},{"floor":13,"key":"REST"},{"floor":25,"key":"REST"}],"circlet_count":0,"master_deck":["Strike_G","Strike_G","Strike_G","Strike_G","Strike_G+1","Defend_G","Defend_G","Defend_G","Defend_G","Defend_G","Survivor","Blade Dance","Leg Sweep","hubris:Counter","Backflip","Noxious Fumes+1","Hidden Blade","A Thousand Cuts+1","Outmaneuver+1","ReplayTheSpireMod:Scrap Shanks+1","Noxious Fumes+1","hubris:SlightOfHand","Heel Hook","Heel Hook","Dodge and Roll+1","Dagger Throw"],"relics":["Ring of the Snake","REME_ComplimentaryCards","Frozen Egg 2","Bag of Marbles","CaptainsWheel","hubris:OldNail","Kunai","Matryoshka","SacredBark","Red Mask","Anchor","Toy Ornithopter","Shuriken"],"acts_visited":["Exordium","TheCity"],"potions_floor_usage":[16,16,19,24,27],"damage_taken":[{"damage":0,"enemies":"2 Louse","floor":1,"turns":3},{"damage":5,"enemies":"Jaw Worm","floor":2,"turns":4},{"damage":0,"enemies":"conspire:RoseBush","floor":5,"turns":3},{"damage":23,"enemies":"Lagavulin","floor":6,"turns":12},{"damage":22,"enemies":"Exordium Thugs","floor":7,"turns":5},{"damage":0,"enemies":"Large Slime","floor":11,"turns":6},{"damage":7,"enemies":"2 Fungi Beasts","floor":12,"turns":4},{"damage":6,"enemies":"Slime Boss","floor":16,"turns":9},{"damage":17,"enemies":"Spheric Guardian","floor":18,"turns":8},{"damage":0,"enemies":"Masked Bandits","floor":19,"turns":4},{"damage":5,"enemies":"3 Byrds","floor":22,"turns":3},{"damage":28,"enemies":"Cultist and Chosen","floor":24,"turns":5},{"damage":0,"enemies":"Snake Plant","floor":27,"turns":4},{"damage":36,"enemies":"Snecko","floor":28,"turns":6},{"damage":11,"enemies":"Shelled Parasite and Fungi","floor":29,"turns":2}],"seed_played":"2342301063054963367","potions_obtained":[{"floor":6,"key":"Ancient Potion"},{"floor":12,"key":"SpeedPotion"},{"floor":16,"key":"AttackPotion"},{"floor":18,"key":"SneckoOil"},{"floor":22,"key":"Languid Potion"}],"is_trial":false,"path_per_floor":["M","M","?","?","M","E","M","R","T","$","M","M","R","?","R_BF","B",null,"M","?","AVR","?","M","$","M","R","T","M","M","M"],"character_chosen":"THE_SILENT","items_purchased":["Noxious Fumes+1","Noxious Fumes+1","Anchor","hubris:SlightOfHand","Heel Hook"],"campfire_rested":3,"item_purchase_floors":[10,23,23,23,23],"current_hp_per_floor":[70,65,65,65,65,42,20,41,41,41,41,34,55,44,44,38,70,53,53,53,53,48,48,20,41,41,46,10,0,0],"gold":129,"neow_bonus":"HUNDRED_GOLD","is_daily":false,"chose_seed":false,"campfire_upgraded":0,"win_rate":0.0,"timestamp":1609553334,"path_taken":["M","M","?","?","?","E","M","R","T","$","M","M","R","?","R_BF","BOSS","M","?","AVR","?","M","$","M","R","T","?","M","M"],"items_purchased_type":["Card","Card","Relic","Card","Card"],"build_version":"2020-12-22","purchased_purges":0,"victory":false,"max_hp_per_floor":[70,70,70,70,70,70,70,70,70,70,70,70,70,70,70,70,70,70,70,70,70,70,70,70,70,70,70,70,70,70],"card_choices":[{"not_picked":["Poisoned Stab","Sucker Punch"],"picked":"Blade Dance","floor":1},{"not_picked":["Crippling Poison","Footwork"],"picked":"Finisher","floor":2},{"not_picked":["Poisoned Stab","Endless Agony"],"picked":"Leg Sweep","floor":5},{"not_picked":["Heel Hook","Skewer"],"picked":"hubris:Counter","floor":6},{"not_picked":["Endless Agony","Slice"],"picked":"Backflip","floor":7},{"not_picked":["Slice","REME_GrazeFinale","Dagger Spray"],"picked":"SKIP","floor":11},{"not_picked":["Deflect","Backflip"],"picked":"Hidden Blade","floor":12},{"not_picked":["ReplayTheSpireMod:From All Sides","Venomology"],"picked":"A Thousand Cuts+1","floor":16},{"not_picked":["hubris:Counter","All Out Attack","Quick Slash"],"picked":"SKIP","floor":18},{"not_picked":["ReplayTheSpireMod:Speed Training","Sneak Up+1"],"picked":"Outmaneuver+1","floor":19},{"not_picked":["Quick Slash+1","ReplayTheSpireMod:The Works"],"picked":"ReplayTheSpireMod:Scrap Shanks+1","floor":22},{"not_picked":["Toxin Wave+1","Leg Sweep"],"picked":"Dodge and Roll+1","floor":24},{"not_picked":["Deflect","Dodge and Roll"],"picked":"Dagger Throw","floor":27},{"not_picked":["Hidden Blade","hubris:SlightOfHand","Replay:Poison Smokescreen"],"picked":"SKIP","floor":28}],"player_experience":4829,"relics_obtained":[{"floor":6,"key":"Bag of Marbles"},{"floor":9,"key":"CaptainsWheel"},{"floor":15,"key":"Matryoshka"},{"floor":19,"key":"Red Mask"},{"floor":26,"key":"Toy Ornithopter"},{"floor":26,"key":"Shuriken"}],"event_choices":[{"cards_removed":["Finisher"],"damage_healed":0,"gold_gain":0,"player_choice":"Gave Card","damage_taken":0,"relics_obtained":["Frozen Egg 2"],"max_hp_gain":0,"max_hp_loss":0,"event_name":"WeMeetAgain","floor":4,"gold_loss":0},{"damage_healed":0,"gold_gain":1,"player_choice":"Relic Relic ","damage_taken":11,"max_hp_gain":0,"max_hp_loss":0,"event_name":"betterThird:BetterScrap","floor":14,"gold_loss":0,"cards_obtained":["Mirror Shield"]},{"damage_healed":0,"gold_gain":0,"player_choice":"Fought Bandits","damage_taken":0,"max_hp_gain":0,"max_hp_loss":0,"event_name":"Masked Bandits","floor":19,"gold_loss":0},{"cards_removed":["Neutralize"],"damage_healed":0,"gold_gain":0,"player_choice":"Offered Basic","damage_taken":0,"max_hp_gain":0,"max_hp_loss":0,"event_name":"Bonfire Elementals","floor":21,"gold_loss":0}],"is_beta":false,"boss_relics":[{"not_picked":["Philosopher\u0027s Stone","SlaversCollar"],"picked":"SacredBark"}],"items_purged_floors":[],"is_endless":false,"potions_floor_spawned":[6,12,16,18,22],"killed_by":"Shelled Parasite and Fungi","ascension_level":0}}