{"host":"d8d3jqle49sogkjv","time":1609620901,"event":{"mods":["BaseMod","Colored Map","Colored Powertips","Minty Spire (QoL Compilation)","StSLib"],"gold_per_floor":[119,129,18,18,33,33,58,58,58,89,14,0,175,191,191,289,289,289,214,214,129,129,129,49,49,49,49,49,49,49,49,49,49,49],"floor_reached":33,"playtime":1260,"items_purged":["Regret","Strike_B"],"score":488,"play_id":"0d9f7e10-af03-4d31-be9c-df3326ed6afd","local_time":"20210102215501","is_ascension_mode":true,"campfire_choices":[{"data":"Consume","floor":6,"key":"SMITH"},{"floor":8,"key":"REST"},{"data":"Loop","floor":15,"key":"SMITH"},{"floor":23,"key":"REST"},{"data":"Double Energy","floor":25,"key":"SMITH"},{"floor":32,"key":"REST"}],"circlet_count":0,"master_deck":["Strike_B","Strike_B","Defend_B","Defend_B","Defend_B","Defend_B","Zap","Dualcast","Consume+1","Glacier","Loop+1","Double Energy+1","Conserve Battery","Doubt","Electrodynamics","White Noise+1","Conserve Battery","Conserve Battery","Static Discharge+1","Echo Form","Pain"],"relics":["Cracked Core","Lizard Tail","Mercury Hourglass","Dream Catcher","Cables","Singing Bowl","Ectoplasm","Red Mask","The Courier","Darkstone Periapt","WarpedTongs"],"acts_visited":["Exordium","TheCity"],"potions_floor_usage":[7,16,18],"damage_taken":[{"damage":6,"enemies":"Cultist","floor":1,"turns":3},{"damage":0,"enemies":"2 Louse","floor":2,"turns":3},{"damage":9,"enemies":"Jaw Worm","floor":5,"turns":4},{"damage":23,"enemies":"Lagavulin","floor":7,"turns":6},{"damage":28,"enemies":"3 Sentries","floor":10,"turns":8},{"damage":18,"enemies":"Large Slime","floor":14,"turns":4},{"damage":0,"enemies":"The Guardian","floor":16,"turns":11},{"damage":11,"enemies":"Shell Parasite","floor":18,"turns":5},{"damage":33,"enemies":"Masked Bandits","floor":20,"turns":3},{"damage":25,"enemies":"Slavers","floor":27,"turns":3},{"damage":1,"enemies":"Chosen","floor":28,"turns":4},{"damage":13,"enemies":"3 Cultists","floor":30,"turns":3},{"damage":47,"enemies":"Automaton","floor":33,"turns":10}],"seed_played":"-1621166032766397104","potions_obtained":[{"floor":5,"key":"Swift Potion"},{"floor":14,"key":"PotionOfCapacity"},{"floor":16,"key":"SkillPotion"},{"floor":28,"key":"Energy Potion"},{"floor":30,"key":"Energy Potion"}],"is_trial":false,"path_per_floor":["M","M","$","?","M","R","E","R","T","E","$","?","?","M","R","B",null,"M","?","?","?","?","R","$","R","T","E","M","?","M","?","R","B"],"character_chosen":"DEFECT","items_purchased":["Glacier","Loop"],"campfire_rested":3,"item_purchase_floors":[3,3],"current_hp_per_floor":[44,44,44,44,35,35,12,34,34,8,8,8,8,40,40,40,69,58,58,25,25,25,48,48,48,48,23,24,24,13,19,47,0,0],"gold":49,"neow_bonus":"ONE_RARE_RELIC","is_daily":false,"chose_seed":false,"campfire_upgraded":3,"win_rate":0.0,"timestamp":1609620901,"path_taken":["M","M","?","?","M","R","E","R","T","E","$","?","?","M","R","BOSS","M","?","?","?","?","R","$","R","T","E","M","?","?","?","R","BOSS"],"items_purchased_type":["Card","Card"],"build_version":"2020-12-22","purchased_purges":2,"victory":false,"max_hp_per_floor":[75,75,75,75,75,75,75,75,75,77,77,77,77,79,79,79,79,79,79,79,79,79,79,79,79,79,79,81,81,83,89,91,91,91],"card_choices":[{"not_picked":["Stack","Compile Driver","Barrage"],"picked":"SKIP","floor":1},{"not_picked":["Barrage","Redo"],"picked":"Consume","floor":2},{"not_picked":["Steam Power","Auto Shields"],"picked":"Double Energy","floor":5},{"not_picked":["Chill","Glacier"],"picked":"Conserve Battery","floor":7},{"not_picked":["Biased Cognition","Cold Snap","Redo"],"picked":"Singing Bowl","floor":10},{"not_picked":["Double Energy","Lockon","Cold Snap"],"picked":"Singing Bowl","floor":14},{"not_picked":["Core Surge","Amplify"],"picked":"Electrodynamics","floor":16},{"not_picked":["Cold Snap","Genetic Algorithm+1"],"picked":"White Noise+1","floor":18},{"not_picked":["Coolheaded+1","Recycle"],"picked":"Conserve Battery","floor":20},{"not_picked":["Heatsinks+1","Cold Snap"],"picked":"Static Discharge+1","floor":23},{"not_picked":["Rebound","Barrage+1"],"picked":"Echo Form","floor":27},{"not_picked":["Go for the Eyes","BootSequence","Leap"],"picked":"Singing Bowl","floor":28},{"not_picked":["Cold Snap","Consume","Darkness+1"],"picked":"Singing Bowl","floor":30},{"not_picked":["Blizzard","Cold Snap","Stack"],"picked":"Singing Bowl","floor":32}],"player_experience":356379,"relics_obtained":[{"floor":7,"key":"Dream Catcher"},{"floor":9,"key":"Cables"},{"floor":10,"key":"Singing Bowl"},{"floor":20,"key":"Red Mask"},{"floor":27,"key":"Darkstone Periapt"}],"event_choices":[{"damage_healed":0,"gold_gain":0,"player_choice":"Box","damage_taken":0,"relics_obtained":["Mercury Hourglass"],"max_hp_gain":0,"max_hp_loss":0,"event_name":"Big Fish","floor":4,"gold_loss":0,"cards_obtained":["Regret"]},{"damage_healed":0,"gold_gain":0,"player_choice":"Left Gold","damage_taken":0,"max_hp_gain":0,"max_hp_loss":0,"event_name":"World of Goop","floor":12,"gold_loss":14},{"damage_healed":0,"gold_gain":175,"player_choice":"AGREE","damage_taken":0,"max_hp_gain":0,"max_hp_loss":0,"event_name":"Liars Game","floor":13,"gold_loss":0,"cards_obtained":["Doubt"]},{"cards_removed":["Strike_B"],"damage_healed":0,"gold_gain":0,"player_choice":"Gave Gold","damage_taken":0,"max_hp_gain":0,"max_hp_loss":0,"event_name":"Beggar","floor":19,"gold_loss":75},{"damage_healed":0,"gold_gain":0,"player_choice":"Fought Bandits","damage_taken":0,"max_hp_gain":0,"max_hp_loss":0,"event_name":"Masked Bandits","floor":20,"gold_loss":0},{"damage_healed":0,"gold_gain":0,"player_choice":"Obtained Relic","damage_taken":0,"relics_obtained":["The Courier"],"max_hp_gain":0,"max_hp_loss":0,"event_name":"Addict","floor":21,"gold_loss":85},{"damage_healed":0,"gold_gain":0,"player_choice":"Read","damage_taken":0,"max_hp_gain":0,"max_hp_loss":0,"event_name":"The Library","floor":22,"gold_loss":0,"cards_obtained":["Conserve Battery"]},{"damage_healed":0,"gold_gain":0,"player_choice":"Ignored","damage_taken":0,"max_hp_gain":0,"max_hp_loss":0,"event_name":"Ghosts","floor":29,"gold_loss":0},{"damage_healed":0,"gold_gain":0,"player_choice":"Rummage","damage_taken":0,"relics_obtained":["WarpedTongs"],"max_hp_gain":0,"max_hp_loss":0,"event_name":"Accursed Blacksmith","floor":31,"gold_loss":0,"cards_obtained":["Pain"]}],"is_beta":false,"boss_relics":[{"not_picked":["SacredBark","Tiny House"],"picked":"Ectoplasm"}],"items_purged_floors":[11,24],"is_endless":false,"potions_floor_spawned":[5,14,16,28,30],"killed_by":"Automaton","ascension_level":9}}