{"host":"w9yruvs4bqht6bhw","time":1609626063,"event":{"mods":["BaseMod","Colored Powertips","Minty Spire (QoL Compilation)"],"gold_per_floor":[113,164,179,179,179,179,190,190,190,220,46,71,71,88,88,188,188,205,31,31,31,47,47,77,77,77,106,123,143,160,171,171,171,171],"floor_reached":33,"playtime":1142,"items_purged":["Defend_R","Strike_R"],"score":398,"play_id":"791ac662-02c3-4cbf-8303-e3eb4bf5d3c5","local_time":"20210102172103","is_ascension_mode":true,"campfire_choices":[{"data":"Bandage Up","floor":6,"key":"SMITH"},{"data":"Heavy Blade","floor":13,"key":"SMITH"},{"data":"Flex","floor":15,"key":"SMITH"},{"data":"Bash","floor":23,"key":"SMITH"},{"data":"Exhume","floor":32,"key":"SMITH"}],"circlet_count":0,"master_deck":["Strike_R","Strike_R","Strike_R","Strike_R","Defend_R+1","Defend_R","Defend_R+1","Bash+1","Bandage Up+1","Heavy Blade+1","Cleave","Pommel Strike+1","Clash+1","Flex+1","Clash+1","Exhume+1","Spot Weakness","RitualDagger+1","Headbutt+1","Intimidate+1","Dual Wield+1","Iron Wave+1","Clash+1"],"relics":["Burning Blood","Lantern","Gremlin Horn","Molten Egg 2","Oddly Smooth Stone","SacredBark","White Beast Statue","Charon\u0027s Ashes","Singing Bowl"],"acts_visited":["Exordium","TheCity"],"potions_floor_usage":[10,12,16,22,27,27,29,29,30,31,33,33],"damage_taken":[{"damage":0,"enemies":"Small Slimes","floor":1,"turns":3},{"damage":9,"enemies":"2 Louse","floor":3,"turns":3},{"damage":3,"enemies":"Jaw Worm","floor":7,"turns":4},{"damage":17,"enemies":"3 Sentries","floor":10,"turns":7},{"damage":20,"enemies":"Lagavulin","floor":12,"turns":3},{"damage":0,"enemies":"3 Louse","floor":14,"turns":2},{"damage":47,"enemies":"The Guardian","floor":16,"turns":9},{"damage":11,"enemies":"2 Thieves","floor":18,"turns":3},{"damage":2,"enemies":"3 Byrds","floor":22,"turns":3},{"damage":18,"enemies":"Gremlin Leader","floor":24,"turns":4},{"damage":26,"enemies":"Book of Stabbing","floor":27,"turns":3},{"damage":26,"enemies":"Shelled Parasite and Fungi","floor":28,"turns":4},{"damage":14,"enemies":"Snecko","floor":29,"turns":5},{"damage":18,"enemies":"Cultist and Chosen","floor":30,"turns":6},{"damage":0,"enemies":"Snake Plant","floor":31,"turns":1},{"damage":70,"enemies":"Collector","floor":33,"turns":7}],"seed_played":"-962178287239840641","potions_obtained":[{"floor":3,"key":"Fire Potion"},{"floor":14,"key":"BlessingOfTheForge"},{"floor":16,"key":"DuplicationPotion"},{"floor":18,"key":"BlessingOfTheForge"},{"floor":22,"key":"LiquidBronze"},{"floor":27,"key":"SneckoOil"},{"floor":28,"key":"AttackPotion"},{"floor":29,"key":"FearPotion"},{"floor":30,"key":"Fire Potion"},{"floor":31,"key":"Dexterity Potion"}],"is_trial":false,"path_per_floor":["M","?","M","?","?","R","M","T","T","E","$","E","R","M","R","B",null,"M","$","?","?","M","R","E","?","T","E","M","M","M","M","R","B"],"character_chosen":"IRONCLAD","items_purchased":["Clash+1","Energy Potion","LiquidBronze"],"campfire_rested":0,"item_purchase_floors":[11,11,19],"current_hp_per_floor":[78,78,79,84,67,67,76,76,76,71,71,63,63,75,75,40,74,81,81,81,75,85,85,73,73,73,61,47,39,39,51,51,0,0],"gold":171,"neow_bonus":"RANDOM_COLORLESS","is_daily":false,"chose_seed":false,"campfire_upgraded":5,"win_rate":0.0,"timestamp":1609626063,"path_taken":["M","?","M","?","?","R","M","?","T","E","?","E","R","?","R","BOSS","M","$","?","?","M","R","E","?","T","E","M","M","M","?","R","BOSS"],"items_purchased_type":["Card","Potion","Potion"],"build_version":"2020-12-22","purchased_purges":2,"victory":false,"max_hp_per_floor":[80,80,80,85,85,85,85,85,85,85,85,85,85,85,85,85,85,85,85,85,85,85,85,85,85,85,87,87,87,87,87,87,87,87],"card_choices":[{"not_picked":["Forethought","Flash of Steel"],"picked":"Bandage Up","floor":0},{"not_picked":["Armaments","Wild Strike"],"picked":"Heavy Blade","floor":1},{"not_picked":["Perfected Strike","True Grit","Warcry"],"picked":"SKIP","floor":3},{"not_picked":["Anger","Burning Pact"],"picked":"Cleave","floor":7},{"not_picked":["Sentinel","Armaments"],"picked":"Pommel Strike+1","floor":10},{"not_picked":["Metallicize","Intimidate"],"picked":"Flex","floor":12},{"not_picked":["Body Slam+1","Burning Pact"],"picked":"Clash+1","floor":14},{"not_picked":["Bludgeon+1","Impervious"],"picked":"Exhume","floor":16},{"not_picked":["Dropkick+1","Heavy Blade+1"],"picked":"Spot Weakness","floor":18},{"not_picked":["Spot Weakness","Havoc"],"picked":"Headbutt+1","floor":22},{"not_picked":["Flame Barrier","Armaments","Corruption"],"picked":"SKIP","floor":24},{"not_picked":["Body Slam+1","Rampage+1","Hemokinesis+1"],"picked":"Singing Bowl","floor":27},{"not_picked":["True Grit","Anger+1"],"picked":"Intimidate+1","floor":28},{"not_picked":["Flex","Battle Trance"],"picked":"Dual Wield+1","floor":29},{"not_picked":["Havoc+1","Perfected Strike+1"],"picked":"Iron Wave+1","floor":30},{"not_picked":["Sentinel+1","Pommel Strike+1"],"picked":"Clash+1","floor":31}],"player_experience":271442,"relics_obtained":[{"floor":8,"key":"Lantern"},{"floor":9,"key":"Gremlin Horn"},{"floor":10,"key":"Molten Egg 2"},{"floor":12,"key":"Oddly Smooth Stone"},{"floor":24,"key":"White Beast Statue"},{"floor":26,"key":"Charon\u0027s Ashes"},{"floor":27,"key":"Singing Bowl"}],"event_choices":[{"damage_healed":0,"gold_gain":51,"player_choice":"Gained Gold","damage_taken":0,"max_hp_gain":0,"max_hp_loss":0,"event_name":"Golden Wing","floor":2,"gold_loss":0},{"damage_healed":0,"gold_gain":0,"player_choice":"Donut","damage_taken":0,"max_hp_gain":5,"max_hp_loss":0,"event_name":"Big Fish","floor":4,"gold_loss":0},{"damage_healed":0,"gold_gain":0,"player_choice":"Entered Light","damage_taken":17,"max_hp_gain":0,"max_hp_loss":0,"event_name":"Shining Light","floor":5,"gold_loss":0,"cards_upgraded":["Defend_R","Defend_R"]},{"damage_healed":0,"gold_gain":0,"player_choice":"Joined the Cult","damage_taken":6,"max_hp_gain":0,"max_hp_loss":0,"event_name":"Nest","floor":21,"gold_loss":0,"cards_obtained":["RitualDagger"]},{"damage_healed":0,"gold_gain":0,"player_choice":"Ignored","damage_taken":0,"max_hp_gain":0,"max_hp_loss":0,"event_name":"Transmorgrifier","floor":25,"gold_loss":0}],"is_beta":false,"boss_relics":[{"not_picked":["Busted Crown","Empty Cage"],"picked":"SacredBark"}],"items_purged_floors":[11,19],"is_endless":false,"potions_floor_spawned":[3,14,16,18,22,27,28,29,30,31],"killed_by":"Collector","ascension_level":7}}