{"host":"yn1175etg9ni8l0q","time":1609590102,"event":{"mods":["AchievementEnabler","BaseMod","Colored Map","Colored Powertips","DeckTracker","Minty Spire (QoL Compilation)","Rare Cards Sparkle","Relic Stats","SuperFastMode","everything is the same but u backflip on backflip"],"gold_per_floor":[113,113,131,149,165,165,220,220,244,258,258,277,288,288,288,388,688,703,903,150,182,82,82,109,127,127,162,162,180,213,250,250,250,250],"floor_reached":33,"playtime":1129,"items_purged":["Strike_G","Strike_G"],"score":420,"play_id":"78d634b2-3e0b-495c-ba3f-96bc24dd6a1f","local_time":"20210102212142","is_ascension_mode":true,"campfire_choices":[{"data":"Wraith Form v2","floor":6.0,"key":"SMITH"},{"data":"Footwork","floor":8.0,"key":"SMITH"},{"floor":11.0,"key":"REST"},{"floor":15.0,"key":"REST"},{"data":"Choke","floor":23.0,"key":"SMITH"},{"floor":28.0,"key":"REST"},{"floor":32.0,"key":"REST"}],"circlet_count":0,"master_deck":["AscendersBane","Strike_G","Strike_G","Defend_G","Defend_G","Defend_G","Defend_G","Survivor","Neutralize","All Out Attack","Dagger Throw","Wraith Form v2+1","Choke+1","Footwork+1","Backstab","Deflect","Adrenaline","Blade Dance","HandOfGreed","Dagger Throw","Blade Dance","Cloak And Dagger","Die Die Die","Acrobatics+1","After Image","Footwork","Cloak And Dagger","Backflip+1"],"relics":["Ring of the Snake","PreservedInsect","Pen Nib","Omamori","Calling Bell","Oddly Smooth Stone","StrikeDummy","Old Coin","ClockworkSouvenir","Bottled Lightning","Dream Catcher","Nunchaku"],"acts_visited":["Exordium","TheCity"],"potions_floor_usage":[33,33],"damage_taken":[{"damage":0.0,"enemies":"Small Slimes","floor":1.0,"turns":4.0},{"damage":0.0,"enemies":"Cultist","floor":3.0,"turns":4.0},{"damage":2.0,"enemies":"2 Louse","floor":4.0,"turns":2.0},{"damage":10.0,"enemies":"Gremlin Gang","floor":5.0,"turns":4.0},{"damage":20.0,"enemies":"Lagavulin Event","floor":7.0,"turns":5.0},{"damage":8.0,"enemies":"Exordium Thugs","floor":10.0,"turns":5.0},{"damage":3.0,"enemies":"Looter","floor":12.0,"turns":3.0},{"damage":0.0,"enemies":"3 Louse","floor":13.0,"turns":3.0},{"damage":62.0,"enemies":"Slime Boss","floor":16.0,"turns":15.0},{"damage":3.0,"enemies":"Shell Parasite","floor":18.0,"turns":8.0},{"damage":4.0,"enemies":"Spheric Guardian","floor":21.0,"turns":4.0},{"damage":6.0,"enemies":"Book of Stabbing","floor":24.0,"turns":3.0},{"damage":0.0,"enemies":"Snecko","floor":25.0,"turns":3.0},{"damage":18.0,"enemies":"Snake Plant","floor":27.0,"turns":5.0},{"damage":23.0,"enemies":"Centurion and Healer","floor":29.0,"turns":5.0},{"damage":0.0,"enemies":"Snecko","floor":30.0,"turns":3.0},{"damage":5.0,"enemies":"3 Cultists","floor":31.0,"turns":4.0},{"damage":55,"enemies":"Automaton","floor":33,"turns":10}],"seed_played":"7624995255695831811","potions_obtained":[{"floor":5.0,"key":"ColorlessPotion"},{"floor":7.0,"key":"SteroidPotion"},{"floor":10.0,"key":"Regen Potion"},{"floor":12.0,"key":"SteroidPotion"},{"floor":16.0,"key":"FearPotion"},{"floor":21.0,"key":"GamblersBrew"},{"floor":29.0,"key":"SpeedPotion"}],"is_trial":false,"path_per_floor":["M","?","M","M","M","R","?","R","T","M","R","M","M","?","R","B",null,"M","?","$","M","$","R","E","M","T","M","R","M","M","M","R","B"],"character_chosen":"THE_SILENT","items_purchased":["Regen Potion","HandOfGreed","ClockworkSouvenir","Bottled Lightning","Dagger Throw"],"campfire_rested":4,"item_purchase_floors":[20,20,20,20,20],"current_hp_per_floor":[63,63,63,61,51,51,31,31,31,23,44,41,41,29,50,3,53,50,50,50,46,46,46,49,49,49,31,52,29,29,24,45,0,0],"gold":250,"neow_bonus":"TRANSFORM_CARD","is_daily":false,"chose_seed":false,"campfire_upgraded":3,"win_rate":0.0,"timestamp":1609590102,"path_taken":["M","?","M","?","M","R","?","R","T","M","R","M","M","?","R","BOSS","M","?","$","M","$","R","E","M","T","M","R","M","M","M","R","BOSS"],"items_purchased_type":["Potion","Card","Relic","Relic","Card"],"build_version":"2020-12-22","purchased_purges":2,"victory":false,"max_hp_per_floor":[70,70,70,70,70,70,70,70,70,70,70,70,70,70,70,70,70,70,70,70,70,70,70,70,70,70,70,70,70,70,70,70,70,70],"relic_stats":{"Dream Catcher":2,"Nunchaku":[10],"counters":[18,90],"PreservedInsect":72,"Pen Nib":[19],"obtain_stats":[{"Calling Bell":17,"Dream Catcher":24,"Nunchaku":26,"Oddly Smooth Stone":17,"PreservedInsect":7,"Pen Nib":9,"Omamori":14,"Bottled Lightning":20,"StrikeDummy":17,"Ring of the Snake":0,"Old Coin":17,"ClockworkSouvenir":20},{"Calling Bell":9,"Dream Catcher":12,"Nunchaku":13,"Oddly Smooth Stone":9,"PreservedInsect":4,"Pen Nib":5,"Omamori":8,"Bottled Lightning":10,"StrikeDummy":9,"Ring of the Snake":0,"Old Coin":9,"ClockworkSouvenir":10},{"Calling Bell":45,"Dream Catcher":60,"Nunchaku":63,"Oddly Smooth Stone":45,"PreservedInsect":14,"Pen Nib":19,"Omamori":30,"Bottled Lightning":53,"StrikeDummy":45,"Ring of the Snake":0,"Old Coin":45,"ClockworkSouvenir":53}],"Ring of the Snake":[36]},"card_choices":[{"not_picked":["Poisoned Stab","Catalyst"],"picked":"Dagger Throw","floor":1.0},{"not_picked":["Sucker Punch","Catalyst","Prepared"],"picked":"SKIP","floor":3.0},{"not_picked":["Quick Slash","Bane"],"picked":"Wraith Form v2","floor":4.0},{"not_picked":["Poisoned Stab","Sucker Punch"],"picked":"Choke","floor":5.0},{"not_picked":["Riddle With Holes","Heel Hook"],"picked":"Footwork","floor":7.0},{"not_picked":["Slice","Heel Hook","Bane"],"picked":"SKIP","floor":10.0},{"not_picked":["Choke","Heel Hook"],"picked":"Backstab","floor":12.0},{"not_picked":["Caltrops","Sucker Punch"],"picked":"Deflect","floor":13.0},{"not_picked":["Malaise","Grand Finale"],"picked":"Adrenaline","floor":16.0},{"not_picked":["Infinite Blades+1","Bane+1"],"picked":"Blade Dance","floor":18.0},{"not_picked":["Blur+1","Bane"],"picked":"Blade Dance","floor":21.0},{"not_picked":["Catalyst","Deadly Poison"],"picked":"Cloak And Dagger","floor":24.0},{"not_picked":["Dagger Spray","Slice+1","Distraction+1"],"picked":"SKIP","floor":25.0},{"not_picked":["Dodge and Roll+1","Dash"],"picked":"Die Die Die","floor":27.0},{"not_picked":["Well Laid Plans+1","Cloak And Dagger"],"picked":"Acrobatics+1","floor":28.0},{"not_picked":["Underhanded Strike","Slice"],"picked":"After Image","floor":29.0},{"not_picked":["Quick Slash","Concentrate+1"],"picked":"Footwork","floor":30.0},{"not_picked":["Deflect","Flying Knee+1"],"picked":"Cloak And Dagger","floor":31.0},{"not_picked":["Slice","A Thousand Cuts"],"picked":"Backflip+1","floor":32.0}],"player_experience":296985,"relics_obtained":[{"floor":9.0,"key":"Pen Nib"},{"floor":17.0,"key":"Oddly Smooth Stone"},{"floor":17.0,"key":"StrikeDummy"},{"floor":17.0,"key":"Old Coin"},{"floor":24.0,"key":"Dream Catcher"},{"floor":26.0,"key":"Nunchaku"}],"event_choices":[{"cards_removed":["Defend_G"],"damage_healed":0.0,"max_hp_gain":0.0,"max_hp_loss":0.0,"gold_gain":0.0,"event_name":"Purifier","player_choice":"Purged","floor":2.0,"gold_loss":0.0,"damage_taken":0.0},{"damage_healed":0.0,"max_hp_gain":0.0,"max_hp_loss":0.0,"gold_gain":0.0,"event_name":"Dead Adventurer","player_choice":"Searched \u00272\u0027 times","floor":7.0,"gold_loss":0.0,"damage_taken":0.0,"relics_obtained":["PreservedInsect"]},{"damage_healed":0.0,"max_hp_gain":0.0,"max_hp_loss":0.0,"gold_gain":0.0,"event_name":"Scrap Ooze","player_choice":"Success","floor":14.0,"gold_loss":0.0,"damage_taken":12.0,"relics_obtained":["Omamori"]},{"damage_healed":0.0,"max_hp_gain":0.0,"max_hp_loss":0.0,"gold_gain":250.0,"event_name":"The Joust","player_choice":"Bet on Owner","floor":19.0,"gold_loss":50.0,"damage_taken":0.0}],"is_beta":false,"boss_relics":[{"not_picked":["Snecko Eye","Coffee Dripper"],"picked":"Calling Bell"}],"items_purged_floors":[20,22],"is_endless":false,"potions_floor_spawned":[5,7,10,12,16,21,29],"killed_by":"Automaton","ascension_level":10}}