{"host":"9szwrx0bcyiqoxoy","time":1609603161,"event":{"mods":["Act Like it!","BaseMod","Hallownest","Luminous","Minty Spire (QoL Compilation)","Replay The Spire","StSLib","The Bug Knight"],"gold_per_floor":[115,115,115,115,115,115,126,206,206,241,268,300,369,369,379,147,147,164,176,188,188],"floor_reached":20,"playtime":1275,"items_purged":[],"score":168,"play_id":"0dac8fde-512b-4f8a-bb59-0df4864ee2f1","local_time":"20210102235921","daily_mods":["Draft","Vintage","ControlledChaos","Allstar","Heirloom","Time Dilation","Flight"],"is_ascension_mode":true,"campfire_choices":[{"data":"HollowMod:HuntersJournal","floor":19,"key":"SMITH"}],"circlet_count":0,"master_deck":["HollowMod:SharpenedNail","HollowMod:SoulStrike","HollowMod:MantisMark","HollowMod:RecoilStrike+1","HollowMod:CloakDash","HollowMod:VengefulSpirit+1","HollowMod:PerfectDash","HollowMod:DescendingDark","HollowMod:WraithStrike","HollowMod:BaldurShell","HollowMod:HowlingWraiths","HollowMod:HuntersJournal+1","HollowMod:DescendingDark","HollowMod:DescendingDark","HollowMod:DoubleDash","HollowMod:WraithStrike","HollowMod:MantisMark","HollowMod:SharpenedShadows","HollowMod:MantisMark","HollowMod:NewLittleFool","HollowMod:DashSlash","HollowMod:AwokenDreamNail","HollowMod:Weaversong","HollowMod:ShadowDash"],"relics":["HollowMod:VesselMask","Frozen Eye","Ring of Chaos","Mango","Bird Faced Urn","Hallownest:DreamNailRelic","HollowMod:MillibellesNoteRelic","PreservedInsect","Bottled Tornado","Happy Flower","Sundial","Hallownest:TeacherSealRelic","Replay:Accelerometer","Orrery","MawBank"],"acts_visited":["Hallownest:Greenpath"],"potions_floor_usage":[20,20],"damage_taken":[{"damage":1,"enemies":"Hallownest:2_MossCreeps","floor":1,"turns":2},{"damage":0,"enemies":"Hallownest:monsterHuskWarrior","floor":7,"turns":2},{"damage":14,"enemies":"Hallownest:eliteMossKnight","floor":10,"turns":4},{"damage":10,"enemies":"Hallownest:eliteVengeflyKing","floor":11,"turns":5},{"damage":14,"enemies":"Hallownest:eliteMossKnight","floor":12,"turns":3},{"damage":5,"enemies":"2_ Uuma","floor":15,"turns":2},{"damage":9,"enemies":"Hallownest:Guard_and_Warrior","floor":18,"turns":2},{"damage":68,"enemies":"Hallownest:BossHornet","floor":20,"turns":6}],"seed_played":"8138536509744705500","potions_obtained":[{"floor":10,"key":"SkillPotion"},{"floor":12,"key":"SpeedPotion"},{"floor":15,"key":"Dexterity Potion"}],"is_trial":true,"path_per_floor":["M","?","PTL","PTL","PTL","PTL","M","?","?","E","E","E","T","?","M","$","?","M","R","B"],"character_chosen":"THE_BUGKNIGHT","items_purchased":["HollowMod:MantisMark","Orrery"],"campfire_rested":0,"item_purchase_floors":[16,16],"current_hp_per_floor":[88,88,88,88,88,88,88,88,99,87,85,73,73,73,70,70,70,63,63,3,3],"gold":188,"neow_bonus":"","is_daily":false,"chose_seed":false,"campfire_upgraded":1,"win_rate":0.0,"timestamp":1609603161,"path_taken":["M","?","PTL","PTL","PTL","PTL","?","?","?","E","E","E","T","?","?","$","?","?","R","BOSS"],"items_purchased_type":["Card","Relic"],"build_version":"2020-12-22","purchased_purges":0,"victory":false,"max_hp_per_floor":[89,89,89,89,89,89,89,89,100,100,100,100,100,100,100,100,100,100,100,100,100],"card_choices":[{"not_picked":["HollowMod:SiblingsSouls","HollowMod:SoulStrike"],"picked":"HollowMod:SharpenedNail","floor":0},{"not_picked":["HollowMod:SoulVessel","HollowMod:SharpenedShadows"],"picked":"HollowMod:SoulStrike","floor":0},{"not_picked":["HollowMod:HeavyBlow","HollowMod:GoodIntentions"],"picked":"HollowMod:MantisMark","floor":0},{"not_picked":["HollowMod:PerfectDash","HollowMod:ChannelNail"],"picked":"HollowMod:RecoilStrike","floor":0},{"not_picked":["HollowMod:WraithStrike","HollowMod:SoulSplash"],"picked":"HollowMod:CloakDash","floor":0},{"not_picked":["HollowMod:InfectedCysts","HollowMod:InfectedAttack"],"picked":"HollowMod:VengefulSpirit","floor":0},{"not_picked":["HollowMod:DoubleDash","HollowMod:CloakDash"],"picked":"HollowMod:PerfectDash","floor":0},{"not_picked":["HollowMod:HeavyBlow","HollowMod:SiblingsSouls"],"picked":"HollowMod:DescendingDark","floor":0},{"not_picked":["HollowMod:VengefulVoid","HollowMod:NewJinnsSoul"],"picked":"HollowMod:WraithStrike","floor":0},{"not_picked":["HollowMod:RecoilStrike","HollowMod:SoulStrike"],"picked":"HollowMod:BaldurShell","floor":0},{"not_picked":["HollowMod:Grubsong","HollowMod:NewGlowingWomb"],"picked":"HollowMod:HowlingWraiths","floor":0},{"not_picked":["HollowMod:TaintedHusks","HollowMod:HeavyBlow"],"picked":"HollowMod:HuntersJournal","floor":0},{"not_picked":["HollowMod:SoulShaman","HollowMod:HowlingWraiths"],"picked":"HollowMod:DescendingDark","floor":0},{"not_picked":["HollowMod:SiblingsSouls","HollowMod:TaintedHusks"],"picked":"HollowMod:DescendingDark","floor":0},{"not_picked":["HollowMod:GrimmsGift","HollowMod:SoulEater"],"picked":"HollowMod:DoubleDash","floor":0},{"not_picked":["HollowMod:DreamGate","HollowMod:HeavyBlow"],"picked":"HollowMod:WraithStrike","floor":10},{"not_picked":["HollowMod:DoubleDash","HollowMod:LifebloodCore"],"picked":"HollowMod:MantisMark","floor":11},{"not_picked":["HollowMod:SoulEater","HollowMod:SoulShaman"],"picked":"HollowMod:SharpenedShadows","floor":12},{"not_picked":["HollowMod:ShadowDash","HollowMod:DashSlash"],"picked":"HollowMod:NewLittleFool","floor":16},{"not_picked":["HollowMod:DoubleDash","HollowMod:InfectedCysts"],"picked":"HollowMod:DashSlash","floor":16},{"not_picked":["HollowMod:SoulStrike","HollowMod:RecoilStrike"],"picked":"HollowMod:AwokenDreamNail","floor":16},{"not_picked":["HollowMod:InfectedAttack","HollowMod:SiblingsSouls"],"picked":"HollowMod:Weaversong","floor":16},{"not_picked":["HollowMod:SoulShaman","HollowMod:LifebloodCocoon"],"picked":"HollowMod:ShadowDash","floor":16}],"player_experience":43293,"relics_obtained":[{"floor":1,"key":"Bird Faced Urn"},{"floor":7,"key":"HollowMod:MillibellesNoteRelic"},{"floor":10,"key":"PreservedInsect"},{"floor":11,"key":"Bottled Tornado"},{"floor":12,"key":"Happy Flower"},{"floor":13,"key":"Sundial"},{"floor":15,"key":"Replay:Accelerometer"},{"floor":18,"key":"MawBank"}],"event_choices":[],"is_beta":false,"boss_relics":[],"items_purged_floors":[],"is_endless":true,"potions_floor_spawned":[10,12,15],"killed_by":"Hallownest:BossHornet","ascension_level":1}}