{"host":"y3ukzuzbm6pszj00","time":1609557321,"event":{"mods":["A Magickal Journey","Astrologer","Bard","BaseMod","Downfall","Hubris","Minty Spire (QoL Compilation)","Quick Restart","Replay The Spire","Robot Space Explorer","StSLib","The Bug Knight","The Construct","The Cursed","The Disciple","The Factory","The Hayseed","The Hierophant","The Jungle","The Marked","The Necromancer","The Poker Player","The Problem Sleuth","The Runesmith"],"gold_per_floor":[115,129,204,222,222,222,222],"floor_reached":6,"playtime":489,"items_purged":["hubris:Lust"],"score":36,"play_id":"ac9a87b4-e2a3-4f6c-94da-2ebac3ad06e9","local_time":"20210101211521","is_ascension_mode":false,"campfire_choices":[],"circlet_count":0,"master_deck":["Magicka:InvisibleCard","Magicka:ReviveCard","Magicka:PreciseFingerCard","Magicka:PreciseFingerCard","Magicka:PreciseFingerCard","Magicka:PreciseFingerCard","Magicka:PreciseFingerCard","Magicka:TheFistCard","Magicka:DefaultBladeCard","Magicka:DefaultBladeCard","Magicka:SlipperyShieldCard","Magicka:FastDeathCard","Magicka:FastFireCard"],"relics":["Magicka:WizardStaff","NeowsBlessing","ReplayTheSpireMod:CursedCoin","WingedGreaves"],"acts_visited":["Exordium"],"potions_floor_usage":[],"damage_taken":[{"damage":0,"enemies":"Cultist","floor":1,"turns":1},{"damage":0,"enemies":"2 Louse","floor":2,"turns":2},{"damage":0,"enemies":"Small Slimes","floor":4,"turns":2},{"damage":48,"enemies":"Lagavulin","floor":6,"turns":6}],"seed_played":"-229912077103962723","potions_obtained":[{"floor":2,"key":"champ:CounterPotion"}],"is_trial":false,"path_per_floor":["M","M","$","M","?","E"],"character_chosen":"MAGICKA_WIZARD","items_purchased":["ReplayTheSpireMod:CursedCoin"],"campfire_rested":0,"item_purchase_floors":[3],"current_hp_per_floor":[40,40,40,40,40,0,0],"gold":222,"neow_bonus":"THREE_ENEMY_KILL","is_daily":false,"chose_seed":false,"campfire_upgraded":0,"win_rate":0.0,"timestamp":1609557321,"path_taken":["M","M","$","M","?","E"],"items_purchased_type":["Relic"],"build_version":"2020-12-22","purchased_purges":1,"victory":false,"max_hp_per_floor":[40,40,40,40,40,40,40],"card_choices":[{"not_picked":["Magicka:NullifyCard","Magicka:SlipperyWaterCard"],"picked":"Magicka:SlipperyShieldCard","floor":1},{"not_picked":["Magicka:SlipperyFireCard","Magicka:ConflagrationCard"],"picked":"Magicka:FastDeathCard","floor":2},{"not_picked":["Magicka:CleaverCard","Magicka:SlipperyColdCard"],"picked":"Magicka:FastFireCard","floor":4}],"player_experience":313286,"relics_obtained":[],"event_choices":[{"damage_healed":0,"gold_gain":0,"player_choice":"Gave Potion","damage_taken":0,"relics_obtained":["WingedGreaves"],"max_hp_gain":0,"max_hp_loss":0,"event_name":"WeMeetAgain","floor":5,"gold_loss":0}],"is_beta":false,"boss_relics":[],"items_purged_floors":[3],"is_endless":false,"potions_floor_spawned":[2],"killed_by":"Lagavulin","ascension_level":0}}