{"host":"r53pw7z744tg3fxg","time":1609615057,"event":{"mods":["AchievementEnabler","BaseMod","Colored Map","Colored Powertips","Highlight Path","Minty Spire (QoL Compilation)","Quick Restart","Transform Curses"],"gold_per_floor":[112,112,131,150,2,28,28,28,55,55,85,113,113,129,129,227,277,291,311,328,328,328,328,357,357,384,384,414,414,432,432,432,432,432],"floor_reached":33,"playtime":956,"items_purged":[],"score":529,"play_id":"f3c0a9c8-22d9-4348-8b76-7978db9ed61f","local_time":"20210102121737","is_ascension_mode":true,"campfire_choices":[{"data":"Eruption","floor":7.0,"key":"SMITH"},{"data":"ReachHeaven","floor":10.0,"key":"SMITH"},{"data":"BattleHymn","floor":13.0,"key":"SMITH"},{"floor":15.0,"key":"REST"},{"floor":23.0,"key":"REST"},{"floor":25.0,"key":"REST"},{"floor":27.0,"key":"REST"},{"floor":32.0,"key":"REST"}],"circlet_count":0,"master_deck":["AscendersBane","Strike_P+1","Strike_P+1","Strike_P+1","Strike_P+1","Defend_P+1","Defend_P+1","Defend_P+1","Defend_P+1","Eruption+1","Vigilance+1","Dramatic Entrance+1","SandsOfTime+1","BowlingBash+1","ReachHeaven+1","DeusExMachina","BattleHymn+1","Conclude+1","LessonLearned","Wallop+1","Pray+1","Tantrum","Evaluate+1","Prostrate","CrushJoints"],"relics":["PureWater","Happy Flower","Bag of Preparation","Whetstone","War Paint","Odd Mushroom","Sundial","Tiny House","Ornamental Fan","Strawberry","Akabeko","Enchiridion","MutagenicStrength"],"acts_visited":["Exordium","TheCity"],"potions_floor_usage":[33],"damage_taken":[{"damage":0.0,"enemies":"Small Slimes","floor":1.0,"turns":3.0},{"damage":4.0,"enemies":"Jaw Worm","floor":3.0,"turns":2.0},{"damage":0.0,"enemies":"2 Louse","floor":4.0,"turns":2.0},{"damage":12.0,"enemies":"Lagavulin","floor":6.0,"turns":6.0},{"damage":0.0,"enemies":"The Mushroom Lair","floor":11.0,"turns":1.0},{"damage":0.0,"enemies":"Gremlin Nob","floor":12.0,"turns":2.0},{"damage":3.0,"enemies":"Looter","floor":14.0,"turns":2.0},{"damage":17.0,"enemies":"Hexaghost","floor":16.0,"turns":6.0},{"damage":8.0,"enemies":"Chosen","floor":18.0,"turns":4.0},{"damage":11.0,"enemies":"Shell Parasite","floor":19.0,"turns":2.0},{"damage":12.0,"enemies":"3 Cultists","floor":20.0,"turns":3.0},{"damage":38.0,"enemies":"Book of Stabbing","floor":24.0,"turns":5.0},{"damage":0.0,"enemies":"Gremlin Leader","floor":28.0,"turns":2.0},{"damage":12.0,"enemies":"Snecko","floor":30.0,"turns":5.0},{"damage":84,"enemies":"Automaton","floor":33,"turns":6}],"seed_played":"4967618286982960526","potions_obtained":[{"floor":1.0,"key":"AttackPotion"},{"floor":3.0,"key":"PowerPotion"},{"floor":11.0,"key":"SkillPotion"},{"floor":14.0,"key":"Block Potion"},{"floor":17.0,"key":"SteroidPotion"},{"floor":18.0,"key":"CultistPotion"},{"floor":24.0,"key":"SpeedPotion"},{"floor":30.0,"key":"StancePotion"}],"is_trial":false,"path_per_floor":["M","?","M","M","$","E","R","?","T","R","?","E","R","M","R","B",null,"M","M","M","?","?","R","E","R","T","R","E","?","M","?","R","B"],"character_chosen":"WATCHER","items_purchased":["Bag of Preparation"],"campfire_rested":5,"item_purchase_floors":[5],"current_hp_per_floor":[65,62,58,58,58,46,46,46,46,46,46,46,46,43,64,47,71,63,52,40,40,40,63,25,48,55,80,80,64,52,52,77,0,0],"gold":432,"neow_bonus":"RANDOM_COLORLESS","is_daily":false,"chose_seed":false,"campfire_upgraded":3,"win_rate":0.0,"timestamp":1609615057,"path_taken":["M","?","M","M","$","E","R","?","T","R","?","E","R","M","R","BOSS","M","M","M","?","?","R","E","R","T","R","E","?","M","?","R","BOSS"],"items_purchased_type":["Relic"],"build_version":"2020-12-22","purchased_purges":0,"victory":false,"max_hp_per_floor":[72,72,72,72,72,72,72,72,72,72,72,72,72,72,72,72,77,77,77,77,77,77,77,77,77,84,84,84,84,84,84,84,84,84],"card_choices":[{"not_picked":["Deep Breath","Dark Shackles"],"picked":"Dramatic Entrance","floor":0.0},{"not_picked":["WaveOfTheHand","FlurryOfBlows"],"picked":"SandsOfTime","floor":1.0},{"not_picked":["Swivel","FlurryOfBlows"],"picked":"BowlingBash","floor":3.0},{"not_picked":["MentalFortress","SandsOfTime","WreathOfFlame"],"picked":"SKIP","floor":4.0},{"not_picked":["Prostrate","Consecrate"],"picked":"ReachHeaven","floor":6.0},{"not_picked":["Adaptation","Crescendo"],"picked":"DeusExMachina","floor":11.0},{"not_picked":["PathToVictory","Collect"],"picked":"BattleHymn","floor":12.0},{"not_picked":["EmptyFist","BattleHymn"],"picked":"Conclude","floor":14.0},{"not_picked":["Vault","Alpha"],"picked":"LessonLearned","floor":16.0},{"not_picked":["CrushJoints","Crescendo"],"picked":"Wallop","floor":17.0},{"not_picked":["Prostrate","Protect"],"picked":"Pray+1","floor":18.0},{"not_picked":["FollowUp","Nirvana+1"],"picked":"Tantrum","floor":19.0},{"not_picked":["Crescendo","DeusExMachina","JustLucky"],"picked":"SKIP","floor":20.0},{"not_picked":["ThirdEye","FlurryOfBlows"],"picked":"Evaluate+1","floor":24.0},{"not_picked":["JustLucky+1","Consecrate"],"picked":"Prostrate","floor":28.0},{"not_picked":["Wallop","Protect"],"picked":"CrushJoints","floor":30.0}],"player_experience":1180393,"relics_obtained":[{"floor":6.0,"key":"Whetstone"},{"floor":9.0,"key":"War Paint"},{"floor":11.0,"key":"Odd Mushroom"},{"floor":12.0,"key":"Sundial"},{"floor":24.0,"key":"Ornamental Fan"},{"floor":26.0,"key":"Strawberry"},{"floor":28.0,"key":"Akabeko"},{"floor":29.0,"key":"Enchiridion"}],"event_choices":[{"damage_healed":0.0,"max_hp_gain":0.0,"max_hp_loss":0.0,"gold_gain":0.0,"event_name":"Scrap Ooze","player_choice":"Success","floor":2.0,"gold_loss":0.0,"damage_taken":3.0,"relics_obtained":["Happy Flower"]},{"damage_healed":0.0,"max_hp_gain":0.0,"max_hp_loss":0.0,"gold_gain":0.0,"event_name":"Living Wall","player_choice":"Grow","floor":8.0,"gold_loss":0.0,"damage_taken":0.0,"cards_upgraded":["BowlingBash"]},{"damage_healed":0.0,"max_hp_gain":0.0,"max_hp_loss":0.0,"gold_gain":0.0,"event_name":"Mushrooms","player_choice":"Fought Mushrooms","floor":11.0,"gold_loss":0.0,"damage_taken":0.0},{"damage_healed":0.0,"max_hp_gain":0.0,"max_hp_loss":0.0,"gold_gain":0.0,"event_name":"Ghosts","player_choice":"Ignored","floor":21.0,"gold_loss":0.0,"damage_taken":0.0},{"damage_healed":0.0,"max_hp_gain":0.0,"max_hp_loss":0.0,"gold_gain":0.0,"event_name":"Back to Basics","player_choice":"Simplicity","floor":22.0,"gold_loss":0.0,"damage_taken":0.0,"cards_upgraded":["Strike_P","Strike_P","Strike_P","Strike_P","Defend_P"]},{"damage_healed":0.0,"max_hp_gain":0.0,"max_hp_loss":0.0,"gold_gain":0.0,"event_name":"Cursed Tome","player_choice":"Obtained Book","floor":29.0,"gold_loss":0.0,"damage_taken":16.0},{"damage_healed":0.0,"max_hp_gain":0.0,"max_hp_loss":0.0,"gold_gain":0.0,"event_name":"Drug Dealer","player_choice":"Inject Mutagens","floor":31.0,"gold_loss":0.0,"damage_taken":0.0,"relics_obtained":["MutagenicStrength"]}],"is_beta":false,"boss_relics":[{"not_picked":["Runic Dome","Coffee Dripper"],"picked":"Tiny House"}],"items_purged_floors":[],"is_endless":false,"potions_floor_spawned":[1,3,11,14,18,24,30],"killed_by":"Automaton","ascension_level":11}}