{"host":"amvpy7h9h10a217o","time":1609599973,"event":{"mods":["AchievementEnabler","BaseMod","Block Reminder","Challenge The Spire","Colored Powertips","GifTheSpireLib","Highlight Path","Minty Spire (QoL Compilation)","Permanent Neow","StSLib"],"gold_per_floor":[119,194,21,38,49,98,23,23,23],"floor_reached":8,"playtime":403,"items_purged":["Strike_G"],"score":112,"play_id":"0b494291-4295-4c05-b0e6-1ec16707bf3c","local_time":"20210102100613","is_ascension_mode":true,"campfire_choices":[],"circlet_count":0,"master_deck":["AscendersBane","Strike_G","Strike_G","Strike_G","Strike_G","Defend_G","Defend_G","Defend_G","Defend_G","Defend_G","Survivor","Neutralize","Cloak And Dagger","Footwork","Catalyst","Cloak And Dagger"],"relics":["Coffee Dripper","Centennial Puzzle"],"acts_visited":["Exordium"],"potions_floor_usage":[4,6,8],"damage_taken":[{"damage":1,"enemies":"Small Slimes","floor":1,"turns":3},{"damage":0,"enemies":"Jaw Worm","floor":4,"turns":5},{"damage":4,"enemies":"Cultist","floor":5,"turns":5},{"damage":52,"enemies":"Gremlin Nob","floor":6,"turns":6},{"damage":1,"enemies":"Lagavulin","floor":8,"turns":10}],"seed_played":"7828079779149749189","potions_obtained":[{"floor":1,"key":"ColorlessPotion"},{"floor":5,"key":"SpeedPotion"},{"floor":6,"key":"ColorlessPotion"}],"is_trial":false,"path_per_floor":["M","?","$","M","M","E","$","E"],"character_chosen":"THE_SILENT","items_purchased":["Footwork","Regen Potion"],"campfire_rested":0,"item_purchase_floors":[3,3],"current_hp_per_floor":[58,47,47,61,57,5,5,4,4],"gold":23,"neow_bonus":"BOSS_RELIC","is_daily":false,"chose_seed":false,"campfire_upgraded":0,"win_rate":0.0,"timestamp":1609599973,"path_taken":["M","?","$","M","M","E","?","E"],"items_purchased_type":["Card","Potion"],"build_version":"2020-12-22","purchased_purges":1,"victory":false,"max_hp_per_floor":[66,66,66,66,66,66,66,66,66],"card_choices":[{"not_picked":["Blur","Backstab"],"picked":"Cloak And Dagger","floor":1},{"not_picked":["Outmaneuver","Acrobatics"],"picked":"Catalyst","floor":4},{"not_picked":["Eviscerate","Dodge and Roll"],"picked":"Cloak And Dagger","floor":5},{"not_picked":["Blade Dance","Choke","Sucker Punch"],"picked":"SKIP","floor":6}],"player_experience":1410946,"relics_obtained":[{"floor":6,"key":"Centennial Puzzle"}],"event_choices":[{"damage_healed":0,"gold_gain":75,"player_choice":"Gather Gold","damage_taken":11,"max_hp_gain":0,"max_hp_loss":0,"event_name":"World of Goop","floor":2,"gold_loss":0}],"is_beta":false,"boss_relics":[],"items_purged_floors":[7],"is_endless":false,"potions_floor_spawned":[1,5,6],"killed_by":"Lagavulin","ascension_level":20}}