{"host":"j6locglyv7e0c0tm","time":1609585805,"event":{"mods":["BaseMod","Better Altar","Better Match","Better Note","Better Sensory Stone","Better Skull","Better Third Choice","Better Vampires","BetterRewards","Card Forge","Colored Powertips","Custom Start","DeckTracker","Downfall","Googly Eyes","Hermit","Highlight Path","Jorbs\u0027s Wanderer Trilogy","Marked Mod","Minty Spire (QoL Compilation)","Relic Stats","Replay The Spire","Shade Mod","Shop Mod","StSLib","Swap Starting Deck Mod","The Runesmith","TheFirefly"],"gold_per_floor":[115,130,110,128,147,147,181,26,51,51,51,51,51,14,14,46,46,145,145,165,184,48,48,61,61,73,73,73],"floor_reached":27,"playtime":1086,"items_purged":["Strike_P"],"score":221,"play_id":"68a339ec-ddb1-4b97-afb1-b852c074d6b4","local_time":"20210102221005","is_ascension_mode":false,"campfire_choices":[{"data":"MarkedMod:PinPointDefense","floor":6,"key":"SMITH"},{"floor":10,"key":"RECALL"},{"data":"MarkedMod:GentlePulse","floor":15,"key":"SMITH"},{"floor":17,"key":"DIG"},{"floor":25,"key":"REST"}],"circlet_count":0,"master_deck":["Strike_P","Strike_P","Strike_P","Defend_P","Defend_P","Defend_P","Defend_P","Eruption","Vigilance","MarkedMod:PinPointDefense+1","EmptyFist","PathToVictory","MarkedMod:GentlePulse+1","EmptyBody","MarkedMod:GracefulMovements","Establishment","Replay:AtTheReady","expansioncontent:QuickStudy","MarkedMod:Acupuncture","PathToVictory+1"],"relics":["PureWater","Hammer of Thor","Seething Fire","Anvil of the Gods","NeowsBlessing","Toy Ornithopter","Membership Card","Pen Nib","Anchor","Runic Pyramid"],"acts_visited":["Exordium","TheCity"],"potions_floor_usage":[7,7,7],"damage_taken":[{"damage":0,"enemies":"Jaw Worm","floor":1,"turns":1},{"damage":0,"enemies":"Cultist","floor":2,"turns":1},{"damage":0,"enemies":"Small Slimes","floor":4,"turns":1},{"damage":10,"enemies":"Exordium Thugs","floor":5,"turns":6},{"damage":12,"enemies":"3 Sentries","floor":7,"turns":12},{"damage":6,"enemies":"Replay:BlueRogue","floor":16,"turns":6},{"damage":16,"enemies":"Hexaghost","floor":18,"turns":10},{"damage":15,"enemies":"Spheric Guardian","floor":20,"turns":5},{"damage":5,"enemies":"Shell Parasite","floor":21,"turns":5},{"damage":17,"enemies":"Centurion and Healer","floor":24,"turns":6},{"damage":4,"enemies":"Snake Plant","floor":26,"turns":6},{"damage":52,"enemies":"Slavers","floor":27,"turns":4}],"seed_played":"-3448852987226851147","potions_obtained":[{"floor":1,"key":"Explosive Potion"},{"floor":2,"key":"Dexterity Potion"},{"floor":3,"key":"Reflective Coating"},{"floor":26,"key":"SpeedPotion"}],"is_trial":false,"path_per_floor":["M","M","?","M","M","R","E","$","T","R","PTL","PTL","$","$","R","E","R","B",null,"M","M","$","?","M","R","M","E"],"character_chosen":"WATCHER","items_purchased":["Membership Card","MarkedMod:GracefulMovements","expansioncontent:QuickStudy"],"campfire_rested":1,"item_purchase_floors":[8,14,22],"current_hp_per_floor":[72,72,72,72,62,62,50,50,50,50,50,50,50,50,50,44,44,28,72,57,52,52,52,35,56,52,0,0],"gold":73,"neow_bonus":"THREE_ENEMY_KILL","is_daily":false,"chose_seed":false,"campfire_upgraded":2,"win_rate":0.0,"timestamp":1609585805,"path_taken":["M","M","?","M","M","R","E","$","T","R","PTL","PTL","?","$","R","E","R","BOSS","M","M","$","?","M","R","M","E"],"items_purchased_type":["Relic","Card","Card"],"build_version":"2020-12-22","purchased_purges":1,"victory":false,"max_hp_per_floor":[72,72,72,72,72,72,72,72,72,72,72,72,72,72,72,72,72,72,72,72,72,72,72,72,72,72,72,72],"relic_stats":{"counters":[105,564],"Pen Nib":[2],"obtain_stats":[{"Divine Protection":7,"Gremlin Horn":25,"thefirefly:TimeCapsule":43,"CeramicFish":48,"Vajra":0,"Hammer of Thor":0,"Ring of Searing":4,"Blood Vial":0,"Centennial Puzzle":26,"Sundial":9,"Iron Hammer":12,"Kunai":17,"MerchantsRug":19,"Pear":0,"ReplayTheSpireMod:CursedCoin":4,"ReplayTheSpireMod:Ring of Addiction":4,"Replay:Grab Bag":17,"Pen Nib":16,"Replay:Ancient Bell":17,"War Paint":44,"Question Card":6,"WarpedTongs":7,"SlaversCollar":17,"Replay:Baseball":11,"Anvil of the Gods":0,"Onion Ring":13,"ReplayTheSpireMod:TigerMarble":17,"Abe\u0027s Treasure":34,"Darkstone Periapt":17,"Singing Bowl":26,"thefirefly:LongRangeScanner":7,"SacredBark":17,"Blue Doll":23,"Juzu Bracelet":37,"Replay:Multitool":17,"Replay:Mystery Machine":0,"PrismaticShard":3,"Smiling Mask":26,"Cursed Key":17,"Pet Ghost":9,"ClockworkSouvenir":0,"Chameleon Ring":4,"Matryoshka":0,"thefirefly:RepairArm":11,"Gambling Chip":22,"Red Mask":37,"Runic Pyramid":19,"thefirefly:StealthSystem":0,"Runesmith:Nanobots":30,"Lee\u0027s Waffle":0,"BargainBundle":0,"Replay:M_StaffOfTheSnake":3,"NeowsBlessing":0,"Quantum Egg":0,"Guide Book":19,"Replay:WaspNest":21,"Omamori":0,"Seething Fire":0,"White Beast Statue":4,"thefirefly:UpgradedSystem":17,"Calling Bell":17,"Pondfish Scales":17,"Anchor":17,"Busted Crown":17,"Ornamental Fan":0,"ChewingGum":17,"Art of War":19,"Garlic":9,"Bottled Lightning":32,"Membership Card":8,"TungstenRod":0,"Toy Ornithopter":7},{"Divine Protection":38,"Gremlin Horn":26,"thefirefly:TimeCapsule":51,"CeramicFish":54,"Vajra":77,"Hammer of Thor":0,"Ring of Searing":17,"Blood Vial":77,"Centennial Puzzle":42,"Sundial":38,"Iron Hammer":63,"Kunai":22,"MerchantsRug":85,"Pear":56,"ReplayTheSpireMod:CursedCoin":58,"ReplayTheSpireMod:Ring of Addiction":17,"Replay:Grab Bag":40,"Pen Nib":99,"Replay:Ancient Bell":22,"War Paint":52,"Question Card":4,"WarpedTongs":60,"SlaversCollar":40,"Replay:Baseball":11,"Anvil of the Gods":0,"Onion Ring":83,"ReplayTheSpireMod:TigerMarble":40,"Abe\u0027s Treasure":30,"Darkstone Periapt":40,"Singing Bowl":70,"thefirefly:LongRangeScanner":10,"SacredBark":65,"Blue Doll":70,"Juzu Bracelet":32,"Replay:Multitool":40,"Replay:Mystery Machine":15,"PrismaticShard":17,"Smiling Mask":26,"Cursed Key":84,"Pet Ghost":10,"ClockworkSouvenir":77,"Chameleon Ring":17,"Matryoshka":56,"thefirefly:RepairArm":19,"Gambling Chip":41,"Red Mask":47,"Runic Pyramid":100,"thefirefly:StealthSystem":0,"Runesmith:Nanobots":43,"Lee\u0027s Waffle":56,"BargainBundle":88,"Replay:M_StaffOfTheSnake":90,"NeowsBlessing":5,"Quantum Egg":35,"Guide Book":85,"Replay:WaspNest":68,"Omamori":35,"Seething Fire":0,"White Beast Statue":17,"thefirefly:UpgradedSystem":13,"Calling Bell":40,"Pondfish Scales":22,"Anchor":99,"Busted Crown":40,"Ornamental Fan":88,"ChewingGum":40,"Art of War":14,"Garlic":61,"Bottled Lightning":44,"Membership Card":98,"TungstenRod":88,"Toy Ornithopter":98},{"Divine Protection":230,"Gremlin Horn":163,"thefirefly:TimeCapsule":305,"CeramicFish":332,"Vajra":441,"Hammer of Thor":0,"Ring of Searing":105,"Blood Vial":441,"Centennial Puzzle":251,"Sundial":230,"Iron Hammer":372,"Kunai":134,"MerchantsRug":471,"Pear":348,"ReplayTheSpireMod:CursedCoin":354,"ReplayTheSpireMod:Ring of Addiction":105,"Replay:Grab Bag":243,"Pen Nib":528,"Replay:Ancient Bell":134,"War Paint":315,"Question Card":25,"WarpedTongs":361,"SlaversCollar":243,"Replay:Baseball":60,"Anvil of the Gods":0,"Onion Ring":457,"ReplayTheSpireMod:TigerMarble":243,"Abe\u0027s Treasure":191,"Darkstone Periapt":243,"Singing Bowl":408,"thefirefly:LongRangeScanner":55,"SacredBark":387,"Blue Doll":408,"Juzu Bracelet":203,"Replay:Multitool":243,"Replay:Mystery Machine":95,"PrismaticShard":105,"Smiling Mask":163,"Cursed Key":468,"Pet Ghost":55,"ClockworkSouvenir":441,"Chameleon Ring":105,"Matryoshka":348,"thefirefly:RepairArm":112,"Gambling Chip":247,"Red Mask":279,"Runic Pyramid":538,"thefirefly:StealthSystem":0,"Runesmith:Nanobots":257,"Lee\u0027s Waffle":348,"BargainBundle":482,"Replay:M_StaffOfTheSnake":489,"NeowsBlessing":30,"Quantum Egg":216,"Guide Book":471,"Replay:WaspNest":399,"Omamori":216,"Seething Fire":0,"White Beast Statue":105,"thefirefly:UpgradedSystem":82,"Calling Bell":243,"Pondfish Scales":134,"Anchor":528,"Busted Crown":243,"Ornamental Fan":482,"ChewingGum":243,"Art of War":90,"Garlic":364,"Bottled Lightning":261,"Membership Card":522,"TungstenRod":482,"Toy Ornithopter":522}],"Toy Ornithopter":0},"card_choices":[{"not_picked":["ReachHeaven","Halt"],"picked":"MarkedMod:PinPointDefense","floor":1},{"not_picked":["TalkToTheHand","Replay:AtTheReady"],"picked":"EmptyFist","floor":2},{"not_picked":["Crescendo","DeceiveReality"],"picked":"PathToVictory","floor":4},{"not_picked":["BowlingBash","ThirdEye"],"picked":"MarkedMod:GentlePulse","floor":5},{"not_picked":["CutThroughFate","CrushJoints"],"picked":"EmptyBody","floor":7},{"not_picked":["Nirvana","Replay:Cycle","SignatureMove"],"picked":"SKIP","floor":16},{"not_picked":["Alpha","Blasphemy"],"picked":"Establishment","floor":18},{"not_picked":["Consecrate","Replay:Battleflow+1","Swivel+1"],"picked":"SKIP","floor":20},{"not_picked":["InnerPeace","WheelKick"],"picked":"Replay:AtTheReady","floor":21},{"not_picked":["ClearTheMind+1","CutThroughFate"],"picked":"MarkedMod:Acupuncture","floor":24},{"not_picked":["ThirdEye","Protect+1"],"picked":"PathToVictory+1","floor":26}],"player_experience":809338,"relics_obtained":[{"floor":7,"key":"Toy Ornithopter"},{"floor":16,"key":"Pen Nib"},{"floor":17,"key":"Anchor"}],"event_choices":[{"damage_healed":0,"gold_gain":0,"player_choice":"Bought 1 Potion","damage_taken":0,"max_hp_gain":0,"max_hp_loss":0,"event_name":"The Woman in Blue","floor":3,"gold_loss":0},{"damage_healed":0,"gold_gain":0,"player_choice":"Ignored","damage_taken":0,"max_hp_gain":0,"max_hp_loss":0,"event_name":"betterNote:BetterNote","floor":23,"gold_loss":0,"cards_obtained":["Defragment"]}],"is_beta":false,"boss_relics":[{"not_picked":["Philosopher\u0027s Stone","Velvet Choker"],"picked":"Runic Pyramid"}],"items_purged_floors":[22],"is_endless":false,"potions_floor_spawned":[1,2,4,26],"killed_by":"Slavers","ascension_level":0}}