{"host":"kev6uqotw4tlyx8l","time":1609603814,"event":{"mods":["Act Like it!","Aspiration","BaseMod","Colored Powertips","Dota2Spire","Downfall","Hallownest","Infinite Spire","Marisa????????","Minty Spire (QoL Compilation)","Quick Restart","Remilia??????","Replay The Spire","StSLib","The Cursed","The Marked","The Mystic","The Servant 0.9.4"],"gold_per_floor":[116,116,132,151,25,50,50,11,11,31,41,56,231,246,246,246,246],"floor_reached":16,"playtime":336,"items_purged":[],"score":104,"play_id":"79149ec3-8eb5-45b1-93ff-8d2b11a3068e","local_time":"20210102231014","is_ascension_mode":false,"campfire_choices":[{"data":"BlazingStar","floor":7,"key":"SMITH"},{"floor":15,"key":"REST"}],"circlet_count":0,"master_deck":["Strike_MRS","Strike_MRS","Strike_MRS","Strike_MRS","Defend_MRS","Defend_MRS","Defend_MRS","Defend_MRS","MasterSpark","UpSweep+1","Overencumbered","Hallownest:curseDreamersLament","DragonMeteor","WitchLeyline","EarthLightRay","BlazingStar+1","StarBarrage","DragonMeteor","WitchOfGreed","ShootingEcho","Doubt"],"relics":["MiniHakkero","Philosopher\u0027s Stone","Lantern","CaptainsWheel","Dota2Spire:DivineRapier","Shuriken"],"acts_visited":["Exordium"],"potions_floor_usage":[10,12,16,16],"damage_taken":[{"damage":0,"enemies":"Small Slimes","floor":1,"turns":3},{"damage":0,"enemies":"Cultist","floor":3,"turns":2},{"damage":2,"enemies":"2 Louse","floor":4,"turns":2},{"damage":31,"enemies":"Lagavulin","floor":6,"turns":4},{"damage":5,"enemies":"Lots of Slimes","floor":10,"turns":2},{"damage":13,"enemies":"Looter","floor":11,"turns":2},{"damage":7,"enemies":"Blue Slaver","floor":12,"turns":2},{"damage":15,"enemies":"Gremlin Gang","floor":14,"turns":2},{"damage":38,"enemies":"The Guardian","floor":16,"turns":3}],"seed_played":"-7854207351434357567","potions_obtained":[{"floor":4,"key":"champ:CounterPotion"},{"floor":10,"key":"CultistPotion"},{"floor":11,"key":"SpeedPotion"},{"floor":14,"key":"Slimebound:ThreeZeroPotion"}],"is_trial":false,"path_per_floor":["M","?","M","M","?","E","R","$","T","M","M","M","?","M","R","B"],"character_chosen":"MARISA","items_purchased":["StarBarrage"],"campfire_rested":1,"item_purchase_floors":[8],"current_hp_per_floor":[75,75,75,73,73,44,44,44,44,43,34,27,27,12,34,0,0],"gold":246,"neow_bonus":"CURSED_BOSS_RELIC","is_daily":false,"chose_seed":false,"campfire_upgraded":1,"win_rate":0.0,"timestamp":1609603814,"path_taken":["M","?","?","M","?","E","R","$","T","M","?","M","?","M","R","BOSS"],"items_purchased_type":["Card"],"build_version":"2020-12-22","purchased_purges":0,"victory":false,"max_hp_per_floor":[75,75,75,75,75,75,75,75,75,75,75,75,75,75,75,75,75],"card_choices":[{"not_picked":["NonDirectionalLaser","DC"],"picked":"DragonMeteor","floor":1},{"not_picked":["DC","LuminesStrike"],"picked":"WitchLeyline","floor":3},{"not_picked":["MysteriousBeam","SporeBomb"],"picked":"EarthLightRay","floor":4},{"not_picked":["MysteriousBeam","ManaConvection"],"picked":"BlazingStar","floor":6},{"not_picked":["OpenUniverse","Acceleration"],"picked":"DragonMeteor","floor":10},{"not_picked":["EnergyFlow","StarBarrage"],"picked":"WitchOfGreed","floor":11},{"not_picked":["RefractionSpark","GravityBeat"],"picked":"ShootingEcho","floor":12},{"not_picked":["WitchOfGreed","GalacticHalo","ChargingUp"],"picked":"SKIP","floor":14}],"player_experience":61748,"relics_obtained":[{"floor":6,"key":"CaptainsWheel"},{"floor":9,"key":"Dota2Spire:DivineRapier"}],"event_choices":[{"damage_healed":0,"gold_gain":0,"player_choice":"Upgraded","damage_taken":0,"max_hp_gain":0,"max_hp_loss":0,"event_name":"Upgrade Shrine","floor":2,"gold_loss":0,"cards_upgraded":["UpSweep"]},{"damage_healed":0,"gold_gain":0,"player_choice":"Paid Gold","damage_taken":0,"relics_obtained":["Lantern"],"max_hp_gain":0,"max_hp_loss":0,"event_name":"WeMeetAgain","floor":5,"gold_loss":126},{"damage_healed":0,"gold_gain":175,"player_choice":"AGREE","damage_taken":0,"max_hp_gain":0,"max_hp_loss":0,"event_name":"Liars Game","floor":13,"gold_loss":0,"cards_obtained":["Doubt"]}],"is_beta":false,"boss_relics":[],"items_purged_floors":[],"is_endless":false,"potions_floor_spawned":[4,10,11,14],"killed_by":"The Guardian","ascension_level":0}}