{"host":"Dean","time":1609601523,"event":{"mods":["2.2 Compatiblity","AchievementEnabler","BaseMod","Block Reminder","Colored Map","Colored Powertips","Minty Spire (QoL Compilation)","Permanent Neow","Quick Restart","Relic Stats","Replay The Spire","StSLib"],"gold_per_floor":[99,112,17,17,226,226,251,251,251,276,305,339,351,351,351,447,447,461,560,475,475,475,502,502,502,502,512,512,530,555,584,584,686,686,697,697,544,544,544,577,607,639,664,714,412,412,428,439,439,439,439,439,191,216,216],"floor_reached":56,"playtime":3698,"items_purged":["Auto Shields+1","Panic Button+1","Ball Lightning+1"],"score":1376,"play_id":"51c69b5c-709c-4505-a1ff-268d8f7b4da4","local_time":"20210102103203","daily_mods":["Draft","Heirloom","Flight"],"is_ascension_mode":false,"campfire_choices":[{"data":"FIFO Queue","floor":6,"key":"SMITH"},{"data":"Self Repair","floor":8,"key":"SMITH"},{"data":"Doom and Gloom","floor":15,"key":"SMITH"},{"data":"Compile Driver","floor":24,"key":"SMITH"},{"data":"FTL","floor":25,"key":"SMITH"},{"floor":28,"key":"RECALL"},{"data":"Ball Lightning","floor":32,"key":"SMITH"},{"floor":49,"key":"DIG"},{"floor":52,"key":"REST"}],"circlet_count":0,"master_deck":["Genetic Algorithm+1","Compile Driver+1","Ball Lightning+1","Coolheaded+1","Doom and Gloom+1","Capacitor+1","Reinforced Body+1","Conserve Battery+1","Steam+1","FTL+1","FIFO Queue+1","Hologram+1","Conserve Battery+1","Steam+1","Go for the Eyes+1","Scorching Beam+1","Self Repair+1","Genetic Algorithm+1","ReplayTheSpireMod:Omega Cannon+1","Coolheaded+1","Biased Cognition+1","Compile Driver+1","ReplayTheSpireMod:System Scan+1","Hologram+1","Steam Power+1","Ball Lightning+1","Recycle+1","Meteor Strike+1","Turbo+1","Defragment+1","Defragment+1","Madness+1","Madness+1","Steam+1","Coolheaded+1","BasicCrystalCard+1","Glacier+1","Rebound+1","Thinking Ahead+1","ReplayTheSpireMod:Calculation Training+1","Barrage+1","Chill+1","Cold Snap+1"],"relics":["Ring of Chaos","replay:Trail_Library","Toxic Egg 2","Golden Egg","StoneCalendar","Iron Core","Membership Card","Magic Flower","ReplayTheSpireMod:Ninjato","Bag of Preparation","Regal Pillow","Replay:Antivirus Software","Emotion Chip","Bottled Lightning","Sozu","Omamori","Ancient Tea Set","Molten Egg 2","Shuriken","Unceasing Top","Runic Pyramid","DollysMirror","Counterbalance","Whetstone","Lizard Tail","BargainBundle","Singing Bowl","Bag of Marbles","Chameleon Ring","Nunchaku","Runic Capacitor","Anchor","Cables"],"acts_visited":["Exordium","TheCity","TheBeyond","TheEnding"],"potions_floor_usage":[7,55],"damage_taken":[{"damage":11,"enemies":"Jaw Worm","floor":2,"turns":2},{"damage":0,"enemies":"Gremlin Nob","floor":7,"turns":4},{"damage":0,"enemies":"Replay:BlueRogue","floor":11,"turns":6},{"damage":0,"enemies":"3 Sentries","floor":12,"turns":1},{"damage":0,"enemies":"Cultist","floor":13,"turns":4},{"damage":0,"enemies":"Slime Boss","floor":16,"turns":5},{"damage":0,"enemies":"Spheric Guardian","floor":18,"turns":1},{"damage":4,"enemies":"Book of Stabbing","floor":23,"turns":4},{"damage":2,"enemies":"Shell Parasite","floor":27,"turns":4},{"damage":0,"enemies":"3 Cultists","floor":29,"turns":4},{"damage":9,"enemies":"Slavers","floor":30,"turns":3},{"damage":10,"enemies":"Gremlin Leader","floor":31,"turns":5},{"damage":2,"enemies":"Pondfish","floor":33,"turns":6},{"damage":11,"enemies":"3 Darklings","floor":35,"turns":4},{"damage":3,"enemies":"R_Hoarder","floor":40,"turns":5},{"damage":11,"enemies":"Reptomancer","floor":41,"turns":4},{"damage":1,"enemies":"Giant Head","floor":42,"turns":3},{"damage":0,"enemies":"Mind Bloom Boss Battle","floor":44,"turns":7},{"damage":0,"enemies":"Orb Walker","floor":47,"turns":3},{"damage":1,"enemies":"Transient","floor":48,"turns":5},{"damage":1,"enemies":"Replay:Hell Engine","floor":50,"turns":3},{"damage":0,"enemies":"Shield and Spear","floor":54,"turns":4},{"damage":11,"enemies":"The Heart","floor":55,"turns":7}],"seed_played":"-5296160437641096277","potions_obtained":[{"floor":2,"key":"Weak Potion"},{"floor":7,"key":"Flashbang"}],"is_trial":true,"path_per_floor":["?","M","$","?","$","R","E","R","T","T","E","E","M","?","R","B",null,"M","?","?","$","?","E","R","R","T","M","R","M","E","E","R_BF","B",null,"M","?","$","?","?","E","E","E","T","?","$","T","M","M","R_BF","B",null,"R","$","E","B",null],"character_chosen":"DEFECT","items_purchased":["Steam+1","Go for the Eyes","Membership Card","Magic Flower","ReplayTheSpireMod:Ninjato","Auto Shields+1","Scorching Beam","Defragment","DollysMirror","BargainBundle","Singing Bowl","Bag of Marbles","Thinking Ahead+1","Runic Capacitor","Anchor","Chill+1"],"campfire_rested":1,"item_purchase_floors":[3,3,5,5,5,5,5,37,37,45,45,45,45,53,53,53],"current_hp_per_floor":[75,64,64,49,49,49,49,49,49,49,64,64,75,80,80,80,80,80,80,80,80,80,80,80,80,80,80,80,80,80,80,80,80,80,80,80,80,70,70,80,80,80,80,80,80,80,80,80,80,79,80,80,80,80,80],"gold":216,"neow_bonus":"","is_daily":false,"chose_seed":false,"campfire_upgraded":6,"win_rate":0.0,"timestamp":1609601523,"path_taken":["?","?","$","?","?","R","E","R","T","?","E","E","?","?","R","BOSS","M","?","?","$","?","E","R","R","T","M","R","M","E","E","R_BF","BOSS","M","?","$","?","?","E","E","E","T","?","$","?","?","M","R_BF","BOSS","R","$","E","BOSS"],"items_purchased_type":["Card","Card","Relic","Relic","Relic","Card","Card","Card","Relic","Relic","Relic","Relic","Card","Relic","Relic","Card"],"build_version":"2020-12-18","purchased_purges":3,"victory":true,"max_hp_per_floor":[75,75,75,75,75,75,75,75,75,75,75,75,75,80,80,80,80,80,80,80,80,80,80,80,80,80,80,80,80,80,80,80,80,80,80,80,80,80,80,80,80,80,80,80,80,80,80,80,80,80,80,80,80,80,80],"relic_stats":{"Regal Pillow":0,"Singing Bowl":0,"counters":[23,94],"Magic Flower":[12],"StoneCalendar":[0],"Bag of Preparation":[42],"Whetstone":["Ball Lightning"],"Cables":[3,0,1,0,1],"Sozu":5,"Emotion Chip":[31,7,18,2,4],"Lizard Tail":0,"Nunchaku":[3],"Shuriken":[21],"obtain_stats":[{"Golden Egg":0,"Iron Core":1,"Regal Pillow":9,"Singing Bowl":45,"Magic Flower":5,"StoneCalendar":0,"Bag of Preparation":7,"Runic Capacitor":53,"Whetstone":42,"Ancient Tea Set":23,"Sozu":17,"Emotion Chip":11,"Lizard Tail":44,"Nunchaku":49,"Chameleon Ring":46,"DollysMirror":37,"Toxic Egg 2":0,"Replay:Antivirus Software":10,"Cracked Core":0,"replay:Trail_Library":0,"Runic Pyramid":34,"BargainBundle":45,"ReplayTheSpireMod:Ninjato":5,"Counterbalance":41,"Ring of Chaos":0,"Omamori":20,"Cables":54,"Anchor":53,"Shuriken":30,"Molten Egg 2":26,"Bag of Marbles":45,"Membership Card":5,"Bottled Lightning":12,"Unceasing Top":31},{"Golden Egg":0,"Iron Core":0,"Regal Pillow":2,"Singing Bowl":18,"Magic Flower":1,"StoneCalendar":0,"Bag of Preparation":2,"Runic Capacitor":21,"Whetstone":17,"Ancient Tea Set":8,"Sozu":6,"Emotion Chip":3,"Lizard Tail":18,"Nunchaku":20,"Chameleon Ring":18,"DollysMirror":14,"Toxic Egg 2":0,"Replay:Antivirus Software":2,"Cracked Core":0,"replay:Trail_Library":0,"Runic Pyramid":13,"BargainBundle":18,"ReplayTheSpireMod:Ninjato":1,"Counterbalance":16,"Ring of Chaos":0,"Omamori":7,"Cables":22,"Anchor":21,"Shuriken":11,"Molten Egg 2":8,"Bag of Marbles":18,"Membership Card":1,"Bottled Lightning":4,"Unceasing Top":12},{"Golden Egg":0,"Iron Core":0,"Regal Pillow":6,"Singing Bowl":72,"Magic Flower":2,"StoneCalendar":0,"Bag of Preparation":6,"Runic Capacitor":83,"Whetstone":65,"Ancient Tea Set":27,"Sozu":22,"Emotion Chip":12,"Lizard Tail":72,"Nunchaku":80,"Chameleon Ring":72,"DollysMirror":53,"Toxic Egg 2":0,"Replay:Antivirus Software":6,"Cracked Core":0,"replay:Trail_Library":0,"Runic Pyramid":49,"BargainBundle":72,"ReplayTheSpireMod:Ninjato":2,"Counterbalance":62,"Ring of Chaos":0,"Omamori":23,"Cables":87,"Anchor":83,"Shuriken":38,"Molten Egg 2":27,"Bag of Marbles":72,"Membership Card":2,"Bottled Lightning":13,"Unceasing Top":43}],"Unceasing Top":[2]},"card_choices":[{"not_picked":["Lockon","Compile Driver"],"picked":"Genetic Algorithm","floor":0},{"not_picked":["Turbo","Gash"],"picked":"Compile Driver","floor":0},{"not_picked":["Barrage","Hologram"],"picked":"Ball Lightning","floor":0},{"not_picked":["BasicCrystalCard","Compile Driver"],"picked":"Panic Button","floor":0},{"not_picked":["Redo","Panic Button"],"picked":"Coolheaded","floor":0},{"not_picked":["Beam Cell","Panic Button"],"picked":"Doom and Gloom","floor":0},{"not_picked":["Coolheaded","Skim"],"picked":"Capacitor","floor":0},{"not_picked":["Melter","Time Bomb"],"picked":"Reinforced Body","floor":0},{"not_picked":["Streamline","Ball Lightning"],"picked":"Conserve Battery","floor":0},{"not_picked":["Beam Cell","Barrage"],"picked":"Steam","floor":0},{"not_picked":["Barrage","Panic Button"],"picked":"FTL","floor":0},{"not_picked":["Sunder","Gash"],"picked":"FIFO Queue","floor":0},{"not_picked":["Time Bomb","Cold Snap"],"picked":"Ball Lightning","floor":0},{"not_picked":["Panic Button","Gash"],"picked":"Hologram","floor":0},{"not_picked":["Reinforced Body","Barrage"],"picked":"Conserve Battery","floor":0},{"not_picked":["Body Slam","Turbo+1","Streamline"],"picked":"SKIP","floor":2},{"not_picked":["Barrage","Chill+1"],"picked":"Self Repair","floor":7},{"not_picked":["Go for the Eyes","Machine Learning"],"picked":"ReplayTheSpireMod:Omega Cannon","floor":11},{"not_picked":["Sweeping Beam","ReplayGash"],"picked":"Coolheaded+1","floor":12},{"not_picked":["Static Discharge","Body Slam","Headbutt"],"picked":"SKIP","floor":13},{"not_picked":["Amplify+1","Rainbow+1"],"picked":"Biased Cognition","floor":16},{"not_picked":["FTL","Stack+1"],"picked":"Sweeping Beam","floor":18},{"not_picked":["Genetic Algorithm+1","Hello World"],"picked":"Compile Driver","floor":23},{"not_picked":["Streamline+1","Turbo+1"],"picked":"ReplayTheSpireMod:System Scan+1","floor":27},{"not_picked":["Steam+1","Compile Driver+1"],"picked":"Steam Power+1","floor":29},{"not_picked":["Reinforced Body+1","BasicCrystalCard+1"],"picked":"Ball Lightning+1","floor":30},{"not_picked":["Thunder Strike+1","Stack+1"],"picked":"Recycle+1","floor":31},{"not_picked":["ReplayTheSpireMod:Omega Cannon+1","Amplify+1"],"picked":"Meteor Strike+1","floor":33},{"not_picked":["Steam+1","Time Bomb+1"],"picked":"Turbo+1","floor":35},{"not_picked":["Rebound+1","Static Discharge+1"],"picked":"Steam+1","floor":40},{"not_picked":["Leap+1","Panic Button+1"],"picked":"Coolheaded+1","floor":41},{"not_picked":["FTL+1","Gash+1"],"picked":"BasicCrystalCard+1","floor":42},{"not_picked":["BasicCrystalCard+1","Sunder+1"],"picked":"Rebound+1","floor":44},{"not_picked":["Cold Snap+1","Rebound+1"],"picked":"ReplayTheSpireMod:Calculation Training+1","floor":47},{"not_picked":["Go for the Eyes+1","Double Energy+1"],"picked":"Barrage+1","floor":48},{"not_picked":["Gash+1","Turbo+1"],"picked":"Cold Snap+1","floor":54}],"player_experience":756039,"relics_obtained":[{"floor":7,"key":"Bag of Preparation"},{"floor":9,"key":"Regal Pillow"},{"floor":10,"key":"Replay:Antivirus Software"},{"floor":11,"key":"Emotion Chip"},{"floor":12,"key":"Bottled Lightning"},{"floor":23,"key":"Ancient Tea Set"},{"floor":26,"key":"Molten Egg 2"},{"floor":30,"key":"Shuriken"},{"floor":31,"key":"Unceasing Top"},{"floor":41,"key":"Counterbalance"},{"floor":42,"key":"Whetstone"},{"floor":44,"key":"Lizard Tail"},{"floor":46,"key":"Chameleon Ring"},{"floor":49,"key":"Nunchaku"},{"floor":54,"key":"Cables"}],"event_choices":[{"damage_healed":0,"gold_gain":0,"player_choice":"Entered Light","damage_taken":15,"max_hp_gain":0,"max_hp_loss":0,"event_name":"Shining Light","floor":4,"gold_loss":0,"cards_upgraded":["Capacitor","Compile Driver"]},{"damage_healed":0,"gold_gain":0,"player_choice":"Donut","damage_taken":0,"max_hp_gain":5,"max_hp_loss":0,"event_name":"Big Fish","floor":14,"gold_loss":0},{"damage_healed":0,"gold_gain":99,"player_choice":"Stole From Cult","damage_taken":0,"max_hp_gain":0,"max_hp_loss":0,"event_name":"Nest","floor":19,"gold_loss":0},{"damage_healed":0,"gold_gain":0,"player_choice":"Obtained Relic","damage_taken":0,"relics_obtained":["Omamori"],"max_hp_gain":0,"max_hp_loss":0,"event_name":"Addict","floor":20,"gold_loss":85},{"damage_healed":0,"gold_gain":0,"player_choice":"Embrace Madness","damage_taken":10,"max_hp_gain":0,"max_hp_loss":0,"event_name":"Winding Halls","floor":38,"gold_loss":0,"cards_obtained":["Madness","Madness"]},{"damage_healed":0,"gold_gain":0,"player_choice":"Ignored","damage_taken":0,"max_hp_gain":0,"max_hp_loss":0,"event_name":"Tomb of Lord Red Mask","floor":39,"gold_loss":0},{"damage_healed":0,"gold_gain":0,"player_choice":"Fight","damage_taken":0,"max_hp_gain":0,"max_hp_loss":0,"event_name":"MindBloom","floor":44,"gold_loss":0}],"is_beta":true,"boss_relics":[{"not_picked":["Honey Jar","Inserter","Painkiller Herb"]},{"not_picked":["Empty Cage","Snecko Heart"],"picked":"Runic Pyramid"}],"items_purged_floors":[37,45,53],"is_endless":false,"potions_floor_spawned":[2,7,29,31,40,47,48],"ascension_level":0}}