{"host":"2he95iptrbxkejc1","time":1609603688,"event":{"mods":["AchievementEnabler","BaseMod","Minty Spire (QoL Compilation)"],"gold_per_floor":[114,127,141,141,43,43,56,56,56,56,56,88,88,108,108,208,208,221,221,252,17,32,59,59,70,122,140,166,184,216,228,228,228,228],"floor_reached":33,"playtime":2182,"items_purged":[],"score":357,"play_id":"0bfb4d7b-8683-4b2d-b043-ef5d1e0ee4bb","local_time":"20210102160808","is_ascension_mode":false,"campfire_choices":[{"data":"Bouncing Flask","floor":6,"key":"SMITH"},{"data":"Bouncing Flask","floor":8,"key":"SMITH"},{"floor":13,"key":"REST"},{"floor":15,"key":"REST"},{"floor":24,"key":"REST"},{"floor":32,"key":"REST"}],"circlet_count":0,"master_deck":["Strike_G","Strike_G","Strike_G+1","Strike_G","Strike_G","Defend_G","Defend_G","Defend_G+1","Defend_G","Defend_G","Survivor","Neutralize+1","Blur","Bouncing Flask+1","Escape Plan","Poisoned Stab","Bouncing Flask+1","Distraction+1","Poisoned Stab","Well Laid Plans","Venomology","CurseOfTheBell","Bouncing Flask","Writhe","Endless Agony+1","Blind","Outmaneuver+1","Flying Knee","Noxious Fumes+1","Backflip","Burst","Caltrops","Crippling Poison","Sucker Punch","Poisoned Stab","Catalyst"],"relics":["Ring of the Snake","Potion Belt","Mercury Hourglass","Calling Bell","Dream Catcher","Pear","TungstenRod","MealTicket","Red Mask","Orichalcum","Letter Opener","Whetstone","Bag of Marbles","PreservedInsect"],"acts_visited":["Exordium","TheCity"],"potions_floor_usage":[16,16,18,20,23,23,23,28,28,28,29,30,30,30,30,31,31,33,33,33,33,33],"damage_taken":[{"damage":0,"enemies":"Small Slimes","floor":1,"turns":4},{"damage":2,"enemies":"Jaw Worm","floor":2,"turns":6},{"damage":0,"enemies":"2 Louse","floor":3,"turns":3},{"damage":2,"enemies":"Blue Slaver","floor":7,"turns":3},{"damage":23,"enemies":"Gremlin Nob","floor":12,"turns":4},{"damage":5,"enemies":"Exordium Wildlife","floor":14,"turns":3},{"damage":45,"enemies":"Hexaghost","floor":16,"turns":7},{"damage":6,"enemies":"2 Thieves","floor":18,"turns":2},{"damage":23,"enemies":"Masked Bandits","floor":20,"turns":5},{"damage":0,"enemies":"Spheric Guardian","floor":22,"turns":2},{"damage":13,"enemies":"Book of Stabbing","floor":23,"turns":5},{"damage":11,"enemies":"Snecko","floor":25,"turns":5},{"damage":17,"enemies":"3 Cultists","floor":27,"turns":4},{"damage":3,"enemies":"Slavers","floor":28,"turns":4},{"damage":1,"enemies":"Cultist and Chosen","floor":29,"turns":4},{"damage":24,"enemies":"Gremlin Leader","floor":30,"turns":5},{"damage":16,"enemies":"Centurion and Healer","floor":31,"turns":5},{"damage":65,"enemies":"Collector","floor":33,"turns":5}],"seed_played":"3319307784499524068","potions_obtained":[{"floor":2,"key":"Swift Potion"},{"floor":7,"key":"Strength Potion"},{"floor":12,"key":"Fire Potion"},{"floor":14,"key":"Strength Potion"},{"floor":16,"key":"Weak Potion"},{"floor":20,"key":"DistilledChaos"},{"floor":23,"key":"AttackPotion"},{"floor":28,"key":"FearPotion"},{"floor":29,"key":"DuplicationPotion"},{"floor":30,"key":"PowerPotion"},{"floor":31,"key":"SteroidPotion"}],"is_trial":false,"path_per_floor":["M","M","M","?","$","R","M","R","T","?","?","E","R","M","R","B",null,"M","?","?","$","M","E","R","M","T","M","E","M","E","M","R","B"],"character_chosen":"THE_SILENT","items_purchased":["Poisoned Stab","Bouncing Flask","Blind","Orichalcum"],"campfire_rested":4,"item_purchase_floors":[5,5,21,21],"current_hp_per_floor":[77,75,75,60,60,60,58,58,58,58,63,40,64,59,82,37,92,86,86,63,78,78,65,92,81,81,64,61,60,51,35,62,0,0],"gold":228,"neow_bonus":"TEN_PERCENT_HP_BONUS","is_daily":false,"chose_seed":false,"campfire_upgraded":2,"win_rate":0.0,"timestamp":1609603688,"path_taken":["M","M","M","?","$","R","M","R","T","?","?","E","R","M","R","BOSS","M","?","?","$","M","E","R","M","T","M","E","M","E","M","R","BOSS"],"items_purchased_type":["Card","Card","Card","Relic"],"build_version":"2020-12-22","purchased_purges":0,"victory":false,"max_hp_per_floor":[77,77,77,77,77,77,77,77,77,77,82,82,82,82,82,82,92,92,92,92,92,92,92,92,92,92,92,92,92,92,92,92,92,92],"card_choices":[{"not_picked":["Sucker Punch","All Out Attack"],"picked":"Blur","floor":1},{"not_picked":["Dagger Throw","Tactician"],"picked":"Bouncing Flask","floor":2},{"not_picked":["Endless Agony","Deflect"],"picked":"Escape Plan","floor":3},{"not_picked":["Tactician","Dagger Spray"],"picked":"Distraction","floor":7},{"not_picked":["Quick Slash","Bane"],"picked":"Poisoned Stab","floor":12},{"not_picked":["Underhanded Strike","Riddle With Holes"],"picked":"Well Laid Plans","floor":14},{"not_picked":["Glass Knife","Doppelganger"],"picked":"Venomology","floor":16},{"not_picked":["Flechettes","Flying Knee"],"picked":"Bouncing Flask","floor":18},{"not_picked":["Backflip","Reflex"],"picked":"Endless Agony","floor":20},{"not_picked":["Choke+1","Sucker Punch"],"picked":"Outmaneuver+1","floor":22},{"not_picked":["Terror","Backflip+1"],"picked":"Flying Knee","floor":23},{"not_picked":["Crippling Poison+1","Sucker Punch+1"],"picked":"Noxious Fumes+1","floor":24},{"not_picked":["Dagger Spray","Leg Sweep+1"],"picked":"Backflip","floor":25},{"not_picked":["Flying Knee","Quick Slash"],"picked":"Burst","floor":27},{"not_picked":["Acrobatics","Outmaneuver"],"picked":"Caltrops","floor":28},{"not_picked":["PiercingWail+1","Backflip"],"picked":"Crippling Poison","floor":29},{"not_picked":["Calculated Gamble","Choke"],"picked":"Sucker Punch","floor":30},{"not_picked":["Dagger Spray","Prepared"],"picked":"Poisoned Stab","floor":31},{"not_picked":["Bullet Time","Backflip"],"picked":"Catalyst","floor":32}],"player_experience":22925,"relics_obtained":[{"floor":9,"key":"Potion Belt"},{"floor":12,"key":"Mercury Hourglass"},{"floor":17,"key":"Dream Catcher"},{"floor":17,"key":"Pear"},{"floor":17,"key":"TungstenRod"},{"floor":20,"key":"Red Mask"},{"floor":23,"key":"Letter Opener"},{"floor":26,"key":"Whetstone"},{"floor":28,"key":"Bag of Marbles"},{"floor":30,"key":"PreservedInsect"}],"event_choices":[{"damage_healed":0,"gold_gain":0,"player_choice":"Entered Light","damage_taken":15,"max_hp_gain":0,"max_hp_loss":0,"event_name":"Shining Light","floor":4,"gold_loss":0,"cards_upgraded":["Strike_G","Defend_G"]},{"damage_healed":0,"gold_gain":0,"player_choice":"Grow","damage_taken":0,"max_hp_gain":0,"max_hp_loss":0,"event_name":"Living Wall","floor":10,"gold_loss":0,"cards_upgraded":["Distraction"]},{"damage_healed":0,"gold_gain":0,"player_choice":"Donut","damage_taken":0,"max_hp_gain":5,"max_hp_loss":0,"event_name":"Big Fish","floor":11,"gold_loss":0},{"damage_healed":0,"gold_gain":0,"player_choice":"Opened","damage_taken":0,"relics_obtained":["MealTicket"],"max_hp_gain":0,"max_hp_loss":0,"event_name":"The Mausoleum","floor":19,"gold_loss":0,"cards_obtained":["Writhe"]},{"damage_healed":0,"gold_gain":0,"player_choice":"Fought Bandits","damage_taken":0,"max_hp_gain":0,"max_hp_loss":0,"event_name":"Masked Bandits","floor":20,"gold_loss":0}],"is_beta":false,"boss_relics":[{"not_picked":["Busted Crown","HoveringKite"],"picked":"Calling Bell"}],"items_purged_floors":[],"is_endless":false,"potions_floor_spawned":[2,7,12,14,16,20,23,27,28,29,30,31],"killed_by":"Collector","ascension_level":0}}