{"host":"kjehzzhcyp0nyrrl","time":1609600493,"event":{"mods":["AchievementEnabler","BaseMod","Custom Start","Hermit","Keyboard Shortcuts","Koishi","Minty Spire (QoL Compilation)","StSLib","SuperFastMode","The Dragon Tamer","The Gatherer","everything is the same but u backflip on backflip"],"gold_per_floor":[119,8,25,42,57,57,71,121,144,144,164,164,175,100,100,100,100],"floor_reached":16,"playtime":320,"items_purged":["Strike_G"],"score":150,"play_id":"fd0c784e-efc0-4d5a-88f2-1aa811c32fa5","local_time":"20210103001453","is_ascension_mode":true,"campfire_choices":[{"data":"Noxious Fumes","floor":6,"key":"SMITH"},{"data":"Bouncing Flask","floor":15,"key":"SMITH"}],"circlet_count":0,"master_deck":["AscendersBane","Strike_G","Strike_G","Defend_G","Defend_G","Defend_G","Defend_G","Defend_G","Survivor","Neutralize","Bouncing Flask+1","Poisoned Stab","Noxious Fumes+1","Backflip","Leg Sweep"],"relics":["Ring of the Snake","Singing Bowl","Bag of Marbles"],"acts_visited":["Exordium"],"potions_floor_usage":[16,16],"damage_taken":[{"damage":7,"enemies":"Jaw Worm","floor":1,"turns":4},{"damage":0,"enemies":"Cultist","floor":3,"turns":3},{"damage":3,"enemies":"Small Slimes","floor":4,"turns":3},{"damage":5,"enemies":"2 Fungi Beasts","floor":5,"turns":3},{"damage":1,"enemies":"Red Slaver","floor":7,"turns":5},{"damage":8,"enemies":"Exordium Wildlife","floor":11,"turns":4},{"damage":4,"enemies":"Blue Slaver","floor":13,"turns":5},{"damage":35,"enemies":"Slime Boss","floor":16,"turns":10}],"seed_played":"8607406058682615311","potions_obtained":[{"floor":1,"key":"LiquidMemories"},{"floor":3,"key":"GamblersBrew"}],"is_trial":false,"path_per_floor":["M","?","M","M","M","R","M","T","T","?","M","?","M","$","R","B"],"character_chosen":"THE_SILENT","items_purchased":[],"campfire_rested":0,"item_purchase_floors":[],"current_hp_per_floor":[56,56,56,55,52,52,51,51,51,44,38,38,34,34,34,0,0],"gold":100,"neow_bonus":"THREE_CARDS","is_daily":false,"chose_seed":false,"campfire_upgraded":2,"win_rate":0.0,"timestamp":1609600493,"path_taken":["M","?","M","M","M","R","?","?","T","?","M","?","?","$","R","BOSS"],"items_purchased_type":[],"build_version":"2020-12-22","purchased_purges":1,"victory":false,"max_hp_per_floor":[70,70,70,72,74,74,74,74,74,74,76,76,76,76,76,76,76],"card_choices":[{"not_picked":["PiercingWail","Noxious Fumes"],"picked":"Bouncing Flask","floor":0},{"not_picked":["Expertise","Heel Hook"],"picked":"Poisoned Stab","floor":1},{"not_picked":["Escape Plan","PiercingWail"],"picked":"Noxious Fumes","floor":3},{"not_picked":["Slice","Dagger Throw","Outmaneuver"],"picked":"Singing Bowl","floor":4},{"not_picked":["Terror","Deflect","All Out Attack"],"picked":"Singing Bowl","floor":5},{"not_picked":["Flying Knee","Quick Slash"],"picked":"Backflip","floor":7},{"not_picked":["Quick Slash","Burst","Blur"],"picked":"Singing Bowl","floor":11},{"not_picked":["Deadly Poison","Predator"],"picked":"Leg Sweep","floor":13}],"player_experience":385751,"relics_obtained":[{"floor":9,"key":"Bag of Marbles"}],"event_choices":[{"damage_healed":0,"gold_gain":0,"player_choice":"Paid Gold","damage_taken":0,"relics_obtained":["Singing Bowl"],"max_hp_gain":0,"max_hp_loss":0,"event_name":"WeMeetAgain","floor":2,"gold_loss":111},{"cards_removed":["Strike_G"],"damage_healed":0,"gold_gain":0,"player_choice":"Card Removal","damage_taken":7,"max_hp_gain":0,"max_hp_loss":0,"event_name":"Golden Wing","floor":10,"gold_loss":0},{"cards_removed":["Strike_G"],"damage_healed":0,"gold_gain":0,"player_choice":"Offered Basic","damage_taken":0,"max_hp_gain":0,"max_hp_loss":0,"event_name":"Bonfire Elementals","floor":12,"gold_loss":0}],"is_beta":false,"boss_relics":[],"items_purged_floors":[14],"is_endless":false,"potions_floor_spawned":[1,3,4],"killed_by":"Slime Boss","ascension_level":12}}