{"host":"tva948ojjycf0txh","time":1609583105,"event":{"mods":["BaseMod","Minty Spire (QoL Compilation)","Replay The Spire","StSLib"],"gold_per_floor":[118,128,227,227,227,262,262,297,346,346,346,357,369,380,380,380,380],"floor_reached":16,"playtime":1086,"items_purged":[],"score":110,"play_id":"2127e514-b799-4748-bf26-3282dfcd203d","local_time":"20210102182505","is_ascension_mode":false,"campfire_choices":[{"data":"Eruption","floor":7,"key":"SMITH"},{"floor":11,"key":"REST"},{"data":"Crescendo","floor":15,"key":"SMITH"}],"circlet_count":0,"master_deck":["Strike_R+2","Strike_R","Strike_R","Strike_R","Strike_R","Defend_R","Defend_R+1","Defend_R+1","Defend_R","ReplayTheSpireMod:Corrosion Curse","Burning Pact","Flame Barrier","Headbutt","Eruption+1","Impervious","FlyingSleeves","Fire Breathing","EmptyFist","Crescendo+1"],"relics":["NeowsBlessing","ReplayTheSpireMod:TigerMarble","Replay:M_SmolderingBlood","Simple Rune","King of Hearts","Gremlin Food"],"acts_visited":["Exordium"],"potions_floor_usage":[8,13,16],"damage_taken":[{"damage":0,"enemies":"Small Slimes","floor":1,"turns":2},{"damage":0,"enemies":"Jaw Worm","floor":2,"turns":1},{"damage":9,"enemies":"3 Sentries","floor":6,"turns":3},{"damage":23,"enemies":"Gremlin Nob","floor":8,"turns":4},{"damage":0,"enemies":"2 Louse","floor":12,"turns":2},{"damage":0,"enemies":"Blue Slaver","floor":13,"turns":2},{"damage":0,"enemies":"2 Fungi Beasts","floor":14,"turns":3},{"damage":82,"enemies":"Slime Boss","floor":16,"turns":6}],"seed_played":"5506840158157896044","potions_obtained":[{"floor":1,"key":"ColorlessPotion"},{"floor":6,"key":"Adrenaline Potion"},{"floor":14,"key":"BloodPotion"}],"is_trial":false,"path_per_floor":["M","M","?","?","?","E","R","E","T","?","R","M","M","M","R","B"],"character_chosen":"IRONCLAD","items_purchased":[],"campfire_rested":1,"item_purchase_floors":[],"current_hp_per_floor":[80,80,80,73,73,64,64,41,41,41,65,65,65,65,65,0,0],"gold":380,"neow_bonus":"THREE_ENEMY_KILL","is_daily":false,"chose_seed":false,"campfire_upgraded":2,"win_rate":0.0,"timestamp":1609583105,"path_taken":["M","M","?","?","?","E","R","E","T","?","R","M","M","M","R","BOSS"],"items_purchased_type":[],"build_version":"2020-12-22","purchased_purges":0,"victory":false,"max_hp_per_floor":[80,80,80,80,80,80,80,80,80,80,80,80,80,80,80,80,80],"card_choices":[{"not_picked":["Flame Barrier","Replay:Undeath\u0027s Touch"],"picked":"ReplayTheSpireMod:Corrosion Curse","floor":1},{"not_picked":["Shrug It Off","Dark Embrace"],"picked":"Burning Pact","floor":2},{"not_picked":["Entrench","Burning Pact"],"picked":"Flame Barrier","floor":3},{"not_picked":["Searing Blow","Cleave"],"picked":"Headbutt","floor":3},{"not_picked":["BowlingBash","Replay:Undeath\u0027s Touch"],"picked":"Impervious","floor":6},{"not_picked":["Flex","Heavy Blade"],"picked":"FlyingSleeves","floor":8},{"not_picked":["Metallicize","Dark Embrace"],"picked":"Fire Breathing","floor":12},{"not_picked":["ReplayTheSpireMod:Muscle Training","Dropkick"],"picked":"EmptyFist","floor":13},{"not_picked":["Halt","Dual Wield"],"picked":"Crescendo","floor":14}],"player_experience":43520,"relics_obtained":[{"floor":3,"key":"ReplayTheSpireMod:TigerMarble"},{"floor":6,"key":"Simple Rune"},{"floor":8,"key":"King of Hearts"},{"floor":9,"key":"Gremlin Food"}],"event_choices":[{"cards_removed":["ReplayTheSpireMod:Splinters"],"damage_healed":0,"gold_gain":0,"player_choice":"Card Removal","damage_taken":7,"max_hp_gain":0,"max_hp_loss":0,"event_name":"Golden Wing","floor":4,"gold_loss":0}],"is_beta":false,"boss_relics":[],"items_purged_floors":[],"is_endless":false,"potions_floor_spawned":[1,6,14],"killed_by":"Slime Boss","ascension_level":0}}