{"host":"7sk3e531r3h0bwt2","time":1609584958,"event":{"mods":["Ascension Reborn","BaseMod","Colored Powertips","KinomotoSakuraMod(ƒæ÷Æ±æ”£)","Lobotomy","LobotomyExtend","Marisa£®ÏF”Í°°ƒß¿Ì…≥£©","Minty Spire (QoL Compilation)","Remilia£®¿Ÿ√◊¿Ú—«£©","UnlockEverythingMod","Waifu the Spire","Youmu£®ªÍ∆«—˝√Œ£©","Yuyuko","noobMod"],"gold_per_floor":[117,117,131,131,91,91,107,123,205,242,256,22,22,42,42,164,164,178,178,286,310,216,216,236,236,236,258,104,104,116,116,116,242,242,266,266,17,37,59,59,72,85,85,85,85,97,21,21,21,21,21,21,21,63,63],"floor_reached":56,"playtime":7863,"items_purged":["PlagueDoctor"],"score":400,"play_id":"f55285d4-a5f7-428d-a345-baa3fa7220b3","local_time":"20210102185558","is_ascension_mode":true,"campfire_choices":[{"data":"PowerUp","floor":6,"key":"SMITH"},{"floor":13,"key":"REST"},{"data":"ShootTheMoon","floor":15,"key":"SMITH"},{"data":"MillisecondPulsars","floor":23,"key":"SMITH"},{"floor":25,"key":"REST"},{"data":"FinalSpark","floor":32,"key":"SMITH"},{"data":"1","floor":40,"key":"LIFT"},{"floor":49,"key":"RECALL"},{"data":"ManaRampage","floor":52,"key":"SMITH"}],"circlet_count":0,"master_deck":["Strike_MRS+1","Strike_MRS+1","Strike_MRS+1","Strike_MRS+1","Defend_MRS+1","Defend_MRS+1","Defend_MRS+1","Defend_MRS+1","MasterSpark+1","UpSweep+1","Murderer","AsteroidBelt+1","ShyLook","PowerUp+1","DoubleSpark","Laetitia","ShootTheMoon+1","UniverseFragment","MagicChant","QueenOfHatred","IllusionStar+1","StarBarrage","Woodsman","NonDirectionalLaser","PunishingBird","6A","OSAHOGD","MillisecondPulsars+1","HeroicMonk","SporeBomb+1","CrumblingArmor","SporeBomb+1","ChargingUp","Bloodbath","PowerUp+1","FieryBird","FinalSpark+1","LuminesStrike","SingingMachine","AlicesGift+1","MHz","CollectingQuirk","LaLuna","MysteriousBeam","ShootTheMoon","Freischutz","AsteroidBelt+1","Scorched","WitchLeyline+1","ManaRampage+1","LongBird","CollectingQuirk","Violence","SnowQueen","6A+1","PropBag","Alriune","MagicAbsorber+1"],"relics":["MiniHakkero","ice","CogitoBucket","Smiling Mask","LetterFromLob","War Paint","Pocketwatch","Pen Nib","FleshIdol","MagicBroom","Bird Faced Urn","RampagingMagicTools","Unceasing Top","PreservedInsect","SkinProphecy","Question Card","Bottled Flame","Anchor","Girya","Lee\u0027s Waffle","MealTicket","AspirationHeart","StoneCalendar","Thread and Needle","White Beast Statue"],"acts_visited":["Exordium","TheCity","TheBeyond","TheEnding"],"potions_floor_usage":[21,38,42,50,55],"damage_taken":[{"damage":0,"enemies":"Small Slimes","floor":1,"turns":1},{"damage":0,"enemies":"Jaw Worm","floor":3,"turns":1},{"damage":0,"enemies":"Cultist","floor":7,"turns":1},{"damage":5,"enemies":"Looter","floor":8,"turns":2},{"damage":8,"enemies":"Lagavulin","floor":10,"turns":4},{"damage":9,"enemies":"Gremlin Gang","floor":11,"turns":5},{"damage":1,"enemies":"2 Fungi Beasts","floor":14,"turns":2},{"damage":37,"enemies":"Hexaghost","floor":16,"turns":6},{"damage":0,"enemies":"Shell Parasite","floor":18,"turns":2},{"damage":1,"enemies":"3 Byrds","floor":21,"turns":2},{"damage":94,"enemies":"Centurion and Healer","floor":24,"turns":7},{"damage":11,"enemies":"Cultist and Chosen","floor":27,"turns":3},{"damage":3,"enemies":"Snake Plant","floor":30,"turns":2},{"damage":34,"enemies":"Collector","floor":33,"turns":5},{"damage":32,"enemies":"3 Shapes","floor":35,"turns":3},{"damage":221,"enemies":"3 Darklings","floor":38,"turns":8},{"damage":17,"enemies":"Writhing Mass","floor":39,"turns":2},{"damage":0,"enemies":"Sphere and 2 Shapes","floor":41,"turns":2},{"damage":0,"enemies":"Spire Growth","floor":42,"turns":1},{"damage":4,"enemies":"Maw","floor":46,"turns":3},{"damage":1,"enemies":"FixerMidnight","floor":50,"turns":2},{"damage":0,"enemies":"Shield and Spear","floor":54,"turns":1},{"damage":63,"enemies":"The Heart","floor":55,"turns":3}],"seed_played":"-632188764250347679","potions_obtained":[{"floor":1,"key":"DistilledChaos"},{"floor":3,"key":"Weak Potion"},{"floor":7,"key":"AttackPotion"},{"floor":7,"key":"BlessingOfTheForge"},{"floor":21,"key":"SkillPotion"},{"floor":38,"key":"Swift Potion"},{"floor":41,"key":"BottledSpark"},{"floor":42,"key":"SkillPotion"},{"floor":46,"key":"BottledSpark"},{"floor":46,"key":"FairyPotion"},{"floor":54,"key":"Strength Potion"}],"is_trial":false,"path_per_floor":["M","?","M","?","$","R","M","M","T","E","M","$","R","M","R","B",null,"M","?","?","M","$","R","M","R","T","M","$","?","M","?","R","B",null,"M","?","$","M","M","R","M","M","T","?","?","M","$","?","R","B",null,"R","$","E","B",null],"character_chosen":"MARISA","items_purchased":["DoubleSpark","MagicBroom","ChargingUp","IllusionStar","LuminesStrike","Anchor","ShootTheMoon","Lee\u0027s Waffle","MealTicket","PropBag"],"campfire_rested":2,"item_purchase_floors":[5,12,22,22,28,28,37,37,37,47],"current_hp_per_floor":[80,80,80,80,80,80,80,75,75,67,58,58,80,80,80,69,85,85,85,73,85,85,85,32,67,67,79,79,79,80,80,80,73,96,91,91,105,133,120,120,139,141,141,141,141,144,144,144,144,152,152,152,152,154,116],"gold":63,"neow_bonus":"","is_daily":false,"chose_seed":false,"campfire_upgraded":5,"win_rate":0.0,"timestamp":1609584958,"path_taken":["M","?","M","?","?","R","M","?","T","E","M","$","R","M","R","BOSS","M","?","?","M","$","R","?","R","T","M","$","?","M","?","R","BOSS","M","?","$","M","M","R","M","M","T","?","?","M","?","?","R","BOSS","R","$","E","BOSS"],"items_purchased_type":["Card","Relic","Card","Card","Card","Relic","Card","Relic","Relic","Card"],"build_version":"2020-12-22","purchased_purges":1,"victory":true,"max_hp_per_floor":[80,80,80,80,80,80,80,80,80,80,80,80,80,80,80,85,85,85,85,85,85,85,85,85,85,85,87,87,87,89,89,89,96,96,98,98,105,133,136,136,139,141,141,141,141,144,144,144,144,152,152,152,152,154,190],"card_choices":[{"not_picked":["LongBird","VoidDream"],"picked":"Murderer","floor":1},{"not_picked":["DoubleSpark","Acceleration"],"picked":"AsteroidBelt","floor":1},{"not_picked":["Scorched","NakedNest"],"picked":"ShyLook","floor":3},{"not_picked":["EnergyFlow+1","AsteroidBelt"],"picked":"PowerUp","floor":3},{"not_picked":["BlackSwan","DespairKnight"],"picked":"Laetitia","floor":7},{"not_picked":["OpenUniverse","BinaryStars"],"picked":"ShootTheMoon","floor":7},{"not_picked":["OldLady","Bloodbath"],"picked":"UniverseFragment","floor":8},{"not_picked":["Singularity+1","Occultation"],"picked":"MagicChant","floor":8},{"not_picked":["CherryBlossoms","Scorched"],"picked":"QueenOfHatred","floor":10},{"not_picked":["EventHorizon","DarkSpark+1"],"picked":"IllusionStar+1","floor":10},{"not_picked":["RefractionSpark","DarkSpark"],"picked":"StarBarrage","floor":10},{"not_picked":["BigBadWolf","CherryBlossoms"],"picked":"Woodsman","floor":11},{"not_picked":["SporeBomb+1","AsteroidBelt+1"],"picked":"NonDirectionalLaser","floor":11},{"not_picked":["LittleHelper","BeautyBeast"],"picked":"PunishingBird","floor":14},{"not_picked":["UnstableBomb","TreasureHunter"],"picked":"6A","floor":14},{"not_picked":["OldLady","CrumblingArmor"],"picked":"OSAHOGD","floor":16},{"not_picked":["SuperNova","BlazingStar"],"picked":"MillisecondPulsars","floor":16},{"not_picked":["SpiderBud","FairyFestival"],"picked":"HeroicMonk","floor":18},{"not_picked":["IllusionStar","AsteroidBelt+1"],"picked":"SporeBomb+1","floor":18},{"not_picked":["NakedNest","BlackSwan"],"picked":"CrumblingArmor","floor":21},{"not_picked":["RefractionSpark","MaximisePower"],"picked":"SporeBomb+1","floor":21},{"not_picked":["FairyFestival","WhitesApple"],"picked":"Bloodbath","floor":24},{"not_picked":["WitchLeyline+1","MeteoricShower"],"picked":"PowerUp+1","floor":24},{"not_picked":["Rudolta","Yin"],"picked":"FieryBird","floor":27},{"not_picked":["MilkyWay","WitchLeyline+1","WitchOfGreed+1"],"picked":"FinalSpark","floor":27},{"not_picked":["Variant","BlackSwan"],"picked":"SingingMachine","floor":30},{"not_picked":["MachineGunSpark","AsteroidBelt+1","WitchOfGreed"],"picked":"AlicesGift+1","floor":30},{"not_picked":["MeatLantern","BigBird"],"picked":"MHz","floor":33},{"not_picked":["SatelliteIllusion","MillisecondPulsars","EscapeVelocity"],"picked":"CollectingQuirk","floor":33},{"not_picked":["BigBird","SpiderBud","NakedNest"],"picked":"Singing Bowl","floor":35},{"not_picked":["Mercenary","FairyFestival"],"picked":"LaLuna","floor":35},{"not_picked":["OpenUniverse+1","EarthLightRay","MagicChant+1"],"picked":"MysteriousBeam","floor":35},{"not_picked":["FairyFestival","Mercenary","Variant"],"picked":"Singing Bowl","floor":38},{"not_picked":["LittleHelper","SpiderBud"],"picked":"Freischutz","floor":38},{"not_picked":["Acceleration+1","NonDirectionalLaser+1","SporeBomb+1"],"picked":"AsteroidBelt+1","floor":38},{"not_picked":["DespairKnight","BlackSwan","BigBird"],"picked":"Singing Bowl","floor":39},{"not_picked":["OldLady","CherryBlossoms"],"picked":"Scorched","floor":39},{"not_picked":["BinaryStars","ChargeUpSpray","NonDirectionalLaser+1"],"picked":"WitchLeyline+1","floor":39},{"not_picked":["Funeral","BlackSwan"],"picked":"PlagueDoctor","floor":41},{"not_picked":["NonDirectionalLaser+1","UnstableBomb+1","LuminesStrike"],"picked":"ManaRampage","floor":41},{"not_picked":["HappyTeddy","Funeral"],"picked":"LongBird","floor":42},{"not_picked":["MilkyWay","DoubleSpark","OrrerysSun+1"],"picked":"CollectingQuirk","floor":42},{"not_picked":["Good Instincts","Swift Strike","Secret Weapon"],"picked":"Violence","floor":45},{"not_picked":["QueenBee","CherryBlossoms"],"picked":"SnowQueen","floor":46},{"not_picked":["DarkMatter","MysteriousBeam","Orbital+1"],"picked":"6A+1","floor":46},{"not_picked":["HappyTeddy","Yin"],"picked":"Alriune","floor":54},{"not_picked":["GalacticHalo+1","OortCloud+1","MilkyWay+1"],"picked":"MagicAbsorber+1","floor":54}],"player_experience":49450,"relics_obtained":[{"floor":1,"key":"Smiling Mask"},{"floor":1,"key":"LetterFromLob"},{"floor":8,"key":"War Paint"},{"floor":9,"key":"Pocketwatch"},{"floor":10,"key":"Pen Nib"},{"floor":16,"key":"Bird Faced Urn"},{"floor":18,"key":"Unceasing Top"},{"floor":26,"key":"Question Card"},{"floor":26,"key":"Bottled Flame"},{"floor":33,"key":"Girya"},{"floor":43,"key":"StoneCalendar"},{"floor":43,"key":"Thread and Needle"},{"floor":54,"key":"White Beast Statue"}],"event_choices":[{"damage_healed":0,"gold_gain":0,"player_choice":"Grow","damage_taken":0,"max_hp_gain":0,"max_hp_loss":0,"event_name":"Living Wall","floor":2,"gold_loss":0,"cards_upgraded":["AsteroidBelt"]},{"damage_healed":0,"gold_gain":0,"player_choice":"Leave","damage_taken":0,"max_hp_gain":0,"max_hp_loss":0,"event_name":"The Cleric","floor":4,"gold_loss":0},{"damage_healed":0,"gold_gain":0,"player_choice":"Opened","damage_taken":0,"relics_obtained":["PreservedInsect"],"max_hp_gain":0,"max_hp_loss":0,"event_name":"The Mausoleum","floor":19,"gold_loss":0},{"damage_healed":0,"gold_gain":90,"player_choice":"GOLD ","damage_taken":12,"max_hp_gain":0,"max_hp_loss":0,"event_name":"Knowing Skull","floor":20,"potions_obtained":[],"gold_loss":0,"cards_obtained":[]},{"damage_healed":0,"gold_gain":0,"player_choice":"Ignored","damage_taken":0,"max_hp_gain":0,"max_hp_loss":0,"event_name":"Beggar","floor":29,"gold_loss":0},{"damage_healed":0,"gold_gain":0,"player_choice":"Ignored","damage_taken":0,"max_hp_gain":0,"max_hp_loss":0,"event_name":"Tomb of Lord Red Mask","floor":36,"gold_loss":0},{"cards_removed":["IllusionStar"],"damage_healed":0,"gold_gain":0,"player_choice":"Removed Skill","damage_taken":0,"max_hp_gain":0,"max_hp_loss":0,"event_name":"Falling","floor":44,"gold_loss":0},{"damage_healed":0,"gold_gain":0,"player_choice":"Memory 1","damage_taken":0,"max_hp_gain":0,"max_hp_loss":0,"event_name":"SensoryStone","floor":45,"gold_loss":0}],"is_beta":false,"boss_relics":[{"not_picked":["Philosopher\u0027s Stone","SlaversCollar"],"picked":"RampagingMagicTools"},{"not_picked":["Pandora\u0027s Box","Fusion Hammer","Cursed Key"]}],"items_purged_floors":[47],"is_endless":false,"potions_floor_spawned":[7,14,27,35,46],"ascension_level":-20}}