{"host":"wzyx1a6f41w36f2j","time":1609601722,"event":{"mods":["BaseMod","Googly Eyes","Highlight Path","Minty Spire (QoL Compilation)","Quick Restart","StSLib","The IronCluck"],"gold_per_floor":[368,368,383,393,24,24,57,57,57,84,98,109,126,126,126,257,257,272,49,69,88,88,88],"floor_reached":22,"playtime":1127,"items_purged":["Doubt"],"score":218,"play_id":"c846148b-9e50-4871-a963-27752ff72a8f","local_time":"20210102173522","is_ascension_mode":true,"campfire_choices":[{"data":"Rage","floor":6,"key":"SMITH"},{"floor":8,"key":"REST"},{"floor":15,"key":"REST"}],"circlet_count":0,"master_deck":["Strike_R","Strike_R","Strike_R","Strike_R","Strike_R","Defend_R","Defend_R","Defend_R","Defend_R","Bash","Clothesline","Rage+1","Headbutt","Inflame","Armaments","Combust+1","Feed","Spot Weakness","Flex","Reaper","Intimidate","Reckless Charge"],"relics":["Burning Blood","Gremlin Horn","Shuriken","Frozen Egg 2","PreservedInsect","Golden Idol","Runic Pyramid","Membership Card","Oddly Smooth Stone"],"acts_visited":["Exordium","TheCity"],"potions_floor_usage":[16,16,16],"damage_taken":[{"damage":18,"enemies":"Small Slimes","floor":1,"turns":5},{"damage":7,"enemies":"Jaw Worm","floor":3,"turns":4},{"damage":0,"enemies":"2 Louse","floor":4,"turns":3},{"damage":31,"enemies":"Lagavulin","floor":7,"turns":7},{"damage":15,"enemies":"3 Sentries","floor":10,"turns":8},{"damage":4,"enemies":"Looter","floor":11,"turns":3},{"damage":12,"enemies":"Blue Slaver","floor":12,"turns":4},{"damage":19,"enemies":"Exordium Wildlife","floor":13,"turns":5},{"damage":46,"enemies":"The Guardian","floor":16,"turns":13},{"damage":25,"enemies":"Chosen","floor":18,"turns":5},{"damage":29,"enemies":"Spheric Guardian","floor":20,"turns":5},{"damage":64,"enemies":"Centurion and Healer","floor":21,"turns":8},{"damage":27,"enemies":"Cultist and Chosen","floor":22,"turns":3}],"seed_played":"-2625153017031470329","potions_obtained":[{"floor":7,"key":"Fire Potion"},{"floor":11,"key":"Strength Potion"},{"floor":12,"key":"SneckoOil"},{"floor":16,"key":"LiquidMemories"},{"floor":21,"key":"AttackPotion"}],"is_trial":false,"path_per_floor":["M","?","M","M","$","R","E","R","T","E","M","M","M","?","R","B",null,"M","$","M","M","M"],"character_chosen":"IRONCLAD","items_purchased":["Gremlin Horn","Inflame","Membership Card","Oddly Smooth Stone"],"campfire_rested":2,"item_purchase_floors":[5,5,19,19],"current_hp_per_floor":[68,68,67,73,73,73,48,72,72,63,65,62,49,29,53,13,83,74,74,54,9,0,0],"gold":88,"neow_bonus":"TWO_FIFTY_GOLD","is_daily":false,"chose_seed":false,"campfire_upgraded":1,"win_rate":0.0,"timestamp":1609601722,"path_taken":["M","?","M","M","$","R","E","R","T","E","M","M","M","?","R","BOSS","M","$","M","M","M"],"items_purchased_type":["Relic","Card","Relic","Relic"],"build_version":"2020-12-22","purchased_purges":1,"victory":false,"max_hp_per_floor":[80,80,80,80,80,80,80,80,80,80,80,83,83,83,83,83,83,86,86,89,92,92,92],"card_choices":[{"not_picked":["Perfected Strike","Sentinel"],"picked":"Iron Wave","floor":1},{"not_picked":["Warcry","Pommel Strike"],"picked":"Rage","floor":3},{"not_picked":["Shockwave","Ghostly Armor"],"picked":"Headbutt","floor":4},{"not_picked":["Clothesline","Headbutt"],"picked":"Armaments","floor":7},{"not_picked":["Evolve+1","Clothesline"],"picked":"Combust+1","floor":10},{"not_picked":["Battle Trance","Sever Soul"],"picked":"Feed","floor":11},{"not_picked":["Clash","Shrug It Off"],"picked":"Spot Weakness","floor":12},{"not_picked":["Clothesline","Flame Barrier"],"picked":"Flex","floor":13},{"not_picked":["Berserk+1","Double Tap"],"picked":"Reaper","floor":16},{"not_picked":["Clothesline+1","Sentinel","Dark Embrace+1"],"picked":"SKIP","floor":18},{"not_picked":["Twin Strike+1","Sword Boomerang"],"picked":"Intimidate","floor":20},{"not_picked":["Warcry","Bloodletting"],"picked":"Reckless Charge","floor":21}],"player_experience":54454,"relics_obtained":[{"floor":7,"key":"Shuriken"},{"floor":9,"key":"Frozen Egg 2"},{"floor":10,"key":"PreservedInsect"}],"event_choices":[{"damage_healed":0,"gold_gain":0,"cards_transformed":["Iron Wave"],"player_choice":"Change","damage_taken":0,"max_hp_gain":0,"max_hp_loss":0,"event_name":"Living Wall","floor":2,"gold_loss":0,"cards_obtained":["Clothesline"]},{"damage_healed":0,"gold_gain":0,"player_choice":"Take Damage","damage_taken":20,"relics_obtained":["Golden Idol"],"max_hp_gain":0,"max_hp_loss":0,"event_name":"Golden Idol","floor":14,"gold_loss":0}],"is_beta":false,"boss_relics":[{"not_picked":["SlaversCollar","Velvet Choker"],"picked":"Runic Pyramid"}],"items_purged_floors":[5],"is_endless":false,"potions_floor_spawned":[7,11,12,16,21],"killed_by":"Cultist and Chosen","ascension_level":2}}