{"host":"nia1zwr35jsu5y7h","time":1609569900,"event":{"mods":["2.2 Compatiblity","Abigail Mod","Bard","BaseMod","Colored Map","Conspire","Downfall","Friendly Minions","Hermit","Highlight Path","Hubris","Infinite Spire","Kiyohime????","Koishi","Marisa????????","Minty Spire (QoL Compilation)","Quick Restart","Replay The Spire","Shade Mod","Shop Mod","StSLib","The Administrix","The Animator","The Construct","The Cursed","The Disciple","The Mystic","The Necromancer","The Servant 0.9.4"],"gold_per_floor":[114,16,16,26,26,26,57,75,75,75,110,60,92,17,17,118,118,134,52,52,52,52,86,100,131,131,131,159,169,169,278,278,307,407,407,444,444,444,444,501,501,524,524,524,573,8,8,8],"floor_reached":53,"playtime":2026,"items_purged":["Shade:Defend_Shade","Shade:Strike_Shade","Shade:Strike_Shade","Shade:Doomsay"],"score":1210,"play_id":"cbe5fb5f-306e-471c-b21b-4bf12ab29bf1","local_time":"20210101224500","is_ascension_mode":true,"campfire_choices":[{"data":"Shade:AnimateDead","floor":6,"key":"SMITH"},{"data":"Shade:Patience","floor":15,"key":"SMITH"},{"data":"Shade:TouchOfTheGrave","floor":32,"key":"SMITH"},{"floor":40,"key":"REST"},{"data":"Shade:UnbarTheGrave","floor":51,"key":"SMITH"}],"circlet_count":0,"master_deck":["Shade:Strike_Shade","Shade:Defend_Shade","Shade:Defend_Shade","Shade:AnimateDead+1","Shade:CarefulCut","Shade:Patience+1","Shade:FleshLikeOak","Shade:Premonition","Shade:AncientSpear","Shade:SensePrey","OrrerysSun","Shade:Trample","Bullet Time","DarkMatter","FairyDestructionRay","Shade:FleshToFlesh","Shade:Tombstone","Shade:TouchOfTheGrave+1","Shade:ScuttlingHand+1","Shade:UnbarTheGrave+1","hubris:Rewind","Shade:FuneraryArmor","Shade:OneIsEnough","Shade:CallOfTheGrave","ReplayTheSpireMod:Book of Names","hubris:Rewind","Shade:AblativeArmor+1"],"relics":["m_TsuchinokoRing","NeowsBlessing","infinitespire:Cubic Diamond","infinitespire:Lucky Rock","Sundial","hubris:DisguiseKit","Replay:Mystery Machine","Replay:Baseball","Sozu","hexamod:BolsterEngine","hubris:Teleporter","Replay:Rubber Ducky","StrikeDummy","infinitespire:EvilPickle","Runic Pyramid","hubris:Potato","HornCleat","Bag of Marbles","Lee\u0027s Waffle","Replay:Kaleidoscope"],"acts_visited":["Exordium","TheCity","TheBeyond"],"potions_floor_usage":[13,13,23],"damage_taken":[{"damage":0,"enemies":"Jaw Worm","floor":1,"turns":1},{"damage":0,"enemies":"2 Louse","floor":4,"turns":1},{"damage":0,"enemies":"Gremlin Nob","floor":7,"turns":1},{"damage":0,"enemies":"Small Slimes","floor":8,"turns":2},{"damage":20,"enemies":"Lagavulin","floor":11,"turns":7},{"damage":0,"enemies":"Gremlin Nob","floor":13,"turns":3},{"damage":18,"enemies":"The Guardian","floor":16,"turns":11},{"damage":3,"enemies":"2 Thieves","floor":18,"turns":4},{"damage":0,"enemies":"3 Byrds","floor":19,"turns":4},{"damage":17,"enemies":"Gremlin Leader","floor":23,"turns":9},{"damage":0,"enemies":"Cultist and Chosen","floor":24,"turns":4},{"damage":14,"enemies":"Book of Stabbing","floor":25,"turns":6},{"damage":0,"enemies":"Nightmare","floor":29,"turns":7},{"damage":0,"enemies":"conspire:HollyBat","floor":31,"turns":5},{"damage":29,"enemies":"Pondfish","floor":33,"turns":9},{"damage":0,"enemies":"3 Shapes","floor":35,"turns":3},{"damage":14,"enemies":"infinitespire:Three Voidlings","floor":36,"turns":3},{"damage":49,"enemies":"Nightmare_Alpha","floor":36,"turns":11},{"damage":0,"enemies":"3 Darklings","floor":39,"turns":4},{"damage":0,"enemies":"Giant Head","floor":43,"turns":4},{"damage":0,"enemies":"4 Shapes","floor":48,"turns":4},{"damage":0,"enemies":"Donu and Deca","floor":52,"turns":5}],"seed_played":"902907982932518629","potions_obtained":[{"floor":4,"key":"Languid Potion"},{"floor":11,"key":"DuplicationPotion"},{"floor":16,"key":"champ:CounterPotion"}],"is_trial":false,"path_per_floor":["M","$","?","M","?","R","E","M","T","?","E","?","E","$","R","B",null,"M","M","$","?","AVR","E","M","E","T","?","NM","M","R","B",null,"M","?","?","M","R","PTL","PTL","E","?","T","AVR","?","M","$","R","B",null],"character_chosen":"SHADE","items_purchased":["Shade:FleshLikeOak","Shade:Premonition","Lee\u0027s Waffle","Replay:Kaleidoscope"],"campfire_rested":1,"item_purchase_floors":[2,2,49,49],"current_hp_per_floor":[65,65,65,65,58,58,58,58,58,58,38,38,38,38,38,20,65,62,62,62,62,62,45,45,31,31,31,31,31,31,2,65,65,10,10,10,29,29,29,29,13,13,13,13,13,72,72,72],"gold":8,"neow_bonus":"THREE_ENEMY_KILL","is_daily":false,"chose_seed":false,"campfire_upgraded":4,"win_rate":0.0,"timestamp":1609569900,"path_taken":["M","$","?","M","?","R","E","M","T","?","E","?","E","?","R","BOSS","M","M","?","?","AVR","E","M","E","T","?","NM","M","R","BOSS","M","?","?","?","R","PTL","PTL","E","?","T","AVR","?","?","$","R","BOSS"],"items_purchased_type":["Card","Card","Relic","Relic"],"build_version":"2020-12-22","purchased_purges":4,"victory":true,"max_hp_per_floor":[65,65,65,65,65,65,65,65,65,65,65,65,65,65,65,65,65,65,65,65,65,65,65,65,65,65,65,65,65,65,65,65,65,65,65,65,65,65,65,65,65,65,65,65,65,72,72,72],"card_choices":[{"not_picked":["Shade:ClawBack","Shade:TouchOfTheGrave"],"picked":"Shade:Patience","floor":1},{"not_picked":["Deflect","Shade:GreyBargain"],"picked":"Shade:AncientSpear","floor":4},{"not_picked":["Shade:CommandSoldier","Setup"],"picked":"Shade:SensePrey","floor":7},{"not_picked":["Cloak And Dagger","Finisher"],"picked":"Shade:Doomsay","floor":8},{"not_picked":["Shade:Frenzy","Shade:CoffinDance","Deflect"],"picked":"OrrerysSun","floor":11},{"not_picked":["Finisher","Dagger Spray","GrandCross"],"picked":"Shade:Trample","floor":13},{"not_picked":["Night Terror","Adrenaline","EscapeVelocity"],"picked":"Bullet Time","floor":16},{"not_picked":["Shade:SensePrey","Shade:CommandSoldier","Shade:FuneraryJewels"],"picked":"DarkMatter","floor":18},{"not_picked":["Shade:GreyBargain","Shade:WallOfFlesh","Shade:PressTheAttack"],"picked":"FairyDestructionRay","floor":19},{"not_picked":["Shade:FreshBones","Shade:Doomsay","Shade:Bonestorm","MilkyWay"],"picked":"SKIP","floor":23},{"not_picked":["Shade:PotionOfRestlessness","Shade:CommandSoldier","RefractionSpark"],"picked":"Shade:FleshToFlesh","floor":24},{"not_picked":["Shade:Patience","Shade:FuneraryArmor","GravityBeat"],"picked":"Shade:Tombstone","floor":25},{"not_picked":["Shade:FingerOfDeath","Shade:Bonestorm+1","GravityBeat"],"picked":"Shade:TouchOfTheGrave","floor":29},{"not_picked":["Shade:Excise","Shade:Awaken","ShootingEcho"],"picked":"Shade:ScuttlingHand+1","floor":31},{"not_picked":["Shade:MadHubris","Shade:OminousRitual","TreasureHunter"],"picked":"Shade:UnbarTheGrave","floor":33},{"not_picked":["Shade:Patience","Shade:FingerOfDeath+1","Shade:SkeletonHug","MilkyWay"],"picked":"SKIP","floor":35},{"not_picked":["infinitespire:NeuralNetwork","infinitespire:FinalStrike"],"picked":"hubris:Rewind","floor":36},{"not_picked":["Shade:SanguineRitual+1","Shade:Brains","SporeBomb"],"picked":"Shade:FuneraryArmor","floor":36},{"not_picked":["Shade:CommandSoldier","Shade:Bite_Shade","DoubleSpark"],"picked":"Shade:OneIsEnough","floor":39},{"not_picked":["Shade:RitualOffering+1","Shade:FleshToFlesh+1","CollectingQuirk"],"picked":"Shade:CallOfTheGrave","floor":43},{"not_picked":["infinitespire:Punishment","infinitespire:Collect"],"picked":"ReplayTheSpireMod:Book of Names","floor":44},{"not_picked":["Shade:Bonestorm","Shade:CommandSoldier","DeepEcoloBomb"],"picked":"Shade:AblativeArmor+1","floor":48}],"player_experience":2241950,"relics_obtained":[{"floor":7,"key":"infinitespire:Lucky Rock"},{"floor":9,"key":"Sundial"},{"floor":11,"key":"Replay:Mystery Machine"},{"floor":13,"key":"Replay:Baseball"},{"floor":23,"key":"hexamod:BolsterEngine"},{"floor":25,"key":"hubris:Teleporter"},{"floor":26,"key":"Replay:Rubber Ducky"},{"floor":29,"key":"StrikeDummy"},{"floor":36,"key":"hubris:Potato"},{"floor":43,"key":"HornCleat"},{"floor":45,"key":"Bag of Marbles"}],"event_choices":[{"cards_removed":["Shade:Strike_Shade"],"damage_healed":0,"gold_gain":0,"player_choice":"Card Removal","damage_taken":7,"max_hp_gain":0,"max_hp_loss":0,"event_name":"Golden Wing","floor":5,"gold_loss":0},{"cards_removed":["Shade:Defend_Shade"],"damage_healed":0,"gold_gain":0,"player_choice":"Card Removal","damage_taken":0,"max_hp_gain":0,"max_hp_loss":0,"event_name":"The Cleric","floor":12,"gold_loss":50},{"damage_healed":0,"gold_gain":0,"player_choice":"Ignored","damage_taken":0,"max_hp_gain":0,"max_hp_loss":0,"event_name":"SecretPortal","floor":37,"gold_loss":0},{"damage_healed":0,"gold_gain":0,"player_choice":"Copied","damage_taken":0,"max_hp_gain":0,"max_hp_loss":0,"event_name":"Duplicator","floor":47,"gold_loss":0,"cards_obtained":["hubris:Rewind"]}],"is_beta":false,"boss_relics":[{"not_picked":["Replay:Bronze Core","Philosopher\u0027s Stone"],"picked":"Sozu"},{"not_picked":["conspire:RoyalGoblet","Replay:Wanted Poster"],"picked":"Runic Pyramid"}],"items_purged_floors":[14,22,46,49],"is_endless":false,"potions_floor_spawned":[4,11,16,24,25,33,35,39],"ascension_level":1}}