{"host":"usrgk25etjl0nf5i","time":1609616951,"event":{"mods":["2.2 Compatiblity","BaseMod","Downfall","Hubris","Minty Spire (QoL Compilation)","StSLib","SuperFastMode"],"gold_per_floor":[118,38,38,38,38,38,73,73,100,100,130,2,33,51,51,146,146,161,161,161,436,452,452,452],"floor_reached":23,"playtime":605,"items_purged":[],"score":305,"play_id":"e7902163-3325-4c1f-89ec-890d2a4e625d","local_time":"20210102114911","is_ascension_mode":true,"campfire_choices":[{"data":"Loop","floor":6,"key":"SMITH"},{"floor":8,"key":"REST"},{"floor":10,"key":"RECALL"},{"floor":15,"key":"REST"}],"circlet_count":0,"master_deck":["AscendersBane","Wraith Form v2+1","Strike_B","Strike_B","Strike_B","Defend_B","Defend_B","Defend_B","Defend_B","Zap+1","Dualcast","Ball Lightning","Loop+1","Regret","Buffer","Capacitor","Ball Lightning+1","hubris:Ukulele+1","Creative AI","Defragment","Barrage+1"],"relics":["Cracked Core","Molten Egg 2","Omamori","Blood Vial","PreservedInsect","Philosopher\u0027s Stone","hubris:BottledHeart"],"acts_visited":["Exordium","TheCity"],"potions_floor_usage":[13,16,22],"damage_taken":[{"damage":2,"enemies":"Cultist","floor":1,"turns":4},{"damage":23,"enemies":"Lagavulin","floor":7,"turns":6},{"damage":26,"enemies":"Gremlin Nob","floor":11,"turns":5},{"damage":35,"enemies":"Lagavulin","floor":13,"turns":5},{"damage":3,"enemies":"2 Louse","floor":14,"turns":3},{"damage":24,"enemies":"Slime Boss","floor":16,"turns":10},{"damage":11,"enemies":"Chosen","floor":18,"turns":4},{"damage":0,"enemies":"3 Byrds","floor":22,"turns":4},{"damage":9,"enemies":"Slavers","floor":23,"turns":3}],"seed_played":"1993460161295844831","potions_obtained":[{"floor":1,"key":"FearPotion"},{"floor":13,"key":"EssenceOfDarkness"},{"floor":18,"key":"Fire Potion"}],"is_trial":false,"path_per_floor":["M","$","?","?","?","R","E","R","T","R","E","$","E","M","R","B",null,"M","?","?","?","M","E"],"character_chosen":"DEFECT","items_purchased":["Loop","Capacitor","Ball Lightning+1"],"campfire_rested":2,"item_purchase_floors":[2,12,12],"current_hp_per_floor":[73,73,66,66,66,66,43,67,67,67,41,41,8,7,31,9,64,55,1,1,1,1,0,0],"gold":452,"neow_bonus":"TEN_PERCENT_HP_BONUS","is_daily":false,"chose_seed":false,"campfire_upgraded":1,"win_rate":0.0,"timestamp":1609616951,"path_taken":["M","?","?","?","?","R","E","R","T","R","E","$","E","M","R","BOSS","M","?","?","?","M","E"],"items_purchased_type":["Card","Card","Card"],"build_version":"2020-12-22","purchased_purges":0,"victory":false,"max_hp_per_floor":[82,82,82,82,82,82,82,82,82,82,82,82,82,82,82,82,82,82,1,1,1,1,1,1],"card_choices":[{"not_picked":["Hologram","Heatsinks"],"picked":"Ball Lightning","floor":1},{"not_picked":["Steam","Meteor Strike+1","Glacier"],"picked":"SKIP","floor":7},{"not_picked":["Coolheaded","Capacitor"],"picked":"Buffer","floor":11},{"not_picked":["Turbo","Rip and Tear+1","Gash+1"],"picked":"SKIP","floor":13},{"not_picked":["Redo","Conserve Battery"],"picked":"hubris:Ukulele+1","floor":14},{"not_picked":["All For One+1","hubris:SpecializedCircuitry"],"picked":"Creative AI","floor":16},{"not_picked":["Rebound+1","Coolheaded"],"picked":"Defragment","floor":18},{"not_picked":["Cold Snap+1","Steam+1"],"picked":"Barrage+1","floor":22}],"player_experience":611301,"relics_obtained":[{"floor":7,"key":"Omamori"},{"floor":11,"key":"Blood Vial"},{"floor":13,"key":"PreservedInsect"}],"event_choices":[{"cards_removed":["Strike_B"],"damage_healed":0,"gold_gain":0,"player_choice":"Card Removal","damage_taken":7,"max_hp_gain":0,"max_hp_loss":0,"event_name":"Golden Wing","floor":3,"gold_loss":0},{"damage_healed":0,"gold_gain":0,"player_choice":"Grow","damage_taken":0,"max_hp_gain":0,"max_hp_loss":0,"event_name":"Living Wall","floor":4,"gold_loss":0,"cards_upgraded":["Zap"]},{"damage_healed":0,"gold_gain":0,"player_choice":"Box","damage_taken":0,"relics_obtained":["Molten Egg 2"],"max_hp_gain":0,"max_hp_loss":0,"event_name":"Big Fish","floor":5,"gold_loss":0,"cards_obtained":["Regret"]},{"damage_healed":0,"gold_gain":275,"player_choice":"Desecrate","damage_taken":0,"max_hp_gain":0,"max_hp_loss":0,"event_name":"Golden Shrine","floor":21,"gold_loss":0,"cards_obtained":["Regret"]}],"is_beta":false,"boss_relics":[{"not_picked":["hubris:CrackedHourglass","Cursed Key"],"picked":"Philosopher\u0027s Stone"}],"items_purged_floors":[],"is_endless":false,"potions_floor_spawned":[1,13,18],"killed_by":"Slavers","ascension_level":10}}