{"host":"1eo5f82aifdzd7pr","time":1609619610,"event":{"mods":["AchievementEnabler","BaseMod","Colored Map","Colored Powertips","DeckTracker","Marisa????????","Minty Spire (QoL Compilation)","StSLib","SuperFastMode"],"gold_per_floor":[110,123,138,150,167,185,185,17,17,43,118,135,135,165,165,244,244,256,256,269,279,297,48,48,62,136,163,163,177,202,213,213,288,288,302,352,362,362,362,362,379,221,248,57,69,82,82,100,100,100],"floor_reached":51,"playtime":3977,"items_purged":["Defend_P","Defend_P","Strike_P"],"score":1326,"play_id":"7c214073-9618-4c91-90cd-3037626b23e0","local_time":"20210102223330","is_ascension_mode":true,"campfire_choices":[{"data":"Eruption","floor":7.0,"key":"SMITH"},{"data":"TalkToTheHand","floor":13,"key":"SMITH"},{"floor":15,"key":"REST"},{"floor":24,"key":"REST"},{"floor":28,"key":"REST"},{"floor":32,"key":"REST"},{"data":"TalkToTheHand","floor":40,"key":"SMITH"},{"data":"MentalFortress","floor":47,"key":"SMITH"},{"data":"Scrawl","floor":49,"key":"SMITH"}],"circlet_count":0,"master_deck":["AscendersBane","Defend_P","Eruption+1","Vigilance","TalkToTheHand+1","CutThroughFate","InnerPeace","FlurryOfBlows","Devotion","ThirdEye","Tantrum","Scrawl+1","DeusExMachina","Vengeance+1","EmptyFist+1","Indignation+1","Meditate+1","Protect","TalkToTheHand+1","CutThroughFate","SandsOfTime","MasterReality","MentalFortress+1","Wallop+1"],"relics":["HolyWater","Vajra","Incense Burner","Dead Branch","Ice Cream","Astrolabe","Membership Card","Bottled Lightning","CloakClasp","Molten Egg 2","CatCart","Strange Spoon","Juzu Bracelet","Akabeko"],"acts_visited":["Exordium","TheCity","TheBeyond"],"potions_floor_usage":[12,25,31,41,46,48,50,50],"damage_taken":[{"damage":0.0,"enemies":"Jaw Worm","floor":1.0,"turns":4.0},{"damage":2.0,"enemies":"Small Slimes","floor":2.0,"turns":5.0},{"damage":0.0,"enemies":"2 Louse","floor":3.0,"turns":3.0},{"damage":0.0,"enemies":"Looter","floor":4.0,"turns":4.0},{"damage":7.0,"enemies":"Exordium Thugs","floor":5.0,"turns":5.0},{"damage":0.0,"enemies":"2 Fungi Beasts","floor":6.0,"turns":3.0},{"damage":6,"enemies":"Lagavulin","floor":10,"turns":5},{"damage":3,"enemies":"Lots of Slimes","floor":12,"turns":3},{"damage":10,"enemies":"3 Sentries","floor":14,"turns":3},{"damage":29,"enemies":"The Guardian","floor":16,"turns":8},{"damage":6,"enemies":"2 Thieves","floor":18,"turns":3},{"damage":0,"enemies":"Chosen","floor":20,"turns":3},{"damage":0,"enemies":"Snecko","floor":21,"turns":2},{"damage":9,"enemies":"Snake Plant","floor":22,"turns":3},{"damage":22,"enemies":"3 Cultists","floor":25,"turns":5},{"damage":12,"enemies":"Slavers","floor":27,"turns":4},{"damage":0,"enemies":"Snecko","floor":29,"turns":3},{"damage":13,"enemies":"Gremlin Leader","floor":30,"turns":4},{"damage":0,"enemies":"Centurion and Healer","floor":31,"turns":4},{"damage":2,"enemies":"Champ","floor":33,"turns":8},{"damage":8,"enemies":"3 Shapes","floor":35,"turns":7},{"damage":8,"enemies":"Orin","floor":36,"turns":8},{"damage":0,"enemies":"Orb Walker","floor":37,"turns":2},{"damage":0,"enemies":"Writhing Mass","floor":41,"turns":2},{"damage":0,"enemies":"3 Darklings","floor":45,"turns":2},{"damage":0,"enemies":"Jaw Worm Horde","floor":46,"turns":3},{"damage":1,"enemies":"Writhing Mass","floor":48,"turns":5},{"damage":44,"enemies":"Donu and Deca","floor":50,"turns":6}],"seed_played":"5884083483855666163","potions_obtained":[{"floor":2.0,"key":"Ambrosia"},{"floor":3.0,"key":"SneckoOil"},{"floor":4.0,"key":"FearPotion"},{"floor":5.0,"key":"Explosive Potion"},{"floor":18,"key":"SteroidPotion"},{"floor":25,"key":"Energy Potion"},{"floor":31,"key":"Fire Potion"},{"floor":46,"key":"Block Potion"},{"floor":48,"key":"Energy Potion"}],"is_trial":false,"path_per_floor":["M","M","M","M","M","M","R","$","T","E","?","M","R","E","R","B",null,"M","?","M","M","M","$","R","M","T","E","R","M","E","M","R","B",null,"M","?","M","?","?","R","M","$","T","$","M","M","R","M","R","B",null],"character_chosen":"WATCHER","items_purchased":["Vajra","Membership Card","TalkToTheHand","Strange Spoon","BottledMiracle","Akabeko","MentalFortress","Energy Potion"],"campfire_rested":4,"item_purchase_floors":[8,23,23,42,42,44,44,44],"current_hp_per_floor":[67,65,65,65,58,58,58,58,58,52,41,38,38,28,50,21,61,55,34,34,34,25,25,48,26,26,14,37,37,24,24,47,45,71,63,55,55,55,55,55,55,55,55,55,55,55,55,54,54,10],"gold":100,"neow_bonus":"TEN_PERCENT_HP_BONUS","is_daily":false,"chose_seed":false,"campfire_upgraded":5,"win_rate":0.0,"timestamp":1609619610,"path_taken":["M","M","M","M","M","M","R","$","T","E","?","M","R","E","R","BOSS","M","?","M","M","M","$","R","M","T","E","R","M","E","M","R","BOSS","M","?","M","?","?","R","M","$","T","$","M","M","R","M","R","BOSS"],"items_purchased_type":["Relic","Relic","Card","Relic","Potion","Relic","Card","Potion"],"build_version":"2020-12-22","purchased_purges":3,"victory":true,"max_hp_per_floor":[74,74,74,74,74,74,74,74,74,74,74,74,74,74,74,74,74,74,79,79,79,79,79,79,79,79,79,79,79,79,79,79,79,79,79,79,79,75,75,75,75,75,75,75,75,75,75,75,75,75],"card_choices":[{"not_picked":["FlurryOfBlows","ThirdEye"],"picked":"TalkToTheHand","floor":1.0},{"not_picked":["JustLucky","SashWhip","Conclude"],"picked":"SKIP","floor":2.0},{"not_picked":["CrushJoints","Halt"],"picked":"CutThroughFate","floor":3.0},{"not_picked":["Perseverance","SashWhip"],"picked":"InnerPeace","floor":4.0},{"not_picked":["PathToVictory","CutThroughFate"],"picked":"FlurryOfBlows","floor":5.0},{"not_picked":["FollowUp","ForeignInfluence"],"picked":"Devotion","floor":6.0},{"not_picked":["Fasting2","Evaluate"],"picked":"ThirdEye","floor":10},{"not_picked":["EmptyMind","EmptyFist"],"picked":"Tantrum","floor":12},{"not_picked":["Consecrate","SashWhip"],"picked":"Scrawl","floor":14},{"not_picked":["Blasphemy","ConjureBlade"],"picked":"DeusExMachina","floor":16},{"not_picked":["Wireheading","EmptyFist"],"picked":"Meditate+1","floor":18},{"not_picked":["ReachHeaven","ClearTheMind","Prostrate"],"picked":"SKIP","floor":20},{"not_picked":["Consecrate","Indignation"],"picked":"Protect","floor":21},{"not_picked":["JustLucky","Halt","PathToVictory"],"picked":"SKIP","floor":22},{"not_picked":["Omniscience","Evaluate"],"picked":"CutThroughFate","floor":25},{"not_picked":["EmptyBody","Study","JustLucky"],"picked":"SKIP","floor":27},{"not_picked":["Indignation","FollowUp"],"picked":"SandsOfTime","floor":29},{"not_picked":["Tantrum+1","Study","FlyingSleeves+1"],"picked":"SKIP","floor":30},{"not_picked":["BowlingBash+1","Weave+1","CutThroughFate+1"],"picked":"SKIP","floor":31},{"not_picked":["Judgement","LessonLearned+1"],"picked":"MasterReality","floor":33},{"not_picked":["Halt","Perseverance+1","ReachHeaven+1"],"picked":"SKIP","floor":35},{"not_picked":["FlyingSleeves+1","Swivel","EmptyMind"],"picked":"SKIP","floor":37},{"not_picked":["FollowUp+1","Halt","FlurryOfBlows+1"],"picked":"SKIP","floor":41},{"not_picked":["WindmillStrike+1","EmptyFist+1"],"picked":"Wallop+1","floor":45},{"not_picked":["SandsOfTime+1","Halt+1","Evaluate"],"picked":"SKIP","floor":46},{"not_picked":["Evaluate","Swivel","Fasting2"],"picked":"SKIP","floor":48}],"player_experience":757684,"relics_obtained":[{"floor":9.0,"key":"Incense Burner"},{"floor":10,"key":"Dead Branch"},{"floor":14,"key":"Ice Cream"},{"floor":26,"key":"Bottled Lightning"},{"floor":27,"key":"CloakClasp"},{"floor":30,"key":"Molten Egg 2"},{"floor":36,"key":"CatCart"},{"floor":43,"key":"Juzu Bracelet"}],"event_choices":[{"damage_healed":0,"gold_gain":75,"player_choice":"Gather Gold","damage_taken":11,"max_hp_gain":0,"max_hp_loss":0,"event_name":"World of Goop","floor":11,"gold_loss":0},{"damage_healed":0,"gold_gain":0,"player_choice":"Shed Blood","damage_taken":26,"max_hp_gain":5,"max_hp_loss":0,"event_name":"Forgotten Altar","floor":19,"gold_loss":0},{"damage_healed":0,"gold_gain":0,"player_choice":"Fight","damage_taken":0,"max_hp_gain":0,"max_hp_loss":0,"event_name":"OrinTheCat","floor":36,"gold_loss":0},{"damage_healed":0,"gold_gain":0,"player_choice":"Max HP","damage_taken":0,"max_hp_gain":0,"max_hp_loss":4,"event_name":"Winding Halls","floor":38,"gold_loss":0},{"cards_removed":["Strike_P"],"damage_healed":0,"gold_gain":0,"player_choice":"Offered Basic","damage_taken":0,"max_hp_gain":0,"max_hp_loss":0,"event_name":"Bonfire Elementals","floor":39,"gold_loss":0}],"is_beta":false,"boss_relics":[{"not_picked":["Coffee Dripper","Ectoplasm"],"picked":"Astrolabe"},{"not_picked":["Black Star","Cursed Key"],"picked":"HolyWater"}],"items_purged_floors":[23,42,44],"is_endless":false,"potions_floor_spawned":[2,3,4,5,18,21,25,30,31,33,36,37,46,48],"ascension_level":19}}