{"host":"11g01tw13uj1d3ik","time":1609546924,"event":{"mods":["BaseMod","Colored Map","DeckTracker","Googly Eyes","Hermit","Hubris","Mimic Mod","Minty Spire (QoL Compilation)","Replay The Spire","StSLib","SuperFastMode","The Alterego","The Factory","Waifu the Spire","everything is the same but u backflip on backflip","slay the spire mod where everything is the same but ironclad has a cowboy hat"],"gold_per_floor":[115,133,58,73,73,98,98,98,98,98,98,115,115,115,125,140,140,140,140],"floor_reached":18,"playtime":1621,"items_purged":["alterego_mod:Strike"],"score":137,"play_id":"4615e998-82b0-473c-834d-b43a06d9df6c","local_time":"20210102012204","is_ascension_mode":false,"campfire_choices":[{"floor":7,"key":"REST"},{"floor":14,"key":"REST"},{"data":"alterego_mod:Mirror","floor":17,"key":"SMITH"}],"circlet_count":0,"master_deck":["alterego_mod:Strike","alterego_mod:Strike","alterego_mod:Strike","alterego_mod:Defend","alterego_mod:Defend","alterego_mod:Defend","alterego_mod:Defend","alterego_mod:Impale","alterego_mod:BigMeatyClaws","alterego_mod:BrynhildrsRune","alterego_mod:Clones","alterego_mod:BiFurious","alterego_mod:IndependentAction","alterego_mod:Smother","alterego_mod:Complex","alterego_mod:BiFurious","alterego_mod:Cooking","alterego_mod:Mirror+1","alterego_mod:Birthday","Spreading Infection"],"relics":["alterego_mod:MasochisticConstitution","InkBottle","MealTicket","Singing Bowl","ReplayTheSpireMod:Ring of Addiction","White Beast Statue","SacredBark"],"acts_visited":["Exordium"],"potions_floor_usage":[12,16,18,18,18,18],"damage_taken":[{"damage":1,"enemies":"Small Slimes","floor":1,"turns":6},{"damage":13,"enemies":"2 Louse","floor":2,"turns":3},{"damage":5,"enemies":"Jaw Worm","floor":4,"turns":11},{"damage":45,"enemies":"Gremlin Nob","floor":6,"turns":5},{"damage":7,"enemies":"Large Slime","floor":12,"turns":8},{"damage":5,"enemies":"2 Fungi Beasts","floor":15,"turns":4},{"damage":20,"enemies":"Lots of Slimes","floor":16,"turns":7},{"damage":88,"enemies":"Hexaghost","floor":18,"turns":12}],"seed_played":"-6385082892369777139","potions_obtained":[{"floor":2,"key":"Explosive Potion"},{"floor":6,"key":"PowerPotion"},{"floor":12,"key":"DistilledChaos"},{"floor":13,"key":"FairyPotion"},{"floor":13,"key":"EntropicBrew"},{"floor":16,"key":"ColorlessPotion"}],"is_trial":false,"path_per_floor":["M","M","$","M","?","E","R","PTL","PTL","?","T","M","?","R","M","M","R","B"],"character_chosen":"The_Alterego","items_purchased":[],"campfire_rested":2,"item_purchase_floors":[],"current_hp_per_floor":[77,72,72,68,68,24,48,48,48,23,23,20,20,44,54,52,52,0,0],"gold":140,"neow_bonus":"TEN_PERCENT_HP_BONUS","is_daily":false,"chose_seed":false,"campfire_upgraded":1,"win_rate":0.0,"timestamp":1609546924,"path_taken":["M","M","$","M","?","E","R","PTL","PTL","?","T","M","?","R","M","M","R","BOSS"],"items_purchased_type":[],"build_version":"2020-12-22","purchased_purges":1,"victory":false,"max_hp_per_floor":[78,79,79,80,80,81,81,81,81,81,81,82,82,82,85,88,88,88,88],"card_choices":[{"not_picked":["alterego_mod:HighServant","alterego_mod:Rip"],"picked":"alterego_mod:Clones","floor":1},{"not_picked":["alterego_mod:Rip","alterego_mod:Cycle"],"picked":"alterego_mod:BiFurious","floor":2},{"not_picked":["alterego_mod:Rip","alterego_mod:Complex"],"picked":"alterego_mod:IndependentAction","floor":4},{"not_picked":["alterego_mod:RocketPunch","alterego_mod:Bounce","alterego_mod:1TonWallop"],"picked":"SKIP","floor":6},{"not_picked":["alterego_mod:Cycle","alterego_mod:BiFurious"],"picked":"alterego_mod:Birthday","floor":12},{"not_picked":["alterego_mod:Clones","alterego_mod:1TonWallop","alterego_mod:Rip"],"picked":"Singing Bowl","floor":15},{"not_picked":["alterego_mod:Complex","alterego_mod:DeftHands","alterego_mod:Undulate"],"picked":"Singing Bowl","floor":16}],"player_experience":925049,"relics_obtained":[{"floor":6,"key":"InkBottle"},{"floor":11,"key":"Singing Bowl"},{"floor":13,"key":"ReplayTheSpireMod:Ring of Addiction"},{"floor":13,"key":"White Beast Statue"},{"floor":13,"key":"SacredBark"}],"event_choices":[{"damage_healed":0,"gold_gain":0,"player_choice":"Success","damage_taken":25,"relics_obtained":["MealTicket"],"max_hp_gain":0,"max_hp_loss":0,"event_name":"Scrap Ooze","floor":10,"gold_loss":0}],"is_beta":false,"boss_relics":[],"items_purged_floors":[3],"is_endless":false,"potions_floor_spawned":[2,6,12,15,16],"killed_by":"Hexaghost","ascension_level":0}}