{"host":"w36evy4uyf1bcavi","time":1609572638,"event":{"mods":["Act Like it!","Aspiration","BaseMod","Conspire","Hallownest","Jedi Mod","Minty Spire (QoL Compilation)","Replay The Spire","Spicy Shops","StSLib","The Hayseed","The Hierophant"],"gold_per_floor":[119,119,133,133,308,336,1,36,59,59,70,70,70,83,83,179,179,179,57,57,57,57,57,57,37,37,37,37,37,37,37,37,37,37,37,37,37,37,37,37,37,37,37,37,37,37,37,37,37,37],"floor_reached":51,"playtime":4292,"items_purged":["Doubt"],"score":964,"play_id":"f3bf8132-ab8c-4c77-acda-19bc76e698c1","local_time":"20210102153038","is_ascension_mode":true,"campfire_choices":[{"floor":10.0,"key":"RECALL"},{"data":"TheSimpletonMod:Coffee","floor":12.0,"key":"SMITH"},{"floor":23,"key":"REST"},{"floor":27,"key":"REST"},{"floor":30,"key":"REST"},{"floor":32,"key":"DIG"},{"data":"TheSimpletonMod:VolatileFumes","floor":46,"key":"SMITH"},{"data":"TheSimpletonMod:VolatileFumes","floor":49,"key":"SMITH"}],"circlet_count":0,"master_deck":["TheSimpletonMod:Strike_TheSimpleton","TheSimpletonMod:Strike_TheSimpleton","TheSimpletonMod:Strike_TheSimpleton","TheSimpletonMod:Defend_TheSimpleton+1","TheSimpletonMod:Defend_TheSimpleton+1","TheSimpletonMod:Defend_TheSimpleton","TheSimpletonMod:Defend_TheSimpleton","TheSimpletonMod:Haymaker","TheSimpletonMod:ReapAndSow","TheSimpletonMod:Germinate","TheSimpletonMod:Coffee+1","Injury","TheSimpletonMod:StockTheCellar+1","TheSimpletonMod:CropRotation+1","TheSimpletonMod:Pruning+1","TheSimpletonMod:SeedCoat+1","TheSimpletonMod:DigIn+1","TheSimpletonMod:VolatileFumes+1","TheSimpletonMod:Innovate+1","TheSimpletonMod:RootDown","TheSimpletonMod:CloseScrape+1","TheSimpletonMod:Rake+1","TheSimpletonMod:Ferment+1","TheSimpletonMod:Aerate+1","TheSimpletonMod:Aerate+1","TheSimpletonMod:TakeHeart+1","TheSimpletonMod:SoilSample+1","TheSimpletonMod:SpiceUp+1","TheSimpletonMod:Rake","TheSimpletonMod:BumperCrop+1","TheSimpletonMod:Rototilling+1","TheSimpletonMod:OnionBloom+1","TheSimpletonMod:Swelter+1","TheSimpletonMod:Fertilaser+1","TheSimpletonMod:VolatileFumes+1","TheSimpletonMod:Pruning+1","TheSimpletonMod:Rake+1","TheSimpletonMod:RootDown+1"],"relics":["TheSimpletonMod:SpudOfTheInnocent","TheSimpletonMod:NightSoil","TheSimpletonMod:TheHarvester","NeowsBlessing","Toxic Egg 2","ReplayFunnel","Replay:WaspNest","Blood Vial","Ectoplasm","TheSimpletonMod:Honeycomb","Pen Nib","War Paint","aspiration:Stabinomicon","ReplayTheSpireMod:Lightbulb","Painkiller Herb","Anchor","Lantern","HornCleat","Mercury Hourglass","Blue Doll"],"acts_visited":["Exordium","TheCity","TheBeyond"],"potions_floor_usage":[21,28,33,40,42,42,42,44,44,50,50],"damage_taken":[{"damage":0.0,"enemies":"Jaw Worm","floor":1.0,"turns":1.0},{"damage":0.0,"enemies":"Small Slimes","floor":3.0,"turns":1.0},{"damage":0.0,"enemies":"Gremlin Nob","floor":6.0,"turns":1.0},{"damage":15.0,"enemies":"Replay:BlueRogue","floor":8.0,"turns":8.0},{"damage":1.0,"enemies":"conspire:RoseBush","floor":11.0,"turns":5.0},{"damage":11.0,"enemies":"Lots of Slimes","floor":14.0,"turns":3.0},{"damage":27,"enemies":"Hexaghost","floor":16,"turns":11},{"damage":9,"enemies":"conspire:FuzzyDice","floor":18,"turns":12},{"damage":7,"enemies":"Spheric Guardian","floor":20,"turns":4},{"damage":27,"enemies":"3 Cultists","floor":21,"turns":5},{"damage":21,"enemies":"Centurion and Healer","floor":22,"turns":8},{"damage":25,"enemies":"Slavers","floor":24,"turns":6},{"damage":8,"enemies":"Book of Stabbing","floor":28,"turns":5},{"damage":10,"enemies":"Chosen and Byrds","floor":29,"turns":4},{"damage":0,"enemies":"Automaton","floor":33,"turns":8},{"damage":4,"enemies":"3 Darklings","floor":35,"turns":6},{"damage":0,"enemies":"Orb Walker","floor":36,"turns":2},{"damage":0,"enemies":"Transient","floor":37,"turns":5},{"damage":1,"enemies":"Writhing Mass","floor":38,"turns":5},{"damage":0,"enemies":"Sphere and 2 Shapes","floor":39,"turns":6},{"damage":5,"enemies":"Giant Head","floor":40,"turns":6},{"damage":0,"enemies":"Maw","floor":41,"turns":4},{"damage":16,"enemies":"Reptomancer","floor":42,"turns":6},{"damage":0,"enemies":"Giant Head","floor":44,"turns":4},{"damage":0,"enemies":"Writhing Mass","floor":45,"turns":4},{"damage":0,"enemies":"Jaw Worm Horde","floor":47,"turns":4},{"damage":10,"enemies":"Nemesis","floor":48,"turns":5},{"damage":27,"enemies":"Awakened One","floor":50,"turns":7}],"seed_played":"5267372182010449285","potions_obtained":[{"floor":1.0,"key":"AttackPotion"},{"floor":3.0,"key":"Strength Potion"},{"floor":18,"key":"SpeedPotion"},{"floor":22,"key":"LiquidMemories"},{"floor":25,"key":"jedi:tentaclejuice"},{"floor":28,"key":"Dexterity Potion"},{"floor":29,"key":"Energy Potion"},{"floor":36,"key":"SpeedPotion"},{"floor":37,"key":"SkillPotion"},{"floor":38,"key":"EntropicBrew"},{"floor":40,"key":"FearPotion"},{"floor":44,"key":"TheSimpletonMod:KindlingPotion"}],"is_trial":false,"path_per_floor":["M","?","M","?","?","E","$","E","T","R","M","R","$","M","R","B",null,"M","$","M","M","M","R","E","?","T","R","E","M","R","$","R","B",null,"?","?","?","?","?","E","?","E","T","E","?","T","?","E","T","B",null],"character_chosen":"THE_SIMPLETON","items_purchased":["Replay:WaspNest","TheSimpletonMod:Honeycomb"],"campfire_rested":3,"item_purchase_floors":[7,19],"current_hp_per_floor":[75,75,75,75,75,75,75,64,64,64,69,69,69,60,60,39,75,68,68,67,46,31,53,30,30,30,52,50,42,64,64,64,70,75,73,75,75,74,75,70,75,68,68,70,72,72,74,65,65,49],"gold":37,"neow_bonus":"THREE_ENEMY_KILL","is_daily":false,"chose_seed":false,"campfire_upgraded":3,"win_rate":0.0,"timestamp":1609572638,"path_taken":["M","?","M","?","?","E","?","E","T","R","M","R","$","?","R","BOSS","M","$","M","M","M","R","E","?","T","R","E","?","R","?","R","BOSS","?","?","?","?","?","E","?","E","T","E","?","T","?","E","T","BOSS"],"items_purchased_type":["Relic","Relic"],"build_version":"2020-12-22","purchased_purges":1,"victory":true,"max_hp_per_floor":[75,75,75,75,75,75,75,75,75,75,75,75,75,75,75,75,75,75,75,75,75,75,75,75,75,75,75,75,75,75,75,75,75,75,75,75,75,75,75,75,75,75,75,75,75,75,75,75,75,75],"card_choices":[{"not_picked":["TheSimpletonMod:CloseScrape","TheSimpletonMod:Fertilaser"],"picked":"TheSimpletonMod:Germinate","floor":1.0},{"not_picked":["TheSimpletonMod:SoilSample","TheSimpletonMod:Aerate"],"picked":"TheSimpletonMod:Coffee","floor":3.0},{"not_picked":["TheSimpletonMod:CullingStrike","TheSimpletonMod:Fertilaser"],"picked":"TheSimpletonMod:StockTheCellar+1","floor":6.0},{"not_picked":["TheSimpletonMod:StockTheCellar+1","TheSimpletonMod:Coffee"],"picked":"TheSimpletonMod:CropRotation+1","floor":8.0},{"not_picked":["TheSimpletonMod:GoToMarket+1","TheSimpletonMod:DoubleBarrel"],"picked":"TheSimpletonMod:Pruning+1","floor":11.0},{"not_picked":["TheSimpletonMod:KeenEdge","TheSimpletonMod:StockTheCellar+1"],"picked":"TheSimpletonMod:SeedCoat+1","floor":14.0},{"not_picked":["TheSimpletonMod:FlashPasteurize","TheSimpletonMod:ErosionControl+1"],"picked":"TheSimpletonMod:VolatileFumes","floor":16},{"not_picked":["TheSimpletonMod:SaladShooter","TheSimpletonMod:OnionBloom+1"],"picked":"TheSimpletonMod:Innovate+1","floor":18},{"not_picked":["TheSimpletonMod:ToughenUp+1","TheSimpletonMod:CloseScrape"],"picked":"TheSimpletonMod:RootDown","floor":20},{"not_picked":["TheSimpletonMod:SoilSample+1","TheSimpletonMod:DoubleBarrel"],"picked":"TheSimpletonMod:CloseScrape+1","floor":21},{"not_picked":["TheSimpletonMod:ToughenUp+1","TheSimpletonMod:Rototilling+1"],"picked":"TheSimpletonMod:Rake+1","floor":22},{"not_picked":["TheSimpletonMod:SaltTheEarth","TheSimpletonMod:Mulch+1"],"picked":"TheSimpletonMod:Ferment+1","floor":24},{"not_picked":["TheSimpletonMod:SpiceUp+1","TheSimpletonMod:CloseScrape"],"picked":"TheSimpletonMod:Aerate+1","floor":28},{"not_picked":["TheSimpletonMod:SaladShooter","TheSimpletonMod:Potatoes"],"picked":"TheSimpletonMod:Aerate+1","floor":29},{"not_picked":["TheSimpletonMod:HitTheSack","TheSimpletonMod:BuzzBomb"],"picked":"TheSimpletonMod:TakeHeart+1","floor":33},{"not_picked":["TheSimpletonMod:GoToMarket+1","TheSimpletonMod:DoubleBarrel+1"],"picked":"TheSimpletonMod:SoilSample+1","floor":35},{"not_picked":["TheSimpletonMod:BumperCrop+1","TheSimpletonMod:ControlledBurn+1"],"picked":"TheSimpletonMod:SpiceUp+1","floor":36},{"not_picked":["TheSimpletonMod:CloseScrape","TheSimpletonMod:VineRipen+1"],"picked":"TheSimpletonMod:Rake","floor":37},{"not_picked":["TheSimpletonMod:Thresh+1","TheSimpletonMod:SlashAndBurn+1"],"picked":"TheSimpletonMod:BumperCrop+1","floor":38},{"not_picked":["TheSimpletonMod:CullingStrike","TheSimpletonMod:GoToMarket+1"],"picked":"TheSimpletonMod:Rototilling+1","floor":39},{"not_picked":["TheSimpletonMod:Coffee","TheSimpletonMod:RootDown"],"picked":"TheSimpletonMod:OnionBloom+1","floor":40},{"not_picked":["TheSimpletonMod:CropRotation+1","TheSimpletonMod:ToughenUp+1"],"picked":"TheSimpletonMod:Swelter+1","floor":41},{"not_picked":["TheSimpletonMod:KeenEdge","TheSimpletonMod:RootDown"],"picked":"TheSimpletonMod:Fertilaser+1","floor":42},{"not_picked":["TheSimpletonMod:PestManagement+1","TheSimpletonMod:SaladShooter"],"picked":"TheSimpletonMod:VolatileFumes","floor":44},{"not_picked":["TheSimpletonMod:CropRotation+1","TheSimpletonMod:Sunchoke+1"],"picked":"TheSimpletonMod:Pruning+1","floor":45},{"not_picked":["TheSimpletonMod:Thresh","TheSimpletonMod:Rototilling+1"],"picked":"TheSimpletonMod:Rake+1","floor":47},{"not_picked":["TheSimpletonMod:Thresh","TheSimpletonMod:Sunchoke"],"picked":"TheSimpletonMod:RootDown+1","floor":48}],"player_experience":401223,"relics_obtained":[{"floor":6.0,"key":"ReplayFunnel"},{"floor":8.0,"key":"Blood Vial"},{"floor":24,"key":"Pen Nib"},{"floor":26,"key":"War Paint"},{"floor":28,"key":"aspiration:Stabinomicon"},{"floor":32,"key":"ReplayTheSpireMod:Lightbulb"},{"floor":40,"key":"Anchor"},{"floor":42,"key":"Lantern"},{"floor":43,"key":"HornCleat"},{"floor":44,"key":"Mercury Hourglass"},{"floor":48,"key":"Blue Doll"}],"event_choices":[{"damage_healed":0.0,"max_hp_gain":0.0,"max_hp_loss":0.0,"gold_gain":0.0,"event_name":"The Cleric","player_choice":"Leave","floor":2.0,"gold_loss":0.0,"damage_taken":0.0},{"damage_healed":0.0,"max_hp_gain":0.0,"max_hp_loss":0.0,"gold_gain":175.0,"event_name":"Liars Game","player_choice":"AGREE","floor":5.0,"gold_loss":0.0,"damage_taken":0.0,"cards_obtained":["Doubt"]},{"damage_healed":0,"gold_gain":0,"player_choice":"Bought 1 Potion","damage_taken":0,"max_hp_gain":0,"max_hp_loss":0,"event_name":"The Woman in Blue","floor":25,"gold_loss":0}],"is_beta":false,"boss_relics":[{"not_picked":["conspire:RoyalGoblet","SacredBark"],"picked":"Ectoplasm"},{"not_picked":["Runic Pyramid","Coffee Dripper"],"picked":"Painkiller Herb"}],"items_purged_floors":[7],"is_endless":false,"potions_floor_spawned":[1,3,18,22,28,29,36,37,38,40,44],"ascension_level":1}}