{"host":"uflv0e3ja7hvnij7","time":1609628456,"event":{"mods":["BaseMod","Better Altar","Better Match","Better Note","Better Sensory Stone","Better Skull","Better Third Choice","Hubris","Infinite Spire","Minty Spire (QoL Compilation)","Permanent Neow","StSLib"],"gold_per_floor":[110,129,146,160,160,160,187,187,187,112,129,129,142,156,156,253,253,268,183,3,19,36,52,52,64,64,64,94,94,94,125,125,225,225,245,370,370,414,424,424,451,451,478,497,497,522,522,285,285,285],"floor_reached":51,"playtime":2678,"items_purged":["Strike_P","Strike_P","InnerPeace+1","Strike_P+1"],"score":967,"play_id":"52be0753-ac0c-4a61-847b-dd2b76408894","local_time":"20210102180056","is_ascension_mode":true,"campfire_choices":[{"data":"Vigilance","floor":6.0,"key":"SMITH"},{"data":"Eruption","floor":8.0,"key":"SMITH"},{"data":"Halt","floor":12.0,"key":"SMITH"},{"data":"Wallop","floor":15.0,"key":"SMITH"},{"floor":27.0,"key":"REST"},{"data":"CarveReality","floor":27.0,"key":"SMITH"},{"data":"HandOfGreed","floor":32.0,"key":"SMITH"},{"floor":40,"key":"REST"},{"data":"LessonLearned","floor":40,"key":"SMITH"},{"floor":42,"key":"REST"},{"data":"infinitespire:Collect","floor":42,"key":"SMITH"},{"data":"FlurryOfBlows","floor":45,"key":"SMITH"},{"data":"Vault","floor":49,"key":"SMITH"}],"circlet_count":0,"master_deck":["Eruption+1","Vigilance+1","CarveReality+1","FlurryOfBlows+1","DeusExMachina+1","Wallop+1","LessonLearned+1","TalkToTheHand+1","SandsOfTime+1","HandOfGreed+1","Violence","FlurryOfBlows+1","Ragnarok+1","Alpha+1","Weave+1","infinitespire:Collect+1","FlurryOfBlows+1","infinitespire:Menacing","Vault+1"],"relics":["PureWater","Matryoshka","Strawberry","hubris:MedicalManual","Black Star","infinitespire:CursedDice","Tiny Chest","infinitespire:Magic Flask","hubris:Metronome","Shuriken","infinitespire:FocusingShard","infinitespire:Beetle Shell","Vajra","hubris:SphereOfDissonance","Astrolabe","infinitespire:Golems Mask","TheAbacus","Empty Cage","Molten Egg 2","Bag of Marbles","Orichalcum","hubris:Teleporter","infinitespire:ShieldingShard","hubris:DeckOfHolding"],"acts_visited":["Exordium","TheCity","TheBeyond"],"potions_floor_usage":[44,46,50],"damage_taken":[{"damage":2.0,"enemies":"infinitespire:Voidling","floor":1.0,"turns":2.0},{"damage":2.0,"enemies":"Jaw Worm","floor":2.0,"turns":4.0},{"damage":0.0,"enemies":"Cultist","floor":3.0,"turns":2.0},{"damage":0.0,"enemies":"2 Fungi Beasts","floor":4.0,"turns":2.0},{"damage":0.0,"enemies":"Lagavulin","floor":7.0,"turns":4.0},{"damage":0.0,"enemies":"Blue Slaver","floor":11.0,"turns":2.0},{"damage":0.0,"enemies":"Exordium Thugs","floor":13.0,"turns":3.0},{"damage":0.0,"enemies":"Large Slime","floor":14.0,"turns":4.0},{"damage":30.0,"enemies":"The Guardian","floor":16.0,"turns":5.0},{"damage":2.0,"enemies":"Shell Parasite","floor":18.0,"turns":5.0},{"damage":4.0,"enemies":"2 Thieves","floor":21.0,"turns":2.0},{"damage":7.0,"enemies":"Cultist and Chosen","floor":22.0,"turns":5.0},{"damage":16.0,"enemies":"Sentry and Sphere","floor":23.0,"turns":4.0},{"damage":2.0,"enemies":"Snecko","floor":25.0,"turns":3.0},{"damage":1.0,"enemies":"Book of Stabbing","floor":28.0,"turns":3.0},{"damage":0.0,"enemies":"Gremlin Leader","floor":31.0,"turns":3.0},{"damage":0.0,"enemies":"Automaton","floor":33.0,"turns":3.0},{"damage":0.0,"enemies":"Orb Walker","floor":35.0,"turns":1.0},{"damage":25.0,"enemies":"infinitespire:Three Voidlings","floor":36.0,"turns":2.0},{"damage":63.0,"enemies":"Nightmare_Alpha","floor":36.0,"turns":9.0},{"damage":18,"enemies":"3 Shapes","floor":38,"turns":2},{"damage":0,"enemies":"Maw","floor":39,"turns":2},{"damage":18,"enemies":"Nemesis","floor":41,"turns":3},{"damage":0,"enemies":"3 Darklings","floor":44,"turns":2},{"damage":4,"enemies":"Nightmare","floor":46,"turns":5},{"damage":8,"enemies":"Donu and Deca","floor":50,"turns":5}],"seed_played":"3208986895239993022","potions_obtained":[{"floor":4.0,"key":"infinitespire:BlackPotion"},{"floor":7.0,"key":"AttackPotion"},{"floor":11.0,"key":"Regen Potion"},{"floor":14.0,"key":"StancePotion"},{"floor":16.0,"key":"StancePotion"},{"floor":21.0,"key":"Weak Potion"},{"floor":22.0,"key":"DistilledChaos"},{"floor":28.0,"key":"Dexterity Potion"},{"floor":38,"key":"BottledMiracle"},{"floor":39,"key":"EssenceOfSteel"},{"floor":41,"key":"StancePotion"}],"is_trial":false,"path_per_floor":["M","M","M","M","?","R","E","R","T","$","M","R","M","M","R","B",null,"M","?","$","M","M","M","AVR","M","T","R","E","$","?","E","R","B",null,"M","?","AVR","M","M","R","E","R","T","M","R","NM","T","$","R","B",null],"character_chosen":"WATCHER","items_purchased":["TalkToTheHand","Tiny Chest","Vault"],"campfire_rested":3,"item_purchase_floors":[20,20,48],"current_hp_per_floor":[49,47,47,47,47,47,47,47,54,54,54,54,54,54,54,33,79,77,77,77,73,66,50,50,48,48,71,70,70,70,70,70,70,79,79,47,47,29,29,52,34,57,57,57,57,53,53,53,53,45],"gold":285,"neow_bonus":"REMOVE_TWO","is_daily":false,"chose_seed":false,"campfire_upgraded":10,"win_rate":0.0,"timestamp":1609628456,"path_taken":["M","M","?","M","?","R","E","R","T","$","M","R","M","?","R","BOSS","M","?","$","M","M","M","AVR","M","T","R","E","$","?","E","R","BOSS","M","?","AVR","M","M","R","E","R","T","M","R","NM","?","$","R","BOSS"],"items_purchased_type":["Card","Relic","Card"],"build_version":"2020-12-22","purchased_purges":4,"victory":true,"max_hp_per_floor":[72,72,72,72,72,72,72,72,79,79,79,79,79,79,79,79,79,79,79,79,79,79,79,79,79,79,79,79,79,79,79,79,79,79,79,79,79,79,79,79,79,79,79,79,79,79,79,79,79,79],"card_choices":[{"not_picked":["CutThroughFate","ThirdEye"],"picked":"CarveReality","floor":1.0},{"not_picked":["WreathOfFlame","ThirdEye"],"picked":"Halt","floor":2.0},{"not_picked":["ThirdEye","CutThroughFate","Fasting2"],"picked":"SKIP","floor":3.0},{"not_picked":["EmptyFist","CutThroughFate","JustLucky"],"picked":"SKIP","floor":4.0},{"not_picked":["Study","Consecrate"],"picked":"FlurryOfBlows","floor":7.0},{"not_picked":["Nirvana","FlyingSleeves"],"picked":"Halt","floor":11.0},{"not_picked":["CrushJoints","FlyingSleeves"],"picked":"DeusExMachina","floor":13.0},{"not_picked":["ClearTheMind","Sanctity"],"picked":"Wallop","floor":14.0},{"not_picked":["Omniscience","Ragnarok"],"picked":"LessonLearned","floor":16.0},{"not_picked":["MentalFortress","Prostrate+1"],"picked":"Vengeance","floor":18.0},{"not_picked":["EmptyFist","ThirdEye"],"picked":"SandsOfTime+1","floor":21.0},{"not_picked":["JustLucky","FollowUp","Evaluate"],"picked":"SKIP","floor":22.0},{"not_picked":["Worship","Fasting2","Halt"],"picked":"SKIP","floor":23.0},{"not_picked":["Worship","SashWhip+1","FollowUp"],"picked":"SKIP","floor":25.0},{"not_picked":["Swivel","Tantrum"],"picked":"InnerPeace+1","floor":28.0},{"not_picked":["Magnetism","Blind"],"picked":"HandOfGreed","floor":30.0},{"not_picked":["Bandage Up","Panache"],"picked":"Violence","floor":30.0},{"not_picked":["Ragnarok","EmptyFist"],"picked":"FlurryOfBlows","floor":31.0},{"not_picked":["CutThroughFate","FlyingSleeves+1","Adaptation+1"],"picked":"SKIP","floor":35.0},{"not_picked":["hubris:Fate","infinitespire:FutureSight"],"picked":"infinitespire:Collect","floor":36},{"not_picked":["Evaluate","ThirdEye","WindmillStrike+1"],"picked":"SKIP","floor":38},{"not_picked":["CutThroughFate","Evaluate+1","WindmillStrike"],"picked":"SKIP","floor":39},{"not_picked":["Indignation","CutThroughFate+1","JustLucky+1"],"picked":"SKIP","floor":41},{"not_picked":["ForeignInfluence","CutThroughFate+1"],"picked":"FlurryOfBlows+1","floor":44},{"not_picked":["infinitespire:SealOfDarkness+","hubris:Fate"],"picked":"infinitespire:Menacing","floor":46},{"not_picked":["Crescendo+1","WheelKick+1","Consecrate+1"],"picked":"SKIP","floor":46}],"player_experience":457809,"relics_obtained":[{"floor":7.0,"key":"Matryoshka"},{"floor":9.0,"key":"Strawberry"},{"floor":9.0,"key":"hubris:MedicalManual"},{"floor":26.0,"key":"hubris:Metronome"},{"floor":26.0,"key":"Shuriken"},{"floor":28.0,"key":"infinitespire:FocusingShard"},{"floor":28.0,"key":"infinitespire:Beetle Shell"},{"floor":31.0,"key":"Vajra"},{"floor":31.0,"key":"hubris:SphereOfDissonance"},{"floor":36,"key":"infinitespire:Golems Mask"},{"floor":41,"key":"Molten Egg 2"},{"floor":41,"key":"Bag of Marbles"},{"floor":43,"key":"Orichalcum"},{"floor":46,"key":"hubris:Teleporter"},{"floor":46,"key":"infinitespire:ShieldingShard"},{"floor":47,"key":"hubris:DeckOfHolding"}],"event_choices":[{"cards_removed":["Strike_P"],"damage_healed":0.0,"max_hp_gain":0.0,"max_hp_loss":0.0,"gold_gain":0.0,"event_name":"Bonfire Elementals","player_choice":"Offered Basic","floor":5.0,"gold_loss":0.0,"damage_taken":0.0},{"damage_healed":0.0,"max_hp_gain":0.0,"max_hp_loss":0.0,"gold_gain":0.0,"event_name":"Addict","player_choice":"Obtained Relic","floor":19.0,"gold_loss":85.0,"damage_taken":0.0,"relics_obtained":["infinitespire:CursedDice"]},{"damage_healed":0.0,"max_hp_gain":0.0,"max_hp_loss":0.0,"gold_gain":2.0,"event_name":"betterStone:BetterStone","player_choice":"1","floor":30.0,"gold_loss":0.0,"damage_taken":0.0},{"damage_healed":0,"gold_gain":3,"player_choice":"1","damage_taken":0,"max_hp_gain":0,"max_hp_loss":0,"event_name":"betterStone:BetterStone","floor":36,"gold_loss":0}],"is_beta":false,"boss_relics":[{"not_picked":["infinitespire:Cupcake","hubris:TerracottaHorce"],"picked":"Black Star"},{"not_picked":["hubris:GrandSneckoEye","hubris:RunicObelisk"],"picked":"Astrolabe"}],"items_purged_floors":[10,24,37,48],"is_endless":true,"potions_floor_spawned":[4,7,11,14,16,21,22,28,38,39,41],"ascension_level":3}}