{"host":"tchp4ssh6eu1bj0c","time":1609594186,"event":{"mods":["AchievementEnabler","BaseMod","KOR Keyword Fix","Minty Spire (QoL Compilation)","SuperFastMode"],"gold_per_floor":[117,127,127,127,15,54,54,74,155,155,178,178,218,218,218,343,343,367,367,45,45,60,60,60,60,85,123,123,142,142,67,67,67,67],"floor_reached":33,"playtime":1007,"items_purged":[],"score":414,"play_id":"aa040fee-7bc2-4670-a35d-31931b99617f","local_time":"20210102222946","is_ascension_mode":true,"campfire_choices":[{"floor":7.0,"key":"REST"},{"data":"Terror","floor":12.0,"key":"SMITH"},{"data":"Regret","floor":15.0,"key":"PURGE"},{"floor":23.0,"key":"REST"},{"floor":25,"key":"REST"},{"floor":32,"key":"REST"}],"circlet_count":0,"master_deck":["Strike_G","Strike_G","Strike_G","Defend_G","Defend_G","Defend_G","Defend_G","Defend_G","Survivor","Neutralize","Quick Slash","Terror+1","Backstab","Blur","Blur","Deadly Poison+1","Bane","CurseOfTheBell","Deadly Poison+1","Backflip+1","Deflect+1","Caltrops","Catalyst+1","Cloak And Dagger+1"],"relics":["Ring of the Snake","NeowsBlessing","Golden Idol","Strawberry","Toxic Egg 2","Peace Pipe","Regal Pillow","Calling Bell","Bronze Scales","Girya","Gremlin Horn","HandDrill","Enchiridion","Juzu Bracelet","Art of War","Kunai","Meat on the Bone"],"acts_visited":["Exordium","TheCity"],"potions_floor_usage":[24,27,27,33],"damage_taken":[{"damage":0.0,"enemies":"2 Louse","floor":1.0,"turns":1.0},{"damage":0.0,"enemies":"Small Slimes","floor":2.0,"turns":1.0},{"damage":0.0,"enemies":"Lagavulin","floor":6.0,"turns":1.0},{"damage":0.0,"enemies":"Cultist","floor":8.0,"turns":4.0},{"damage":2.0,"enemies":"2 Fungi Beasts","floor":11.0,"turns":4.0},{"damage":15.0,"enemies":"3 Sentries","floor":13.0,"turns":12.0},{"damage":23.0,"enemies":"The Guardian","floor":16.0,"turns":12.0},{"damage":23.0,"enemies":"2 Thieves","floor":18.0,"turns":5.0},{"damage":22.0,"enemies":"Chosen","floor":22.0,"turns":5.0},{"damage":0,"enemies":"3 Cultists","floor":24,"turns":1},{"damage":37,"enemies":"Gremlin Leader","floor":27,"turns":5},{"damage":14,"enemies":"Centurion and Healer","floor":29,"turns":7},{"damage":84,"enemies":"Automaton","floor":33,"turns":14}],"seed_played":"4210968713702583332","potions_obtained":[{"floor":2.0,"key":"Explosive Potion"},{"floor":6.0,"key":"SteroidPotion"},{"floor":11.0,"key":"CunningPotion"},{"floor":16.0,"key":"SmokeBomb"},{"floor":29,"key":"DuplicationPotion"}],"is_trial":false,"path_per_floor":["M","M","?","?","$","E","R","M","T","?","M","R","E","?","R","B",null,"M","?","$","?","M","R","M","R","T","E","?","M","?","?","R","B"],"character_chosen":"THE_SILENT","items_purchased":["Backstab","Blur","HandDrill","Backflip+1","Deflect+1","Caltrops"],"campfire_rested":4,"item_purchase_floors":[5,5,20,20,20,20],"current_hp_per_floor":[63,63,46,39,39,46,69,69,69,69,67,67,52,52,52,29,65,42,42,42,26,4,42,42,77,77,40,40,26,26,26,64,0,0],"gold":67,"neow_bonus":"THREE_ENEMY_KILL","is_daily":false,"chose_seed":false,"campfire_upgraded":1,"win_rate":0.0,"timestamp":1609594186,"path_taken":["M","M","?","?","$","E","R","M","T","?","?","R","E","?","R","BOSS","M","?","$","?","M","R","M","R","T","E","?","M","?","?","R","BOSS"],"items_purchased_type":["Card","Card","Relic","Card","Card","Card"],"build_version":"2020-12-22","purchased_purges":0,"victory":false,"max_hp_per_floor":[70,70,70,70,70,77,77,77,77,77,77,77,77,77,77,77,77,77,77,77,77,77,77,77,77,77,77,77,77,77,77,77,77,77],"card_choices":[{"not_picked":["Sucker Punch","Distraction"],"picked":"Quick Slash","floor":1.0},{"not_picked":["Prepared","Calculated Gamble"],"picked":"Terror","floor":2.0},{"not_picked":["Outmaneuver","Catalyst","Endless Agony"],"picked":"SKIP","floor":6.0},{"not_picked":["Escape Plan","Slice"],"picked":"Blur","floor":8.0},{"not_picked":["Dagger Throw","Finisher"],"picked":"Deadly Poison+1","floor":11.0},{"not_picked":["Flying Knee","Venomology+1"],"picked":"Bane","floor":13.0},{"not_picked":["Dagger Throw","Sucker Punch"],"picked":"Deadly Poison+1","floor":18.0},{"not_picked":["Poisoned Stab","Dagger Spray"],"picked":"Catalyst+1","floor":22.0},{"not_picked":["Masterful Stab","Escape Plan+1","Dagger Throw+1"],"picked":"SKIP","floor":27},{"not_picked":["Heel Hook","Quick Slash"],"picked":"Cloak And Dagger+1","floor":29}],"player_experience":439315,"relics_obtained":[{"floor":6.0,"key":"Strawberry"},{"floor":9.0,"key":"Toxic Egg 2"},{"floor":13.0,"key":"Peace Pipe"},{"floor":17.0,"key":"Bronze Scales"},{"floor":17.0,"key":"Girya"},{"floor":17.0,"key":"Gremlin Horn"},{"floor":21.0,"key":"Enchiridion"},{"floor":26,"key":"Juzu Bracelet"},{"floor":27,"key":"Art of War"}],"event_choices":[{"damage_healed":0.0,"max_hp_gain":0.0,"max_hp_loss":0.0,"gold_gain":0.0,"event_name":"Golden Idol","player_choice":"Take Damage","floor":3.0,"gold_loss":0.0,"damage_taken":17.0,"relics_obtained":["Golden Idol"]},{"cards_removed":["Strike_G"],"damage_healed":0.0,"max_hp_gain":0.0,"max_hp_loss":0.0,"gold_gain":0.0,"event_name":"Golden Wing","player_choice":"Card Removal","floor":4.0,"gold_loss":0.0,"damage_taken":7.0},{"damage_healed":0.0,"max_hp_gain":0.0,"max_hp_loss":0.0,"gold_gain":0.0,"event_name":"The Woman in Blue","player_choice":"Bought 0 Potions","floor":10.0,"gold_loss":0.0,"damage_taken":0.0},{"damage_healed":0.0,"max_hp_gain":0.0,"max_hp_loss":0.0,"gold_gain":0.0,"event_name":"Big Fish","player_choice":"Box","floor":14.0,"gold_loss":0.0,"damage_taken":0.0,"relics_obtained":["Regal Pillow"],"cards_obtained":["Regret"]},{"cards_removed":["Strike_G"],"damage_healed":0.0,"max_hp_gain":0.0,"max_hp_loss":0.0,"gold_gain":0.0,"event_name":"Back to Basics","player_choice":"Elegance","floor":19.0,"gold_loss":0.0,"damage_taken":0.0},{"damage_healed":0.0,"max_hp_gain":0.0,"max_hp_loss":0.0,"gold_gain":0.0,"event_name":"Cursed Tome","player_choice":"Obtained Book","floor":21.0,"gold_loss":0.0,"damage_taken":16.0},{"damage_healed":0,"gold_gain":0,"player_choice":"Opened","damage_taken":0,"relics_obtained":["Kunai"],"max_hp_gain":0,"max_hp_loss":0,"event_name":"The Mausoleum","floor":28,"gold_loss":0},{"damage_healed":0,"gold_gain":0,"player_choice":"Stole Relic","damage_taken":0,"relics_obtained":["Meat on the Bone"],"max_hp_gain":0,"max_hp_loss":0,"event_name":"Addict","floor":30,"gold_loss":0,"cards_obtained":["Shame"]},{"cards_removed":["Shame"],"damage_healed":0,"gold_gain":0,"player_choice":"Gave Gold","damage_taken":0,"max_hp_gain":0,"max_hp_loss":0,"event_name":"Beggar","floor":31,"gold_loss":75}],"is_beta":false,"boss_relics":[{"not_picked":["Philosopher\u0027s Stone","Coffee Dripper"],"picked":"Calling Bell"}],"items_purged_floors":[],"is_endless":false,"potions_floor_spawned":[2,6,11,16,24,29],"killed_by":"Automaton","ascension_level":8}}