{"host":"q9718omregw4er46","time":1609584773,"event":{"mods":["BaseMod","Bestiary","Colored Powertips","Minty Spire (QoL Compilation)","Quick Restart","Relic Stats"],"gold_per_floor":[113,113,14,89,105,105,146,167,167,167,205,228,264,297,297,395,395,411,430,83,108,108,108,108,108],"floor_reached":24,"playtime":979,"items_purged":["Strike_P"],"score":528,"play_id":"4f9ad417-be85-47b0-b0ef-c0440868e73b","local_time":"20210102155253","is_ascension_mode":true,"campfire_choices":[{"floor":6,"key":"REST"},{"data":"TalkToTheHand","floor":10,"key":"SMITH"},{"floor":15,"key":"REST"},{"data":"Wallop","floor":23,"key":"SMITH"}],"circlet_count":0,"master_deck":["AscendersBane","Strike_P","Strike_P","Strike_P","Defend_P","Defend_P","Defend_P","Defend_P","Eruption","Vigilance","FollowUp","Flash of Steel","CutThroughFate","TalkToTheHand+1","EmptyFist","CutThroughFate","Wallop+1","DevaForm","DeusExMachina","ThirdEye","Weave","BowlingBash","Vault"],"relics":["PureWater","NeowsBlessing","Golden Idol","Mummified Hand","Bottled Flame","GoldenEye","Odd Mushroom","Oddly Smooth Stone","Cursed Key","Question Card"],"acts_visited":["Exordium","TheCity"],"potions_floor_usage":[11,16,21,24],"damage_taken":[{"damage":0,"enemies":"Small Slimes","floor":1,"turns":1},{"damage":0,"enemies":"2 Louse","floor":5,"turns":1},{"damage":0,"enemies":"3 Sentries","floor":7,"turns":1},{"damage":0,"enemies":"Jaw Worm","floor":8,"turns":3},{"damage":18,"enemies":"Lagavulin","floor":11,"turns":3},{"damage":0,"enemies":"Looter","floor":12,"turns":3},{"damage":12,"enemies":"The Mushroom Lair","floor":13,"turns":4},{"damage":0,"enemies":"Gremlin Nob","floor":14,"turns":3},{"damage":9,"enemies":"The Guardian","floor":16,"turns":9},{"damage":13,"enemies":"Spheric Guardian","floor":18,"turns":5},{"damage":6,"enemies":"3 Byrds","floor":19,"turns":7},{"damage":7,"enemies":"Centurion and Healer","floor":21,"turns":5},{"damage":34,"enemies":"Slavers","floor":24,"turns":8}],"seed_played":"418730166715782089","potions_obtained":[{"floor":5,"key":"Fire Potion"},{"floor":7,"key":"StancePotion"},{"floor":8,"key":"AttackPotion"},{"floor":14,"key":"Swift Potion"},{"floor":16,"key":"GamblersBrew"}],"is_trial":false,"path_per_floor":["M","?","$","?","M","R","E","M","T","R","E","M","?","E","R","B",null,"M","M","$","M","?","R","E"],"character_chosen":"WATCHER","items_purchased":["Flash of Steel","Question Card"],"campfire_rested":2,"item_purchase_floors":[3,20],"current_hp_per_floor":[61,38,38,27,27,47,47,47,47,47,29,29,17,17,37,28,58,45,39,39,32,32,32,0,0],"gold":108,"neow_bonus":"THREE_ENEMY_KILL","is_daily":false,"chose_seed":false,"campfire_upgraded":2,"win_rate":0.0,"timestamp":1609584773,"path_taken":["M","?","$","?","M","R","E","M","T","R","E","M","?","E","R","BOSS","M","M","$","M","?","R","E"],"items_purchased_type":["Card","Relic"],"build_version":"2020-12-22","purchased_purges":1,"victory":false,"max_hp_per_floor":[68,68,68,68,68,68,68,68,68,68,68,68,68,68,68,68,68,68,68,68,68,68,68,68,68],"relic_stats":{"counters":[13,53],"Golden Idol":74,"Mummified Hand":[5],"GoldenEye":[49],"Cursed Key":0,"Question Card":1,"obtain_stats":[{"Bottled Flame":9,"NeowsBlessing":0,"Golden Idol":2,"Mummified Hand":7,"Oddly Smooth Stone":14,"PureWater":0,"Odd Mushroom":13,"GoldenEye":11,"Cursed Key":17,"Question Card":20},{"Bottled Flame":4,"NeowsBlessing":0,"Golden Idol":1,"Mummified Hand":3,"Oddly Smooth Stone":8,"PureWater":0,"Odd Mushroom":7,"GoldenEye":5,"Cursed Key":9,"Question Card":11},{"Bottled Flame":6,"NeowsBlessing":0,"Golden Idol":1,"Mummified Hand":3,"Oddly Smooth Stone":19,"PureWater":0,"Odd Mushroom":16,"GoldenEye":9,"Cursed Key":28,"Question Card":40}]},"card_choices":[{"not_picked":["CrushJoints","Protect"],"picked":"FollowUp","floor":1},{"not_picked":["DeceiveReality","FlurryOfBlows"],"picked":"CutThroughFate","floor":5},{"not_picked":["DeceiveReality","Pray"],"picked":"TalkToTheHand","floor":7},{"not_picked":["EmptyBody","JustLucky"],"picked":"EmptyFist","floor":8},{"not_picked":["Ragnarok","JustLucky"],"picked":"CutThroughFate","floor":11},{"not_picked":["EmptyFist","EmptyBody","FlyingSleeves"],"picked":"SKIP","floor":12},{"not_picked":["WheelKick","FlyingSleeves"],"picked":"Wallop","floor":13},{"not_picked":["ReachHeaven","Pray"],"picked":"DevaForm","floor":14},{"not_picked":["Devotion","ConjureBlade"],"picked":"DeusExMachina","floor":16},{"not_picked":["JustLucky","Evaluate"],"picked":"ThirdEye","floor":18},{"not_picked":["EmptyFist","Crescendo"],"picked":"Weave","floor":19},{"not_picked":["Consecrate+1","Evaluate","ThirdEye"],"picked":"BowlingBash","floor":21}],"player_experience":1154449,"relics_obtained":[{"floor":7,"key":"Mummified Hand"},{"floor":9,"key":"Bottled Flame"},{"floor":11,"key":"GoldenEye"},{"floor":13,"key":"Odd Mushroom"},{"floor":14,"key":"Oddly Smooth Stone"}],"event_choices":[{"damage_healed":0,"gold_gain":0,"player_choice":"Take Damage","damage_taken":23,"relics_obtained":["Golden Idol"],"max_hp_gain":0,"max_hp_loss":0,"event_name":"Golden Idol","floor":2,"gold_loss":0},{"damage_healed":0,"gold_gain":75,"player_choice":"Gather Gold","damage_taken":11,"max_hp_gain":0,"max_hp_loss":0,"event_name":"World of Goop","floor":4,"gold_loss":0},{"damage_healed":0,"gold_gain":0,"player_choice":"Fought Mushrooms","damage_taken":0,"max_hp_gain":0,"max_hp_loss":0,"event_name":"Mushrooms","floor":13,"gold_loss":0},{"damage_healed":0,"gold_gain":0,"player_choice":"Read","damage_taken":0,"max_hp_gain":0,"max_hp_loss":0,"event_name":"The Library","floor":22,"gold_loss":0,"cards_obtained":["Vault"]}],"is_beta":false,"boss_relics":[{"not_picked":["Calling Bell","HolyWater"],"picked":"Cursed Key"}],"items_purged_floors":[20],"is_endless":false,"potions_floor_spawned":[5,7,8,14,16,18],"killed_by":"Slavers","ascension_level":20}}