{"host":"10b2ljh1rg6srmxa","time":1609620105,"event":{"mods":["AchievementEnabler","BaseMod","Colored Powertips","Conspire","Downfall","Googly Eyes","Hubris","Infinite Spire","Minty Spire (QoL Compilation)","Replay The Spire","StSLib","The Construct"],"gold_per_floor":[119,133,133,133,133,166,205,205,228,241,241,251,278,291,291,395,395,410,442,442,442,193,193,221,221,221,252,252,192,192,158,158,260,260,277,227,227,244,244,244,269,269,269,299,399,399,416,428,428,428],"floor_reached":51,"playtime":4008,"items_purged":["CommonCold"],"score":1120,"play_id":"33e552ea-1e9d-4d00-b510-9f9d8c835980","local_time":"20210102214145","daily_mods":["SealedDeck","Vintage","Red Cards","Green Cards","Blue Cards","Purple Cards","Colorless Cards","Heirloom","Time Dilation","Flight"],"is_ascension_mode":false,"campfire_choices":[{"floor":15,"key":"REST"},{"data":"expansioncontent:Collect","floor":15,"key":"SMITH"},{"data":"Spot Weakness","floor":23,"key":"SMITH"},{"data":"Gash","floor":25,"key":"SMITH"},{"floor":30,"key":"REST"},{"data":"hubris:CleavingFinish","floor":30,"key":"SMITH"},{"floor":32,"key":"REST"},{"data":"Cloak And Dagger","floor":32,"key":"SMITH"},{"data":"construct:Reinforce","floor":40,"key":"SMITH"}],"circlet_count":0,"master_deck":["construct:Versatility+2","Redo+1","Spot Weakness+1","Slice","expansioncontent:Collect+1","hubris:CleavingFinish+1","Fluid Movement+1","Gash+1","Dodge and Roll","Coolheaded","Iron Wave","Backflip","Adrenaline+1","Cloak And Dagger+1","Bane+1","Adrenaline+1","construct:Reinforce+1","Accuracy+1","Blur+1","Midas Touch+1","Blade Dance+1","construct:BatteryCore+1","construct:SuppressiveFire+1","Pot Of Greed","Pot Of Greed+1","Noxious Fumes","Pot Of Greed"],"relics":["construct:Cogwheel","infinitespire:Magic Flask","Dream Catcher","Smiling Mask","Ring of Fangs","Bag of Marbles","Golden Egg","hubris:DisguiseKit","Potion Belt","hubris:ToyBattleship","Garlic","TungstenRod","Centennial Puzzle","hubris:TerracottaHorce","infinitespire:Satchel","Red Mask","Ice Cream","construct:MegaBattery","ClockworkSouvenir","Anchor","Replay:Baseball","Lizard Tail","Bottled Lightning","Replay:Mystery Machine","Pen Nib","Sozu","Nunchaku","hubris:ClockworkCow","hubris:Icosahedron","Prayer Wheel","hubris:Towel","Incense Burner","Replay:Accelerometer","Blue Candle","Grinning Jar","conspire:Flyswatter"],"acts_visited":["Exordium","TheCity","TheBeyond"],"potions_floor_usage":[12,16,19,19,50],"damage_taken":[{"damage":0,"enemies":"Cultist","floor":1,"turns":5},{"damage":0,"enemies":"Small Slimes","floor":2,"turns":4},{"damage":0,"enemies":"Lagavulin","floor":6,"turns":9},{"damage":3,"enemies":"conspire:MimicChest","floor":7,"turns":5},{"damage":9,"enemies":"Jaw Worm","floor":10,"turns":3},{"damage":12,"enemies":"Looter","floor":12,"turns":3},{"damage":1,"enemies":"3 Sentries","floor":13,"turns":11},{"damage":0,"enemies":"3 Louse","floor":14,"turns":4},{"damage":0,"enemies":"Hexaghost","floor":16,"turns":10},{"damage":0,"enemies":"3 Byrds","floor":18,"turns":5},{"damage":0,"enemies":"Masked Bandits","floor":19,"turns":3},{"damage":0,"enemies":"Gremlin Leader","floor":24,"turns":3},{"damage":0,"enemies":"conspire:Head Lice","floor":27,"turns":1},{"damage":0,"enemies":"conspire:MysteriousRune","floor":33,"turns":5},{"damage":0,"enemies":"3 Shapes","floor":35,"turns":3},{"damage":0,"enemies":"3 Darklings","floor":38,"turns":2},{"damage":0,"enemies":"Reptomancer","floor":41,"turns":1},{"damage":0,"enemies":"Nemesis","floor":44,"turns":3},{"damage":0,"enemies":"Jaw Worm Horde","floor":47,"turns":2},{"damage":0,"enemies":"Maw","floor":48,"turns":2},{"damage":0,"enemies":"infinitespire:MassOfShapes","floor":50,"turns":4}],"seed_played":"-3336279840869733000","potions_obtained":[{"floor":2,"key":"Energy Potion"},{"floor":7,"key":"Death Potion"},{"floor":14,"key":"Explosive Potion"},{"floor":16,"key":"Explosive Potion"},{"floor":18,"key":"LifebloodPotion"},{"floor":33,"key":"ColorlessPotion"}],"is_trial":true,"path_per_floor":["M","M","?","?","$","E","?","T","T","M","?","M","E","M","R","B",null,"M","?","AVR","?","$","R","E","R","T","E","$","?","R","$","R","B",null,"M","$","$","M","?","R","E","?","T","E","?","AVR","M","M","R","B",null],"character_chosen":"THE_CONSTRUCT_MOD","items_purchased":["ClockworkSouvenir","Bane","Bottled Lightning","Replay:Mystery Machine","Pen Nib","Accuracy","Blade Dance"],"campfire_rested":3,"item_purchase_floors":[22,22,28,28,28,31,36],"current_hp_per_floor":[85,85,85,85,85,85,82,82,82,73,73,61,60,60,85,85,85,85,85,85,85,85,85,85,85,85,85,49,49,74,74,85,85,85,85,85,85,85,85,85,85,85,85,85,85,85,85,85,85,85],"gold":428,"neow_bonus":"","is_daily":false,"chose_seed":false,"campfire_upgraded":6,"win_rate":0.0,"timestamp":1609620105,"path_taken":["M","?","?","?","$","E","?","?","T","M","?","?","E","?","R","BOSS","M","?","AVR","?","$","R","E","R","T","E","?","?","R","$","R","BOSS","M","$","$","M","?","R","E","?","T","E","?","AVR","M","?","R","BOSS"],"items_purchased_type":["Relic","Card","Relic","Relic","Relic","Card","Card"],"build_version":"2020-12-22","purchased_purges":1,"victory":true,"max_hp_per_floor":[85,85,85,85,85,85,85,85,85,85,85,85,85,85,85,85,85,85,85,85,85,85,85,85,85,85,85,85,85,85,85,85,85,85,85,85,85,85,85,85,85,85,85,85,85,85,85,85,85,85],"card_choices":[{"not_picked":["expansioncontent:PolyBeam","Deadly Poison","construct:HardReboot"],"picked":"SKIP","floor":6},{"not_picked":["Beam Cell","Deadly Poison","Night Terror"],"picked":"Iron Wave","floor":13},{"not_picked":["Draining Mist","construct:SweepLaser","Turbo"],"picked":"Backflip","floor":15},{"not_picked":["Offering","Tools of the Trade","Wraith Form v2"],"picked":"Adrenaline","floor":16},{"not_picked":["hubris:CleavingFinish","True Grit","Deadly Poison"],"picked":"Cloak And Dagger","floor":19},{"not_picked":["Outmaneuver","Steam","Warcry"],"picked":"Adrenaline","floor":24},{"not_picked":["Flex","Headbutt","hubris:Counter"],"picked":"construct:Reinforce","floor":27},{"not_picked":["expansioncontent:SuperHexaguard","construct:HammerDown","Deflect"],"picked":"Blur+1","floor":32},{"not_picked":["Eclipse","Reaper","Atom Bomb"],"picked":"Midas Touch","floor":33},{"not_picked":["ReplayTheSpireMod:Speed Training+1","construct:UnbalancingBlast+1","ReplayTheSpireMod:Scrap Shanks"],"picked":"construct:BatteryCore","floor":41},{"not_picked":["construct:Forcefield","Chill+1","Catalyst"],"picked":"construct:SuppressiveFire+1","floor":44},{"not_picked":["Run Through+1","Hemogenesis","conspire:Rain+1"],"picked":"Noxious Fumes","floor":49}],"player_experience":315277,"relics_obtained":[{"floor":1,"key":"Dream Catcher"},{"floor":2,"key":"Smiling Mask"},{"floor":3,"key":"Ring of Fangs"},{"floor":6,"key":"Bag of Marbles"},{"floor":7,"key":"Golden Egg"},{"floor":8,"key":"hubris:DisguiseKit"},{"floor":9,"key":"Potion Belt"},{"floor":10,"key":"hubris:ToyBattleship"},{"floor":12,"key":"Garlic"},{"floor":13,"key":"TungstenRod"},{"floor":14,"key":"Centennial Puzzle"},{"floor":18,"key":"infinitespire:Satchel"},{"floor":19,"key":"Red Mask"},{"floor":24,"key":"Anchor"},{"floor":26,"key":"Replay:Baseball"},{"floor":27,"key":"Lizard Tail"},{"floor":35,"key":"Nunchaku"},{"floor":38,"key":"hubris:ClockworkCow"},{"floor":41,"key":"Prayer Wheel"},{"floor":43,"key":"Incense Burner"},{"floor":44,"key":"Replay:Accelerometer"},{"floor":47,"key":"Grinning Jar"},{"floor":48,"key":"conspire:Flyswatter"}],"event_choices":[{"damage_healed":0,"gold_gain":0,"player_choice":"Upgraded","damage_taken":0,"max_hp_gain":0,"max_hp_loss":0,"event_name":"Upgrade Shrine","floor":11,"gold_loss":0,"cards_upgraded":["Fluid Movement"]},{"damage_healed":0,"gold_gain":0,"player_choice":"Fought Bandits","damage_taken":0,"max_hp_gain":0,"max_hp_loss":0,"event_name":"Masked Bandits","floor":19,"gold_loss":0},{"damage_healed":0,"gold_gain":100,"player_choice":"Pray","damage_taken":0,"max_hp_gain":0,"max_hp_loss":0,"event_name":"Golden Shrine","floor":45,"gold_loss":0}],"is_beta":false,"boss_relics":[{"not_picked":["Replay:Wanted Poster","Cursed Key"],"picked":"hubris:TerracottaHorce"},{"not_picked":["Busted Crown","SacredBark"],"picked":"Sozu"}],"items_purged_floors":[22],"is_endless":false,"potions_floor_spawned":[2,7,14,16,18,33,44],"ascension_level":0}}