{"host":"f5n4tidiz2n5sooh","time":1609566867,"event":{"mods":["BaseMod","Bestiary","Colored Map","Minty Spire (QoL Compilation)","Relic Stats","StSLib"],"gold_per_floor":[115,134,134,149,173,173,199,238,265,281,30,30,65,78,78,167,167,183,98,98,98,123,123,138,138,164,187,200,219,48,48,48,48,48],"floor_reached":33,"playtime":936,"items_purged":[],"score":518,"play_id":"097de7dd-59a2-4a12-8042-929b7aaa67a6","local_time":"20210101235427","is_ascension_mode":true,"campfire_choices":[{"data":"Bash","floor":6,"key":"SMITH"},{"data":"Feel No Pain","floor":12,"key":"SMITH"},{"data":"Sever Soul","floor":15,"key":"SMITH"},{"data":"Disarm","floor":23,"key":"SMITH"},{"data":"Second Wind","floor":25,"key":"SMITH"},{"data":"Immolate","floor":32,"key":"SMITH"}],"circlet_count":0,"master_deck":["AscendersBane","Strike_R+1","Strike_R+1","Strike_R+1","Strike_R+1","Strike_R+1","Defend_R+1","Defend_R+1","Defend_R+1","Defend_R+1","Bash+1","Sever Soul+1","Clothesline","Pommel Strike","Shrug It Off","Blood for Blood","Pommel Strike","Feel No Pain+1","Exhume","Disarm+1","Immolate+1","Necronomicurse","Second Wind+1","Disarm+1"],"relics":["Coffee Dripper","Golden Idol","Odd Mushroom","Strawberry","Orichalcum","War Paint","Pen Nib","Velvet Choker","HornCleat","Necronomicon","Toy Ornithopter","Juzu Bracelet"],"acts_visited":["Exordium","TheCity"],"potions_floor_usage":[5,7,8,16,29,33],"damage_taken":[{"damage":0,"enemies":"2 Louse","floor":1,"turns":3},{"damage":12,"enemies":"Jaw Worm","floor":2,"turns":2},{"damage":0,"enemies":"Cultist","floor":4,"turns":3},{"damage":0,"enemies":"3 Louse","floor":5,"turns":1},{"damage":18,"enemies":"The Mushroom Lair","floor":7,"turns":3},{"damage":8,"enemies":"Gremlin Nob","floor":8,"turns":3},{"damage":0,"enemies":"Large Slime","floor":10,"turns":2},{"damage":8,"enemies":"3 Sentries","floor":13,"turns":8},{"damage":2,"enemies":"Looter","floor":14,"turns":2},{"damage":15,"enemies":"Hexaghost","floor":16,"turns":11},{"damage":1,"enemies":"Chosen","floor":18,"turns":5},{"damage":7,"enemies":"Shell Parasite","floor":22,"turns":2},{"damage":0,"enemies":"Cultist and Chosen","floor":24,"turns":5},{"damage":18,"enemies":"Snake Plant","floor":27,"turns":3},{"damage":0,"enemies":"Chosen and Byrds","floor":28,"turns":4},{"damage":22,"enemies":"Shelled Parasite and Fungi","floor":29,"turns":4},{"damage":23,"enemies":"Collector","floor":33,"turns":5}],"seed_played":"-9057518699738305728","potions_obtained":[{"floor":1,"key":"Explosive Potion"},{"floor":4,"key":"DistilledChaos"},{"floor":5,"key":"Regen Potion"},{"floor":13,"key":"DistilledChaos"},{"floor":24,"key":"Dexterity Potion"},{"floor":28,"key":"Regen Potion"}],"is_trial":false,"path_per_floor":["M","M","?","M","M","R","?","E","T","M","$","R","E","M","R","B",null,"M","?","?","?","M","R","M","R","T","M","M","M","$","?","R","B"],"character_chosen":"IRONCLAD","items_purchased":["Feel No Pain","War Paint","Juzu Bracelet"],"campfire_rested":0,"item_purchase_floors":[11,11,30],"current_hp_per_floor":[68,56,56,56,56,56,38,46,46,46,46,46,38,36,36,21,62,61,61,40,40,33,33,33,33,33,15,15,10,10,10,10,0,0],"gold":48,"neow_bonus":"BOSS_RELIC","is_daily":false,"chose_seed":false,"campfire_upgraded":6,"win_rate":0.0,"timestamp":1609566867,"path_taken":["M","M","?","M","M","R","?","E","T","M","$","R","E","M","R","BOSS","M","?","?","?","M","R","M","R","T","M","M","?","?","?","R","BOSS"],"items_purchased_type":["Card","Relic","Relic"],"build_version":"2020-12-22","purchased_purges":0,"victory":false,"max_hp_per_floor":[75,75,68,68,68,68,68,75,75,75,75,75,75,75,75,75,75,75,75,75,75,75,75,75,75,75,75,75,75,75,75,75,75,75],"relic_stats":{"counters":[17,66],"Golden Idol":75,"Pen Nib":[9],"Necronomicon":[19],"Juzu Bracelet":0,"Orichalcum":[132],"War Paint":["Defend_R","Defend_R"],"obtain_stats":[{"Golden Idol":3,"Velvet Choker":17,"Pen Nib":13,"Juzu Bracelet":30,"Odd Mushroom":7,"Orichalcum":9,"War Paint":11,"Burning Blood":0,"HornCleat":19,"Strawberry":8,"Coffee Dripper":0,"Necronomicon":20,"Toy Ornithopter":26},{"Golden Idol":2,"Velvet Choker":10,"Pen Nib":8,"Juzu Bracelet":16,"Odd Mushroom":5,"Orichalcum":6,"War Paint":7,"Burning Blood":0,"HornCleat":11,"Strawberry":6,"Coffee Dripper":0,"Necronomicon":11,"Toy Ornithopter":13},{"Golden Idol":5,"Velvet Choker":38,"Pen Nib":25,"Juzu Bracelet":61,"Odd Mushroom":12,"Orichalcum":15,"War Paint":17,"Burning Blood":0,"HornCleat":43,"Strawberry":15,"Coffee Dripper":0,"Necronomicon":43,"Toy Ornithopter":50}],"Toy Ornithopter":10},"card_choices":[{"not_picked":["Dropkick","Iron Wave"],"picked":"Sever Soul","floor":1},{"not_picked":["Clash","Wild Strike"],"picked":"Clothesline","floor":2},{"not_picked":["Whirlwind","Sword Boomerang"],"picked":"Pommel Strike","floor":4},{"not_picked":["Hemokinesis","Flex","Heavy Blade"],"picked":"SKIP","floor":5},{"not_picked":["Cleave","Clash"],"picked":"Shrug It Off","floor":7},{"not_picked":["Uppercut","Infernal Blade"],"picked":"Blood for Blood","floor":8},{"not_picked":["Sword Boomerang","Warcry"],"picked":"Pommel Strike","floor":10},{"not_picked":["Uppercut","True Grit"],"picked":"Exhume","floor":13},{"not_picked":["Armaments","Perfected Strike"],"picked":"Disarm","floor":14},{"not_picked":["Limit Break","Offering"],"picked":"Immolate","floor":16},{"not_picked":["Sword Boomerang","Armaments","Havoc"],"picked":"SKIP","floor":18},{"not_picked":["Second Wind","Intimidate"],"picked":"Disarm+1","floor":22},{"not_picked":["Bloodletting","Flex","Metallicize"],"picked":"SKIP","floor":24},{"not_picked":["Evolve","Armaments","Ghostly Armor"],"picked":"SKIP","floor":27},{"not_picked":["Anger","Twin Strike","Thunderclap"],"picked":"SKIP","floor":28},{"not_picked":["Whirlwind","Brutality","Anger"],"picked":"SKIP","floor":29}],"player_experience":1960763,"relics_obtained":[{"floor":7,"key":"Odd Mushroom"},{"floor":8,"key":"Strawberry"},{"floor":9,"key":"Orichalcum"},{"floor":13,"key":"Pen Nib"},{"floor":20,"key":"Necronomicon"},{"floor":26,"key":"Toy Ornithopter"}],"event_choices":[{"damage_healed":0,"gold_gain":0,"player_choice":"Lose Max HP","damage_taken":0,"relics_obtained":["Golden Idol"],"max_hp_gain":0,"max_hp_loss":7,"event_name":"Golden Idol","floor":3,"gold_loss":0},{"damage_healed":0,"gold_gain":0,"player_choice":"Fought Mushrooms","damage_taken":0,"max_hp_gain":0,"max_hp_loss":0,"event_name":"Mushrooms","floor":7,"gold_loss":0},{"damage_healed":0,"gold_gain":0,"player_choice":"Obtained Relic","damage_taken":0,"relics_obtained":["HornCleat"],"max_hp_gain":0,"max_hp_loss":0,"event_name":"Addict","floor":19,"gold_loss":85},{"damage_healed":0,"gold_gain":0,"player_choice":"Obtained Book","damage_taken":21,"max_hp_gain":0,"max_hp_loss":0,"event_name":"Cursed Tome","floor":20,"gold_loss":0},{"damage_healed":0,"gold_gain":0,"player_choice":"Read","damage_taken":0,"max_hp_gain":0,"max_hp_loss":0,"event_name":"The Library","floor":21,"gold_loss":0,"cards_obtained":["Second Wind"]},{"damage_healed":0,"gold_gain":0,"player_choice":"Simplicity","damage_taken":0,"max_hp_gain":0,"max_hp_loss":0,"event_name":"Back to Basics","floor":31,"gold_loss":0,"cards_upgraded":["Strike_R","Strike_R","Strike_R","Strike_R","Strike_R","Defend_R","Defend_R"]}],"is_beta":false,"boss_relics":[{"not_picked":["Runic Dome","Busted Crown"],"picked":"Velvet Choker"}],"items_purged_floors":[],"is_endless":false,"potions_floor_spawned":[1,4,5,13,24,28],"killed_by":"Collector","ascension_level":20}}