{"host":"k6u7q08ihsmpx7o5","time":1609629105,"event":{"mods":["BaseMod","Bestiary","Minty Spire (QoL Compilation)","StSLib"],"gold_per_floor":[110,120,140,65,65,65,80,109,109,137,157,186,239,257,257,329,329,345,54,54,66,66,99,126,126,150,183,195,195,195,214,214,291,291,311,330,3,3,19,48,48,73,112,175,204,216,248,271,283,295,307,307],"floor_reached":51,"playtime":4694,"items_purged":["Defend_G"],"score":1614,"play_id":"a43da2cf-0db2-423f-abfb-dbc8e3f13375","local_time":"20210103001145","is_ascension_mode":true,"campfire_choices":[{"data":"Neutralize","floor":6.0,"key":"SMITH"},{"data":"Noxious Fumes","floor":15.0,"key":"SMITH"},{"data":"Seeing Red","floor":25,"key":"SMITH"},{"data":"Exhume","floor":29,"key":"SMITH"},{"data":"Terror","floor":32,"key":"SMITH"},{"data":"Sadistic Nature","floor":41,"key":"SMITH"},{"data":"Go for the Eyes","floor":46,"key":"SMITH"},{"floor":49,"key":"RECALL"}],"circlet_count":0,"master_deck":["AscendersBane","Strike_G+1","Strike_G+1","Strike_G+1","Defend_G+1","Defend_G+1","Survivor","Neutralize+1","Terror+1","Deadly Poison","Corpse Explosion","Noxious Fumes+1","Die Die Die","Deadly Poison","Crippling Poison","Grand Finale","CurseOfTheBell","PiercingWail","EmptyBody+1","Seeing Red+1","Exhume+1","Chill","Sadistic Nature+1","Escape Plan","Havoc+1","Forethought+1","Go for the Eyes+1","Stack+1"],"relics":["Runic Pyramid","Odd Mushroom","Gambling Chip","Bottled Lightning","Oddly Smooth Stone","Calling Bell","Nunchaku","Eternal Feather","Unceasing Top","PrismaticShard","Nloth\u0027s Gift","Peace Pipe","Tiny Chest","Pantograph","Empty Cage","Thread and Needle","Paper Crane","MawBank","Pen Nib","PreservedInsect"],"acts_visited":["Exordium","TheCity","TheBeyond"],"potions_floor_usage":[23,28,40],"damage_taken":[{"damage":3.0,"enemies":"Cultist","floor":1.0,"turns":4.0},{"damage":0.0,"enemies":"2 Louse","floor":2.0,"turns":3.0},{"damage":1.0,"enemies":"Small Slimes","floor":3.0,"turns":4.0},{"damage":15.0,"enemies":"3 Louse","floor":7.0,"turns":3.0},{"damage":7.0,"enemies":"The Mushroom Lair","floor":8.0,"turns":2.0},{"damage":9.0,"enemies":"3 Sentries","floor":10.0,"turns":4.0},{"damage":3.0,"enemies":"Looter","floor":11.0,"turns":3.0},{"damage":17.0,"enemies":"Gremlin Nob","floor":12.0,"turns":4.0},{"damage":0.0,"enemies":"Exordium Thugs","floor":14.0,"turns":4.0},{"damage":0.0,"enemies":"The Guardian","floor":16.0,"turns":8.0},{"damage":19.0,"enemies":"2 Thieves","floor":18.0,"turns":2.0},{"damage":0.0,"enemies":"3 Byrds","floor":21.0,"turns":3.0},{"damage":14,"enemies":"Book of Stabbing","floor":23,"turns":5},{"damage":7,"enemies":"Gremlin Leader","floor":27,"turns":8},{"damage":22,"enemies":"Snake Plant","floor":28,"turns":4},{"damage":0,"enemies":"3 Cultists","floor":31,"turns":3},{"damage":25,"enemies":"Automaton","floor":33,"turns":9},{"damage":11,"enemies":"Orb Walker","floor":35,"turns":4},{"damage":0,"enemies":"3 Shapes","floor":36,"turns":3},{"damage":0,"enemies":"3 Darklings","floor":39,"turns":4},{"damage":0,"enemies":"Nemesis","floor":40,"turns":7},{"damage":42,"enemies":"Giant Head","floor":42,"turns":9},{"damage":1,"enemies":"4 Shapes","floor":45,"turns":2},{"damage":3,"enemies":"Writhing Mass","floor":47,"turns":5},{"damage":0,"enemies":"Maw","floor":48,"turns":8},{"damage":74,"enemies":"Donu and Deca","floor":50,"turns":8},{"damage":50,"enemies":"Time Eater","floor":51,"turns":11}],"seed_played":"7325385148588493030","potions_obtained":[{"floor":3.0,"key":"FairyPotion"},{"floor":7.0,"key":"SmokeBomb"},{"floor":12.0,"key":"SteroidPotion"},{"floor":21.0,"key":"Dexterity Potion"},{"floor":23,"key":"SkillPotion"},{"floor":31,"key":"Swift Potion"},{"floor":35,"key":"EssenceOfSteel"},{"floor":45,"key":"Explosive Potion"},{"floor":47,"key":"Dexterity Potion"}],"is_trial":false,"path_per_floor":["M","M","M","?","?","R","M","?","T","E","M","E","T","M","R","B",null,"M","$","?","M","?","E","T","R","T","E","M","R","?","M","R","B",null,"M","M","$","$","M","E","R","E","T","T","M","R","M","M","R","B","B"],"character_chosen":"THE_SILENT","items_purchased":["PiercingWail","PrismaticShard","Thread and Needle"],"campfire_rested":0,"item_purchase_floors":[19,19,37],"current_hp_per_floor":[56,56,55,55,55,55,40,33,33,24,21,4,4,4,4,4,51,32,32,32,32,32,18,18,30,30,23,1,13,66,66,66,41,60,49,49,49,49,49,49,64,22,22,22,21,36,33,33,48,19,0,0],"gold":307,"neow_bonus":"BOSS_RELIC","is_daily":false,"chose_seed":false,"campfire_upgraded":7,"win_rate":0.0,"timestamp":1609629105,"path_taken":["M","M","?","?","?","R","M","?","T","E","M","E","?","?","R","BOSS","M","$","?","?","?","E","?","R","T","E","?","R","?","M","R","BOSS","M","M","?","$","M","E","R","E","T","?","M","R","M","M","R","BOSS","BOSS"],"items_purchased_type":["Card","Relic","Relic"],"build_version":"2020-12-22","purchased_purges":1,"victory":false,"max_hp_per_floor":[66,66,66,66,66,66,66,66,66,66,66,66,66,66,66,66,66,66,66,66,66,66,66,66,66,66,66,66,66,66,66,66,66,66,66,66,66,66,66,66,66,66,66,66,66,66,66,66,66,66,66,66],"card_choices":[{"not_picked":["Acrobatics","Poisoned Stab"],"picked":"Terror","floor":1.0},{"not_picked":["Deflect","Bane","Escape Plan"],"picked":"SKIP","floor":2.0},{"not_picked":["Well Laid Plans","Caltrops"],"picked":"Deadly Poison","floor":3.0},{"not_picked":["Dodge and Roll","Terror","Infinite Blades"],"picked":"SKIP","floor":7.0},{"not_picked":["Predator","Outmaneuver"],"picked":"All Out Attack","floor":8.0},{"not_picked":["Blade Dance","Dodge and Roll"],"picked":"Noxious Fumes","floor":10.0},{"not_picked":["Backstab","Calculated Gamble"],"picked":"Die Die Die","floor":11.0},{"not_picked":["Escape Plan","Predator"],"picked":"Deadly Poison","floor":12.0},{"not_picked":["Endless Agony","Dodge and Roll"],"picked":"Crippling Poison","floor":14.0},{"not_picked":["Phantasmal Killer","Corpse Explosion"],"picked":"Grand Finale","floor":16.0},{"not_picked":["Predator","Sucker Punch","Terror"],"picked":"SKIP","floor":18.0},{"not_picked":["Sword Boomerang","Quick Slash"],"picked":"EmptyBody+1","floor":21.0},{"not_picked":["ReachHeaven","Beam Cell"],"picked":"Seeing Red","floor":23},{"not_picked":["LikeWater","Iron Wave"],"picked":"Exhume","floor":27},{"not_picked":["FlurryOfBlows","Consume","Halt"],"picked":"SKIP","floor":28},{"not_picked":["FTL","Glass Knife","Chill"],"picked":"SKIP","floor":31},{"not_picked":["FTL","Glass Knife"],"picked":"Chill","floor":31},{"not_picked":["Scrawl","Core Surge"],"picked":"Sadistic Nature","floor":33},{"not_picked":["Conclude","SignatureMove"],"picked":"Escape Plan","floor":35},{"not_picked":["Thunderclap","White Noise"],"picked":"Havoc+1","floor":36},{"not_picked":["Rage","Cleave","Headbutt"],"picked":"SKIP","floor":39},{"not_picked":["Fusion+1","Metamorphosis"],"picked":"Forethought+1","floor":40},{"not_picked":["FlurryOfBlows","Concentrate","Chrysalis"],"picked":"SKIP","floor":42},{"not_picked":["Rampage","Heavy Blade"],"picked":"Go for the Eyes","floor":45},{"not_picked":["Thunder Strike","Bloodletting"],"picked":"Stack+1","floor":47},{"not_picked":["Stack","Intimidate","All Out Attack"],"picked":"SKIP","floor":48}],"player_experience":1938728,"relics_obtained":[{"floor":8.0,"key":"Odd Mushroom"},{"floor":9.0,"key":"Gambling Chip"},{"floor":10.0,"key":"Bottled Lightning"},{"floor":12.0,"key":"Oddly Smooth Stone"},{"floor":13.0,"key":"Bronze Scales"},{"floor":17.0,"key":"Nunchaku"},{"floor":17.0,"key":"Eternal Feather"},{"floor":17.0,"key":"Unceasing Top"},{"floor":23,"key":"Peace Pipe"},{"floor":26,"key":"Tiny Chest"},{"floor":27,"key":"Pantograph"},{"floor":40,"key":"Paper Crane"},{"floor":42,"key":"MawBank"},{"floor":43,"key":"Pen Nib"},{"floor":44,"key":"PreservedInsect"}],"event_choices":[{"cards_removed":["Defend_G"],"damage_healed":0.0,"max_hp_gain":0.0,"max_hp_loss":0.0,"gold_gain":0.0,"event_name":"The Cleric","player_choice":"Card Removal","floor":4.0,"gold_loss":75.0,"damage_taken":0.0},{"damage_healed":0.0,"max_hp_gain":0.0,"max_hp_loss":0.0,"gold_gain":0.0,"cards_transformed":["Strike_G"],"event_name":"Living Wall","player_choice":"Change","floor":5.0,"gold_loss":0.0,"damage_taken":0.0,"cards_obtained":["Corpse Explosion"]},{"damage_healed":0.0,"max_hp_gain":0.0,"max_hp_loss":0.0,"gold_gain":0.0,"event_name":"Mushrooms","player_choice":"Fought Mushrooms","floor":8.0,"gold_loss":0.0,"damage_taken":0.0},{"damage_healed":0.0,"max_hp_gain":0.0,"max_hp_loss":0.0,"gold_gain":0.0,"event_name":"N\u0027loth","player_choice":"Traded Relic","floor":20.0,"relics_lost":["Bronze Scales"],"gold_loss":0.0,"damage_taken":0.0,"relics_obtained":["Nloth\u0027s Gift"]},{"damage_healed":0.0,"max_hp_gain":0.0,"max_hp_loss":0.0,"gold_gain":0.0,"event_name":"Back to Basics","player_choice":"Simplicity","floor":22.0,"gold_loss":0.0,"damage_taken":0.0,"cards_upgraded":["Strike_G","Strike_G","Strike_G","Strike_G","Defend_G","Defend_G","Defend_G"]},{"cards_removed":["All Out Attack"],"damage_healed":53,"gold_gain":0,"player_choice":"Offered Uncommon","damage_taken":0,"max_hp_gain":0,"max_hp_loss":0,"event_name":"Bonfire Elementals","floor":30,"gold_loss":0}],"is_beta":false,"boss_relics":[{"not_picked":["Cursed Key","Snecko Eye"],"picked":"Calling Bell"},{"not_picked":["Philosopher\u0027s Stone","HoveringKite"],"picked":"Empty Cage"}],"items_purged_floors":[19],"is_endless":false,"potions_floor_spawned":[3,7,12,14,21,23,31,35,39,45,47,48],"killed_by":"Time Eater","ascension_level":20}}