{"host":"0nndazl0keusavit","time":1609586137,"event":{"mods":["AchievementEnabler","BaseMod","Colored Map","Curses Come First","Highlight Path","Minty Spire (QoL Compilation)","Relic Stats","StSLib"],"gold_per_floor":[114,125,135,117,117,117,149,149,149,114,129,129,129,204,204,300,300,314,229,229,229,188,222,222,240,293,327,327,327],"floor_reached":28,"playtime":1015,"items_purged":[],"score":284,"play_id":"d34f589a-6895-4630-9e9c-3f434a212216","local_time":"20210102071537","is_ascension_mode":false,"campfire_choices":[{"floor":6.0,"key":"REST"},{"data":"Buffer","floor":12,"key":"SMITH"},{"data":"Genetic Algorithm","floor":15,"key":"SMITH"}],"circlet_count":0,"master_deck":["Strike_B","Strike_B","Defend_B","Defend_B+1","Defend_B","Zap","Dualcast","Buffer+1","Ball Lightning","Coolheaded","Seek+1","Genetic Algorithm+1","Undo","Echo Form","Hologram+1","Consume","Beam Cell","Lockon","Loop"],"relics":["Cracked Core","HornCleat","Fusion Hammer","Singing Bowl","Bottled Flame","Ancient Tea Set","Red Mask"],"acts_visited":["Exordium","TheCity"],"potions_floor_usage":[16,16],"damage_taken":[{"damage":1.0,"enemies":"Jaw Worm","floor":1.0,"turns":3.0},{"damage":0.0,"enemies":"Small Slimes","floor":2.0,"turns":3.0},{"damage":0.0,"enemies":"2 Louse","floor":3.0,"turns":2.0},{"damage":24.0,"enemies":"Exordium Thugs","floor":4.0,"turns":4.0},{"damage":13.0,"enemies":"Lagavulin","floor":7.0,"turns":7.0},{"damage":20,"enemies":"Exordium Wildlife","floor":11,"turns":5},{"damage":0,"enemies":"Slime Boss","floor":16,"turns":8},{"damage":10,"enemies":"3 Byrds","floor":18,"turns":5},{"damage":18,"enemies":"Book of Stabbing","floor":23,"turns":8},{"damage":5,"enemies":"Shell Parasite","floor":25,"turns":6},{"damage":28,"enemies":"Masked Bandits","floor":27,"turns":5},{"damage":23,"enemies":"Slavers","floor":28,"turns":1}],"seed_played":"1847588233177915618","potions_obtained":[{"floor":2.0,"key":"BlessingOfTheForge"},{"floor":7.0,"key":"GamblersBrew"},{"floor":11,"key":"AttackPotion"},{"floor":27,"key":"Swift Potion"}],"is_trial":false,"path_per_floor":["M","M","M","M","?","R","E","$","T","?","M","R","?","?","R","B",null,"M","?","?","$","$","E","?","M","T","?","E"],"character_chosen":"DEFECT","items_purchased":["Consume"],"campfire_rested":1,"item_purchase_floors":[22],"current_hp_per_floor":[74,74,74,50,35,57,44,44,44,62,42,42,35,24,24,24,75,65,65,65,65,65,49,49,44,44,18,0,0],"gold":327,"neow_bonus":"ONE_RANDOM_RARE_CARD","is_daily":false,"chose_seed":false,"campfire_upgraded":2,"win_rate":0.0,"timestamp":1609586137,"path_taken":["M","M","M","M","?","R","E","$","T","?","M","R","?","?","R","BOSS","M","?","?","?","$","E","?","M","T","?","E"],"items_purchased_type":["Card"],"build_version":"2020-12-22","purchased_purges":0,"victory":false,"max_hp_per_floor":[75,75,75,75,75,75,75,75,75,75,75,75,75,75,75,75,75,75,75,75,75,75,77,77,77,77,79,79,79],"relic_stats":{"Singing Bowl":4,"counters":[12,57],"obtain_stats":[{"Bottled Flame":23,"HornCleat":9,"Singing Bowl":19,"Fusion Hammer":17,"Red Mask":27,"Cracked Core":0,"Ancient Tea Set":26},{"Bottled Flame":9,"HornCleat":5,"Singing Bowl":8,"Fusion Hammer":7,"Red Mask":11,"Cracked Core":0,"Ancient Tea Set":10},{"Bottled Flame":45,"HornCleat":19,"Singing Bowl":37,"Fusion Hammer":32,"Red Mask":56,"Cracked Core":0,"Ancient Tea Set":51}]},"card_choices":[{"not_picked":["Redo","Heatsinks","Hologram"],"picked":"SKIP","floor":1.0},{"not_picked":["Barrage","BootSequence"],"picked":"Ball Lightning","floor":2.0},{"not_picked":["Redo","Sweeping Beam"],"picked":"Coolheaded","floor":3.0},{"not_picked":["Redo","White Noise"],"picked":"Seek","floor":4.0},{"not_picked":["Compile Driver","Redo"],"picked":"Genetic Algorithm","floor":7.0},{"not_picked":["Conserve Battery","FTL"],"picked":"Undo","floor":11},{"not_picked":["Reboot","Biased Cognition"],"picked":"Echo Form","floor":16},{"not_picked":["Stack","Barrage"],"picked":"Hologram+1","floor":18},{"not_picked":["Meteor Strike","Undo","Gash+1"],"picked":"Singing Bowl","floor":23},{"not_picked":["Compile Driver+1","Sweeping Beam"],"picked":"Loop","floor":25},{"not_picked":["Double Energy","BootSequence","Reprogram"],"picked":"Singing Bowl","floor":27}],"player_experience":875530,"relics_obtained":[{"floor":9,"key":"HornCleat"},{"floor":23,"key":"Bottled Flame"},{"floor":26,"key":"Ancient Tea Set"},{"floor":27,"key":"Red Mask"}],"event_choices":[{"damage_healed":0.0,"max_hp_gain":0.0,"max_hp_loss":0.0,"gold_gain":0.0,"event_name":"Shining Light","player_choice":"Entered Light","floor":5.0,"gold_loss":0.0,"damage_taken":15.0,"cards_upgraded":["Seek","Defend_B"]},{"damage_healed":18,"gold_gain":0,"player_choice":"Healed","damage_taken":0,"max_hp_gain":0,"max_hp_loss":0,"event_name":"The Cleric","floor":10,"gold_loss":35},{"cards_removed":["Strike_B"],"damage_healed":0,"gold_gain":0,"player_choice":"Card Removal","damage_taken":7,"max_hp_gain":0,"max_hp_loss":0,"event_name":"Golden Wing","floor":13,"gold_loss":0},{"damage_healed":0,"gold_gain":75,"player_choice":"Gather Gold","damage_taken":11,"max_hp_gain":0,"max_hp_loss":0,"event_name":"World of Goop","floor":14,"gold_loss":0},{"damage_healed":0,"gold_gain":0,"player_choice":"Obtained Relic","damage_taken":0,"relics_obtained":["Singing Bowl"],"max_hp_gain":0,"max_hp_loss":0,"event_name":"Addict","floor":19,"gold_loss":85},{"damage_healed":0,"gold_gain":0,"player_choice":"Ignored","damage_taken":0,"max_hp_gain":0,"max_hp_loss":0,"event_name":"Ghosts","floor":20,"gold_loss":0},{"damage_healed":0,"gold_gain":0,"cards_transformed":["Defend_B","Strike_B"],"player_choice":"Became Test Subject","damage_taken":0,"max_hp_gain":0,"max_hp_loss":0,"event_name":"Drug Dealer","floor":24,"gold_loss":0,"cards_obtained":["Beam Cell","Lockon"]},{"damage_healed":0,"gold_gain":0,"player_choice":"Fought Bandits","damage_taken":0,"max_hp_gain":0,"max_hp_loss":0,"event_name":"Masked Bandits","floor":27,"gold_loss":0}],"is_beta":false,"boss_relics":[{"not_picked":["SacredBark","Velvet Choker"],"picked":"Fusion Hammer"}],"items_purged_floors":[],"is_endless":false,"potions_floor_spawned":[2,7,11,27],"killed_by":"Slavers","ascension_level":0}}