{"host":"d1za9dvx43o9v494","time":1609545870,"event":{"mods":["2.2 Compatiblity","BaseMod","Better-Laid Plans","Colored Map","Downfall","Emptier Cage","Minty Spire (QoL Compilation)","Permanent Neow","StSLib"],"gold_per_floor":[99,99,99,156,173,173,173,190,90,108,122,136,152,186,206,206,206,206],"floor_reached":16,"playtime":786,"items_purged":[],"score":162,"play_id":"7a094cbf-e72d-434d-975c-9d4e4f96ec7d","local_time":"20210102030430","is_ascension_mode":true,"campfire_choices":[{"floor":1,"key":"RECALL"},{"data":"Slimebound:Split","floor":9,"key":"SMITH"}],"circlet_count":0,"master_deck":["Slimebound:Strike_Slimebound","Slimebound:Strike_Slimebound","Slimebound:Strike_Slimebound","Slimebound:Tackle","Slimebound:Defend_Slimebound","Slimebound:Defend_Slimebound","Slimebound:Defend_Slimebound","Slimebound:Defend_Slimebound","Slimebound:Split+1","Slimebound:CorrosiveSpit","Slimebound:ViciousTackle","Slimebound:SplitLeeching","Slimebound:SplitBruiser","Slimebound:SplitLeeching","Slimebound:SplitSpecialist","Slimebound:SplitMire"],"relics":["Slimebound:AbsorbEndCombat","downfall:HeartsMalice","Vajra","downfall:HeartBlessingRed","The Courier"],"acts_visited":["Exordium"],"potions_floor_usage":[14],"damage_taken":[{"damage":0,"enemies":"Jaw Worm","floor":2,"turns":1},{"damage":0,"enemies":"2 Louse","floor":3,"turns":1},{"damage":0,"enemies":"Lagavulin Event","floor":4,"turns":1},{"damage":1,"enemies":"Cultist","floor":5,"turns":3},{"damage":13,"enemies":"Lots of Slimes","floor":8,"turns":5},{"damage":18,"enemies":"Gremlin Gang","floor":10,"turns":4},{"damage":15,"enemies":"3 Louse","floor":11,"turns":2},{"damage":10,"enemies":"Exordium Thugs","floor":12,"turns":5},{"damage":4,"enemies":"Large Slime","floor":13,"turns":5},{"damage":0,"enemies":"Lagavulin","floor":14,"turns":5},{"damage":7,"enemies":"Red Slaver","floor":15,"turns":3},{"damage":12,"enemies":"downfall:Ironclad","floor":16,"turns":1}],"seed_played":"-2102215133947406508","potions_obtained":[{"floor":6,"key":"BlessingOfTheForge"},{"floor":6,"key":"DistilledChaos"},{"floor":6,"key":"SmokeBomb"},{"floor":8,"key":"DistilledChaos"},{"floor":15,"key":"Dexterity Potion"}],"is_trial":false,"path_per_floor":["R","M","M","?","M","?","T","M","R","M","M","M","M","E","M","B"],"character_chosen":"SLIMEBOUND","items_purchased":[],"campfire_rested":0,"item_purchase_floors":[],"current_hp_per_floor":[65,65,65,65,65,65,65,53,53,37,22,15,14,16,10,0,0,0],"gold":206,"neow_bonus":"THREE_ENEMY_KILL","is_daily":false,"chose_seed":false,"campfire_upgraded":1,"win_rate":0.0,"timestamp":1609545870,"path_taken":["R","M","M","?","M","?","T","?","R","?","?","M","M","E","M","BOSS"],"items_purchased_type":[],"build_version":"2020-12-22","purchased_purges":0,"victory":false,"max_hp_per_floor":[65,65,65,65,65,65,65,65,65,65,65,65,65,65,65,65,65,65],"card_choices":[{"not_picked":["Slimebound:GoopSpray","Slimebound:ComboTackle","Slimebound:AcidTongue"],"picked":"SKIP","floor":2},{"not_picked":["Slimebound:LeechEnergy","Slimebound:AcidTongue"],"picked":"Slimebound:ViciousTackle","floor":3},{"not_picked":["Slimebound:Nibble","Slimebound:HungryTackle"],"picked":"Slimebound:SplitLeeching","floor":4},{"not_picked":["Slimebound:SlimeTap","Slimebound:ServeAndProtect"],"picked":"Slimebound:SplitBruiser","floor":5},{"not_picked":["Slimebound:Schlurp","Slimebound:RainOfGoop"],"picked":"Slimebound:SplitLeeching","floor":8},{"not_picked":["Slimebound:DivideAndConquer","Slimebound:Chomp"],"picked":"Slimebound:SplitSpecialist","floor":10},{"not_picked":["Slimebound:SlimeSpikes","Slimebound:Gluttony","Slimebound:Recollect"],"picked":"SKIP","floor":11},{"not_picked":["Slimebound:SlimeSlap","Slimebound:SplitBruiser","Slimebound:ServeAndProtect"],"picked":"SKIP","floor":12},{"not_picked":["Slimebound:DivideAndConquer","Slimebound:SplitLeeching","Slimebound:SpikyOuterGoop"],"picked":"SKIP","floor":13},{"not_picked":["Slimebound:DivideAndConquer","Slimebound:SplitLeeching","Slimebound:SpikyOuterGoop"],"picked":"SKIP","floor":13},{"not_picked":["Slimebound:SlimeSlap","Slimebound:ComboTackle","Slimebound:Gluttony"],"picked":"SKIP","floor":14},{"not_picked":["Slimebound:MegaLick","Slimebound:Gluttony"],"picked":"Slimebound:SplitMire","floor":15}],"player_experience":610440,"relics_obtained":[{"floor":4,"key":"Vajra"},{"floor":14,"key":"The Courier"}],"event_choices":[{"damage_healed":0,"gold_gain":0,"player_choice":"Got Potions","damage_taken":0,"max_hp_gain":0,"max_hp_loss":0,"event_name":"Lab","floor":6,"gold_loss":0}],"is_beta":false,"boss_relics":[],"items_purged_floors":[],"is_endless":false,"potions_floor_spawned":[8,10,11,15],"killed_by":"downfall:Ironclad","ascension_level":1}}