{"host":"rylkjufw9dlhr07b","time":1609607348,"event":{"mods":["AchievementEnabler","BaseMod","Better Note","BetterRewards","Hubris","Minty Spire (QoL Compilation)","Quick Restart","Replay The Spire","StSLib"],"gold_per_floor":[109,129,129,149,246,246,136,156,180,180,180,180,193,241,241,340,340,351,351,266,284,299,299,316,316,316,35,35,54,65,65,126,230,230,245,145,145,155,170,170,170,185,185,185,231,352,503,549,549,704],"floor_reached":51,"playtime":2274,"items_purged":[],"score":1107,"play_id":"ea3b0cc1-a759-4ee3-8a43-0f426ba60e2c","local_time":"20210102180908","is_ascension_mode":true,"campfire_choices":[{"floor":6,"key":"REST"},{"data":"Dramatic Entrance","floor":10,"key":"SMITH"},{"data":"Noxious Fumes","floor":12,"key":"SMITH"},{"data":"Finisher","floor":15,"key":"SMITH"},{"data":"Feed","floor":23,"key":"SMITH"},{"floor":28,"key":"REST"},{"floor":40,"key":"REST"},{"floor":44,"key":"REST"},{"floor":49,"key":"REST"}],"circlet_count":0,"master_deck":["AscendersBane","Strike_G","Strike_G","Strike_G","Strike_G","Strike_G","Defend_G","Defend_G","Defend_G","Defend_G","Defend_G","Survivor","Neutralize","Finesse","Noxious Fumes","Sucker Punch","Sucker Punch","Dramatic Entrance+1","Dodge and Roll","Deadly Poison","Dodge and Roll","Cloak And Dagger","Underhanded Strike","Footwork","Noxious Fumes+1","Dodge and Roll","Finisher+1","Glass Knife","Feed+1","Deflect+1","Toxin Wave","Blade Dance","Escape Plan","Escape Plan","Heel Hook","ReplayTheSpireMod:Scrap Shanks","Swift Strike","Dagger Throw","Replay:Bag of Tricks","Flash of Steel","Infinite Blades+1","Cloak And Dagger+1","A Thousand Cuts","Cloak And Dagger+1","Sneak Up+1"],"relics":["Ring of the Snake","Strawberry","Ice Cream","Membership Card","WingedGreaves","hubris:OldNail","DollysMirror","ReplayTheSpireMod:TigerMarble","WristBlade","Potion Belt","Orichalcum","Darkstone Periapt","Nloth\u0027s Gift","SlaversCollar","Replay:Bandana","Byrd Skull"],"acts_visited":["Exordium","TheCity","TheBeyond"],"potions_floor_usage":[16,24,24,29,33,33,35,39,50,50,50],"damage_taken":[{"damage":0,"enemies":"Cultist","floor":1,"turns":4},{"damage":0,"enemies":"Small Slimes","floor":2,"turns":2},{"damage":0,"enemies":"2 Louse","floor":4,"turns":2},{"damage":0,"enemies":"2 Fungi Beasts","floor":8,"turns":3},{"damage":0,"enemies":"Large Slime","floor":13,"turns":6},{"damage":25,"enemies":"The Guardian","floor":16,"turns":9},{"damage":4,"enemies":"Shell Parasite","floor":18,"turns":6},{"damage":0,"enemies":"Chosen","floor":21,"turns":4},{"damage":17,"enemies":"Shelled Parasite and Fungi","floor":22,"turns":8},{"damage":24,"enemies":"Chosen and Byrds","floor":24,"turns":6},{"damage":12,"enemies":"Sentry and Sphere","floor":29,"turns":3},{"damage":3,"enemies":"Centurion and Healer","floor":30,"turns":9},{"damage":40,"enemies":"hubris:MusketHawk","floor":33,"turns":10},{"damage":7,"enemies":"3 Shapes","floor":35,"turns":3},{"damage":6,"enemies":"Orb Walker","floor":38,"turns":2},{"damage":40,"enemies":"Transient","floor":39,"turns":5},{"damage":0,"enemies":"3 Darklings","floor":42,"turns":2},{"damage":11,"enemies":"4 Shapes","floor":45,"turns":3},{"damage":5,"enemies":"Transient","floor":46,"turns":5},{"damage":4,"enemies":"Giant Head","floor":47,"turns":5},{"damage":6,"enemies":"Sphere and 2 Shapes","floor":48,"turns":7},{"damage":5,"enemies":"Replay:Hell Engine","floor":50,"turns":6}],"seed_played":"-1678371930212611091","potions_obtained":[{"floor":1,"key":"SpeedPotion"},{"floor":2,"key":"PowerPotion"},{"floor":16,"key":"Strength Potion"},{"floor":25,"key":"DistilledChaos"},{"floor":25,"key":"Death Potion"},{"floor":25,"key":"Dexterity Potion"},{"floor":29,"key":"GamblersBrew"},{"floor":33,"key":"CultistPotion"},{"floor":35,"key":"SkillPotion"},{"floor":45,"key":"SpeedPotion"},{"floor":47,"key":"Dexterity Potion"}],"is_trial":false,"path_per_floor":["M","M","?","M","?","R","$","M","T","R","?","R","M","T","R","B",null,"M","?","?","M","M","R","M","?","T","$","R","M","M","?","R","B",null,"M","NS","?","M","M","R","?","M","T","R","M","M","E","M","R","B",null],"character_chosen":"THE_SILENT","items_purchased":["Strawberry","Finesse","Ice Cream","Membership Card","Noxious Fumes","Sucker Punch","Dramatic Entrance","Footwork","DollysMirror","Darkstone Periapt","Escape Plan","Heel Hook","ReplayTheSpireMod:Scrap Shanks","Swift Strike"],"campfire_rested":5,"item_purchase_floors":[0,0,0,0,0,0,0,7,7,27,27,27,27,27],"current_hp_per_floor":[33,33,36,36,36,60,60,60,60,60,65,65,65,65,65,40,74,70,70,70,73,56,56,36,36,36,36,63,51,52,52,52,16,79,76,76,76,70,30,61,61,61,61,92,81,76,76,70,102,97],"gold":704,"neow_bonus":"","is_daily":false,"chose_seed":false,"campfire_upgraded":4,"win_rate":0.0,"timestamp":1609607348,"path_taken":["M","?","?","M","?","R","$","M","T","R","?","R","?","?","R","BOSS","M","?","?","M","?","R","M","?","T","$","R","?","M","?","R","BOSS","M","NS","?","M","M","R","?","M","T","R","M","?","E","?","R","BOSS"],"items_purchased_type":["Relic","Card","Relic","Relic","Card","Card","Card","Card","Relic","Relic","Card","Card","Card","Card"],"build_version":"2020-12-22","purchased_purges":0,"victory":true,"max_hp_per_floor":[77,77,80,80,80,80,80,80,80,80,85,85,85,85,85,85,85,85,85,85,88,88,88,92,92,92,92,92,92,96,96,96,100,100,104,104,104,104,104,104,104,104,104,104,104,104,108,108,108,108],"card_choices":[{"not_picked":["Slice","Acrobatics"],"picked":"Dodge and Roll","floor":1},{"not_picked":["Bane","Endless Agony"],"picked":"Deadly Poison","floor":2},{"not_picked":["Deflect","Concentrate"],"picked":"Dodge and Roll","floor":4},{"not_picked":["hubris:Sniper","PiercingWail"],"picked":"Cloak And Dagger","floor":5},{"not_picked":["Outmaneuver","Predator"],"picked":"Underhanded Strike","floor":5},{"not_picked":["Poison Darts","Tactician"],"picked":"Dodge and Roll","floor":8},{"not_picked":["Acrobatics","Flying Knee"],"picked":"Finisher","floor":13},{"not_picked":["Die Die Die","Poison Darts"],"picked":"Glass Knife","floor":16},{"not_picked":["Acrobatics","Prepared","Calculated Gamble"],"picked":"SKIP","floor":18},{"not_picked":["PiercingWail","Cloak And Dagger"],"picked":"Deflect+1","floor":21},{"not_picked":["Deflect","ReplayTheSpireMod:Shiv Toss+1"],"picked":"Toxin Wave","floor":22},{"not_picked":["Distraction","Flying Knee+1"],"picked":"Blade Dance","floor":24},{"not_picked":["Sneak Up","Tactician"],"picked":"Quick Slash+1","floor":29},{"not_picked":["Leg Sweep","Masterful Stab"],"picked":"Dagger Throw","floor":30},{"not_picked":["Storm of Steel","Phantasmal Killer"],"picked":"Replay:Bag of Tricks","floor":33},{"not_picked":["Endless Agony+1","Sucker Punch"],"picked":"Dagger Spray+1","floor":35},{"not_picked":["Survey Options","Replay:Parry"],"picked":"Flash of Steel","floor":37},{"not_picked":["Escape Plan+1","Deadly Poison+1"],"picked":"Infinite Blades+1","floor":38},{"not_picked":["Dodge and Roll","Slice"],"picked":"Cloak And Dagger+1","floor":39},{"not_picked":["ReplayTheSpireMod:From All Sides","Poisoned Stab+1"],"picked":"A Thousand Cuts","floor":42},{"not_picked":["Setup","Dagger Spray+1","Caltrops"],"picked":"SKIP","floor":45},{"not_picked":["Choke+1","Hidden Blade"],"picked":"Cloak And Dagger+1","floor":46},{"not_picked":["Poison Darts","PiercingWail+1"],"picked":"Sneak Up+1","floor":47},{"not_picked":["Slice+1","Deflect+1","hubris:SlightOfHand"],"picked":"SKIP","floor":48}],"player_experience":508703,"relics_obtained":[{"floor":5,"key":"hubris:OldNail"},{"floor":9,"key":"ReplayTheSpireMod:TigerMarble"},{"floor":14,"key":"Akabeko"},{"floor":26,"key":"Orichalcum"},{"floor":43,"key":"Replay:Bandana"},{"floor":47,"key":"Byrd Skull"}],"event_choices":[{"damage_healed":0,"gold_gain":0,"player_choice":"Donut","damage_taken":0,"max_hp_gain":5,"max_hp_loss":0,"event_name":"Big Fish","floor":11,"gold_loss":0},{"cards_removed":["Noxious Fumes"],"damage_healed":0,"gold_gain":0,"player_choice":"Take \u0026 Give","damage_taken":0,"max_hp_gain":0,"max_hp_loss":0,"event_name":"betterNote:BetterNote","floor":19,"gold_loss":0,"cards_obtained":["Feed"]},{"damage_healed":0,"gold_gain":0,"player_choice":"Obtained Relic","damage_taken":0,"relics_obtained":["Potion Belt"],"max_hp_gain":0,"max_hp_loss":0,"event_name":"Addict","floor":20,"gold_loss":85},{"damage_healed":0,"gold_gain":0,"player_choice":"Got Potions","damage_taken":0,"max_hp_gain":0,"max_hp_loss":0,"event_name":"Lab","floor":25,"gold_loss":0},{"damage_healed":0,"gold_gain":0,"player_choice":"Traded Relic","damage_taken":0,"relics_obtained":["Nloth\u0027s Gift"],"max_hp_gain":0,"max_hp_loss":0,"event_name":"N\u0027loth","floor":31,"relics_lost":["Akabeko"],"gold_loss":0},{"damage_healed":0,"gold_gain":0,"player_choice":"Memory 1","damage_taken":0,"max_hp_gain":0,"max_hp_loss":0,"event_name":"SensoryStone","floor":37,"gold_loss":0},{"damage_healed":0,"gold_gain":0,"player_choice":"Ignored","damage_taken":0,"max_hp_gain":0,"max_hp_loss":0,"event_name":"SecretPortal","floor":41,"gold_loss":0}],"is_beta":false,"boss_relics":[{"not_picked":["Pandora\u0027s Box","Empty Cage"],"picked":"WristBlade"},{"not_picked":["hubris:Stopwatch","hubris:HollowSoul"],"picked":"SlaversCollar"}],"items_purged_floors":[],"is_endless":false,"potions_floor_spawned":[1,2,16,29,33,35,45,47],"ascension_level":10}}