{"host":"ixqzyafodex1tsi5","time":1609577927,"event":{"mods":["ATMod(°¢èªMod)","AchievementEnabler","Act Like it!","BaseMod","Gensokyo","GifTheSpireLib","Lobotomy","LobotomyExtend","Minty Spire (QoL Compilation)","Relic Stats","Replay The Spire","RumiaBox-Â¶Ã×æ«µÄÉñÃØºÐ×Ó","Spicy Shops","StSLib","The Cursed","[IsaacMod]ÒÔÈö¼âËþ","¡¾¹¦ÄÜMod¡¿»ìãçÖ®»·ÐÞ¸´²¹¶¡","¡¾ÒÅÎï¿¨ÅÆ¡¿REMEMod"],"gold_per_floor":[109,109,37,48,66,100,100,100,100,100,133,160,160,8,8,104,104,104,104,114,114,114,114,143,155,155,184,184,213,213,230,240,240,88,88,88,115,135,164,164,164,164,175,190,140,140,236,236,236,236,84,117,117],"floor_reached":23,"playtime":3152,"items_purged":["BodiesMountain"],"score":853,"play_id":"1e5256bb-6af6-40ab-a6f3-3d73ebb9743e","local_time":"20210102165847","is_ascension_mode":true,"campfire_choices":[{"data":"Armaments","floor":8.0,"key":"SMITH"},{"data":"ReplayTheSpireMod:Muscle Training","floor":10.0,"key":"SMITH"},{"data":"REME_Cut","floor":13.0,"key":"SMITH"},{"data":"Iron Wave","floor":15.0,"key":"SMITH"},{"data":"Reaper","floor":23.0,"key":"SMITH"},{"floor":28.0,"key":"RECALL"},{"data":"REME_Scribble","floor":10.0,"key":"SMITH"},{"data":"Replay:Undeath\u0027s Touch","floor":15.0,"key":"SMITH"},{"data":"Demonic Infusion","floor":19.0,"key":"SMITH"}],"circlet_count":0,"master_deck":["BigBird","Woodsman","DespairKnight","Armaments+1","Anger+1","ReplayTheSpireMod:Muscle Training+1","REME_Cut+1","Iron Wave+1","Feed+1","REME_Cut+1","Warcry+1","REME_ACTH+1","Reaper+1","Inflame+1","Dual Wield","Pommel Strike","Replay:Undeath\u0027s Touch+1","REME_Scribble+1","MHz","RedShoes","Burning Pact","Demonic Infusion+1","Replay:Undeath\u0027s Touch"],"relics":["HushsDoor","BFFS","CogitoBucket","RabbitCall","Void","GodSword7","Replay:M_SmolderingBlood","Bird Faced Urn","MagicDraw1","Odd Mushroom","AT_PhaseBoots","SolemnVow_r","Astrolabe","Moonlight_r","LuminousBracelet","ForgetMeNow","Red Mask","BelialBook","Ring of Misfortune","Ring of Peace","MagicBullet_r","ShedSkin_r","InspiredRelic","LetterFromLob","TheBattery","Centennial Puzzle","SwordSharpenedByTears_r","King of Hearts","TheSmile_r","HornCleat","Darkstone Periapt","AT_DeathDance","AtMidnight","TheAbacus","D4","Lamp_r"],"acts_visited":["Exordium","TheCity","TheEnding"],"potions_floor_usage":[22],"damage_taken":[{"damage":11.0,"enemies":"Cultist","floor":1.0,"turns":4.0},{"damage":11.0,"enemies":"2 Louse","floor":4.0,"turns":4.0},{"damage":7.0,"enemies":"Small Slimes","floor":5.0,"turns":5.0},{"damage":28.0,"enemies":"Gremlin Nob","floor":6.0,"turns":5.0},{"damage":13.0,"enemies":"Lagavulin","floor":11.0,"turns":7.0},{"damage":5.0,"enemies":"The Mushroom Lair","floor":12.0,"turns":4.0},{"damage":4.0,"enemies":"Slime Boss","floor":16.0,"turns":7.0},{"damage":0.0,"enemies":"Chosen","floor":18.0,"turns":2.0},{"damage":1.0,"enemies":"Chosen","floor":20.0,"turns":2.0},{"damage":0.0,"enemies":"Book of Stabbing","floor":24.0,"turns":3.0},{"damage":1.0,"enemies":"Spheric Guardian","floor":25.0,"turns":2.0},{"damage":1.0,"enemies":"Masked Bandits","floor":27.0,"turns":2.0},{"damage":1.0,"enemies":"Replay:Snechameleon","floor":29.0,"turns":6.0},{"damage":8.0,"enemies":"Centurion and Healer","floor":31.0,"turns":5.0},{"damage":0.0,"enemies":"Small Slimes","floor":1.0,"turns":2.0},{"damage":42.0,"enemies":"Gremlin Nob","floor":6.0,"turns":2.0},{"damage":0.0,"enemies":"Cultist","floor":7.0,"turns":2.0},{"damage":2.0,"enemies":"3 Sentries","floor":8.0,"turns":5.0},{"damage":44.0,"enemies":"2 Louse","floor":12.0,"turns":12.0},{"damage":14.0,"enemies":"Exordium Wildlife","floor":13.0,"turns":2.0},{"damage":54.0,"enemies":"Fading Forest","floor":16.0,"turns":6.0},{"damage":41,"enemies":"Shield and Spear","floor":21,"turns":4},{"damage":37,"enemies":"The Heart","floor":22,"turns":8}],"seed_played":"4009174953455408086","potions_obtained":[{"floor":5.0,"key":"DuplicationPotion"},{"floor":6.0,"key":"SteroidPotion"}],"is_trial":false,"path_per_floor":["M","?","$","M","M","E","?","R","T","R","E","?","R","$","R","B",null,"M","?","M","?","$","R","E","M","T","?","R","E","?","M","R","M","?","$","?","$","E","M","E","T","R","?","M","M","?","R","B",null,null,"R","$","E","B",null],"character_chosen":"IRONCLAD","items_purchased":["Void","AT_SpeedBoots","TheBattery","TheAbacus"],"campfire_rested":0,"item_purchase_floors":[3,14,3,20],"current_hp_per_floor":[75,80,80,75,74,52,52,52,52,52,39,36,36,36,36,35,80,1,6,24,24,24,24,29,29,29,33,33,37,37,41,40,40,40,37,37,37,44,54,54,54,60,67,77,77,77,81,81,83,83,83,75,93],"gold":117,"neow_bonus":"","is_daily":false,"chose_seed":false,"campfire_upgraded":8,"win_rate":0.0,"timestamp":1609577927,"path_taken":["M","?","?","M","M","E","?","R","T","R","E","?","R","$","R","BOSS","M","?","M","?","?","R","E","?","T","?","R","E","?","M","R","M","?","$","?","$","E","M","E","T","R","?","M","M","?","R","BOSS","R","$","E","BOSS"],"items_purchased_type":["Card","Relic","Relic","Relic"],"build_version":"2020-12-22","purchased_purges":1,"victory":true,"max_hp_per_floor":[80,80,80,80,80,80,80,80,80,80,80,80,80,80,80,80,80,1,6,25,25,25,25,29,29,29,33,33,37,37,41,40,40,40,40,40,44,44,54,54,54,60,67,77,77,77,83,83,83,83,83,90,93],"relic_stats":{"Darkstone Periapt":6,"Centennial Puzzle":[21],"TheAbacus":[30],"counters":[26,103],"Bird Faced Urn":[37],"Astrolabe":["REME_Cut","Warcry","REME_ACTH"],"obtain_stats":[{"Darkstone Periapt":9,"RabbitCall":0,"AT_ATBox":0,"SolemnVow_r":16,"LuminousBracelet":20,"King of Hearts":6,"TheBattery":3,"Burning Blood":0,"BFFS":0,"MagicDraw1":11,"Lamp_r":22,"CogitoBucket":0,"Centennial Puzzle":4,"HornCleat":8,"TheAbacus":20,"Replay:M_SmolderingBlood":7,"Ring of Peace":30,"Red Mask":27,"Void":3,"KeepersGift":0,"Logging_r":8,"MagicBullet_r":32,"Astrolabe":17,"BelialBook":29,"AspirationHeart":12,"AT_PhaseBoots":12,"Odd Mushroom":12,"Gaze_r":18,"SwordSharpenedByTears_r":6,"D4":21,"Moonlight_r":18,"AT_SpeedBoots":14,"Bird Faced Urn":9,"ForgetMeNow":24,"Ring of Misfortune":30,"TheSmile_r":8,"AtMidnight":12,"GodSword7":6,"LetterFromLob":1,"HellTrain":31,"AT_DeathDance":11,"HushsDoor":0,"InspiredRelic":32,"ShedSkin_r":32,"REME_ComplimentaryCards":0},{"Darkstone Periapt":20,"RabbitCall":0,"AT_ATBox":0,"SolemnVow_r":7,"LuminousBracelet":10,"King of Hearts":18,"TheBattery":17,"Burning Blood":0,"BFFS":0,"MagicDraw1":5,"Lamp_r":26,"CogitoBucket":0,"Centennial Puzzle":17,"HornCleat":20,"TheAbacus":24,"Replay:M_SmolderingBlood":4,"Ring of Peace":14,"Red Mask":13,"Void":1,"KeepersGift":0,"Logging_r":20,"MagicBullet_r":16,"Astrolabe":7,"BelialBook":14,"AspirationHeart":22,"AT_PhaseBoots":22,"Odd Mushroom":6,"Gaze_r":8,"SwordSharpenedByTears_r":18,"D4":25,"Moonlight_r":7,"AT_SpeedBoots":6,"Bird Faced Urn":4,"ForgetMeNow":11,"Ring of Misfortune":14,"TheSmile_r":20,"AtMidnight":22,"GodSword7":4,"LetterFromLob":1,"HellTrain":16,"AT_DeathDance":20,"HushsDoor":0,"InspiredRelic":16,"ShedSkin_r":16,"REME_ComplimentaryCards":0},{"Darkstone Periapt":70,"RabbitCall":0,"AT_ATBox":0,"SolemnVow_r":31,"LuminousBracelet":41,"King of Hearts":64,"TheBattery":62,"Burning Blood":0,"BFFS":0,"MagicDraw1":25,"Lamp_r":100,"CogitoBucket":0,"Centennial Puzzle":62,"HornCleat":70,"TheAbacus":91,"Replay:M_SmolderingBlood":18,"Ring of Peace":54,"Red Mask":48,"Void":4,"KeepersGift":0,"Logging_r":69,"MagicBullet_r":60,"Astrolabe":36,"BelialBook":54,"AspirationHeart":83,"AT_PhaseBoots":75,"Odd Mushroom":29,"Gaze_r":38,"SwordSharpenedByTears_r":64,"D4":95,"Moonlight_r":36,"AT_SpeedBoots":29,"Bird Faced Urn":18,"ForgetMeNow":44,"Ring of Misfortune":54,"TheSmile_r":68,"AtMidnight":83,"GodSword7":18,"LetterFromLob":4,"HellTrain":60,"AT_DeathDance":70,"HushsDoor":0,"InspiredRelic":60,"ShedSkin_r":60,"REME_ComplimentaryCards":0}]},"card_choices":[{"not_picked":[],"picked":"ChaosCard","floor":0.0},{"not_picked":["CrumblingArmor","CherryBlossoms","WhitesApple"],"picked":"Singing Bowl","floor":1.0},{"not_picked":["Bloodbath","Wellcheers"],"picked":"CrumblingArmor","floor":1.0},{"not_picked":["Body Slam","Searing Blow","AT_BodySlamDance"],"picked":"SKIP","floor":1.0},{"not_picked":["Body Slam","Searing Blow","AT_BodySlamDance"],"picked":"SKIP","floor":1.0},{"not_picked":["LaLuna","FairyFestival","SpiderBud"],"picked":"Singing Bowl","floor":4.0},{"not_picked":["Combust","Twin Strike"],"picked":"Armaments","floor":4.0},{"not_picked":["OSAHOGD","Freischutz","Wellcheers"],"picked":"Singing Bowl","floor":5.0},{"not_picked":["AT_DiedThrough","Warcry"],"picked":"Anger","floor":5.0},{"not_picked":["FairyFestival","CrumblingArmor"],"picked":"DespairKnight","floor":6.0},{"not_picked":["Wild Strike","True Grit"],"picked":"ReplayTheSpireMod:Muscle Training","floor":6.0},{"not_picked":["Scorched","MeatLantern","SpiderBud"],"picked":"Singing Bowl","floor":11.0},{"not_picked":["AT_BodySlamDance","ForeignInfluence"],"picked":"REME_Cut","floor":11.0},{"not_picked":["SpiderBud","MHz","Laetitia"],"picked":"Singing Bowl","floor":12.0},{"not_picked":["ShyLook","UniverseFragment"],"picked":"Funeral","floor":12.0},{"not_picked":["Twin Strike","Cleave"],"picked":"Iron Wave","floor":12.0},{"not_picked":["SingingMachine","SpiderBud","UniverseFragment"],"picked":"Singing Bowl","floor":16.0},{"not_picked":["Bludgeon","Immolate"],"picked":"Feed","floor":16.0},{"not_picked":["Scorched","QueenOfHatred","HappyTeddy"],"picked":"Singing Bowl","floor":20.0},{"not_picked":["Wild Strike","Headbutt"],"picked":"Reaper","floor":20.0},{"not_picked":["BeautyBeast","VoidDream","WallGazer"],"picked":"Singing Bowl","floor":24.0},{"not_picked":["True Grit+1","Havoc+1","Warcry"],"picked":"SKIP","floor":24.0},{"not_picked":["CENSORED","QueenOfHatred","Murderer"],"picked":"Singing Bowl","floor":25.0},{"not_picked":["ReplayTheSpireMod:Strike From Hell","Defy Death","Shrug It Off"],"picked":"SKIP","floor":25.0},{"not_picked":["Rudolta","Funeral","QueenBee"],"picked":"Singing Bowl","floor":27.0},{"not_picked":["LittlePrince","Variant"],"picked":"Woodsman","floor":29.0},{"not_picked":["Run Through+1","Blood for Blood"],"picked":"Inflame+1","floor":29.0},{"not_picked":["ShyLook","LaLuna","LittlePrince"],"picked":"Singing Bowl","floor":31.0},{"not_picked":["Headbutt","Demonic Infusion"],"picked":"Dual Wield","floor":31.0},{"not_picked":["Run Through","Heavy Blade"],"picked":"Pommel Strike","floor":1.0},{"not_picked":["Wellcheers","UniverseFragment","PunishingBird"],"picked":"Singing Bowl","floor":1.0},{"not_picked":["PunishingBird","BigBadWolf","BeautyBeast"],"picked":"Singing Bowl","floor":6.0},{"not_picked":["Run Through","Dropkick"],"picked":"Replay:Undeath\u0027s Touch","floor":6.0},{"not_picked":["Rudolta","SpiderBud","FairyFestival"],"picked":"Singing Bowl","floor":7.0},{"not_picked":["CherryBlossoms","Laetitia"],"picked":"BodiesMountain","floor":7.0},{"not_picked":["True Grit","ReplayTheSpireMod:Stacked"],"picked":"REME_Scribble","floor":7.0},{"not_picked":["MHz","Porccubus","OldLady"],"picked":"Singing Bowl","floor":8.0},{"not_picked":["Murderer","OSAHOGD"],"picked":"MHz","floor":8.0},{"not_picked":["Feel No Pain","Abandon","Flame Barrier"],"picked":"SKIP","floor":8.0},{"not_picked":["NakedNest","MeatLantern","FairyFestival"],"picked":"Singing Bowl","floor":12.0},{"not_picked":["Rudolta","SpiderBud"],"picked":"RedShoes","floor":12.0},{"not_picked":["Rage","Pommel Strike"],"picked":"Burning Pact","floor":12.0},{"not_picked":["VoidDream","SpiderBud","BigBadWolf"],"picked":"Singing Bowl","floor":13.0},{"not_picked":["Twin Strike","REME_TheLastStrike","Pommel Strike"],"picked":"SKIP","floor":13.0},{"not_picked":["WhitesApple","SpiderBud","LaLuna"],"picked":"Singing Bowl","floor":16.0},{"not_picked":["Corruption","Bludgeon"],"picked":"Demonic Infusion","floor":16.0},{"not_picked":["UniverseFragment","BeautyBeast"],"picked":"BigBird","floor":21},{"not_picked":["Carnage+1","Fire Breathing"],"picked":"Replay:Undeath\u0027s Touch","floor":21}],"player_experience":190954,"relics_obtained":[{"floor":1.0,"key":"LetterFromLob"},{"floor":6.0,"key":"GodSword7"},{"floor":9.0,"key":"Bird Faced Urn"},{"floor":11.0,"key":"MagicDraw1"},{"floor":12.0,"key":"Odd Mushroom"},{"floor":24.0,"key":"ForgetMeNow"},{"floor":27.0,"key":"Red Mask"},{"floor":29.0,"key":"BelialBook"},{"floor":30.0,"key":"Ring of Misfortune"},{"floor":30.0,"key":"Ring of Peace"},{"floor":1.0,"key":"LetterFromLob"},{"floor":6.0,"key":"King of Hearts"},{"floor":8.0,"key":"HornCleat"},{"floor":9.0,"key":"Darkstone Periapt"},{"floor":12.0,"key":"AtMidnight"},{"floor":21,"key":"D4"}],"event_choices":[{"damage_healed":0.0,"max_hp_gain":0.0,"max_hp_loss":0.0,"gold_gain":0.0,"event_name":"Mushrooms","player_choice":"Fought Mushrooms","floor":12.0,"gold_loss":0.0,"damage_taken":0.0},{"damage_healed":0.0,"max_hp_gain":5.0,"max_hp_loss":0.0,"gold_gain":0.0,"event_name":"Forgotten Altar","player_choice":"Shed Blood","floor":19.0,"gold_loss":0.0,"damage_taken":0.0},{"cards_removed":["Defend_R"],"damage_healed":0.0,"max_hp_gain":0.0,"max_hp_loss":0.0,"gold_gain":0.0,"event_name":"Back to Basics","player_choice":"Elegance","floor":21.0,"gold_loss":0.0,"damage_taken":0.0},{"damage_healed":0.0,"max_hp_gain":0.0,"max_hp_loss":0.0,"gold_gain":0.0,"event_name":"Masked Bandits","player_choice":"Fought Bandits","floor":27.0,"gold_loss":0.0,"damage_taken":0.0},{"cards_removed":["Looming Evil"],"damage_healed":0.0,"max_hp_gain":0.0,"max_hp_loss":0.0,"gold_gain":0.0,"event_name":"Living Wall","player_choice":"Forget","floor":2.0,"gold_loss":0.0,"damage_taken":0.0},{"damage_healed":0.0,"max_hp_gain":0.0,"max_hp_loss":0.0,"gold_gain":0.0,"event_name":"Scrap Ooze","player_choice":"Success","floor":4.0,"gold_loss":0.0,"damage_taken":3.0,"relics_obtained":["Centennial Puzzle"]},{"damage_healed":0.0,"max_hp_gain":0.0,"max_hp_loss":0.0,"gold_gain":0.0,"event_name":"Big Fish","player_choice":"Box","floor":11.0,"gold_loss":0.0,"damage_taken":0.0,"relics_obtained":["AT_DeathDance"],"cards_obtained":["Regret"]},{"cards_removed":["Regret"],"damage_healed":0.0,"max_hp_gain":0.0,"max_hp_loss":0.0,"gold_gain":0.0,"event_name":"The Cleric","player_choice":"Card Removal","floor":14.0,"gold_loss":50.0,"damage_taken":0.0}],"is_beta":false,"boss_relics":[{"not_picked":["ChampionBelt","Ectoplasm"],"picked":"Astrolabe"},{"not_picked":[]}],"items_purged_floors":[20],"is_endless":false,"potions_floor_spawned":[5,6,12,20,27,29,7,16],"ascension_level":4}}