{"host":"96n0ernxosh90i3w","time":1609559397,"event":{"mods":["AchievementEnabler","BaseMod","Colored Powertips","Hubris","Infinite Spire","Minty Spire (QoL Compilation)","Replay The Spire","StSLib"],"gold_per_floor":[110,127,138,138,138,138,173,173,173,173,173,194,24,60,60,186,186,210,210,226,226,249,249,268,291,291,291,291,324,33,66,66,66,66],"floor_reached":33,"playtime":1610,"items_purged":[],"score":293,"play_id":"61ef7c83-0428-43dc-8a77-fb2019b50301","local_time":"20210101224957","is_ascension_mode":false,"campfire_choices":[{"data":"Ball Lightning","floor":6,"key":"SMITH"},{"floor":8,"key":"REST"},{"data":"Zap","floor":10,"key":"SMITH"},{"floor":15,"key":"REST"},{"floor":23,"key":"REST"},{"floor":27,"key":"REST"},{"floor":32,"key":"REST"}],"circlet_count":0,"master_deck":["Strike_B","Strike_B","Strike_B","Strike_B","Defend_B","Defend_B","Defend_B","Defend_B","Zap","Dualcast","Zap+1","Ball Lightning+1","Steam","Leap","Machine Learning","Barrage","Compile Driver","Time Bomb","hubris:SpecializedCircuitry","Ball Lightning","Barrage","Magnetism","Conserve Battery","Darkness","Steam+1","Chaos","Infernal Blade"],"relics":["infinitespire:Joker Card","infinitespire:Lucky Rock","infinitespire:Cubic Diamond","Basket Of Snakes","hubris:EmptyBottle","Replay:M_SmolderingBlood","Vampiric Spirits","infinitespire:PuzzleCube","hubris:MedicalManual","hubris:ScarierMask","Cracked Core","Ring of the Snake","infinitespire:Chaos","Tiny Chest","Ancient Tea Set"],"acts_visited":["Exordium","TheCity"],"potions_floor_usage":[14,14,20,20,29,31,31,33,33],"damage_taken":[{"damage":0,"enemies":"Cultist","floor":1,"turns":4},{"damage":0,"enemies":"2 Louse","floor":2,"turns":2},{"damage":2,"enemies":"Small Slimes","floor":3,"turns":3},{"damage":22,"enemies":"Lagavulin","floor":7,"turns":6},{"damage":3,"enemies":"Blue Slaver","floor":12,"turns":3},{"damage":13,"enemies":"Gremlin Nob","floor":14,"turns":4},{"damage":35,"enemies":"The Guardian","floor":16,"turns":7},{"damage":18,"enemies":"Spheric Guardian","floor":18,"turns":4},{"damage":25,"enemies":"2 Thieves","floor":20,"turns":4},{"damage":22,"enemies":"Snecko","floor":22,"turns":4},{"damage":27,"enemies":"3 Cultists","floor":24,"turns":6},{"damage":24,"enemies":"Sentry and Sphere","floor":25,"turns":5},{"damage":69,"enemies":"Gremlin Leader","floor":29,"turns":6},{"damage":35,"enemies":"Replay:Snechameleon","floor":31,"turns":7},{"damage":45,"enemies":"Collector","floor":33,"turns":5}],"seed_played":"5594627648853775207","potions_obtained":[{"floor":1,"key":"FearPotion"},{"floor":2,"key":"SpeedPotion"},{"floor":16,"key":"Energy Potion"},{"floor":18,"key":"Adrenaline Potion"},{"floor":24,"key":"Strength Potion"},{"floor":25,"key":"EssenceOfDarkness"},{"floor":31,"key":"SpeedPotion"}],"is_trial":false,"path_per_floor":["M","M","M","?","?","R","E","R","T","R","T","M","$","E","R","B",null,"M","AVR","M","?","M","R","M","M","T","R","?","E","$","E","R","B"],"character_chosen":"DEFECT","items_purchased":["Strange Spoon","Compile Driver","infinitespire:Chaos","Tiny Chest"],"campfire_rested":5,"item_purchase_floors":[13,13,30,30],"current_hp_per_floor":[89,89,87,87,80,80,58,84,84,84,84,83,83,72,89,54,89,71,71,48,48,28,54,29,7,7,33,62,44,44,9,35,0,0],"gold":66,"neow_bonus":"TWENTY_PERCENT_HP_BONUS","is_daily":false,"chose_seed":false,"campfire_upgraded":2,"win_rate":0.0,"timestamp":1609559397,"path_taken":["M","M","?","?","?","R","E","R","T","R","?","M","?","E","R","BOSS","M","AVR","M","?","M","R","M","?","T","R","?","E","$","E","R","BOSS"],"items_purchased_type":["Relic","Card","Relic","Relic"],"build_version":"2020-12-22","purchased_purges":0,"victory":false,"max_hp_per_floor":[89,89,89,89,89,89,89,89,89,89,89,89,89,89,89,89,89,89,89,89,89,89,89,89,89,89,89,89,89,89,89,89,89,89],"card_choices":[{"not_picked":["Redo","BasicCrystalCard"],"picked":"Ball Lightning","floor":1},{"not_picked":["ReplayTheSpireMod:Reroute Power","Stack"],"picked":"Steam","floor":2},{"not_picked":["Rip and Tear","Steam"],"picked":"Leap","floor":3},{"not_picked":["Stack","Storm"],"picked":"Machine Learning","floor":7},{"not_picked":["ReplayTheSpireMod:Repulse","Skim"],"picked":"Barrage","floor":12},{"not_picked":["Stack","Compile Driver"],"picked":"Time Bomb","floor":14},{"not_picked":["hubris:DoWhile","Seek"],"picked":"hubris:SpecializedCircuitry","floor":16},{"not_picked":["Reinforced Body","Compile Driver"],"picked":"Ball Lightning","floor":18},{"not_picked":["Hologram","Rebound"],"picked":"Barrage","floor":20},{"not_picked":["Cold Snap","Reinforced Body"],"picked":"Conserve Battery","floor":22},{"not_picked":["Chill","Coolheaded+1"],"picked":"Darkness","floor":24},{"not_picked":["Genetic Algorithm+1","Glacier"],"picked":"Steam+1","floor":25},{"not_picked":["Leap","Heatsinks","Night Terror"],"picked":"Chaos","floor":29},{"not_picked":["ReplayTheSpireMod:Fabricate Wheel","Hologram+1"],"picked":"Infernal Blade","floor":31}],"player_experience":222394,"relics_obtained":[{"floor":7,"key":"Darkstone Periapt"},{"floor":9,"key":"Blood Vial"},{"floor":11,"key":"Lizard Tail"},{"floor":14,"key":"InkBottle"},{"floor":26,"key":"hubris:DisguiseKit"},{"floor":29,"key":"TungstenRod"},{"floor":31,"key":"Ancient Tea Set"}],"event_choices":[{"damage_healed":0,"gold_gain":0,"player_choice":"Take Wound","damage_taken":0,"relics_obtained":["Golden Idol"],"max_hp_gain":0,"max_hp_loss":0,"event_name":"Golden Idol","floor":4,"gold_loss":0,"cards_obtained":["Injury"]},{"cards_removed":["Injury"],"damage_healed":0,"gold_gain":0,"player_choice":"Card Removal","damage_taken":7,"max_hp_gain":0,"max_hp_loss":0,"event_name":"Golden Wing","floor":5,"gold_loss":0},{"damage_healed":0,"gold_gain":0,"cards_transformed":["hubris:Defend_Merchant"],"player_choice":"Transformed","damage_taken":0,"max_hp_gain":0,"max_hp_loss":0,"event_name":"Transmorgrifier","floor":21,"gold_loss":0,"cards_obtained":["Magnetism"]},{"damage_healed":29,"gold_gain":0,"player_choice":"Heal","damage_taken":0,"max_hp_gain":0,"max_hp_loss":0,"event_name":"The Library","floor":28,"gold_loss":0}],"is_beta":false,"boss_relics":[{"not_picked":["hubris:CrackedHourglass","Velvet Choker"],"picked":"ChewingGum"}],"items_purged_floors":[],"is_endless":false,"potions_floor_spawned":[1,2,16,18,24,25,31],"killed_by":"Collector","ascension_level":0}}