{"host":"h23hlq20ir8sps7h","time":1609612692,"event":{"mods":["Act Like it!","Aspiration","BaseMod","BetterRewards","Colored Map","Conspire","Energized Spire","Friendly Minions","GifTheSpireLib","Halation","Hubris","Ironclad Rager","Minty Spire (QoL Compilation)","Permanent Neow","Prisma Mod","Quarter Circle Forward PUNCH!","Quick Restart","Railgun Mod","Remilia??????","Replay The Spire","SCP261 Mod","Shop Mod","Spikes Relics","StSLib","Stuff the Spire","The Animator","The Hierophant","The Problem Sleuth","The Runesmith","The Sage","Trackpad","Wandering Minibosses","vexMod"],"gold_per_floor":[109,109,109,126,126,152,152,177,229,242,275,275,302,319,319,420,420,439,27,37,37,37,65,65,65,65],"floor_reached":25,"playtime":2155,"items_purged":[],"score":322,"play_id":"cd24e45e-0f06-41b6-985e-702763ce3752","local_time":"20210102103812","daily_mods":["SealedDeck","Specialized","Allstar","Colorless Cards","Heirloom","DeadlyEvents","Elite Swarm"],"is_ascension_mode":false,"campfire_choices":[{"data":"TheRailgun:Level_6","floor":7,"key":"SMITH"},{"data":"Metamorphosis","floor":12,"key":"SMITH"},{"data":"Limit Break","floor":15,"key":"SMITH"},{"data":"Chrysalis","floor":15,"key":"SMITH"},{"data":"Mind Blast","floor":24,"key":"SMITH"},{"data":"Runesmith:CreatorForm","floor":24,"key":"SMITH"}],"circlet_count":0,"master_deck":["Demon Form","Wraith Form v2","Echo Form","DevaForm","TheRailgun:Level_6+1","Runesmith:CreatorForm+1","BatForm","sagemod:Cultist_Form","Intimidate+1","Intimidate+1","Intimidate","Intimidate","animator:MisaKurobane","Infernal Blade","TheRailgun:Battery_Pack","Cleave+1","PrismaMod:MiyuOrbIncreasePerm","Armaments","Dual Wield","animator:Cirno","StuffTheSpire:PlasmaPulse","Assess","Mind Blast+1","Limit Break+1","Metamorphosis+1","hubris:ReadiedAction","PrismaMod:MiyuCommonAOEAttack","Chrysalis+1","Crow Ritual","animator:Zero","Juggernaut","Replay:Undeath\u0027s Touch+1","TheRailgun:Positive_Field+1","Wrath_TH","EndlessPower","Dark Shackles","Feed+1"],"relics":["Burning Blood","qcfpunch:Broken_Tusk","qcfpunch:Necklace_of_Skulls","qcfpunch:Lotus_Statue","halation:PinkSoulGem","PreservedInsect","BranchBurnRelic","trackpad:FieryHotPepper","Oddly Smooth Stone","StuffTheSpire:Mouthbags","Replay:Arrowhead","vexMod:TanglingVine","Nunchaku","Runesmith:Nanobots","Molten Egg 2"],"acts_visited":["Exordium","TheCity"],"potions_floor_usage":[],"damage_taken":[{"damage":8,"enemies":"2 Louse","floor":1,"turns":2},{"damage":3,"enemies":"Small Slimes","floor":4,"turns":4},{"damage":26,"enemies":"Gremlin Nob","floor":6,"turns":4},{"damage":6,"enemies":"Replay:BlueRogue","floor":8,"turns":4},{"damage":14,"enemies":"Jaw Worm","floor":10,"turns":4},{"damage":70,"enemies":"Gremlin Nob","floor":11,"turns":6},{"damage":0,"enemies":"3 Sentries","floor":13,"turns":2},{"damage":10,"enemies":"2 Fungi Beasts","floor":14,"turns":3},{"damage":20,"enemies":"The Guardian","floor":16,"turns":8},{"damage":18,"enemies":"Spheric Guardian","floor":18,"turns":4},{"damage":29,"enemies":"Shell Parasite","floor":20,"turns":5},{"damage":28,"enemies":"Replay:Snechameleon","floor":23,"turns":5},{"damage":35,"enemies":"Book of Stabbing","floor":25,"turns":4}],"seed_played":"-5410218076561117716","potions_obtained":[{"floor":4,"key":"SCP261:BlastolaColaPotion"},{"floor":6,"key":"PowerPotion"},{"floor":11,"key":"Elixir"},{"floor":18,"key":"LiquidMemories"},{"floor":20,"key":"SteroidPotion"}],"is_trial":true,"path_per_floor":["M","?","?","M","?","E","R","E","T","M","E","R","E","M","R","B",null,"M","$","M","?","?","E","R","E"],"character_chosen":"IRONCLAD","items_purchased":["Nunchaku","Runesmith:Nanobots"],"campfire_rested":0,"item_purchase_floors":[19,19],"current_hp_per_floor":[78,78,78,80,80,60,60,80,80,72,40,40,51,63,63,77,80,68,68,45,45,45,23,23,2,2],"gold":65,"neow_bonus":"","is_daily":false,"chose_seed":false,"campfire_upgraded":6,"win_rate":0.0,"timestamp":1609612692,"path_taken":["M","?","?","M","?","E","R","?","T","M","E","R","E","?","R","BOSS","M","$","M","?","?","E","R","E"],"items_purchased_type":["Relic","Relic"],"build_version":"2020-12-22","purchased_purges":0,"victory":false,"max_hp_per_floor":[80,80,80,80,80,80,80,80,80,80,80,80,80,80,80,80,80,80,80,80,80,80,80,80,80,80],"card_choices":[{"not_picked":["PrismaMod:MiyuEvokeCheapAttack","PrismaMod:MiyuEvokeBuffDex"],"picked":"Assess","floor":1},{"not_picked":["TheRailgun:Crack","animator:IchigoKurosaki"],"picked":"Mind Blast","floor":4},{"not_picked":["Master of Strategy","Juggernaut"],"picked":"Limit Break","floor":6},{"not_picked":["Panache","animator:Kira"],"picked":"Metamorphosis","floor":8},{"not_picked":["TheRailgun:Sister_Network","TheRailgun:Coin_Flip"],"picked":"hubris:ReadiedAction","floor":10},{"not_picked":["Fiend Fire","PrismaMod:MiyuEvokeAllDefend"],"picked":"Chrysalis","floor":11},{"not_picked":["PrismaMod:MiyuEvokeAllAttack","animator:Patchouli"],"picked":"Crow Ritual","floor":13},{"not_picked":["TheRailgun:Charge","ReplayTheSpireMod:Corrosion Curse"],"picked":"animator:Zero","floor":14},{"not_picked":["Secret Technique","Brutality"],"picked":"Juggernaut","floor":16},{"not_picked":["TheRailgun:Electrical_Fire","PrismaMod:MiyuUberAOEAttack"],"picked":"Replay:Undeath\u0027s Touch+1","floor":18},{"not_picked":["ReplayTheSpireMod:Trickstab","Pommel Strike"],"picked":"TheRailgun:Positive_Field+1","floor":20},{"not_picked":["hubris:StunningStrike+1","Transmutation"],"picked":"Feed+1","floor":23}],"player_experience":247464,"relics_obtained":[{"floor":6,"key":"PreservedInsect"},{"floor":8,"key":"trackpad:FieryHotPepper"},{"floor":9,"key":"Oddly Smooth Stone"},{"floor":11,"key":"StuffTheSpire:Mouthbags"},{"floor":13,"key":"Replay:Arrowhead"},{"floor":23,"key":"Molten Egg 2"}],"event_choices":[{"damage_healed":0,"gold_gain":0,"player_choice":"Ignored","damage_taken":0,"max_hp_gain":0,"max_hp_loss":0,"event_name":"Golden Wing","floor":5,"gold_loss":0},{"damage_healed":0,"gold_gain":0,"cards_transformed":["Intimidate"],"player_choice":"Transformed","damage_taken":0,"max_hp_gain":0,"max_hp_loss":0,"event_name":"Transmorgrifier","floor":22,"gold_loss":0,"cards_obtained":["Dark Shackles"]}],"is_beta":false,"boss_relics":[{"not_picked":["aspiration:FutureDiary","hubris:VirtuousBlindfold"],"picked":"vexMod:TanglingVine"}],"items_purged_floors":[],"is_endless":false,"potions_floor_spawned":[4,6,11,18,20],"killed_by":"Book of Stabbing","ascension_level":0}}