{"host":"ue7jlgf7uv134an9","time":1609593826,"event":{"mods":["BaseMod","Better Third Choice","Defuse TimeMaze Blight","Minty Spire (QoL Compilation)","Quick Restart","Rare Cards Sparkle","Relic Stats","StSLib","UnlockEverythingMod"],"gold_per_floor":[112,262,272,272,347,378,390,402,402],"floor_reached":8,"playtime":126,"items_purged":[],"score":158,"play_id":"f2ab728b-d712-4a04-8cbc-20e3b3adab05","local_time":"20210102082346","is_ascension_mode":true,"campfire_choices":[{"floor":7,"key":"REST"}],"circlet_count":0,"master_deck":["AscendersBane","Strike_G+1","Strike_G","Strike_G","Strike_G","Strike_G","Defend_G","Defend_G","Defend_G","Defend_G","Defend_G+1","Survivor","Neutralize","Sucker Punch","Doubt","Die Die Die","Poisoned Stab"],"relics":["Ring of the Snake","NeowsBlessing","MawBank"],"acts_visited":["Exordium"],"potions_floor_usage":[],"damage_taken":[{"damage":0.0,"enemies":"Small Slimes","floor":1.0,"turns":1.0},{"damage":0.0,"enemies":"Jaw Worm","floor":3.0,"turns":1.0},{"damage":0,"enemies":"3 Sentries","floor":6,"turns":1},{"damage":50,"enemies":"Lagavulin","floor":8,"turns":8}],"seed_played":"6642713616418372493","potions_obtained":[{"floor":1.0,"key":"GamblersBrew"}],"is_trial":false,"path_per_floor":["M","?","M","?","?","E","R","E"],"character_chosen":"THE_SILENT","items_purchased":[],"campfire_rested":1,"item_purchase_floors":[],"current_hp_per_floor":[59,59,59,39,28,28,47,0,0],"gold":402,"neow_bonus":"THREE_ENEMY_KILL","is_daily":false,"chose_seed":false,"campfire_upgraded":0,"win_rate":0.0,"timestamp":1609593826,"path_taken":["M","?","M","?","?","E","R","E"],"items_purchased_type":[],"build_version":"2020-12-22","purchased_purges":0,"victory":false,"max_hp_per_floor":[66,66,66,66,66,66,66,66,66],"relic_stats":{"counters":[4,11],"MawBank":24,"obtain_stats":[{"NeowsBlessing":0,"MawBank":6,"Ring of the Snake":0},{"NeowsBlessing":0,"MawBank":3,"Ring of the Snake":0},{"NeowsBlessing":0,"MawBank":3,"Ring of the Snake":0}],"Ring of the Snake":[8]},"card_choices":[{"not_picked":["Crippling Poison","Flying Knee"],"picked":"Sucker Punch","floor":1.0},{"not_picked":["Sucker Punch","Prepared"],"picked":"Die Die Die","floor":3.0},{"not_picked":["Flying Knee","Grand Finale"],"picked":"Poisoned Stab","floor":6}],"player_experience":53518,"relics_obtained":[{"floor":6,"key":"MawBank"}],"event_choices":[{"damage_healed":0.0,"max_hp_gain":0.0,"max_hp_loss":0.0,"gold_gain":150.0,"event_name":"betterThird:BetterSerpent","player_choice":"AGREE","floor":2.0,"gold_loss":0.0,"damage_taken":112.0},{"damage_healed":59,"gold_gain":0,"player_choice":"Upgrade","damage_taken":20,"max_hp_gain":0,"max_hp_loss":66,"event_name":"betterThird:BetterShining","floor":4,"gold_loss":0,"cards_upgraded":["Strike_G","Defend_G"]},{"damage_healed":0,"gold_gain":75,"player_choice":"Gold","damage_taken":11,"max_hp_gain":0,"max_hp_loss":0,"event_name":"betterThird:BetterGoop","floor":5,"gold_loss":0}],"is_beta":false,"boss_relics":[],"items_purged_floors":[],"is_endless":false,"potions_floor_spawned":[1],"killed_by":"Lagavulin","ascension_level":20}}