{"host":"foq4mrde4mssg7vt","time":1609619130,"event":{"mods":["AchievementEnabler","BaseMod","Colored Map","Colored Powertips","Highlight Path","Minty Spire (QoL Compilation)","Relic Stats","everything is the same but u backflip on backflip"],"gold_per_floor":[113,125,143,160,235,235,256,291,315,315,327,477,477,491,491,567,567,548,548,74,86,103,138,138,163,163,178,193,208,208,208,208],"floor_reached":31,"playtime":1040,"items_purged":["Strike_B"],"score":488,"play_id":"de0f5206-eb39-4fda-872d-50545c89313c","local_time":"20210103042530","is_ascension_mode":true,"campfire_choices":[{"floor":6,"key":"REST"},{"floor":10,"key":"REST"},{"floor":15,"key":"REST"},{"floor":24,"key":"REST"}],"circlet_count":0,"master_deck":["AscendersBane","Strike_B+1","Strike_B+1","Strike_B+1","Defend_B+1","Defend_B+1","Defend_B+1","Defend_B+1","Zap","Dualcast","Gash","Sweeping Beam","Defragment","Sunder","Coolheaded","Barrage","Cold Snap","Doom and Gloom","Biased Cognition","Conserve Battery","Go for the Eyes","Hologram","Glacier","Electrodynamics","Loop"],"relics":["Philosopher\u0027s Stone","Odd Mushroom","MealTicket","Nuclear Battery","Nloth\u0027s Gift","Orichalcum","DataDisk","Ancient Tea Set","Question Card","Kunai"],"acts_visited":["Exordium","TheCity"],"potions_floor_usage":[8,8,16,23,25,31,31],"damage_taken":[{"damage":0.0,"enemies":"Cultist","floor":1.0,"turns":4.0},{"damage":15.0,"enemies":"2 Louse","floor":2.0,"turns":3.0},{"damage":9,"enemies":"Small Slimes","floor":3,"turns":3},{"damage":5,"enemies":"3 Louse","floor":4,"turns":3},{"damage":20,"enemies":"The Mushroom Lair","floor":7,"turns":3},{"damage":19,"enemies":"Gremlin Nob","floor":8,"turns":4},{"damage":15,"enemies":"Blue Slaver","floor":11,"turns":4},{"damage":1,"enemies":"Exordium Thugs","floor":14,"turns":4},{"damage":4,"enemies":"Slime Boss","floor":16,"turns":9},{"damage":15,"enemies":"2 Thieves","floor":18,"turns":5},{"damage":1,"enemies":"Chosen","floor":21,"turns":4},{"damage":26,"enemies":"Snake Plant","floor":22,"turns":5},{"damage":27,"enemies":"Book of Stabbing","floor":23,"turns":6},{"damage":16,"enemies":"Gremlin Leader","floor":25,"turns":9},{"damage":4,"enemies":"Cultist and Chosen","floor":27,"turns":5},{"damage":0,"enemies":"3 Cultists","floor":28,"turns":2},{"damage":2,"enemies":"Snecko","floor":29,"turns":5},{"damage":16,"enemies":"Snake Plant","floor":31,"turns":1}],"seed_played":"430468906251984858","potions_obtained":[{"floor":4,"key":"BlessingOfTheForge"},{"floor":7,"key":"SkillPotion"},{"floor":11,"key":"Fire Potion"},{"floor":18,"key":"LiquidMemories"},{"floor":21,"key":"LiquidMemories"},{"floor":28,"key":"BlessingOfTheForge"},{"floor":29,"key":"Fruit Juice"}],"is_trial":false,"path_per_floor":["M","M","M","M","?","R","?","E","T","R","M","?","?","M","R","B",null,"M","?","$","M","M","E","R","E","T","M","M","M","?","M"],"character_chosen":"DEFECT","items_purchased":["Orichalcum","DataDisk","Conserve Battery","Go for the Eyes"],"campfire_rested":4,"item_purchase_floors":[20,20,20,20],"current_hp_per_floor":[64,49,40,35,24,45,25,6,6,27,12,12,12,11,32,28,60,45,45,60,59,33,6,27,11,11,7,7,5,5,0,0],"gold":208,"neow_bonus":"BOSS_RELIC","is_daily":false,"chose_seed":false,"campfire_upgraded":0,"win_rate":0.0,"timestamp":1609619130,"path_taken":["M","M","M","M","?","R","?","E","T","R","M","?","?","M","R","BOSS","M","?","?","?","M","E","R","E","T","M","M","M","?","M"],"items_purchased_type":["Relic","Relic","Card","Card"],"build_version":"2020-12-22","purchased_purges":1,"victory":false,"max_hp_per_floor":[71,71,71,71,71,71,71,71,71,71,71,71,71,71,71,71,71,71,71,71,71,71,71,71,71,71,71,71,71,71,76,76],"relic_stats":{"counters":[18,79],"MealTicket":15,"Nloth\u0027s Gift":3,"Kunai":[2],"Orichalcum":[78],"Question Card":3,"obtain_stats":[{"DataDisk":20,"Philosopher\u0027s Stone":0,"MealTicket":8,"Omamori":9,"Nloth\u0027s Gift":19,"Kunai":26,"Odd Mushroom":7,"Orichalcum":20,"Cracked Core":0,"Ancient Tea Set":23,"Question Card":25,"Nuclear Battery":17},{"DataDisk":10,"Philosopher\u0027s Stone":0,"MealTicket":6,"Omamori":6,"Nloth\u0027s Gift":10,"Kunai":14,"Odd Mushroom":5,"Orichalcum":10,"Cracked Core":0,"Ancient Tea Set":13,"Question Card":14,"Nuclear Battery":9},{"DataDisk":42,"Philosopher\u0027s Stone":0,"MealTicket":20,"Omamori":20,"Nloth\u0027s Gift":42,"Kunai":66,"Odd Mushroom":16,"Orichalcum":42,"Cracked Core":0,"Ancient Tea Set":57,"Question Card":66,"Nuclear Battery":37}]},"card_choices":[{"not_picked":["Rebound","BootSequence"],"picked":"Gash","floor":1.0},{"not_picked":["Fusion","Hologram"],"picked":"Sweeping Beam","floor":2.0},{"not_picked":["Compile Driver","Conserve Battery"],"picked":"Defragment","floor":3},{"not_picked":["Compile Driver","Lockon"],"picked":"Sunder","floor":4},{"not_picked":["Fission","Compile Driver"],"picked":"Coolheaded","floor":7},{"not_picked":["Coolheaded","Storm"],"picked":"Barrage","floor":8},{"not_picked":["Barrage","Force Field"],"picked":"Cold Snap","floor":11},{"not_picked":["Beam Cell","Turbo"],"picked":"Doom and Gloom","floor":14},{"not_picked":["Echo Form","Multi-Cast"],"picked":"Biased Cognition","floor":16},{"not_picked":["Steam","Rebound","Lockon"],"picked":"SKIP","floor":18},{"not_picked":["Biased Cognition","Rebound+1"],"picked":"Hologram","floor":21},{"not_picked":["Gash","Storm","Sweeping Beam"],"picked":"SKIP","floor":22},{"not_picked":["Coolheaded","Creative AI"],"picked":"Glacier","floor":23},{"not_picked":["Lockon","Steam Power"],"picked":"Electrodynamics","floor":25},{"not_picked":["Stack","Cold Snap","Go for the Eyes","Darkness"],"picked":"SKIP","floor":27},{"not_picked":["Cold Snap","Conserve Battery","Stack"],"picked":"Loop","floor":28},{"not_picked":["Conserve Battery","Double Energy","Compile Driver","Consume"],"picked":"SKIP","floor":29}],"player_experience":377674,"relics_obtained":[{"floor":7,"key":"Odd Mushroom"},{"floor":8,"key":"MealTicket"},{"floor":9,"key":"Omamori"},{"floor":23,"key":"Ancient Tea Set"},{"floor":25,"key":"Question Card"},{"floor":26,"key":"Kunai"}],"event_choices":[{"damage_healed":0,"gold_gain":75,"player_choice":"Gather Gold","damage_taken":11,"max_hp_gain":0,"max_hp_loss":0,"event_name":"World of Goop","floor":5,"gold_loss":0},{"damage_healed":0,"gold_gain":0,"player_choice":"Fought Mushrooms","damage_taken":0,"max_hp_gain":0,"max_hp_loss":0,"event_name":"Mushrooms","floor":7,"gold_loss":0},{"damage_healed":0,"gold_gain":150,"player_choice":"AGREE","damage_taken":0,"max_hp_gain":0,"max_hp_loss":0,"event_name":"Liars Game","floor":12,"gold_loss":0,"cards_obtained":["Doubt"]},{"damage_healed":0,"gold_gain":0,"player_choice":"Ignored","damage_taken":0,"max_hp_gain":0,"max_hp_loss":0,"event_name":"Shining Light","floor":13,"gold_loss":0},{"damage_healed":0,"gold_gain":0,"player_choice":"Traded Relic","damage_taken":0,"relics_obtained":["Nloth\u0027s Gift"],"max_hp_gain":0,"max_hp_loss":0,"event_name":"N\u0027loth","floor":19,"relics_lost":["Omamori"],"gold_loss":0},{"damage_healed":0,"gold_gain":0,"player_choice":"Simplicity","damage_taken":0,"max_hp_gain":0,"max_hp_loss":0,"event_name":"Back to Basics","floor":30,"gold_loss":0,"cards_upgraded":["Strike_B","Strike_B","Strike_B","Defend_B","Defend_B","Defend_B","Defend_B"]}],"is_beta":false,"boss_relics":[{"not_picked":["Runic Dome","Cursed Key"],"picked":"Nuclear Battery"}],"items_purged_floors":[20],"is_endless":false,"potions_floor_spawned":[4,7,11,18,21,28,29],"killed_by":"Snake Plant","ascension_level":15}}