{"host":"xcuflocadasoaqda","time":1609613503,"event":{"mods":["BaseMod","Bestiary","Filter the Spire","Minty Spire (QoL Compilation)","Relic Stats"],"gold_per_floor":[112,131,281,356,281,281,281,306,333,351,351,377,392,27,27,99,99,113,129,162,182,182,132,132,160,211,244,256,256,282,31,31,105,105,122,137,137,149,160,191,206,206,280,280,292,292,303,328,328,328,328,328,328,47,77,77],"floor_reached":57,"playtime":3924,"items_purged":["Concentrate"],"score":2960,"play_id":"219b3bbc-f766-44d7-b85f-c8e3bcf619c4","local_time":"20210102125143","is_ascension_mode":true,"campfire_choices":[{"data":"Venomology","floor":6.0,"key":"SMITH"},{"data":"Eviscerate","floor":11.0,"key":"SMITH"},{"data":"Apotheosis","floor":15.0,"key":"SMITH"},{"data":"Acrobatics","floor":24,"key":"SMITH"},{"data":"Acrobatics","floor":29,"key":"SMITH"},{"data":"Footwork","floor":32,"key":"SMITH"},{"floor":42,"key":"RECALL"},{"data":"Wraith Form v2","floor":46,"key":"SMITH"},{"data":"Wraith Form v2","floor":49,"key":"SMITH"},{"floor":53,"key":"REST"}],"circlet_count":0,"master_deck":["AscendersBane","Survivor","Neutralize","Quick Slash","Terror","Leg Sweep","All Out Attack","Slice","Eviscerate+1","Venomology+1","Acrobatics+1","Dagger Throw","Prepared","Backflip","Adrenaline","Acrobatics+1","Apotheosis+1","Tools of the Trade","Acrobatics","Eviscerate","Backflip","PiercingWail","Footwork+1","Wraith Form v2+1","CurseOfTheBell","Wraith Form v2+1","Blur+1","Acrobatics+1","Glass Knife+1","Reflex+1","Well Laid Plans","Panache"],"relics":["Pandora\u0027s Box","Smiling Mask","Orichalcum","Vajra","Happy Flower","HoveringKite","Red Mask","MealTicket","Dream Catcher","Bag of Preparation","Bag of Marbles","Calling Bell","Omamori","Molten Egg 2","Lizard Tail","Toxic Egg 2","Shuriken","Regal Pillow","Blue Candle"],"acts_visited":["Exordium","TheCity","TheBeyond","TheEnding"],"potions_floor_usage":[19,20,20,25,27,28,30,30,33,33,36,38,40,47,48,50,51,55,56,56],"damage_taken":[{"damage":0.0,"enemies":"2 Louse","floor":1.0,"turns":2.0},{"damage":0.0,"enemies":"Small Slimes","floor":2.0,"turns":1.0},{"damage":30.0,"enemies":"3 Sentries","floor":8.0,"turns":6.0},{"damage":0.0,"enemies":"Jaw Worm","floor":10.0,"turns":2.0},{"damage":5.0,"enemies":"Gremlin Nob","floor":12.0,"turns":3.0},{"damage":0.0,"enemies":"3 Louse","floor":13.0,"turns":3.0},{"damage":0.0,"enemies":"Hexaghost","floor":16.0,"turns":4.0},{"damage":0,"enemies":"Shell Parasite","floor":18,"turns":2},{"damage":0,"enemies":"Chosen","floor":19,"turns":1},{"damage":0,"enemies":"Masked Bandits","floor":20,"turns":2},{"damage":0,"enemies":"Sentry and Sphere","floor":21,"turns":3},{"damage":10,"enemies":"Slavers","floor":25,"turns":3},{"damage":1,"enemies":"Book of Stabbing","floor":27,"turns":3},{"damage":0,"enemies":"Centurion and Healer","floor":28,"turns":3},{"damage":5,"enemies":"Slavers","floor":30,"turns":3},{"damage":0,"enemies":"Champ","floor":33,"turns":3},{"damage":0,"enemies":"3 Shapes","floor":35,"turns":4},{"damage":1,"enemies":"Orb Walker","floor":36,"turns":2},{"damage":0,"enemies":"Maw","floor":38,"turns":6},{"damage":0,"enemies":"Spire Growth","floor":39,"turns":4},{"damage":0,"enemies":"Giant Head","floor":40,"turns":6},{"damage":0,"enemies":"3 Darklings","floor":41,"turns":4},{"damage":0,"enemies":"Transient","floor":45,"turns":6},{"damage":0,"enemies":"Writhing Mass","floor":47,"turns":6},{"damage":1,"enemies":"Reptomancer","floor":48,"turns":4},{"damage":15,"enemies":"Time Eater","floor":50,"turns":11},{"damage":51,"enemies":"Awakened One","floor":51,"turns":10},{"damage":1,"enemies":"Shield and Spear","floor":55,"turns":6},{"damage":74,"enemies":"The Heart","floor":56,"turns":10}],"seed_played":"8444247681922986709","potions_obtained":[{"floor":2.0,"key":"Regen Potion"},{"floor":12.0,"key":"Fire Potion"},{"floor":47,"key":"Regen Potion"}],"is_trial":false,"path_per_floor":["M","M","?","?","?","R","?","E","T","M","R","E","M","$","R","B",null,"M","M","?","M","?","$","R","E","T","E","M","R","E","$","R","B",null,"M","M","?","M","M","E","M","R","T","?","M","R","M","E","R","B","B",null,"R","$","E","B",null],"character_chosen":"THE_SILENT","items_purchased":["Happy Flower","Apotheosis","Bag of Marbles","Footwork","Panache","DistilledChaos"],"campfire_rested":1,"item_purchase_floors":[14,14,31,31,54,54],"current_hp_per_floor":[59,59,59,48,48,48,53,38,38,38,38,33,33,33,33,33,62,62,62,62,62,42,42,42,32,32,31,31,31,26,41,41,41,67,67,66,66,66,66,66,66,66,66,66,66,66,66,76,76,61,10,60,76,76,75,1],"gold":77,"neow_bonus":"BOSS_RELIC","is_daily":false,"chose_seed":false,"campfire_upgraded":8,"win_rate":0.0,"timestamp":1609613503,"path_taken":["M","M","?","?","?","R","?","E","T","?","R","E","M","$","R","BOSS","M","M","?","M","?","$","R","E","T","E","M","R","E","?","R","BOSS","M","M","?","M","?","E","M","R","T","?","?","R","M","E","R","BOSS","BOSS","R","$","E","BOSS"],"items_purchased_type":["Relic","Card","Relic","Card","Card","Potion"],"build_version":"2020-12-22","purchased_purges":1,"victory":true,"max_hp_per_floor":[66,66,66,66,66,66,71,71,71,71,71,71,71,71,71,71,71,71,71,71,71,76,76,76,76,76,76,76,76,76,76,76,76,76,76,76,76,76,76,76,76,76,76,76,76,76,76,76,76,76,76,76,76,76,76,76],"relic_stats":{"Regal Pillow":0,"Happy Flower":[35],"counters":[29,123],"Blue Candle":[0],"HoveringKite":[98],"Bag of Preparation":[28],"Orichalcum":[174],"Smiling Mask":25,"Dream Catcher":1,"Lizard Tail":0,"Shuriken":[28],"Pandora\u0027s Box":["Concentrate","Quick Slash","Dodge and Roll","Terror","Leg Sweep","All Out Attack","Slice","Eviscerate","Venomology","Acrobatics"],"MealTicket":15,"obtain_stats":[{"Regal Pillow":48,"Happy Flower":14,"Blue Candle":55,"Vajra":12,"HoveringKite":17,"Bag of Preparation":30,"Omamori":34,"Orichalcum":9,"Smiling Mask":8,"Calling Bell":34,"Dream Catcher":27,"Lizard Tail":34,"Shuriken":43,"Pandora\u0027s Box":0,"MealTicket":25,"Molten Egg 2":34,"Red Mask":20,"Bag of Marbles":31,"Toxic Egg 2":40,"Ring of the Snake":0},{"Regal Pillow":25,"Happy Flower":6,"Blue Candle":28,"Vajra":5,"HoveringKite":7,"Bag of Preparation":15,"Omamori":16,"Orichalcum":3,"Smiling Mask":3,"Calling Bell":16,"Dream Catcher":13,"Lizard Tail":16,"Shuriken":22,"Pandora\u0027s Box":0,"MealTicket":12,"Molten Egg 2":16,"Red Mask":10,"Bag of Marbles":15,"Toxic Egg 2":21,"Ring of the Snake":0},{"Regal Pillow":86,"Happy Flower":17,"Blue Candle":113,"Vajra":14,"HoveringKite":21,"Bag of Preparation":41,"Omamori":44,"Orichalcum":9,"Smiling Mask":9,"Calling Bell":44,"Dream Catcher":35,"Lizard Tail":44,"Shuriken":70,"Pandora\u0027s Box":0,"MealTicket":32,"Molten Egg 2":44,"Red Mask":26,"Bag of Marbles":41,"Toxic Egg 2":66,"Ring of the Snake":0}]},"card_choices":[{"not_picked":["Poisoned Stab","Quick Slash"],"picked":"Dagger Throw","floor":1.0},{"not_picked":["Heel Hook","Tactician"],"picked":"Prepared","floor":2.0},{"not_picked":["Blur","Caltrops"],"picked":"Backflip","floor":8.0},{"not_picked":["Flying Knee","Cloak And Dagger","Flechettes"],"picked":"SKIP","floor":10.0},{"not_picked":["Footwork","Bane"],"picked":"Adrenaline","floor":12.0},{"not_picked":["Deflect","Skewer"],"picked":"Acrobatics","floor":13.0},{"not_picked":["Storm of Steel","Venomology"],"picked":"Tools of the Trade","floor":16.0},{"not_picked":["Prepared","Deadly Poison+1","PiercingWail"],"picked":"SKIP","floor":18},{"not_picked":["Backstab","Cloak And Dagger+1"],"picked":"Acrobatics","floor":19},{"not_picked":["Bane","Underhanded Strike","Sucker Punch"],"picked":"SKIP","floor":21},{"not_picked":["Sucker Punch","Dodge and Roll"],"picked":"Eviscerate","floor":25},{"not_picked":["Catalyst","Bane"],"picked":"Backflip","floor":27},{"not_picked":["Prepared","Slice"],"picked":"PiercingWail","floor":28},{"not_picked":["A Thousand Cuts","Cloak And Dagger+1","PiercingWail"],"picked":"SKIP","floor":30},{"not_picked":["Envenom","Corpse Explosion"],"picked":"Wraith Form v2","floor":33},{"not_picked":["Outmaneuver","Bane+1","Backflip"],"picked":"SKIP","floor":35},{"not_picked":["Noxious Fumes+1","Prepared","Concentrate"],"picked":"SKIP","floor":36},{"not_picked":["Endless Agony+1","Prepared","Masterful Stab+1"],"picked":"SKIP","floor":38},{"not_picked":["Setup","Predator+1","Deflect"],"picked":"SKIP","floor":39},{"not_picked":["Crippling Poison+1","Expertise+1"],"picked":"Blur+1","floor":40},{"not_picked":["Masterful Stab+1","Expertise+1"],"picked":"Acrobatics+1","floor":41},{"not_picked":["Deadly Poison+1","Infinite Blades"],"picked":"Reflex+1","floor":45},{"not_picked":["Acrobatics+1","Leg Sweep+1","Skewer+1"],"picked":"SKIP","floor":47},{"not_picked":["Sucker Punch+1","Grand Finale+1","Predator+1"],"picked":"SKIP","floor":48},{"not_picked":["Underhanded Strike+1","Acrobatics+1"],"picked":"Well Laid Plans","floor":53},{"not_picked":["Bouncing Flask+1","Blade Dance+1","Deadly Poison+1"],"picked":"SKIP","floor":55}],"player_experience":1861024,"relics_obtained":[{"floor":8.0,"key":"Smiling Mask"},{"floor":9.0,"key":"Orichalcum"},{"floor":12.0,"key":"Vajra"},{"floor":20,"key":"Red Mask"},{"floor":25,"key":"MealTicket"},{"floor":27,"key":"Dream Catcher"},{"floor":30,"key":"Bag of Preparation"},{"floor":34,"key":"Omamori"},{"floor":34,"key":"Molten Egg 2"},{"floor":34,"key":"Lizard Tail"},{"floor":40,"key":"Toxic Egg 2"},{"floor":43,"key":"Shuriken"},{"floor":48,"key":"Regal Pillow"},{"floor":55,"key":"Blue Candle"}],"event_choices":[{"damage_healed":0.0,"max_hp_gain":0.0,"max_hp_loss":0.0,"gold_gain":150.0,"event_name":"Liars Game","player_choice":"AGREE","floor":3.0,"gold_loss":0.0,"damage_taken":0.0,"cards_obtained":["Doubt"]},{"damage_healed":0.0,"max_hp_gain":0.0,"max_hp_loss":0.0,"gold_gain":75.0,"event_name":"World of Goop","player_choice":"Gather Gold","floor":4.0,"gold_loss":0.0,"damage_taken":11.0},{"cards_removed":["Doubt"],"damage_healed":0.0,"max_hp_gain":0.0,"max_hp_loss":0.0,"gold_gain":0.0,"event_name":"The Cleric","player_choice":"Card Removal","floor":5.0,"gold_loss":75.0,"damage_taken":0.0},{"damage_healed":0.0,"max_hp_gain":5.0,"max_hp_loss":0.0,"gold_gain":0.0,"event_name":"Big Fish","player_choice":"Donut","floor":7.0,"gold_loss":0.0,"damage_taken":0.0},{"damage_healed":0,"gold_gain":0,"player_choice":"Fought Bandits","damage_taken":0,"max_hp_gain":0,"max_hp_loss":0,"event_name":"Masked Bandits","floor":20,"gold_loss":0},{"damage_healed":0,"gold_gain":0,"player_choice":"Shed Blood","damage_taken":25,"max_hp_gain":5,"max_hp_loss":0,"event_name":"Forgotten Altar","floor":22,"gold_loss":0},{"damage_healed":0,"gold_gain":0,"player_choice":"Copied","damage_taken":0,"max_hp_gain":0,"max_hp_loss":0,"event_name":"Duplicator","floor":37,"gold_loss":0,"cards_obtained":["Wraith Form v2"]},{"damage_healed":0,"gold_gain":0,"cards_transformed":["Dodge and Roll"],"player_choice":"Transformed","damage_taken":0,"max_hp_gain":0,"max_hp_loss":0,"event_name":"Transmorgrifier","floor":44,"gold_loss":0,"cards_obtained":["Glass Knife"]}],"is_beta":false,"boss_relics":[{"not_picked":["Busted Crown","Ectoplasm"],"picked":"HoveringKite"},{"not_picked":["Tiny House","Empty Cage"],"picked":"Calling Bell"}],"items_purged_floors":[23],"is_endless":false,"potions_floor_spawned":[2,12,21,27,28,30,35,36,39,47],"ascension_level":20}}