{"host":"nn8dnwg7qu5hzjj2","time":1609616360,"event":{"mods":["AchievementEnabler","BaseMod","Better Match","Better Note","Better Sensory Stone","Better Vampires","Card Forge","Colored Map","Colored Powertips","Data Control","Highlight Path","Infinite Spire","Minty Spire (QoL Compilation)","Permanent Neow","Relic Filter","Replay The Spire","Shop Mod","StSLib","Synergy Search","The Jungle","Transform Curses"],"gold_per_floor":[215,180,26,26,42,73,73,102,102,102,116,136,136,155,155,252,252,263,279,296,315,192,226,74,74,121,146,166,178,213,233,233,336,336,350,0,0,45,60,87,104,104,104,32,42,42,62,94,94,191,191,206,224,224,233,244,268,281,307,333,333,344,366,366,394,394,501,501,519,540,558,569,591,627,627,660,660,691,791,791,804,822,822,940,940,962,1018,1077,1088,1016,1016,1048,1064,1137,1132,1132],"floor_reached":95,"playtime":1778,"items_purged":[],"score":2532,"play_id":"a94e7bf9-44dd-4fd9-9779-55e43a19e72e","local_time":"20210102123920","is_ascension_mode":true,"campfire_choices":[{"data":"Strike_P","floor":10,"key":"SMITH"},{"data":"Strike_P","floor":13,"key":"SMITH"},{"data":"infinitespire:FutureSight","floor":32,"key":"SMITH"},{"floor":42,"key":"REST"},{"floor":46,"key":"REST"},{"floor":49,"key":"REST"},{"floor":66,"key":"REST"},{"floor":75,"key":"REST"},{"floor":80,"key":"REST"},{"floor":83,"key":"REST"},{"floor":91,"key":"REST"}],"circlet_count":0,"master_deck":["Eruption+1","Vigilance","EmptyFist","SashWhip+1","Halt","Pray+1","CrushJoints+1","CarveReality","Pot Of Greed+1","Pot Of Greed+1","SandsOfTime","infinitespire:FutureSight+1","EmptyMind","ThirdEye+1","SignatureMove","EmptyFist","Devotion","Pot Of Greed+1","CutThroughFate","infinitespire:FutureSight","Tantrum+1","Collect","ThirdEye+1","Crescendo","Collect","CarveReality+1","infinitespire:Punishment","ClearTheMind+1","MasterReality","BowlingBash","Pot Of Greed+1","Halt","Poisoned Strike","Replay:Sssssssssshield","CarveReality","ClearTheMind","Weave","EmptyFist","CrushJoints","infinitespire:Collect","SashWhip","CrushJoints","EmptyFist","Pot Of Greed+1","LessonLearned","Swivel","Vengeance","JustLucky","SashWhip","CarveReality","Blasphemy","WaveOfTheHand","Replay:AtTheReady","Replay:Cycle","BattleHymn+1","Replay:DivineShield","Pot Of Greed+1","Vengeance+1","Meditate","ThirdEye","CrushJoints","FlurryOfBlows","Nirvana","BowlingBash","DevaForm","ReplayTheSpireMod:Chaos Vortex","Crescendo","FlyingSleeves+1","Swivel","Pot Of Greed+1","Replay:Vibes","JustLucky","FearNoEvil+1"],"relics":["PureWater","Hammer of Thor","Seething Fire","Anvil of the Gods","Membership Card","infinitespire:Bottled Soul","Whetstone","Anchor","Blue Candle","Replay:Drink Me","Eternal Feather","Unceasing Top","ClockworkSouvenir","Grinning Jar","Pen Nib","Boot","Replay:Bottled Eggs","Fusion Hammer","Red Mask","Runic Pyramid","ReplayTheSpireMod:Ninjato","TungstenRod","infinitespire:Satchel","Replay:Purple Gloves","Strange Spoon","Replay:Kaleidoscope","Black Star","Potion Belt","Sundial","Omamori","Juzu Bracelet","infinitespire:Lucky Rock","Odd Mushroom","Golden Idol","Replay:Accelerometer","Bag of Preparation","Pandora\u0027s Box","ReplayTheSpireMod:Lightbulb","Replay:Ringing Soul","Replay:Arrowhead","Replay:Mystery Machine","infinitespire:Eraser","Strawberry","Blue Doll","Philosopher\u0027s Stone","Mango","Thread and Needle","Toolbox","infinitespire:Lychee Nut","Kunai","infinitespire:FocusingShard"],"acts_visited":["Exordium","Exordium","TheBeyond","Exordium","Exordium","TheBeyond"],"potions_floor_usage":[27,57,58,59,73,73,73,73,73,73,73,73,84,84,84,84,84],"damage_taken":[{"damage":0,"enemies":"Jaw Worm","floor":1,"turns":1},{"damage":0,"enemies":"Cultist","floor":5,"turns":1},{"damage":0,"enemies":"3 Sentries","floor":6,"turns":1},{"damage":0,"enemies":"Lagavulin","floor":8,"turns":1},{"damage":0,"enemies":"2 Louse","floor":11,"turns":1},{"damage":0,"enemies":"Red Slaver","floor":12,"turns":1},{"damage":0,"enemies":"Blue Slaver","floor":14,"turns":1},{"damage":0,"enemies":"The Guardian","floor":16,"turns":1},{"damage":0,"enemies":"theJungle:GiantWrat","floor":18,"turns":1},{"damage":0,"enemies":"theJungle:MUSHROOMGANG","floor":19,"turns":1},{"damage":0,"enemies":"theJungle:2_Flameangoes","floor":20,"turns":1},{"damage":0,"enemies":"theJungle:JungleHuntersEncounter","floor":21,"turns":1},{"damage":0,"enemies":"theJungle:MamaSnecko","floor":23,"turns":1},{"damage":0,"enemies":"Nightmare","floor":27,"turns":1},{"damage":0,"enemies":"theJungle:Lyon","floor":28,"turns":1},{"damage":0,"enemies":"theJungle:SlimyTreeVines","floor":29,"turns":1},{"damage":0,"enemies":"theJungle:Cassacara","floor":30,"turns":1},{"damage":0,"enemies":"theJungle:JungleHuntersEncounter","floor":31,"turns":1},{"damage":0,"enemies":"theJungle:FunGuy","floor":33,"turns":2},{"damage":0,"enemies":"3 Darklings","floor":35,"turns":1},{"damage":0,"enemies":"2 Orb Walkers","floor":38,"turns":1},{"damage":0,"enemies":"3 Shapes","floor":39,"turns":1},{"damage":0,"enemies":"Reptomancer","floor":40,"turns":1},{"damage":0,"enemies":"Jaw Worm Horde","floor":41,"turns":1},{"damage":0,"enemies":"4 Shapes","floor":45,"turns":1},{"damage":0,"enemies":"Writhing Mass","floor":47,"turns":1},{"damage":0,"enemies":"Nightmare","floor":48,"turns":2},{"damage":0,"enemies":"Donu and Deca","floor":50,"turns":1},{"damage":0,"enemies":"Cultist","floor":52,"turns":1},{"damage":0,"enemies":"2 Louse","floor":53,"turns":1},{"damage":0,"enemies":"Jaw Worm","floor":55,"turns":1},{"damage":0,"enemies":"2 Fungi Beasts","floor":56,"turns":1},{"damage":0,"enemies":"Lagavulin","floor":57,"turns":1},{"damage":0,"enemies":"3 Louse","floor":58,"turns":1},{"damage":0,"enemies":"3 Sentries","floor":59,"turns":1},{"damage":0,"enemies":"Red Slaver","floor":62,"turns":1},{"damage":0,"enemies":"The Mushroom Lair","floor":63,"turns":1},{"damage":0,"enemies":"Gremlin Nob","floor":65,"turns":1},{"damage":0,"enemies":"Fading Forest","floor":67,"turns":4},{"damage":0,"enemies":"Shell Parasite","floor":69,"turns":1},{"damage":0,"enemies":"theJungle:GiantWrat","floor":70,"turns":1},{"damage":0,"enemies":"theJungle:Lyon","floor":71,"turns":1},{"damage":0,"enemies":"theJungle:JungleHuntersEncounter","floor":72,"turns":1},{"damage":0,"enemies":"theJungle:2_Snecko_Cultists","floor":73,"turns":1},{"damage":0,"enemies":"theJungle:Cassacara","floor":74,"turns":1},{"damage":0,"enemies":"theJungle:2_Phrogs","floor":76,"turns":1},{"damage":0,"enemies":"theJungle:Cassacara","floor":78,"turns":1},{"damage":0,"enemies":"theJungle:Snecko_Cultist_And_Trap","floor":81,"turns":1},{"damage":0,"enemies":"theJungle:Lyon","floor":82,"turns":1},{"damage":0,"enemies":"theJungle:TotemBoss","floor":84,"turns":1},{"damage":0,"enemies":"3 Darklings","floor":86,"turns":1},{"damage":0,"enemies":"2 Orb Walkers","floor":87,"turns":1},{"damage":0,"enemies":"Mind Bloom Boss Battle","floor":88,"turns":1},{"damage":0,"enemies":"3 Shapes","floor":89,"turns":1},{"damage":0,"enemies":"Nightmare","floor":92,"turns":2},{"damage":0,"enemies":"Writhing Mass","floor":93,"turns":2},{"damage":0,"enemies":"infinitespire:Three Voidlings","floor":95,"turns":1},{"damage":101,"enemies":"Nightmare_Alpha","floor":95,"turns":3}],"seed_played":"562847965019249382","potions_obtained":[{"floor":6,"key":"SteroidPotion"},{"floor":8,"key":"FearPotion"},{"floor":14,"key":"GamblersBrew"},{"floor":16,"key":"infinitespire:BlackPotion"},{"floor":28,"key":"LiquidMemories"},{"floor":57,"key":"BottledMiracle"},{"floor":58,"key":"EntropicBrew"},{"floor":59,"key":"Strength Potion"},{"floor":67,"key":"AttackPotion"},{"floor":72,"key":"SteroidPotion"},{"floor":73,"key":"PowerPotion"},{"floor":74,"key":"Reflective Coating"},{"floor":81,"key":"Energy Potion"},{"floor":82,"key":"SkillPotion"},{"floor":87,"key":"Energy Potion"},{"floor":93,"key":"Block Potion"}],"is_trial":false,"path_per_floor":["M","?","$","?","M","E","T","E","T","R","M","M","R","M","R_BF","B",null,"M","M","M","M","?","E","$","?","T","NM","M","M","E","M","R","B",null,"M","?","AVR","?","M","E","M","R","T","$","M","R","M","NM","R","B",null,"M","M","?","M","M","E","M","E","T","?","M","?","?","E","R","B",null,"M","M","M","M","M","E","R","E","T","E","?","R","M","M","R_BF","B",null,"M","?","?","M","$","R","NM","M","T","?"],"character_chosen":"WATCHER","items_purchased":["Membership Card","ClockworkSouvenir","Grinning Jar","Strange Spoon","Toolbox"],"campfire_rested":8,"item_purchase_floors":[3,24,24,44,90],"current_hp_per_floor":[72,72,72,72,72,72,72,72,72,72,72,72,72,72,72,72,54,54,54,54,54,54,54,54,54,54,54,54,54,54,54,54,54,54,54,54,54,54,54,54,54,54,54,54,54,54,54,54,54,54,54,54,54,54,54,54,54,54,54,54,42,42,42,30,30,54,54,54,54,54,54,54,54,57,57,60,60,70,67,70,73,76,76,79,82,85,102,105,108,108,108,84,87,87,0,0],"gold":1132,"neow_bonus":"HUNDRED_GOLD","is_daily":false,"chose_seed":false,"campfire_upgraded":3,"win_rate":0.0,"timestamp":1609616360,"path_taken":["M","?","$","?","M","E","?","E","T","R","M","M","R","?","R_BF","BOSS","M","M","M","M","?","E","?","?","T","NM","M","M","E","M","R","BOSS","M","?","AVR","?","M","E","M","R","T","?","?","R","M","NM","R","BOSS","M","M","?","M","M","E","M","E","T","?","M","?","?","E","R","BOSS","M","M","M","M","M","E","R","E","T","E","?","R","M","M","R_BF","BOSS","M","?","?","M","$","R","NM","M","T","?"],"items_purchased_type":["Relic","Relic","Relic","Relic","Relic"],"build_version":"2020-12-22","purchased_purges":0,"victory":false,"max_hp_per_floor":[72,72,72,72,72,72,72,72,72,72,72,72,72,72,72,72,54,54,54,54,54,54,54,54,54,54,54,54,54,54,54,54,54,54,54,54,54,54,54,54,54,54,54,54,54,54,54,54,54,54,54,54,54,54,54,54,54,54,54,54,54,54,54,54,54,54,54,54,54,54,54,54,54,57,57,60,60,70,70,70,73,76,76,79,82,85,102,105,108,108,108,84,87,87,87,87],"card_choices":[{"not_picked":["TalkToTheHand","Prostrate"],"picked":"JustLucky","floor":1},{"not_picked":["Replay:DivineShield","FlyingSleeves","WreathOfFlame"],"picked":"SKIP","floor":5},{"not_picked":["Worship","BowlingBash","BattleHymn"],"picked":"SKIP","floor":6},{"not_picked":["ClearTheMind","TalkToTheHand","LessonLearned"],"picked":"SKIP","floor":8},{"not_picked":["PathToVictory","SignatureMove"],"picked":"EmptyFist","floor":11},{"not_picked":["Perseverance","Crescendo"],"picked":"SashWhip","floor":12},{"not_picked":["Weave","ClearTheMind"],"picked":"Crescendo","floor":14},{"not_picked":["Blasphemy","Establishment"],"picked":"Vault","floor":16},{"not_picked":["WindmillStrike","Evaluate"],"picked":"Halt","floor":18},{"not_picked":["ClearTheMind+1","WreathOfFlame"],"picked":"Pray+1","floor":19},{"not_picked":["BowlingBash","FlyingSleeves"],"picked":"CrushJoints+1","floor":20},{"not_picked":["LessonLearned","EmptyFist"],"picked":"CarveReality","floor":21},{"not_picked":["FlurryOfBlows+1","CutThroughFate+1"],"picked":"Ragnarok","floor":23},{"not_picked":["ReplayTheSpireMod:Echoes of Time","ReplayTheSpireMod:Haul"],"picked":"infinitespire:FutureSight","floor":27},{"not_picked":["Worship","FollowUp"],"picked":"EmptyMind","floor":27},{"not_picked":["Collect","Adaptation"],"picked":"ThirdEye+1","floor":28},{"not_picked":["DeceiveReality","Fasting2"],"picked":"SignatureMove","floor":29},{"not_picked":["EmptyBody","Perseverance","Wallop+1"],"picked":"SKIP","floor":30},{"not_picked":["Indignation","ThirdEye"],"picked":"EmptyFist","floor":31},{"not_picked":["Blasphemy","Establishment"],"picked":"Devotion","floor":33},{"not_picked":["Nirvana","Consecrate+1"],"picked":"CutThroughFate","floor":35},{"not_picked":["LessonLearned","EmptyBody"],"picked":"Tantrum+1","floor":38},{"not_picked":["JustLucky+1","ClearTheMind+1"],"picked":"Collect","floor":39},{"not_picked":["Fasting2","JustLucky"],"picked":"ThirdEye+1","floor":40},{"not_picked":["Halt+1","Protect+1"],"picked":"Crescendo","floor":41},{"not_picked":["Prostrate+1","SashWhip"],"picked":"Collect","floor":45},{"not_picked":["PathToVictory","Replay:BluntJabs"],"picked":"CarveReality+1","floor":47},{"not_picked":["infinitespire:DeathsTouch","ReplayTheSpireMod:??????????????????????"],"picked":"infinitespire:Punishment","floor":48},{"not_picked":["Evaluate+1","BowlingBash"],"picked":"ClearTheMind+1","floor":48},{"not_picked":["Brilliance","Blasphemy"],"picked":"MasterReality","floor":50},{"not_picked":["CrushJoints","Replay:BluntJabs"],"picked":"BowlingBash","floor":52},{"not_picked":["Replay:Vibes","CutThroughFate"],"picked":"Halt","floor":53},{"not_picked":["Thinking Ahead","Sadistic Nature"],"picked":"Poisoned Strike","floor":54},{"not_picked":["Transmutation","Secret Technique"],"picked":"Replay:Sssssssssshield","floor":54},{"not_picked":["JustLucky","Replay:ManipulateFuture"],"picked":"CarveReality","floor":55},{"not_picked":["Wallop","Crescendo"],"picked":"ClearTheMind","floor":56},{"not_picked":["SashWhip","Wallop"],"picked":"Weave","floor":57},{"not_picked":["CrushJoints","Brilliance"],"picked":"EmptyFist","floor":58},{"not_picked":["Replay:AtTheReady","Replay:BluntJabs"],"picked":"CrushJoints","floor":59},{"not_picked":["infinitespire:SealOfDarkness+","ReplayTheSpireMod:Black Plague"],"picked":"infinitespire:Collect","floor":61},{"not_picked":["Replay:BluntJabs","Replay:ManipulateFuture"],"picked":"SashWhip","floor":62},{"not_picked":["Pray","FlurryOfBlows"],"picked":"CrushJoints","floor":63},{"not_picked":["CutThroughFate","Indignation"],"picked":"EmptyFist","floor":65},{"not_picked":["DeusExMachina","Judgement"],"picked":"LessonLearned","floor":67},{"not_picked":["ClearTheMind","SashWhip"],"picked":"Replay:Cycle","floor":69},{"not_picked":["BowlingBash","Prostrate"],"picked":"BattleHymn+1","floor":70},{"not_picked":["SashWhip","FollowUp"],"picked":"Replay:DivineShield","floor":71},{"not_picked":["Perseverance+1","Conclude"],"picked":"Vengeance+1","floor":72},{"not_picked":["FollowUp","WheelKick"],"picked":"Meditate","floor":73},{"not_picked":["Establishment","Crescendo"],"picked":"ThirdEye","floor":74},{"not_picked":["Halt","ConjureBlade"],"picked":"CrushJoints","floor":76},{"not_picked":["Protect","Replay:AtTheReady+1"],"picked":"FlurryOfBlows","floor":78},{"not_picked":["EmptyBody","Replay:Anticipation"],"picked":"Nirvana","floor":81},{"not_picked":["FollowUp+1","ClearTheMind"],"picked":"BowlingBash","floor":82},{"not_picked":["ConjureBlade","Judgement"],"picked":"DevaForm","floor":84},{"not_picked":["Replay:Fractal Strike","infinitespire:Collect"],"picked":"ReplayTheSpireMod:Chaos Vortex","floor":85},{"not_picked":["Collect","SashWhip+1"],"picked":"Crescendo","floor":86},{"not_picked":["BowlingBash","DeusExMachina"],"picked":"FlyingSleeves+1","floor":87},{"not_picked":["BowlingBash+1","FlurryOfBlows"],"picked":"Swivel","floor":88},{"not_picked":["WreathOfFlame","Consecrate"],"picked":"Replay:Vibes","floor":89},{"not_picked":["PathToVictory","FlurryOfBlows+1"],"picked":"JustLucky","floor":92},{"not_picked":["Wallop","EmptyFist"],"picked":"FearNoEvil+1","floor":93}],"player_experience":101930,"relics_obtained":[{"floor":6,"key":"infinitespire:Bottled Soul"},{"floor":7,"key":"Whetstone"},{"floor":8,"key":"Anchor"},{"floor":9,"key":"Blue Candle"},{"floor":23,"key":"Unceasing Top"},{"floor":26,"key":"Pen Nib"},{"floor":27,"key":"Boot"},{"floor":30,"key":"Replay:Bottled Eggs"},{"floor":38,"key":"TungstenRod"},{"floor":40,"key":"infinitespire:Satchel"},{"floor":43,"key":"Replay:Purple Gloves"},{"floor":48,"key":"Replay:Kaleidoscope"},{"floor":57,"key":"Potion Belt"},{"floor":57,"key":"Sundial"},{"floor":59,"key":"Omamori"},{"floor":59,"key":"Juzu Bracelet"},{"floor":60,"key":"infinitespire:Lucky Rock"},{"floor":63,"key":"Odd Mushroom"},{"floor":65,"key":"Replay:Accelerometer"},{"floor":65,"key":"Bag of Preparation"},{"floor":74,"key":"ReplayTheSpireMod:Lightbulb"},{"floor":74,"key":"Replay:Ringing Soul"},{"floor":76,"key":"Replay:Arrowhead"},{"floor":76,"key":"Replay:Mystery Machine"},{"floor":77,"key":"infinitespire:Eraser"},{"floor":78,"key":"Strawberry"},{"floor":78,"key":"Blue Doll"},{"floor":87,"key":"Mango"},{"floor":88,"key":"Thread and Needle"},{"floor":92,"key":"infinitespire:Lychee Nut"},{"floor":92,"key":"Kunai"},{"floor":94,"key":"infinitespire:FocusingShard"}],"event_choices":[{"damage_healed":18,"gold_gain":0,"player_choice":"Healed","damage_taken":0,"max_hp_gain":0,"max_hp_loss":0,"event_name":"The Cleric","floor":2,"gold_loss":35},{"damage_healed":0,"gold_gain":0,"player_choice":"Ignored","damage_taken":0,"max_hp_gain":0,"max_hp_loss":0,"event_name":"Golden Wing","floor":4,"gold_loss":0},{"damage_healed":0,"gold_gain":0,"player_choice":"Paid Gold","damage_taken":0,"relics_obtained":["Eternal Feather"],"max_hp_gain":0,"max_hp_loss":0,"event_name":"WeMeetAgain","floor":22,"gold_loss":123},{"damage_healed":0,"gold_gain":0,"cards_transformed":["Ragnarok"],"player_choice":"Transformed","damage_taken":0,"max_hp_gain":0,"max_hp_loss":0,"event_name":"Transmorgrifier","floor":25,"gold_loss":0,"cards_obtained":["SandsOfTime"]},{"damage_healed":0,"gold_gain":0,"player_choice":"Paid","damage_taken":0,"relics_obtained":["Red Mask"],"max_hp_gain":0,"max_hp_loss":0,"event_name":"Tomb of Lord Red Mask","floor":36,"gold_loss":350},{"damage_healed":0,"gold_gain":0,"player_choice":"Fight","damage_taken":0,"max_hp_gain":0,"max_hp_loss":0,"event_name":"Mysterious Sphere","floor":38,"gold_loss":0},{"damage_healed":0,"gold_gain":4,"player_choice":"1","damage_taken":0,"max_hp_gain":0,"max_hp_loss":0,"event_name":"betterStone:BetterStone","floor":54,"gold_loss":0},{"damage_healed":0,"gold_gain":0,"player_choice":"Fought Mushrooms","damage_taken":0,"max_hp_gain":0,"max_hp_loss":0,"event_name":"Mushrooms","floor":63,"gold_loss":0},{"damage_healed":0,"gold_gain":0,"player_choice":"Take Damage","damage_taken":13,"relics_obtained":["Golden Idol"],"max_hp_gain":0,"max_hp_loss":0,"event_name":"Golden Idol","floor":64,"gold_loss":0},{"damage_healed":0,"gold_gain":0,"player_choice":"Fight","damage_taken":0,"max_hp_gain":0,"max_hp_loss":0,"event_name":"Mysterious Sphere","floor":87,"gold_loss":0},{"damage_healed":0,"gold_gain":0,"player_choice":"Fight","damage_taken":0,"max_hp_gain":0,"max_hp_loss":0,"event_name":"MindBloom","floor":88,"gold_loss":0}],"is_beta":false,"boss_relics":[{"not_picked":["Coffee Dripper","Empty Cage"],"picked":"Replay:Drink Me"},{"not_picked":["ChewingGum","Astrolabe"],"picked":"Fusion Hammer"},{"not_picked":["Runic Dome","Tiny House"],"picked":"Black Star"},{"not_picked":["Tiny House","Sozu"],"picked":"Pandora\u0027s Box"},{"not_picked":["Runic Dome","Replay:Bronze Core"],"picked":"Philosopher\u0027s Stone"}],"items_purged_floors":[],"is_endless":true,"potions_floor_spawned":[6,8,14,16,18,19,28,33,35,39,41,45,50,52,56,57,58,59,67,72,73,74,81,82,87,93],"killed_by":"Nightmare_Alpha","ascension_level":1}}