{"host":"3vgzk5mhz751jdrj","time":1609546514,"event":{"mods":["2.2 Compatiblity","AchievementEnabler","Act Like it!","Aspiration","BaseMod","Better Match","Better Note","Better Sensory Stone","Better Skull","Better Third Choice","Block Reminder","Colored Map","Conspire","Displayed Cursed Tome","Downfall","Downfall-Rebalance","Friendly Minions","GifTheSpireLib","Halation","Hubris","Marked Mod","Mimic Mod","Minty Spire (QoL Compilation)","Quick Restart","Rare Cards Sparkle","Replay The Spire","Reworked Bosses","Shop Mod","Spicy Shops","Spikes Relics","StSLib","Stuff the Spire","The Marked","Trackpad","vexMod"],"gold_per_floor":[113,130,130,130,130,130,140,157,183,183,196,216,216,242,242,337,337,302,312,312,328,37,37,37,37],"floor_reached":24,"playtime":1135,"items_purged":[],"score":198,"play_id":"8f0cfd31-69d6-4a34-b4a1-adcc89db63cd","local_time":"20210101191514","is_ascension_mode":false,"campfire_choices":[{"data":"theMarked:StartUp","floor":6,"key":"SMITH"},{"data":"theMarked:StartUp","floor":10,"key":"SMITH"},{"data":"theMarked:AttractMetal","floor":13,"key":"SMITH"},{"floor":15,"key":"REST"},{"floor":23,"key":"REST"}],"circlet_count":0,"master_deck":["theMarked:Strike","theMarked:Strike","theMarked:Strike","theMarked:Strike","theMarked:Defend","theMarked:Defend","theMarked:Defend","theMarked:Defend","theMarked:SoldierOfQuellstein+1","theMarked:StartUp+1","theMarked:StartUp+1","theMarked:AttractMetal+1","theMarked:EnhanceMovement","theMarked:MagicAdept+1","theMarked:EmpowerWeapon+1","theMarked:ReduceFriction","theMarked:CreepingChasm"],"relics":["theMarked:ArtifactOfAir","Shuriken","hubris:HollowSoul","Peace Pipe"],"acts_visited":["Exordium","TheCity"],"potions_floor_usage":[11,14,16,21,24],"damage_taken":[{"damage":0,"enemies":"Cultist","floor":1,"turns":3},{"damage":7,"enemies":"Small Slimes","floor":2,"turns":3},{"damage":0,"enemies":"2 Louse","floor":7,"turns":1},{"damage":0,"enemies":"Large Slime","floor":8,"turns":5},{"damage":0,"enemies":"Exordium Wildlife","floor":11,"turns":4},{"damage":0,"enemies":"3 Louse","floor":12,"turns":3},{"damage":29,"enemies":"Gremlin Nob","floor":14,"turns":5},{"damage":18,"enemies":"Hexaghost","floor":16,"turns":15},{"damage":14,"enemies":"2 Thieves","floor":18,"turns":5},{"damage":11,"enemies":"Shell Parasite","floor":19,"turns":7},{"damage":20,"enemies":"Cultist and Chosen","floor":21,"turns":9},{"damage":17,"enemies":"Slavers","floor":24,"turns":1}],"seed_played":"-6829535069985551165","potions_obtained":[{"floor":7,"key":"SteroidPotion"},{"floor":8,"key":"Swift Potion"},{"floor":12,"key":"Weak Potion"},{"floor":14,"key":"DistilledChaos"},{"floor":18,"key":"Reflective Coating"}],"is_trial":false,"path_per_floor":["M","M","?","?","?","R","M","M","T","R","M","M","R","E","R","B",null,"M","M","?","M","$","R","E"],"character_chosen":"THE_DEFAULT","items_purchased":["Peace Pipe"],"campfire_rested":2,"item_purchase_floors":[22],"current_hp_per_floor":[70,63,56,56,56,56,56,56,56,56,56,56,56,27,48,30,70,56,45,45,25,25,46,0,0],"gold":37,"neow_bonus":"RANDOM_EVENT","is_daily":false,"chose_seed":false,"campfire_upgraded":3,"win_rate":0.0,"timestamp":1609546514,"path_taken":["M","?","?","?","?","R","M","M","T","R","M","M","R","E","R","BOSS","M","M","?","M","$","R","E"],"items_purchased_type":["Relic"],"build_version":"2020-12-22","purchased_purges":0,"victory":false,"max_hp_per_floor":[70,70,70,70,70,70,70,70,70,70,70,70,70,70,70,70,70,70,70,70,70,70,70,70,70],"card_choices":[{"not_picked":["theMarked:WastefulAttack","theMarked:WardOff"],"picked":"theMarked:StartUp","floor":1},{"not_picked":["theMarked:RepellingDischarge","theMarked:EmpowerWeapon"],"picked":"theMarked:StartUp","floor":2},{"not_picked":["theMarked:Static","theMarked:Parry"],"picked":"theMarked:AttractMetal","floor":7},{"not_picked":["theMarked:WastefulDefense","theMarked:Parry","theMarked:Polarize"],"picked":"SKIP","floor":8},{"not_picked":["theMarked:Overthink","theMarked:ReduceFriction"],"picked":"theMarked:EnhanceMovement","floor":11},{"not_picked":["theMarked:WardOff","theMarked:HeritageOfTheMarked","theMarked:ElectricStrings"],"picked":"SKIP","floor":12},{"not_picked":["theMarked:HeightenedSenses","theMarked:Standoff","theMarked:Convert"],"picked":"SKIP","floor":14},{"not_picked":["theMarked:ChannelForce","theMarked:Vacuum"],"picked":"theMarked:MagicAdept","floor":16},{"not_picked":["theMarked:TwofoldDefense+1","theMarked:Improvise"],"picked":"theMarked:EmpowerWeapon+1","floor":18},{"not_picked":["theMarked:Parkour","theMarked:ResourceFulStrike"],"picked":"theMarked:ReduceFriction","floor":19},{"not_picked":["theMarked:Parkour+1","theMarked:HeightenedSenses"],"picked":"theMarked:CreepingChasm","floor":21}],"player_experience":416049,"relics_obtained":[{"floor":14,"key":"Shuriken"}],"event_choices":[{"damage_healed":0,"gold_gain":0,"player_choice":"Grow","damage_taken":0,"max_hp_gain":0,"max_hp_loss":0,"event_name":"Living Wall","floor":0,"gold_loss":0,"cards_upgraded":["theMarked:SoldierOfQuellstein"]},{"cards_removed":["theMarked:Strike"],"damage_healed":0,"gold_gain":0,"player_choice":"Card Removal","damage_taken":7,"max_hp_gain":0,"max_hp_loss":0,"event_name":"Golden Wing","floor":3,"gold_loss":0},{"damage_healed":0,"gold_gain":0,"player_choice":"Leave","damage_taken":0,"max_hp_gain":0,"max_hp_loss":0,"event_name":"conspire:Investor","floor":5,"gold_loss":0},{"damage_healed":0,"gold_gain":0,"player_choice":"Upgraded","damage_taken":0,"max_hp_gain":0,"max_hp_loss":0,"event_name":"Upgrade Shrine","floor":20,"gold_loss":0,"cards_upgraded":["theMarked:MagicAdept"]}],"is_beta":false,"boss_relics":[{"not_picked":["Fusion Hammer","vexMod:EndlessSickness"],"picked":"hubris:HollowSoul"}],"items_purged_floors":[],"is_endless":false,"potions_floor_spawned":[7,8,12,14,18],"killed_by":"Slavers","ascension_level":0}}