{"host":"2461dio7vetlq1z3","time":1609548324,"event":{"mods":["2.2 Compatiblity","AchievementEnabler","BaseMod","Better Third Choice","Friendly Minions","Minty Spire (QoL Compilation)","Relic Stats","Replay The Spire","Spicy Shops","StSLib","Waifu the Spire"],"gold_per_floor":[116,152,171,171,18,47,59,59,59,99,128,164,164,183,183,269,269,288,288,309,76,104,104,120,120,146,146,180,199,199,225,225,305,368,391,417,417,450,472,472,497,497,497,538,538,538,567,567,607,30,30,30,30,30,30,30,68,68],"floor_reached":59,"playtime":4012,"items_purged":["Strike_B","ReplayTheSpireMod:Repulse"],"score":2374,"play_id":"16cc88b9-a3af-4789-ad53-fc4261b69244","local_time":"20210102014524","is_ascension_mode":true,"campfire_choices":[{"data":"Darkness","floor":8,"key":"SMITH"},{"floor":13,"key":"REST"},{"floor":15,"key":"REST"},{"data":"Genetic Algorithm","floor":23,"key":"SMITH"},{"data":"Chill","floor":25,"key":"SMITH"},{"data":"FIFO Queue","floor":27,"key":"SMITH"},{"data":"Coolheaded","floor":30,"key":"SMITH"},{"data":"Hologram","floor":40,"key":"SMITH"},{"data":"Seek","floor":42,"key":"SMITH"},{"floor":48,"key":"RECALL"},{"data":"Multi-Cast","floor":51,"key":"SMITH"},{"data":"Seek","floor":55,"key":"SMITH"}],"circlet_count":0,"master_deck":["AscendersBane","Zap","Dualcast","Compile Driver","ReplayTheSpireMod:Calculation Training+1","Panic Button","Tempest+1","FIFO Queue+1","Darkness+1","Cold Snap","Coolheaded+1","ReplayTheSpireMod:System Scan","Coolheaded+1","ReplayTheSpireMod:Omega Cannon+1","Genetic Algorithm+1","Auto Shields+1","Chill+1","Hologram+1","Time Bomb","Multi-Cast+1","Rainbow","Echo Form","Rainbow","Static Discharge","Chill","Creative AI","Coolheaded","Static Discharge","Seek+1","Panic Button+1","Electrodynamics","ReplayTheSpireMod:Calculation Training+1","Seek+1","Hologram"],"relics":["Cracked Core","NeowsBlessing","Replay:Accelerometer","Singing Bowl","CeramicFish","DataDisk","TungstenRod","Coffee Dripper","Guide Book","Red Mask","Ancient Tea Set","Gambling Chip","Prayer Wheel","Pandora\u0027s Box","Prayer Wheel","Bag of Preparation","Replay:Kaleidoscope","Iron Hammer","Replay:WaspNest","Anchor"],"acts_visited":["Exordium","TheCity","TheBeyond","TheEnding"],"potions_floor_usage":[12,12,24,31,33,47,49,53,58],"damage_taken":[{"damage":0,"enemies":"Small Slimes","floor":1,"turns":1},{"damage":0,"enemies":"Jaw Worm","floor":3,"turns":1},{"damage":0,"enemies":"3 Sentries","floor":6,"turns":1},{"damage":1,"enemies":"Cultist","floor":7,"turns":3},{"damage":8,"enemies":"Gremlin Nob","floor":10,"turns":3},{"damage":8,"enemies":"Blue Slaver","floor":11,"turns":4},{"damage":21,"enemies":"3 Sentries","floor":12,"turns":7},{"damage":7,"enemies":"Exordium Wildlife","floor":14,"turns":3},{"damage":27,"enemies":"The Guardian","floor":16,"turns":11},{"damage":15,"enemies":"2 Thieves","floor":18,"turns":3},{"damage":2,"enemies":"Chosen","floor":20,"turns":5},{"damage":0,"enemies":"Masked Bandits","floor":22,"turns":2},{"damage":15,"enemies":"Shelled Parasite and Fungi","floor":24,"turns":3},{"damage":17,"enemies":"Book of Stabbing","floor":28,"turns":5},{"damage":0,"enemies":"Centurion and Healer","floor":29,"turns":7},{"damage":8,"enemies":"Snake Plant","floor":31,"turns":3},{"damage":10,"enemies":"Automaton","floor":33,"turns":9},{"damage":5,"enemies":"Orb Walker","floor":35,"turns":4},{"damage":10,"enemies":"3 Darklings","floor":36,"turns":4},{"damage":4,"enemies":"4 Shapes","floor":38,"turns":7},{"damage":19,"enemies":"Writhing Mass","floor":39,"turns":6},{"damage":0,"enemies":"Maw","floor":41,"turns":8},{"damage":18,"enemies":"Nemesis","floor":44,"turns":9},{"damage":0,"enemies":"Transient","floor":47,"turns":6},{"damage":21,"enemies":"R_Hoarder","floor":49,"turns":8},{"damage":0,"enemies":"Replay:Hell Engine","floor":52,"turns":15},{"damage":0,"enemies":"Awakened One","floor":53,"turns":14},{"damage":1,"enemies":"Shield and Spear","floor":57,"turns":5},{"damage":67,"enemies":"The Heart","floor":58,"turns":9}],"seed_played":"4387641808222297767","potions_obtained":[{"floor":3,"key":"Elixir"},{"floor":7,"key":"SkillPotion"},{"floor":10,"key":"Energy Potion"},{"floor":18,"key":"AttackPotion"},{"floor":24,"key":"BlessingOfTheForge"},{"floor":28,"key":"Adrenaline Potion"},{"floor":31,"key":"SneckoOil"},{"floor":33,"key":"EssenceOfSteel"},{"floor":38,"key":"AttackPotion"},{"floor":47,"key":"Elixir"}],"is_trial":false,"path_per_floor":["M","?","M","?","$","E","M","R","T","E","M","E","R","M","R","B",null,"M","?","M","$","?","R","M","R","T","R","E","M","R","M","R","B",null,"M","M","?","M","M","R","M","R","T","E","PTL","PTL","M","R","E","$","R","B","B",null,"R","$","E","B",null],"character_chosen":"DEFECT","items_purchased":["FIFO Queue","Chill","Guide Book","Iron Hammer","Replay:WaspNest","Block Potion"],"campfire_rested":2,"item_purchase_floors":[5,21,21,50,50,50],"current_hp_per_floor":[64,41,41,41,41,41,40,40,40,32,24,3,24,19,40,13,58,43,43,41,41,43,43,30,30,30,30,13,13,13,5,28,18,62,61,55,55,53,38,38,42,42,42,24,24,24,28,28,7,7,7,7,7,76,76,76,75,8],"gold":68,"neow_bonus":"THREE_ENEMY_KILL","is_daily":false,"chose_seed":false,"campfire_upgraded":9,"win_rate":0.0,"timestamp":1609548324,"path_taken":["M","?","M","?","$","E","M","R","T","E","M","E","R","M","R","BOSS","M","?","M","?","?","R","M","R","T","R","E","M","R","?","R","BOSS","M","M","?","M","?","R","M","R","T","E","PTL","PTL","M","R","E","?","R","BOSS","BOSS","R","$","E","BOSS"],"items_purchased_type":["Card","Card","Relic","Relic","Relic","Potion"],"build_version":"2020-12-22","purchased_purges":2,"victory":true,"max_hp_per_floor":[71,71,71,71,71,71,71,71,71,71,71,71,71,73,73,73,73,73,73,73,73,75,75,77,77,77,77,77,77,77,77,77,77,77,81,85,85,87,91,91,95,95,95,95,95,95,99,99,99,99,99,99,99,99,99,99,99,99],"relic_stats":{"Singing Bowl":28,"counters":[29,166],"CeramicFish":252,"Gambling Chip":[28],"Prayer Wheel":6,"Pandora\u0027s Box":["Rainbow","ReplayTheSpireMod:Fabricate Wheel","Echo Form","Rainbow","Static Discharge","ReplayGash","ReplayTheSpireMod:Repulse"],"Bag of Preparation":[12],"obtain_stats":[{"Replay:Accelerometer":2,"NeowsBlessing":0,"Singing Bowl":6,"CeramicFish":9,"Guide Book":21,"Replay:WaspNest":50,"Bag of Preparation":44,"Replay:Kaleidoscope":49,"Ancient Tea Set":26,"DataDisk":10,"Anchor":57,"Gambling Chip":28,"Prayer Wheel":33,"Pandora\u0027s Box":34,"Iron Hammer":50,"Coffee Dripper":17,"Red Mask":22,"Cracked Core":0,"TungstenRod":12},{"Replay:Accelerometer":1,"NeowsBlessing":0,"Singing Bowl":3,"CeramicFish":4,"Guide Book":11,"Replay:WaspNest":25,"Bag of Preparation":23,"Replay:Kaleidoscope":25,"Ancient Tea Set":13,"DataDisk":5,"Anchor":28,"Gambling Chip":14,"Prayer Wheel":17,"Pandora\u0027s Box":17,"Iron Hammer":25,"Coffee Dripper":9,"Red Mask":12,"Cracked Core":0,"TungstenRod":7},{"Replay:Accelerometer":1,"NeowsBlessing":0,"Singing Bowl":3,"CeramicFish":6,"Guide Book":42,"Replay:WaspNest":123,"Bag of Preparation":109,"Replay:Kaleidoscope":123,"Ancient Tea Set":47,"DataDisk":9,"Anchor":157,"Gambling Chip":52,"Prayer Wheel":68,"Pandora\u0027s Box":71,"Iron Hammer":123,"Coffee Dripper":34,"Red Mask":44,"Cracked Core":0,"TungstenRod":20}],"TungstenRod":52},"card_choices":[{"not_picked":["Beam Cell","Aggregate"],"picked":"Compile Driver","floor":1},{"not_picked":["Chaos","Scrape"],"picked":"ReplayTheSpireMod:Calculation Training","floor":2},{"not_picked":["Go for the Eyes","Reprogram"],"picked":"Panic Button","floor":2},{"not_picked":["Go for the Eyes","Conserve Battery"],"picked":"Tempest","floor":3},{"not_picked":["Sweeping Beam","ReplayTheSpireMod:Omega Cannon"],"picked":"Darkness","floor":6},{"not_picked":["Compile Driver","Leap"],"picked":"Cold Snap","floor":7},{"not_picked":["BasicCrystalCard","Compile Driver"],"picked":"Coolheaded","floor":10},{"not_picked":["Panic Button","Coolheaded"],"picked":"ReplayTheSpireMod:System Scan","floor":11},{"not_picked":["Sunder","ReplayTheSpireMod:System Scan"],"picked":"Coolheaded","floor":12},{"not_picked":["Stack","Steam","Panic Button"],"picked":"Singing Bowl","floor":14},{"not_picked":["Amplify","All For One"],"picked":"ReplayTheSpireMod:Omega Cannon","floor":16},{"not_picked":["Steam Power+1","Turbo"],"picked":"Genetic Algorithm","floor":18},{"not_picked":["Redo","Compile Driver"],"picked":"Auto Shields+1","floor":20},{"not_picked":["Double Energy","Compile Driver","Conserve Battery"],"picked":"Singing Bowl","floor":22},{"not_picked":["Genetic Algorithm","ReplaySolidLightProjector","Scrape"],"picked":"Singing Bowl","floor":24},{"not_picked":["Barrage","Panic Button"],"picked":"Hologram","floor":28},{"not_picked":["Hologram","Conserve Battery"],"picked":"Time Bomb","floor":29},{"not_picked":["Storm","Sweeping Beam"],"picked":"ReplayTheSpireMod:Fabricate Wheel","floor":31},{"not_picked":["Thunder Strike","ReplayTheSpireMod:Omega Cannon"],"picked":"Multi-Cast","floor":33},{"not_picked":["Barrage","Leap","Conserve Battery"],"picked":"Singing Bowl","floor":35},{"not_picked":["Reinforced Body","Barrage"],"picked":"Chill","floor":35},{"not_picked":["ReplayTheSpireMod:Repulse","Go for the Eyes","Stack"],"picked":"Singing Bowl","floor":35},{"not_picked":["Steam+1","Go for the Eyes","Beam Cell"],"picked":"Singing Bowl","floor":36},{"not_picked":["Streamline","Turbo"],"picked":"Creative AI","floor":36},{"not_picked":["Cold Snap+1","BootSequence+1","Rebound"],"picked":"Singing Bowl","floor":36},{"not_picked":["Conserve Battery","Compile Driver"],"picked":"Coolheaded","floor":38},{"not_picked":["Gash","Ball Lightning"],"picked":"Static Discharge","floor":38},{"not_picked":["Turbo","Rebound","Aggregate"],"picked":"Singing Bowl","floor":38},{"not_picked":["Steam","Stack"],"picked":"Seek","floor":39},{"not_picked":["Coolheaded","Leap","Go for the Eyes"],"picked":"Singing Bowl","floor":39},{"not_picked":["ReplayTheSpireMod:Omega Cannon","Cold Snap","Turbo+1"],"picked":"Singing Bowl","floor":39},{"not_picked":["Hologram","Rip and Tear"],"picked":"Panic Button+1","floor":41},{"not_picked":["Streamline+1","Barrage+1","Panic Button"],"picked":"Singing Bowl","floor":41},{"not_picked":["ReplaySolidLightProjector","Beam Cell","BootSequence"],"picked":"Singing Bowl","floor":41},{"not_picked":["Streamline","Hyperbeam"],"picked":"Electrodynamics","floor":44},{"not_picked":["Hologram","Go for the Eyes","Gash"],"picked":"Singing Bowl","floor":47},{"not_picked":["Undo+1","Stack+1"],"picked":"ReplayTheSpireMod:Calculation Training+1","floor":47},{"not_picked":["Redo","Compile Driver","Steam"],"picked":"Singing Bowl","floor":47},{"not_picked":["Streamline","Recycle+1"],"picked":"Seek","floor":49},{"not_picked":["Panic Button+1","Crystallizer"],"picked":"Hologram","floor":57}],"player_experience":1003627,"relics_obtained":[{"floor":2,"key":"Replay:Accelerometer"},{"floor":6,"key":"Singing Bowl"},{"floor":9,"key":"CeramicFish"},{"floor":10,"key":"DataDisk"},{"floor":12,"key":"TungstenRod"},{"floor":22,"key":"Red Mask"},{"floor":26,"key":"Ancient Tea Set"},{"floor":28,"key":"Gambling Chip"},{"floor":44,"key":"Bag of Preparation"},{"floor":49,"key":"Replay:Kaleidoscope"},{"floor":57,"key":"Anchor"}],"event_choices":[{"damage_healed":0,"gold_gain":0,"player_choice":"Grow","damage_taken":0,"max_hp_gain":0,"max_hp_loss":0,"event_name":"Living Wall","floor":4,"gold_loss":0,"cards_upgraded":["ReplayTheSpireMod:Calculation Training"]},{"damage_healed":0,"gold_gain":0,"player_choice":"Leave","damage_taken":0,"max_hp_gain":0,"max_hp_loss":0,"event_name":"FaceTrader","floor":19,"gold_loss":0},{"damage_healed":0,"gold_gain":0,"player_choice":"Fought Bandits","damage_taken":0,"max_hp_gain":0,"max_hp_loss":0,"event_name":"Masked Bandits","floor":22,"gold_loss":0},{"cards_removed":["ReplayGash"],"damage_healed":0,"gold_gain":0,"player_choice":"Purged","damage_taken":0,"max_hp_gain":0,"max_hp_loss":0,"event_name":"Purifier","floor":37,"gold_loss":0}],"is_beta":false,"boss_relics":[{"not_picked":["Replay:Ancient Bell","Ring of Chaos"],"picked":"Coffee Dripper"},{"not_picked":["SacredBark","Black Star"],"picked":"Pandora\u0027s Box"}],"items_purged_floors":[5,50],"is_endless":false,"potions_floor_spawned":[3,7,10,18,24,28,31,33,38,44,47],"ascension_level":20}}