{"host":"p4zclu0beiy6gkiq","time":1609571492,"event":{"mods":["AchievementEnabler","BaseMod","Bestiary","Colored Map","Colored Powertips","DeckTracker","Minty Spire (QoL Compilation)","Quick Restart","StSLib","SuperFastMode","The Cursed"],"gold_per_floor":[119,119,137,38,58,58,90,90,113,113,113,128,158,176,176,277,277,294,317,317,330,349,349,375,48,72,99,118,144,163,163,163,260,260,271,281,299,101,0,333,347,347,347,376,391,391,424,437,437,437,437,437,63,95,95],"floor_reached":56,"playtime":7185,"items_purged":["Defend_G","Strike_G","Strike_G","Strike_G"],"score":1541,"play_id":"ef524f96-4f06-4c50-a3ef-cdfed896739c","local_time":"20210102161132","is_ascension_mode":true,"campfire_choices":[{"data":"Deflect","floor":6.0,"key":"SMITH"},{"data":"Neutralize","floor":8.0,"key":"SMITH"},{"data":"Noxious Fumes","floor":15.0,"key":"SMITH"},{"data":"Burst","floor":23.0,"key":"SMITH"},{"data":"Wraith Form v2","floor":32.0,"key":"SMITH"},{"data":"Doppelganger","floor":42.0,"key":"SMITH"},{"data":"Well Laid Plans","floor":46,"key":"SMITH"},{"floor":49,"key":"RECALL"},{"data":"Catalyst","floor":52,"key":"SMITH"}],"circlet_count":0,"master_deck":["Defend_G","Defend_G+1","Defend_G","Survivor+1","Neutralize+1","Deadly Poison","Dagger Throw","Dagger Spray","Deflect+1","Bouncing Flask","Catalyst+1","Venomology","Noxious Fumes+1","Bullet Time","Deflect+1","Blur","Deflect+1","Deadly Poison+1","Burst+1","Well Laid Plans+1","Catalyst","Wraith Form v2+1","Venomology","Escape Plan","Adrenaline","Footwork","Blur+1","Calculated Gamble+1","Backflip+1","Tactician+1","Footwork","Doppelganger+1","Prepared+1","Bullet Time","PiercingWail","Caltrops+1","Catalyst+1","Deadly Poison+1","Noxious Fumes+1","Noxious Fumes","PiercingWail+1"],"relics":["Ring of the Snake","Lantern","Regal Pillow","Prayer Wheel","SlaversCollar","Juzu Bracelet","Bag of Preparation","Nunchaku","Darkstone Periapt","Snake Skull","Nloth\u0027s Gift","HoveringKite","Red Mask","Old Coin","Shovel","Oddly Smooth Stone","MealTicket","Bronze Scales","Bottled Tornado"],"acts_visited":["Exordium","TheCity","TheBeyond","TheEnding"],"potions_floor_usage":[44,44,44,44,45,47,48,48,55,55,55],"damage_taken":[{"damage":0.0,"enemies":"Cultist","floor":1.0,"turns":4.0},{"damage":0.0,"enemies":"Jaw Worm","floor":3.0,"turns":4.0},{"damage":0.0,"enemies":"Small Slimes","floor":5.0,"turns":2.0},{"damage":1.0,"enemies":"Lagavulin","floor":7.0,"turns":5.0},{"damage":0.0,"enemies":"Red Slaver","floor":12.0,"turns":2.0},{"damage":1.0,"enemies":"3 Sentries","floor":13.0,"turns":10.0},{"damage":8.0,"enemies":"Exordium Thugs","floor":14.0,"turns":6.0},{"damage":0.0,"enemies":"Slime Boss","floor":16.0,"turns":8.0},{"damage":0.0,"enemies":"Chosen","floor":18.0,"turns":4.0},{"damage":0.0,"enemies":"Shell Parasite","floor":21.0,"turns":4.0},{"damage":11.0,"enemies":"Snake Plant","floor":22.0,"turns":4.0},{"damage":0.0,"enemies":"Gremlin Leader","floor":24.0,"turns":7.0},{"damage":4.0,"enemies":"Book of Stabbing","floor":27.0,"turns":4.0},{"damage":10.0,"enemies":"Cultist and Chosen","floor":28.0,"turns":5.0},{"damage":22.0,"enemies":"Slavers","floor":29.0,"turns":6.0},{"damage":0.0,"enemies":"3 Cultists","floor":30.0,"turns":4.0},{"damage":11.0,"enemies":"Champ","floor":33.0,"turns":5.0},{"damage":0.0,"enemies":"Orb Walker","floor":35.0,"turns":3.0},{"damage":20.0,"enemies":"3 Darklings","floor":36.0,"turns":13.0},{"damage":0.0,"enemies":"Jaw Worm Horde","floor":37.0,"turns":5.0},{"damage":1.0,"enemies":"Nemesis","floor":40.0,"turns":5.0},{"damage":0.0,"enemies":"Transient","floor":41.0,"turns":5.0},{"damage":0,"enemies":"Reptomancer","floor":44,"turns":5},{"damage":7,"enemies":"4 Shapes","floor":45,"turns":8},{"damage":4,"enemies":"Nemesis","floor":47,"turns":5},{"damage":0,"enemies":"Sphere and 2 Shapes","floor":48,"turns":3},{"damage":0,"enemies":"Time Eater","floor":50,"turns":4},{"damage":0,"enemies":"Shield and Spear","floor":54,"turns":6},{"damage":38,"enemies":"The Heart","floor":55,"turns":6}],"seed_played":"2541047095564544204","potions_obtained":[{"floor":1.0,"key":"SteroidPotion"},{"floor":3.0,"key":"CultistPotion"},{"floor":12.0,"key":"Fruit Juice"},{"floor":14.0,"key":"Fruit Juice"},{"floor":18.0,"key":"FairyPotion"},{"floor":21.0,"key":"DistilledChaos"},{"floor":27.0,"key":"Ancient Potion"},{"floor":41.0,"key":"GamblersBrew"},{"floor":47,"key":"AttackPotion"}],"is_trial":false,"path_per_floor":["M","?","M","$","M","R","E","R","T","?","?","M","E","M","R","B",null,"M","T","?","M","M","R","E","$","T","E","M","E","M","?","R","B",null,"M","M","M","$","?","E","M","R","T","E","M","R","E","M","R","B",null,"R","$","E","B",null],"character_chosen":"THE_SILENT","items_purchased":["Dagger Spray","Bag of Preparation","Well Laid Plans","Footwork","Bronze Scales","Noxious Fumes"],"campfire_rested":0,"item_purchase_floors":[4,25,25,38,53,53],"current_hp_per_floor":[70,56,56,56,56,56,55,55,55,55,55,55,59,51,51,56,80,80,80,80,80,69,69,69,69,69,65,55,47,47,47,47,36,80,80,60,60,60,60,59,59,59,59,59,52,52,48,48,48,48,80,80,80,80,42],"gold":95,"neow_bonus":"RANDOM_COMMON_RELIC","is_daily":false,"chose_seed":false,"campfire_upgraded":8,"win_rate":0.0,"timestamp":1609571492,"path_taken":["M","?","M","$","M","R","E","R","T","?","?","M","E","?","R","BOSS","M","?","?","M","?","R","E","$","T","E","M","E","M","?","R","BOSS","M","M","M","$","?","E","M","R","T","E","M","R","E","M","R","BOSS","R","$","E","BOSS"],"items_purchased_type":["Card","Relic","Card","Card","Relic","Card"],"build_version":"2020-12-22","purchased_purges":4,"victory":true,"max_hp_per_floor":[70,70,70,70,70,70,70,70,70,70,70,70,75,75,75,80,80,80,80,80,80,80,80,80,80,80,80,80,80,80,80,80,80,80,80,80,80,80,80,80,80,80,80,80,80,80,80,80,80,80,80,80,80,80,80],"card_choices":[{"not_picked":["Choke","Expertise"],"picked":"Deadly Poison","floor":1.0},{"not_picked":["Prepared","Terror"],"picked":"Dagger Throw","floor":3.0},{"not_picked":["Underhanded Strike","Escape Plan"],"picked":"Deflect","floor":5.0},{"not_picked":["Choke","Sucker Punch"],"picked":"Bouncing Flask","floor":7.0},{"not_picked":["Sucker Punch","Bane"],"picked":"Catalyst","floor":12.0},{"not_picked":["Skewer","Flying Knee"],"picked":"Venomology","floor":13.0},{"not_picked":["Crippling Poison","Leg Sweep"],"picked":"Noxious Fumes","floor":14.0},{"not_picked":["Outmaneuver","Quick Slash","Reflex"],"picked":"SKIP","floor":14.0},{"not_picked":["Venomology","Phantasmal Killer"],"picked":"Bullet Time","floor":16.0},{"not_picked":["Sucker Punch+1","Quick Slash+1"],"picked":"Deflect+1","floor":18.0},{"not_picked":["Backflip","Slice+1"],"picked":"Blur","floor":18.0},{"not_picked":["Dodge and Roll+1","Terror"],"picked":"Deflect+1","floor":21.0},{"not_picked":["Poisoned Stab","Terror+1","Blade Dance"],"picked":"SKIP","floor":21.0},{"not_picked":["Blade Dance","PiercingWail"],"picked":"Deadly Poison+1","floor":22.0},{"not_picked":["Acrobatics","Blade Dance+1"],"picked":"Burst","floor":22.0},{"not_picked":["Dagger Throw","Bane","Eviscerate"],"picked":"SKIP","floor":24.0},{"not_picked":["Distraction","Quick Slash","Finisher"],"picked":"SKIP","floor":27.0},{"not_picked":["Blade Dance","Acrobatics+1"],"picked":"Catalyst","floor":28.0},{"not_picked":["Well Laid Plans+1","Noxious Fumes+1"],"picked":"Wraith Form v2","floor":28.0},{"not_picked":["Endless Agony","Quick Slash"],"picked":"Venomology","floor":29.0},{"not_picked":["Infinite Blades","Sucker Punch"],"picked":"Escape Plan","floor":30.0},{"not_picked":["Blade Dance+1","Skewer+1","Infinite Blades"],"picked":"SKIP","floor":30.0},{"not_picked":["Doppelganger","Burst"],"picked":"Adrenaline","floor":33.0},{"not_picked":["Backflip","Flying Knee+1"],"picked":"Footwork","floor":35.0},{"not_picked":["Prepared","Infinite Blades+1"],"picked":"Blur+1","floor":35.0},{"not_picked":["Leg Sweep","Underhanded Strike+1"],"picked":"Calculated Gamble+1","floor":36.0},{"not_picked":["Blade Dance+1","Dagger Spray"],"picked":"Backflip+1","floor":36.0},{"not_picked":["Catalyst","Outmaneuver"],"picked":"Tactician+1","floor":37.0},{"not_picked":["Deadly Poison","Distraction","Quick Slash+1"],"picked":"SKIP","floor":37.0},{"not_picked":["Dodge and Roll+1","Flechettes"],"picked":"Doppelganger","floor":40.0},{"not_picked":["Quick Slash","Calculated Gamble+1"],"picked":"Prepared+1","floor":41.0},{"not_picked":["Dagger Throw+1","Deadly Poison+1"],"picked":"Bullet Time","floor":41.0},{"not_picked":["Acrobatics","Calculated Gamble"],"picked":"PiercingWail","floor":44},{"not_picked":["Sucker Punch+1","Dagger Throw+1"],"picked":"Caltrops+1","floor":45},{"not_picked":["Outmaneuver","Blade Dance"],"picked":"Catalyst+1","floor":45},{"not_picked":["Predator","Leg Sweep+1","Heel Hook+1"],"picked":"SKIP","floor":47},{"not_picked":["Backflip","Blur"],"picked":"Deadly Poison+1","floor":48},{"not_picked":["Footwork","Endless Agony+1"],"picked":"Noxious Fumes+1","floor":48},{"not_picked":["Poisoned Stab+1","Skewer"],"picked":"PiercingWail+1","floor":54}],"player_experience":81925,"relics_obtained":[{"floor":7.0,"key":"Regal Pillow"},{"floor":9.0,"key":"Tiny Chest"},{"floor":13.0,"key":"Prayer Wheel"},{"floor":24.0,"key":"Juzu Bracelet"},{"floor":26.0,"key":"Nunchaku"},{"floor":27.0,"key":"Darkstone Periapt"},{"floor":29.0,"key":"Snake Skull"},{"floor":40.0,"key":"Old Coin"},{"floor":43.0,"key":"Shovel"},{"floor":44,"key":"Oddly Smooth Stone"},{"floor":47,"key":"MealTicket"},{"floor":54,"key":"Bottled Tornado"}],"event_choices":[{"damage_healed":0.0,"max_hp_gain":0.0,"max_hp_loss":0.0,"gold_gain":0.0,"event_name":"Shining Light","player_choice":"Entered Light","floor":2.0,"gold_loss":0.0,"damage_taken":14.0,"cards_upgraded":["Defend_G","Survivor"]},{"cards_removed":["Strike_G"],"damage_healed":0.0,"max_hp_gain":0.0,"max_hp_loss":0.0,"gold_gain":0.0,"event_name":"Living Wall","player_choice":"Forget","floor":10.0,"gold_loss":0.0,"damage_taken":0.0},{"cards_removed":["Strike_G"],"damage_healed":0.0,"max_hp_gain":0.0,"max_hp_loss":0.0,"gold_gain":0.0,"event_name":"Bonfire Elementals","player_choice":"Offered Basic","floor":11.0,"gold_loss":0.0,"damage_taken":0.0},{"cards_removed":["Defend_G"],"damage_healed":0.0,"max_hp_gain":0.0,"max_hp_loss":0.0,"gold_gain":0.0,"event_name":"Purifier","player_choice":"Purged","floor":20.0,"gold_loss":0.0,"damage_taken":0.0},{"damage_healed":0.0,"max_hp_gain":0.0,"max_hp_loss":0.0,"gold_gain":0.0,"event_name":"N\u0027loth","player_choice":"Traded Relic","floor":31.0,"relics_lost":["Tiny Chest"],"gold_loss":0.0,"damage_taken":0.0,"relics_obtained":["Nloth\u0027s Gift"]},{"damage_healed":0.0,"max_hp_gain":0.0,"max_hp_loss":0.0,"gold_gain":0.0,"event_name":"Tomb of Lord Red Mask","player_choice":"Paid","floor":39.0,"gold_loss":101.0,"damage_taken":0.0,"relics_obtained":["Red Mask"]}],"is_beta":false,"boss_relics":[{"not_picked":["Astrolabe","Philosopher\u0027s Stone"],"picked":"SlaversCollar"},{"not_picked":["Empty Cage","Ring of the Serpent"],"picked":"HoveringKite"}],"items_purged_floors":[4,25,38,53],"is_endless":false,"potions_floor_spawned":[1,3,12,14,18,21,27,33,36,40,41,47],"ascension_level":1}}