{"host":"emut9mh212kd9b86","time":1609576592,"event":{"mods":["ATMod(°¢èªMod)","Act Like it!","BaseMod","Better Vampires","Downfall","Koishi","KomeijiMod","Minty Spire (QoL Compilation)","MostiFishMod","Shop Mod","Spicy Shops","StSLib","TestMod","Waifu the Spire","noobMod","¡¾ÒÅÎï¿¨ÅÆ¡¿REMEMod"],"gold_per_floor":[160,175,186,203,216,248,248,173,348,383,402,428,442,474,493,588,588,588,601,614,633,209,240,266,337,337,404,404,506,506,349,389,523,523,523,620,763,763,75,122,122,173,8,96,96,96,192,233,354,382],"floor_reached":51,"playtime":1938,"items_purged":["Doubt","MostiFishMod:FrostNova","Rainbow","Strike_Remiria","Strike_Remiria"],"score":1096,"play_id":"4fbf39ca-59d0-495d-b31e-ffcdeb327b99","local_time":"20210102163632","is_ascension_mode":true,"campfire_choices":[{"floor":1,"key":"RECALL"},{"data":"RocketKickup","floor":8,"key":"SMITH"},{"data":"Reaper_Remiria","floor":18,"key":"SMITH"},{"data":"QueenOfMidnight","floor":28,"key":"SMITH"},{"data":"Scratch","floor":30,"key":"SMITH"},{"data":"MostiFishMod:CullingBlade","floor":35,"key":"SMITH"},{"data":"MostiFishMod:WinterMarkForm","floor":46,"key":"SMITH"}],"circlet_count":0,"master_deck":["Strike_Remiria","Defend_Remirira","Defend_Remirira","Defend_Remirira","Absorbed","Scratch+1","MostiFishMod:WinterMarkForm+1","RocketKickup+1","ServantFlier","RocketKickup","Reaper_Remiria+1","RocketKickup","QueenOfMidnight+1","MostiFishMod:CullingBlade+1","Finesse"],"relics":["UnsealingCross","testmod-TestBox","ice","DaveBox","AT_ATBox","REME_ComplimentaryCards","FrostBlade","testmod-Justice","Pen Nib","Pantograph","AT_DeathDance","downfall:HeartBlessingRed","MealTicket","Odd Mushroom","Meat on the Bone","MerchantsRug","testmod-Acrobat","AT_ArchangelStaff","AT_MibuBalloonWealth","Bag of Marbles","Bronze Scales","ChiXiaoBlade","Thread and Needle","testmod-TurbochargingSystem","AT_BladeRuinedKing","REME_PuzzleBoxRelic","AT_RedTearstoneRing","Membership Card","HoshigumaDish","Shuriken"],"acts_visited":["Exordium","TheCity","TheBeyond"],"potions_floor_usage":[22,44],"damage_taken":[{"damage":0,"enemies":"Cultist","floor":2,"turns":4},{"damage":12,"enemies":"Jaw Worm","floor":3,"turns":2},{"damage":0,"enemies":"Small Slimes","floor":4,"turns":3},{"damage":9,"enemies":"2 Fungi Beasts","floor":5,"turns":4},{"damage":5,"enemies":"3 Sentries","floor":6,"turns":5},{"damage":2,"enemies":"Lagavulin","floor":10,"turns":3},{"damage":0,"enemies":"Lots of Slimes","floor":11,"turns":1},{"damage":0,"enemies":"The Mushroom Lair","floor":12,"turns":3},{"damage":3,"enemies":"3 Louse","floor":13,"turns":2},{"damage":4,"enemies":"Gremlin Nob","floor":14,"turns":4},{"damage":13,"enemies":"Gremlin Gang","floor":15,"turns":2},{"damage":27,"enemies":"downfall:Watcher","floor":16,"turns":7},{"damage":21,"enemies":"Chosen","floor":19,"turns":4},{"damage":22,"enemies":"3 Byrds","floor":20,"turns":2},{"damage":3,"enemies":"Snake Plant","floor":21,"turns":2},{"damage":35,"enemies":"downfall:FleeingMerchant","floor":22,"turns":8},{"damage":28,"enemies":"Book of Stabbing","floor":23,"turns":4},{"damage":24,"enemies":"Cultist and Chosen","floor":25,"turns":4},{"damage":26,"enemies":"Centurion and Healer","floor":27,"turns":4},{"damage":3,"enemies":"Slavers","floor":29,"turns":2},{"damage":0,"enemies":"downfall:FleeingMerchant","floor":31,"turns":1},{"damage":20,"enemies":"Snake Plant","floor":32,"turns":2},{"damage":12,"enemies":"downfall:Defect","floor":33,"turns":4},{"damage":32,"enemies":"3 Shapes","floor":36,"turns":3},{"damage":3,"enemies":"3 Darklings","floor":37,"turns":2},{"damage":0,"enemies":"Transient","floor":40,"turns":1},{"damage":0,"enemies":"Nemesis","floor":42,"turns":1},{"damage":6,"enemies":"Giant Head","floor":44,"turns":2},{"damage":3,"enemies":"Jaw Worm Horde","floor":47,"turns":2},{"damage":12,"enemies":"Maw","floor":48,"turns":3},{"damage":16,"enemies":"4 Shapes","floor":49,"turns":2},{"damage":13,"enemies":"downfall:Silent","floor":50,"turns":2}],"seed_played":"6290870464443989588","potions_obtained":[{"floor":4,"key":"testmod-TimePotion"},{"floor":5,"key":"Energy Potion"},{"floor":10,"key":"champ:CounterPotion"},{"floor":23,"key":"testmod-TestPotion"},{"floor":25,"key":"GamblersBrew"},{"floor":27,"key":"CalmPotion"},{"floor":32,"key":"REME_GoldPotion"},{"floor":37,"key":"Weak Potion"},{"floor":42,"key":"EntropicBrew"},{"floor":47,"key":"Fire Potion"}],"is_trial":false,"path_per_floor":["R","M","M","M","M","E","T","R","?","E","M","?","M","E","M","B",null,"R","M","M","M","$","E","T","M","?","M","R","E","R","$","M","B",null,"R","M","M","?","$","M","T","E","$","E","?","R","M","M","M","B",null],"character_chosen":"RemiriaScarlet","items_purchased":["MerchantsRug","testmod-Acrobat","AT_ArchangelStaff","Pear","PrismaticShard","Thread and Needle","testmod-TurbochargingSystem","AT_BladeRuinedKing","Membership Card","HoshigumaDish","Finesse"],"campfire_rested":0,"item_purchase_floors":[22,22,22,31,31,39,39,39,43,43,43],"current_hp_per_floor":[100,100,88,88,79,74,74,74,74,72,72,72,69,65,52,62,100,100,79,58,55,57,43,43,31,31,19,19,28,28,67,59,79,110,110,78,75,75,90,110,110,110,110,110,110,110,107,95,80,109],"gold":382,"neow_bonus":"RANDOM_COMMON_RELIC","is_daily":false,"chose_seed":false,"campfire_upgraded":6,"win_rate":0.0,"timestamp":1609576592,"path_taken":["R","M","M","M","M","E","T","R","?","E","M","?","M","E","M","BOSS","R","M","M","M","$","E","T","M","?","M","R","E","R","$","M","BOSS","R","M","M","?","$","M","T","E","$","E","?","R","M","?","M","BOSS"],"items_purchased_type":["Relic","Relic","Relic","Relic","Relic","Relic","Relic","Relic","Relic","Relic","Card"],"build_version":"2020-12-22","purchased_purges":5,"victory":true,"max_hp_per_floor":[100,100,100,100,100,100,100,100,100,100,100,100,100,100,100,100,100,100,100,100,100,100,100,100,100,100,100,100,100,100,110,110,110,110,110,110,110,110,110,110,110,110,110,110,110,110,110,110,110,110],"card_choices":[{"not_picked":["PainBurst","Culling","ServantFlier"],"picked":"SKIP","floor":2},{"not_picked":["DoubleEdge","ThePrice"],"picked":"RocketKickup","floor":3},{"not_picked":["BodyStrengthen","ScarletNetherworld","ServantFlier"],"picked":"SKIP","floor":4},{"not_picked":["FierceSweep","DoubleEdge","Warpath"],"picked":"SKIP","floor":5},{"not_picked":["PartStrengthen","VampirishNight","YoungDemonLord"],"picked":"SKIP","floor":6},{"not_picked":["Culling","ChainGang"],"picked":"ServantFlier","floor":10},{"not_picked":["ThirstForBlood","Feint","Impregnable"],"picked":"SKIP","floor":11},{"not_picked":["RocketKickup","NightDance","ServantFlier"],"picked":"SKIP","floor":13},{"not_picked":["BodyStrengthen","Exsanguinate"],"picked":"RocketKickup","floor":14},{"not_picked":["BodyStrengthen","TricksterDevil","FateEnsemble"],"picked":"SKIP","floor":15},{"not_picked":["RemiliaStalker","Septette"],"picked":"Reaper_Remiria","floor":16},{"not_picked":["SealingFear","FierceSweep","DemonsDinnerFork_Remiria"],"picked":"SKIP","floor":19},{"not_picked":["Rewrite","DamonLordCradle_Remiria","Warpath"],"picked":"SKIP","floor":20},{"not_picked":["ServantFlier+1","Culling","FateCollect+1"],"picked":"SKIP","floor":21},{"not_picked":["Feint","BodyStrengthen"],"picked":"RocketKickup","floor":22},{"not_picked":["DemonLordWalk","DoubleEdge+1","BloodCleaner"],"picked":"SKIP","floor":23},{"not_picked":["ServantFlier","TrickFate","FierceSweep"],"picked":"SKIP","floor":25},{"not_picked":["CombatMeter","ThePrice","TricksterDevil"],"picked":"SKIP","floor":27},{"not_picked":["BloodSurge","PainBurst+1","NightDance"],"picked":"SKIP","floor":29},{"not_picked":["DamonLordCradle_Remiria","DoubleEdge","TrickFate+1"],"picked":"SKIP","floor":31},{"not_picked":["MostiFishMod:Awakening","Koishi:CatchAndRose","sneckomod:WideSting"],"picked":"SKIP","floor":32},{"not_picked":["testmod-Superconductor","Echo Form"],"picked":"MostiFishMod:CullingBlade","floor":33},{"not_picked":["hexamod:ThermalTransfer","Carnage+1","FierceSweep"],"picked":"SKIP","floor":36},{"not_picked":["champ:ShieldWall+1","Koishi:ReleaseOfTheId","hexamod:SpectralAdrenaline+1"],"picked":"SKIP","floor":37},{"not_picked":["Coolheaded+1","DamonLordCradle_Remiria","Koishi:ParalyzingFear"],"picked":"SKIP","floor":40},{"not_picked":["Koishi:FleetingPhantom","NightDance+1","champ:BladeFlurry+1"],"picked":"SKIP","floor":42},{"not_picked":["BloodCollect+1","Warpath","FastHealing"],"picked":"SKIP","floor":44},{"not_picked":["NightDance+1","Feint","FateMeister"],"picked":"SKIP","floor":47},{"not_picked":["VampireKiss_Remiria","RemiliaStretch_Remiria","Cripple"],"picked":"SKIP","floor":48},{"not_picked":["StigmaNizer","CombatMeter","Culling+1"],"picked":"SKIP","floor":49}],"player_experience":406075,"relics_obtained":[{"floor":6,"key":"Pantograph"},{"floor":7,"key":"AT_DeathDance"},{"floor":10,"key":"MealTicket"},{"floor":12,"key":"Odd Mushroom"},{"floor":14,"key":"Meat on the Bone"},{"floor":23,"key":"AT_MibuBalloonWealth"},{"floor":24,"key":"Bag of Marbles"},{"floor":29,"key":"Bronze Scales"},{"floor":41,"key":"REME_PuzzleBoxRelic"},{"floor":42,"key":"AT_RedTearstoneRing"},{"floor":44,"key":"Shuriken"}],"event_choices":[{"damage_healed":0,"gold_gain":0,"player_choice":"Fought Mushrooms","damage_taken":0,"max_hp_gain":0,"max_hp_loss":0,"event_name":"Mushrooms","floor":12,"gold_loss":0},{"damage_healed":0,"gold_gain":0,"player_choice":"Read","damage_taken":0,"max_hp_gain":0,"max_hp_loss":0,"event_name":"The Library","floor":26,"gold_loss":0,"cards_obtained":["QueenOfMidnight"]},{"cards_removed":["Defend_Remirira"],"damage_healed":0,"gold_gain":0,"player_choice":"Removed Skill","damage_taken":0,"max_hp_gain":0,"max_hp_loss":0,"event_name":"Falling","floor":38,"gold_loss":0},{"cards_removed":["Strike_Remiria"],"damage_healed":0,"gold_gain":0,"player_choice":"Purged","damage_taken":0,"max_hp_gain":0,"max_hp_loss":0,"event_name":"Purifier","floor":45,"gold_loss":0}],"is_beta":false,"boss_relics":[{"not_picked":["SynthV:MejaisSoulstealer","testmod-Nine"],"picked":"UnsealingCross"},{"not_picked":["Velvet Choker","OneHitWonderSystem"],"picked":"ChiXiaoBlade"}],"items_purged_floors":[22,31,31,39,39],"is_endless":false,"potions_floor_spawned":[4,5,10,14,15,20,23,25,27,32,37,42,47],"ascension_level":3}}