{"host":"dl7h25vjpuplx29g","time":1609582493,"event":{"mods":["BaseMod","Colored Map","Minty Spire (QoL Compilation)"],"gold_per_floor":[109,0,0,19,34,59,9,9,9,41,41,72,72,87,87,161,161,181,11,24,24,44,44,78,78,78,110,35,53,84,101,101,173,173,190,190,34,59,76,0,32,44,44,76,121,131,166,106,106,106,106,106,12,45,45],"floor_reached":56,"playtime":7438,"items_purged":["Defend_P","Strike_P","Defend_P"],"score":2249,"play_id":"97c5786c-e0e5-4172-ae02-1159e2df78e9","local_time":"20210102191453","is_ascension_mode":true,"campfire_choices":[{"data":"Eruption","floor":8.0,"key":"SMITH"},{"floor":15.0,"key":"REST"},{"floor":23.0,"key":"RECALL"},{"floor":25.0,"key":"REST"},{"floor":32.0,"key":"REST"},{"floor":49.0,"key":"DIG"},{"floor":52.0,"key":"DIG"}],"circlet_count":0,"master_deck":["AscendersBane","Strike_P+1","Strike_P+1","Defend_P+1","Eruption+1","Vigilance+1","LessonLearned+1","EmptyFist+1","WaveOfTheHand","Tantrum+1","Consecrate+1","Brilliance+1","Evaluate+1","DeceiveReality+1","ClearTheMind+1","EmptyMind+1","Judgement+1","BowlingBash+1","Adaptation+1","Perseverance+1","Prostrate+1","SandsOfTime+1","MasterReality+1","EmptyBody+1","Worship+1","FearNoEvil","MentalFortress+1","Brilliance+1","LikeWater+1","TalkToTheHand","Fasting2+1","Prostrate+1","MentalFortress+1","TalkToTheHand+1","Omniscience","InnerPeace","MentalFortress+1","FlurryOfBlows+1"],"relics":["PureWater","Frozen Egg 2","The Courier","Bag of Preparation","Sundial","Question Card","Fusion Hammer","Oddly Smooth Stone","CloakClasp","Eternal Feather","Runic Pyramid","Calipers","Red Mask","Unceasing Top","Mercury Hourglass","Pantograph","Shovel","Nunchaku","Mango","Blue Candle","Centennial Puzzle"],"acts_visited":["Exordium","TheCity","TheBeyond","TheEnding"],"potions_floor_usage":[54,55],"damage_taken":[{"damage":3.0,"enemies":"2 Louse","floor":1.0,"turns":5.0},{"damage":0.0,"enemies":"Jaw Worm","floor":4.0,"turns":3.0},{"damage":0.0,"enemies":"Cultist","floor":5.0,"turns":3.0},{"damage":22.0,"enemies":"Lagavulin","floor":6.0,"turns":5.0},{"damage":0.0,"enemies":"Gremlin Nob","floor":10.0,"turns":2.0},{"damage":5.0,"enemies":"Lagavulin","floor":12.0,"turns":5.0},{"damage":0.0,"enemies":"3 Louse","floor":14.0,"turns":3.0},{"damage":0.0,"enemies":"Slime Boss","floor":16.0,"turns":5.0},{"damage":0.0,"enemies":"Chosen","floor":18.0,"turns":2.0},{"damage":3.0,"enemies":"2 Thieves","floor":20.0,"turns":4.0},{"damage":3.0,"enemies":"Cultist and Chosen","floor":22.0,"turns":4.0},{"damage":0.0,"enemies":"Slavers","floor":24.0,"turns":4.0},{"damage":25.0,"enemies":"Book of Stabbing","floor":27.0,"turns":7.0},{"damage":0.0,"enemies":"Centurion and Healer","floor":29.0,"turns":4.0},{"damage":7.0,"enemies":"Gremlin Leader","floor":30.0,"turns":6.0},{"damage":0.0,"enemies":"Sentry and Sphere","floor":31.0,"turns":3.0},{"damage":10.0,"enemies":"Automaton","floor":33.0,"turns":11.0},{"damage":0.0,"enemies":"Orb Walker","floor":35.0,"turns":4.0},{"damage":0.0,"enemies":"Mind Bloom Boss Battle","floor":38.0,"turns":5.0},{"damage":0.0,"enemies":"3 Darklings","floor":39.0,"turns":5.0},{"damage":0.0,"enemies":"Nemesis","floor":41.0,"turns":7.0},{"damage":0.0,"enemies":"Maw","floor":42.0,"turns":7.0},{"damage":1.0,"enemies":"Reptomancer","floor":44.0,"turns":5.0},{"damage":0.0,"enemies":"2 Orb Walkers","floor":45.0,"turns":3.0},{"damage":2.0,"enemies":"Transient","floor":46.0,"turns":5.0},{"damage":0.0,"enemies":"Nemesis","floor":47.0,"turns":5.0},{"damage":37.0,"enemies":"Time Eater","floor":50.0,"turns":12.0},{"damage":66,"enemies":"Shield and Spear","floor":54,"turns":10},{"damage":27,"enemies":"The Heart","floor":55,"turns":9}],"seed_played":"3198174858732789168","potions_obtained":[{"floor":1.0,"key":"LiquidBronze"},{"floor":4.0,"key":"SkillPotion"},{"floor":10.0,"key":"DuplicationPotion"},{"floor":20.0,"key":"Dexterity Potion"},{"floor":35.0,"key":"DuplicationPotion"}],"is_trial":false,"path_per_floor":["M","$","?","M","M","E","$","R","T","E","$","E","T","M","R","B",null,"M","$","M","?","M","R","E","R","T","E","?","M","E","M","R","B",null,"M","?","$","?","M","?","E","M","T","E","?","M","E","$","R","B",null,"R","$","E","B",null],"character_chosen":"WATCHER","items_purchased":["WaveOfTheHand","Evaluate","Adaptation+1","Perseverance","LikeWater+1","InnerPeace","MentalFortress+1","FlurryOfBlows"],"campfire_rested":3,"item_purchase_floors":[2,7,19,19,37,48,53,53],"current_hp_per_floor":[58,58,58,58,58,36,36,36,36,36,36,31,31,31,51,51,64,64,64,61,61,58,58,58,68,68,43,43,43,36,36,68,58,66,66,66,66,66,66,66,66,66,66,65,65,63,63,63,82,45,73,82,82,16,14],"gold":45,"neow_bonus":"ONE_RANDOM_RARE_CARD","is_daily":false,"chose_seed":false,"campfire_upgraded":1,"win_rate":0.0,"timestamp":1609582493,"path_taken":["M","$","?","M","M","E","$","R","T","E","$","E","?","M","R","BOSS","M","?","M","?","M","R","E","R","T","E","?","M","E","M","R","BOSS","M","?","$","?","M","?","E","M","T","E","?","?","E","?","R","BOSS","R","$","E","BOSS"],"items_purchased_type":["Card","Card","Card","Card","Card","Card","Card","Card"],"build_version":"2020-12-22","purchased_purges":3,"victory":true,"max_hp_per_floor":[68,68,68,68,68,68,68,68,68,68,68,68,68,68,68,68,68,68,68,68,68,68,68,68,68,68,68,68,68,68,68,68,68,68,68,68,68,68,68,68,68,68,68,68,68,68,68,68,82,82,82,82,82,82,82],"card_choices":[{"not_picked":["Pray","FollowUp"],"picked":"EmptyFist","floor":1.0},{"not_picked":["Consecrate","EmptyFist"],"picked":"Tantrum","floor":4.0},{"not_picked":["FlyingSleeves","FollowUp"],"picked":"Consecrate","floor":5.0},{"not_picked":["Tantrum","CutThroughFate"],"picked":"Brilliance","floor":6.0},{"not_picked":["Consecrate","Crescendo"],"picked":"DeceiveReality","floor":10.0},{"not_picked":["Prostrate","Consecrate"],"picked":"ClearTheMind","floor":12.0},{"not_picked":["Collect","WreathOfFlame","CrushJoints"],"picked":"EmptyMind","floor":14.0},{"not_picked":["ConjureBlade","LessonLearned","Establishment+1"],"picked":"Judgement","floor":16.0},{"not_picked":["EmptyBody","Fasting2+1","JustLucky"],"picked":"BowlingBash","floor":18.0},{"not_picked":["Halt","SashWhip","LikeWater+1"],"picked":"Prostrate+1","floor":20.0},{"not_picked":["Consecrate","BowlingBash","CarveReality"],"picked":"SandsOfTime","floor":22.0},{"not_picked":["Halt","Fasting2+1","Evaluate"],"picked":"MasterReality+1","floor":24.0},{"not_picked":["WindmillStrike","Pray","CrushJoints"],"picked":"EmptyBody","floor":27.0},{"not_picked":["DeceiveReality","LikeWater+1","Tantrum"],"picked":"Worship","floor":29.0},{"not_picked":["Prostrate","FlyingSleeves","Wireheading+1"],"picked":"FearNoEvil","floor":30.0},{"not_picked":["EmptyFist","ClearTheMind","Prostrate"],"picked":"MentalFortress+1","floor":31.0},{"not_picked":["Judgement","Establishment+1","LessonLearned"],"picked":"Brilliance","floor":33.0},{"not_picked":["Evaluate","Consecrate","WaveOfTheHand","JustLucky"],"picked":"SKIP","floor":35.0},{"not_picked":["ReachHeaven","Indignation+1","EmptyBody+1"],"picked":"TalkToTheHand","floor":39.0},{"not_picked":["Vengeance","Worship","Consecrate"],"picked":"Fasting2+1","floor":41.0},{"not_picked":["EmptyFist+1","FollowUp","Tantrum"],"picked":"Prostrate","floor":42.0},{"not_picked":["EmptyBody","Blasphemy","Brilliance"],"picked":"MentalFortress+1","floor":44.0},{"not_picked":["Protect+1","Swivel","PathToVictory+1"],"picked":"TalkToTheHand+1","floor":46.0},{"not_picked":["Protect","PathToVictory","SandsOfTime+1"],"picked":"Omniscience","floor":47.0},{"not_picked":["Swivel","CrushJoints","Indignation","EmptyMind"],"picked":"SKIP","floor":54}],"player_experience":1458253,"relics_obtained":[{"floor":6.0,"key":"Frozen Egg 2"},{"floor":9.0,"key":"The Courier"},{"floor":10.0,"key":"Bag of Preparation"},{"floor":12.0,"key":"Sundial"},{"floor":13.0,"key":"Question Card"},{"floor":24.0,"key":"Oddly Smooth Stone"},{"floor":27.0,"key":"CloakClasp"},{"floor":30.0,"key":"Eternal Feather"},{"floor":38.0,"key":"Calipers"},{"floor":41.0,"key":"Unceasing Top"},{"floor":43.0,"key":"Mercury Hourglass"},{"floor":44.0,"key":"Pantograph"},{"floor":45.0,"key":"Shovel"},{"floor":47.0,"key":"Nunchaku"},{"floor":49.0,"key":"Mango"},{"floor":52.0,"key":"Blue Candle"},{"floor":54,"key":"Centennial Puzzle"}],"event_choices":[{"damage_healed":0.0,"max_hp_gain":0.0,"max_hp_loss":0.0,"gold_gain":0.0,"event_name":"Liars Game","player_choice":"Ignored","floor":3.0,"gold_loss":0.0,"damage_taken":0.0},{"damage_healed":0.0,"max_hp_gain":0.0,"max_hp_loss":0.0,"gold_gain":0.0,"event_name":"Ghosts","player_choice":"Ignored","floor":21.0,"gold_loss":0.0,"damage_taken":0.0},{"cards_removed":["Strike_P"],"damage_healed":0.0,"max_hp_gain":0.0,"max_hp_loss":0.0,"gold_gain":0.0,"event_name":"Beggar","player_choice":"Gave Gold","floor":28.0,"gold_loss":75.0,"damage_taken":0.0},{"cards_removed":["Defend_P"],"damage_healed":0.0,"max_hp_gain":0.0,"max_hp_loss":0.0,"gold_gain":0.0,"event_name":"Falling","player_choice":"Removed Skill","floor":36.0,"gold_loss":0.0,"damage_taken":0.0},{"damage_healed":0.0,"max_hp_gain":0.0,"max_hp_loss":0.0,"gold_gain":0.0,"event_name":"MindBloom","player_choice":"Fight","floor":38.0,"gold_loss":0.0,"damage_taken":0.0},{"damage_healed":0.0,"max_hp_gain":0.0,"max_hp_loss":0.0,"gold_gain":0.0,"event_name":"Tomb of Lord Red Mask","player_choice":"Paid","floor":40.0,"gold_loss":76.0,"damage_taken":0.0,"relics_obtained":["Red Mask"]},{"damage_healed":0.0,"max_hp_gain":0.0,"max_hp_loss":0.0,"gold_gain":0.0,"event_name":"Mysterious Sphere","player_choice":"Fight","floor":45.0,"gold_loss":0.0,"damage_taken":0.0}],"is_beta":false,"boss_relics":[{"not_picked":["HolyWater","Astrolabe"],"picked":"Fusion Hammer"},{"not_picked":["Empty Cage","VioletLotus"],"picked":"Runic Pyramid"}],"items_purged_floors":[2,19,37],"is_endless":false,"potions_floor_spawned":[1,4,10,16,20,22,29,35,39,41,44],"ascension_level":14}}