{"host":"Jin","time":1609596177,"event":{"mods":["BaseMod","Better Altar","Better Match","Better Note","Better Sensory Stone","Better Skull","Better Third Choice","Downfall","Highlight Path","Minty Spire (QoL Compilation)","Permanent Neow","Quick Restart","StSLib"],"gold_per_floor":[199,214,214,214,230,230,230,257,270,195,195,195,195],"floor_reached":11,"playtime":638,"items_purged":[],"score":71,"play_id":"397d4c02-eaf0-41aa-86c1-7779d057d520","local_time":"20210102230257","is_ascension_mode":false,"campfire_choices":[{"data":"Slimebound:Split","floor":1,"key":"SMITH"},{"data":"Slimebound:CorrosiveSpit","floor":10,"key":"SMITH"}],"circlet_count":0,"master_deck":["Slimebound:Strike_Slimebound","Slimebound:Tackle","Slimebound:Defend_Slimebound","Slimebound:Defend_Slimebound","Slimebound:Defend_Slimebound","Slimebound:Defend_Slimebound","Slimebound:Split+1","Slimebound:CorrosiveSpit+1","Slimebound:GrowthPunch","expansioncontent:TimeRipple","Slimebound:Gluttony","Slimebound:MassRepurpose","Slimebound:SplitAcid"],"relics":["Slimebound:AbsorbEndCombat","Sundial","Darkstone Periapt","downfall:HeartBlessingGreen"],"acts_visited":["Exordium"],"potions_floor_usage":[],"damage_taken":[{"damage":9,"enemies":"2 Louse","floor":2,"turns":2},{"damage":8,"enemies":"Small Slimes","floor":5,"turns":2},{"damage":62,"enemies":"3 Sentries","floor":8,"turns":10},{"damage":17,"enemies":"Jaw Worm","floor":9,"turns":4},{"damage":67,"enemies":"Gremlin Nob","floor":11,"turns":4}],"seed_played":"8749495681694842310","potions_obtained":[{"floor":9,"key":"EssenceOfSteel"}],"is_trial":false,"path_per_floor":["R","M","?","?","M","?","T","E","M","R","E"],"character_chosen":"SLIMEBOUND","items_purchased":[],"campfire_rested":0,"item_purchase_floors":[],"current_hp_per_floor":[60,60,60,60,60,60,60,18,19,19,0,0,0],"gold":195,"neow_bonus":"HUNDRED_GOLD","is_daily":false,"chose_seed":false,"campfire_upgraded":2,"win_rate":0.0,"timestamp":1609596177,"path_taken":["R","M","?","?","M","?","T","E","M","R","E"],"items_purchased_type":[],"build_version":"2020-12-18","purchased_purges":0,"victory":false,"max_hp_per_floor":[60,60,60,60,60,60,60,60,60,60,60,60,60],"card_choices":[{"not_picked":["Slimebound:Schlurp","Slimebound:SplitAcid"],"picked":"Slimebound:GrowthPunch","floor":2},{"not_picked":["Blind","expansioncontent:StudyTheSpire"],"picked":"expansioncontent:TimeRipple","floor":4},{"not_picked":["Slimebound:SlimeBarrage","Slimebound:RainOfGoop"],"picked":"Slimebound:Gluttony","floor":5},{"not_picked":["Slimebound:OneTwoCombo","Slimebound:GoopSpray"],"picked":"Slimebound:MassRepurpose","floor":8},{"not_picked":["Slimebound:Grow","Slimebound:PressTheAttack"],"picked":"Slimebound:SplitAcid","floor":9}],"player_experience":768874,"relics_obtained":[{"floor":7,"key":"Sundial"},{"floor":8,"key":"Darkstone Periapt"}],"event_choices":[{"cards_removed":["Slimebound:Strike_Slimebound"],"damage_healed":0,"gold_gain":0,"player_choice":"Card Removal","damage_taken":0,"max_hp_gain":0,"max_hp_loss":0,"event_name":"The Cleric","floor":3,"gold_loss":0},{"damage_healed":0,"gold_gain":1,"player_choice":"1","damage_taken":0,"max_hp_gain":0,"max_hp_loss":0,"event_name":"betterStone:BetterStone","floor":4,"gold_loss":0}],"is_beta":true,"boss_relics":[],"items_purged_floors":[],"is_endless":false,"potions_floor_spawned":[9],"killed_by":"Gremlin Nob","ascension_level":0}}