{"host":"52zmxm0oht7x0uft","time":1609584286,"event":{"mods":["AchievementEnabler","BaseMod","Minty Spire (QoL Compilation)","Quick Restart"],"gold_per_floor":[14,29,44,44,53,91,91,103,103,103,28,48,67,78,78,186,195,217,229,245,145,165,165,40,40,67,81,108,33,33,52,52,149,149,160,169,19,19,69,110,130,155,182,182,201,201,201,217,217,217,217,217,65,96,96,96],"floor_reached":55,"playtime":2767,"items_purged":["Regret","Strike_R","Perfected Strike","Strike_R"],"score":869,"play_id":"0cb72c06-0080-4f79-aedf-b31b4979c331","local_time":"20210102114446","is_ascension_mode":true,"campfire_choices":[{"data":"Fire Breathing","floor":7,"key":"SMITH"},{"data":"Power Through","floor":10,"key":"SMITH"},{"data":"Evolve","floor":15,"key":"SMITH"},{"data":"Wild Strike","floor":23,"key":"SMITH"},{"data":"Fiend Fire","floor":30,"key":"SMITH"},{"floor":32,"key":"RECALL"},{"data":"1","floor":44,"key":"LIFT"},{"data":"2","floor":46,"key":"LIFT"},{"floor":49,"key":"REST"},{"data":"3","floor":52,"key":"LIFT"}],"circlet_count":0,"master_deck":["Strike_R","Defend_R","Defend_R+1","Defend_R","Defend_R","Bash","Fire Breathing+1","Power Through+1","Battle Trance+1","Evolve+1","Fiend Fire+1","CurseOfTheBell","Wild Strike+1","Ghostly Armor+1","The Bomb+1","Sentinel+1"],"relics":["Burning Blood","Mango","CeramicFish","Mercury Hourglass","War Paint","Calling Bell","Pen Nib","Frozen Egg 2","Torii","Enchiridion","Bag of Preparation","Thread and Needle","Velvet Choker","Girya","Regal Pillow","Potion Belt","Vajra","Self Forming Clay"],"acts_visited":["Exordium","TheCity","TheBeyond","TheEnding"],"potions_floor_usage":[19,20,22,28,35,48,48,55],"damage_taken":[{"damage":6,"enemies":"2 Louse","floor":1,"turns":4},{"damage":6,"enemies":"Small Slimes","floor":2,"turns":5},{"damage":2,"enemies":"Jaw Worm","floor":3,"turns":5},{"damage":17,"enemies":"3 Sentries","floor":6,"turns":5},{"damage":4,"enemies":"Exordium Wildlife","floor":8,"turns":3},{"damage":0,"enemies":"3 Louse","floor":12,"turns":3},{"damage":0,"enemies":"2 Fungi Beasts","floor":13,"turns":3},{"damage":20,"enemies":"Exordium Thugs","floor":14,"turns":4},{"damage":38,"enemies":"The Guardian","floor":16,"turns":9},{"damage":19,"enemies":"Shell Parasite","floor":18,"turns":6},{"damage":23,"enemies":"2 Thieves","floor":19,"turns":4},{"damage":10,"enemies":"Snake Plant","floor":20,"turns":3},{"damage":8,"enemies":"3 Cultists","floor":22,"turns":4},{"damage":0,"enemies":"Centurion and Healer","floor":27,"turns":4},{"damage":0,"enemies":"Book of Stabbing","floor":28,"turns":6},{"damage":0,"enemies":"Cultist and Chosen","floor":31,"turns":4},{"damage":73,"enemies":"Champ","floor":33,"turns":11},{"damage":0,"enemies":"Orb Walker","floor":35,"turns":2},{"damage":1,"enemies":"Mind Bloom Boss Battle","floor":39,"turns":5},{"damage":17,"enemies":"Reptomancer","floor":40,"turns":4},{"damage":0,"enemies":"3 Shapes","floor":41,"turns":3},{"damage":38,"enemies":"Giant Head","floor":42,"turns":9},{"damage":1,"enemies":"Spire Growth","floor":45,"turns":5},{"damage":27,"enemies":"Jaw Worm Horde","floor":48,"turns":3},{"damage":19,"enemies":"Time Eater","floor":50,"turns":11},{"damage":46,"enemies":"Shield and Spear","floor":54,"turns":5},{"damage":95,"enemies":"The Heart","floor":55,"turns":5}],"seed_played":"-4681768383819317546","potions_obtained":[{"floor":1,"key":"SkillPotion"},{"floor":2,"key":"BloodPotion"},{"floor":8,"key":"AttackPotion"},{"floor":19,"key":"Fire Potion"},{"floor":20,"key":"SteroidPotion"},{"floor":27,"key":"Block Potion"},{"floor":33,"key":"Fire Potion"},{"floor":40,"key":"Energy Potion"},{"floor":45,"key":"SkillPotion"}],"is_trial":false,"path_per_floor":["M","M","M","?","?","E","R","M","T","R","$","M","M","M","R","B",null,"M","M","M","$","M","R","$","?","T","M","E","?","R","M","R","B",null,"M","?","$","?","?","E","M","E","T","R","M","R","?","M","R","B",null,"R","$","E","B"],"character_chosen":"IRONCLAD","items_purchased":["Vajra"],"campfire_rested":1,"item_purchase_floors":[53],"current_hp_per_floor":[94,94,94,94,94,83,83,85,85,85,85,91,94,80,80,48,94,81,64,78,78,76,76,76,60,60,66,72,72,72,78,78,11,94,94,89,89,89,89,78,84,52,52,52,57,57,57,36,77,64,89,89,89,49,0,0],"gold":96,"neow_bonus":"ONE_RARE_RELIC","is_daily":false,"chose_seed":false,"campfire_upgraded":5,"win_rate":0.0,"timestamp":1609584286,"path_taken":["M","M","M","?","?","E","R","M","T","R","$","M","M","M","R","BOSS","M","M","M","$","M","R","$","?","T","M","E","?","R","M","R","BOSS","M","?","$","?","?","E","M","E","T","R","M","R","?","M","R","BOSS","R","$","E","BOSS"],"items_purchased_type":["Relic"],"build_version":"2020-12-22","purchased_purges":4,"victory":false,"max_hp_per_floor":[94,94,94,94,94,94,94,94,94,94,94,94,94,94,94,94,94,94,94,94,94,94,94,94,94,94,94,94,94,94,94,94,94,94,94,94,94,89,89,89,89,89,89,89,89,89,89,89,89,89,89,89,89,89,89,89],"card_choices":[{"not_picked":["Anger","Havoc"],"picked":"Fire Breathing","floor":1},{"not_picked":["Rage","Metallicize"],"picked":"Power Through","floor":2},{"not_picked":["Rupture","Sword Boomerang","Iron Wave"],"picked":"SKIP","floor":3},{"not_picked":["Body Slam","Entrench"],"picked":"Battle Trance","floor":6},{"not_picked":["Carnage","Pommel Strike","Inflame"],"picked":"SKIP","floor":8},{"not_picked":["Iron Wave","Body Slam","Clash"],"picked":"SKIP","floor":12},{"not_picked":["Shrug It Off","True Grit"],"picked":"Evolve","floor":13},{"not_picked":["Carnage","Body Slam","Blood for Blood"],"picked":"SKIP","floor":14},{"not_picked":["Limit Break","Feed"],"picked":"Fiend Fire","floor":16},{"not_picked":["Combust+1","Dark Embrace+1"],"picked":"Wild Strike","floor":18},{"not_picked":["Evolve+1","Flex+1","Anger"],"picked":"SKIP","floor":19},{"not_picked":["Thunderclap","Pummel","Warcry"],"picked":"SKIP","floor":20},{"not_picked":["Perfected Strike+1","Rampage"],"picked":"Ghostly Armor+1","floor":22},{"not_picked":["Perfected Strike","Havoc+1","Rupture+1"],"picked":"SKIP","floor":27},{"not_picked":["Headbutt","Second Wind","Reaper"],"picked":"SKIP","floor":28},{"not_picked":["Wild Strike","Headbutt+1","Pummel"],"picked":"SKIP","floor":31},{"not_picked":["Iron Wave","Headbutt+1","Flex+1"],"picked":"SKIP","floor":35},{"not_picked":["Forethought","Panache+1"],"picked":"The Bomb","floor":36},{"not_picked":["Power Through+1","True Grit+1"],"picked":"Sentinel+1","floor":40},{"not_picked":["Perfected Strike+1","Evolve+1","Armaments"],"picked":"SKIP","floor":41},{"not_picked":["Pummel+1","Corruption+1","Body Slam+1"],"picked":"SKIP","floor":42},{"not_picked":["Pommel Strike+1","Iron Wave+1","Warcry"],"picked":"SKIP","floor":45},{"not_picked":["Bludgeon","Rage","Armaments"],"picked":"SKIP","floor":48},{"not_picked":["Headbutt+1","Rage","Flex+1"],"picked":"SKIP","floor":54}],"player_experience":352822,"relics_obtained":[{"floor":6,"key":"Mercury Hourglass"},{"floor":9,"key":"War Paint"},{"floor":17,"key":"Pen Nib"},{"floor":17,"key":"Frozen Egg 2"},{"floor":17,"key":"Torii"},{"floor":25,"key":"Enchiridion"},{"floor":26,"key":"Bag of Preparation"},{"floor":28,"key":"Thread and Needle"},{"floor":39,"key":"Girya"},{"floor":40,"key":"Regal Pillow"},{"floor":42,"key":"Potion Belt"},{"floor":54,"key":"Self Forming Clay"}],"event_choices":[{"damage_healed":0,"gold_gain":0,"cards_transformed":["Strike_R"],"player_choice":"Change","damage_taken":0,"max_hp_gain":0,"max_hp_loss":0,"event_name":"Living Wall","floor":4,"gold_loss":0,"cards_obtained":["Perfected Strike"]},{"damage_healed":0,"gold_gain":0,"player_choice":"Box","damage_taken":0,"relics_obtained":["CeramicFish"],"max_hp_gain":0,"max_hp_loss":0,"event_name":"Big Fish","floor":5,"gold_loss":0,"cards_obtained":["Regret"]},{"damage_healed":0,"gold_gain":0,"player_choice":"Obtained Book","damage_taken":16,"max_hp_gain":0,"max_hp_loss":0,"event_name":"Cursed Tome","floor":25,"gold_loss":0},{"cards_removed":["Strike_R"],"damage_healed":0,"gold_gain":0,"player_choice":"Gave Gold","damage_taken":0,"max_hp_gain":0,"max_hp_loss":0,"event_name":"Beggar","floor":29,"gold_loss":75},{"damage_healed":0,"gold_gain":0,"player_choice":"Memory 2","damage_taken":5,"max_hp_gain":0,"max_hp_loss":0,"event_name":"SensoryStone","floor":36,"gold_loss":0},{"damage_healed":0,"gold_gain":0,"player_choice":"Max HP","damage_taken":0,"max_hp_gain":0,"max_hp_loss":5,"event_name":"Winding Halls","floor":38,"gold_loss":0},{"damage_healed":0,"gold_gain":0,"player_choice":"Fight","damage_taken":0,"max_hp_gain":0,"max_hp_loss":0,"event_name":"MindBloom","floor":39,"gold_loss":0},{"damage_healed":0,"gold_gain":0,"player_choice":"Upgraded","damage_taken":0,"max_hp_gain":0,"max_hp_loss":0,"event_name":"Upgrade Shrine","floor":47,"gold_loss":0,"cards_upgraded":["The Bomb"]}],"is_beta":false,"boss_relics":[{"not_picked":["Fusion Hammer","Empty Cage"],"picked":"Calling Bell"},{"not_picked":["Sozu","Tiny House"],"picked":"Velvet Choker"}],"items_purged_floors":[11,21,24,37],"is_endless":false,"potions_floor_spawned":[1,2,8,14,19,20,27,33,40,45],"killed_by":"The Heart","ascension_level":4}}