{"host":"97bfbul5vt0mksxl","time":1609614747,"event":{"mods":["BaseMod","Colored Powertips","Highlight Path","Infinite Spire","Minty Spire (QoL Compilation)","Replay The Spire","Shop Mod","StSLib","SuperFastMode"],"gold_per_floor":[115,115,142,151,160,209,209,209,262,295,295,320,320,352,352,480,480,514,523,597,620,643,688,710,710,735,735,763,763,845,894,894,894,894],"floor_reached":33,"playtime":1176,"items_purged":[],"score":285,"play_id":"5d10ec44-8179-436d-856e-f941b509ac44","local_time":"20210102161227","is_ascension_mode":false,"campfire_choices":[{"floor":8,"key":"REST"},{"data":"Eruption","floor":11,"key":"SMITH"},{"floor":15,"key":"REST"},{"floor":25,"key":"REST"},{"data":"Omniscience","floor":27,"key":"SMITH"},{"data":"DevaForm","floor":29,"key":"SMITH"},{"floor":32,"key":"REST"}],"circlet_count":0,"master_deck":["Strike_P","Strike_P","Strike_P","Strike_P","Defend_P","Defend_P","Defend_P","Defend_P","Eruption+1","Vigilance","CutThroughFate","Injury","Regret","BowlingBash","SashWhip","DevaForm+1","Adaptation","Omniscience+1","FlurryOfBlows","PathToVictory","Halt","Wireheading+1","Consecrate","Alpha","JustLucky+1","MentalFortress+1","MasterReality+1"],"relics":["Ring of the Snake","CeramicFish","Golden Idol","Yang","Matryoshka","Bronze Scales","Omamori","Tiny Chest","infinitespire:Cubic Diamond","Runic Pyramid","Durian","Mercury Hourglass","Frozen Egg 2","Boot","Mummified Hand","Blood Vial"],"acts_visited":["Exordium","TheCity"],"potions_floor_usage":[14,16,16,16,18,18,28,31,31],"damage_taken":[{"damage":0,"enemies":"Cultist","floor":1,"turns":2},{"damage":0,"enemies":"2 Louse","floor":3,"turns":1},{"damage":54,"enemies":"3 Sentries","floor":6,"turns":11},{"damage":2,"enemies":"Small Slimes","floor":10,"turns":1},{"damage":8,"enemies":"Looter","floor":12,"turns":2},{"damage":0,"enemies":"3 Louse","floor":14,"turns":1},{"damage":9,"enemies":"Slime Boss","floor":16,"turns":8},{"damage":10,"enemies":"3 Byrds","floor":18,"turns":4},{"damage":2,"enemies":"Shell Parasite","floor":21,"turns":3},{"damage":23,"enemies":"Snake Plant","floor":22,"turns":3},{"damage":15,"enemies":"Replay:Snechameleon","floor":23,"turns":4},{"damage":10,"enemies":"Snecko","floor":24,"turns":4},{"damage":19,"enemies":"Shelled Parasite and Fungi","floor":28,"turns":3},{"damage":20,"enemies":"Slavers","floor":31,"turns":3},{"damage":36,"enemies":"Collector","floor":33,"turns":3}],"seed_played":"-7720709867493979676","potions_obtained":[{"floor":3,"key":"EntropicBrew"},{"floor":6,"key":"Ambrosia"},{"floor":16,"key":"DuplicationPotion"},{"floor":22,"key":"Explosive Potion"},{"floor":23,"key":"Energy Potion"},{"floor":24,"key":"Strength Potion"},{"floor":31,"key":"Milkshake"}],"is_trial":false,"path_per_floor":["M","$","M","?","?","E","?","R","T","M","R","M","?","M","R","B",null,"M","?","?","M","M","E","M","R","T","R","M","R","T","E","R","B"],"character_chosen":"WATCHER","items_purchased":[],"campfire_rested":4,"item_purchase_floors":[],"current_hp_per_floor":[72,72,72,72,72,18,6,27,27,25,25,17,17,17,38,29,72,62,62,67,65,42,27,17,40,40,40,21,21,21,1,24,0,0],"gold":894,"neow_bonus":"RANDOM_COMMON_RELIC","is_daily":false,"chose_seed":false,"campfire_upgraded":3,"win_rate":0.0,"timestamp":1609614747,"path_taken":["M","$","?","?","?","E","?","R","T","M","R","M","?","M","R","BOSS","M","?","?","M","M","E","M","R","T","R","M","R","?","E","R","BOSS"],"items_purchased_type":[],"build_version":"2020-12-22","purchased_purges":0,"victory":false,"max_hp_per_floor":[72,72,72,72,72,72,72,72,72,72,72,72,72,72,72,72,72,72,72,77,77,77,77,77,77,77,77,77,77,77,77,77,77,77],"card_choices":[{"not_picked":["DeceiveReality","WreathOfFlame","Replay:AtTheReady"],"picked":"SKIP","floor":1},{"not_picked":["Crescendo","WindmillStrike"],"picked":"CutThroughFate","floor":3},{"not_picked":["DeceiveReality","FlurryOfBlows"],"picked":"BowlingBash","floor":6},{"not_picked":["Replay:Battleflow","Fasting2"],"picked":"SashWhip","floor":10},{"not_picked":["InnerPeace","Consecrate"],"picked":"DevaForm","floor":12},{"not_picked":["ClearTheMind","WaveOfTheHand"],"picked":"Adaptation","floor":14},{"not_picked":["Blasphemy","ConjureBlade"],"picked":"Omniscience","floor":16},{"not_picked":["CarveReality","Halt"],"picked":"FlurryOfBlows","floor":18},{"not_picked":["EmptyBody","CutThroughFate"],"picked":"Halt","floor":20},{"not_picked":["Replay:AtTheReady+1","Protect"],"picked":"Wireheading+1","floor":21},{"not_picked":["Evaluate","Replay:BluntJabs"],"picked":"Consecrate","floor":22},{"not_picked":["SignatureMove","Conclude+1"],"picked":"Alpha","floor":23},{"not_picked":["Replay:Anticipation","Replay:ManipulateFuture+1"],"picked":"JustLucky+1","floor":24},{"not_picked":["Consecrate","ReachHeaven"],"picked":"MentalFortress+1","floor":28},{"not_picked":["Collect","Judgement"],"picked":"MasterReality+1","floor":31}],"player_experience":165497,"relics_obtained":[{"floor":6,"key":"Matryoshka"},{"floor":9,"key":"Omamori"},{"floor":9,"key":"Tiny Chest"},{"floor":20,"key":"Durian"},{"floor":20,"key":"Mercury Hourglass"},{"floor":23,"key":"Frozen Egg 2"},{"floor":26,"key":"Boot"},{"floor":30,"key":"Mummified Hand"},{"floor":31,"key":"Blood Vial"}],"event_choices":[{"damage_healed":0,"gold_gain":0,"player_choice":"Take Wound","damage_taken":0,"relics_obtained":["Golden Idol"],"max_hp_gain":0,"max_hp_loss":0,"event_name":"Golden Idol","floor":4,"gold_loss":0,"cards_obtained":["Injury"]},{"damage_healed":0,"gold_gain":0,"player_choice":"Box","damage_taken":0,"relics_obtained":["Yang"],"max_hp_gain":0,"max_hp_loss":0,"event_name":"Big Fish","floor":5,"gold_loss":0,"cards_obtained":["Regret"]},{"damage_healed":0,"gold_gain":0,"player_choice":"Success","damage_taken":12,"relics_obtained":["Bronze Scales"],"max_hp_gain":0,"max_hp_loss":0,"event_name":"Scrap Ooze","floor":7,"gold_loss":0},{"damage_healed":0,"gold_gain":0,"player_choice":"Read","damage_taken":0,"max_hp_gain":0,"max_hp_loss":0,"event_name":"The Library","floor":19,"gold_loss":0,"cards_obtained":["PathToVictory"]}],"is_beta":false,"boss_relics":[{"not_picked":["Sozu","Velvet Choker"],"picked":"Runic Pyramid"}],"items_purged_floors":[],"is_endless":false,"potions_floor_spawned":[3,6,16,22,23,24,31],"killed_by":"Collector","ascension_level":0}}