{"host":"bjzqjr1ycgj8gt55","time":1609568865,"event":{"mods":["BaseMod","Better Altar","Better Match","Better Sensory Stone","Better Skull","Better Third Choice","Better Vampires","Block Reminder","Colored Map","Colored Powertips","Downfall","GifTheSpireLib","Hermit","Infinite Spire","Minty Spire (QoL Compilation)","Rare Cards Sparkle","Red Circlet Mod","Spicy Shops","StSLib","Waifu the Spire","everything is the same but u backflip on backflip","slay the spire mod where everything is the same but ironclad has a cowboy hat"],"gold_per_floor":[111,186,186,198,32,57,68,68,120,120,70,101,14,47,47,151,151,162,162,162,175,32,58,58,6,32,32,32,46,46,71,71,176,176,196,208,221,237,252,286,286,301,301,301,319,319,319,336,336,336],"floor_reached":51,"playtime":1303,"items_purged":[],"score":1028,"play_id":"aa6f39cf-243b-45f7-9f44-b63b1b8694ef","local_time":"20210102002745","is_ascension_mode":true,"campfire_choices":[{"data":"Apotheosis","floor":8.0,"key":"SMITH"},{"data":"Inflame","floor":10.0,"key":"SMITH"},{"floor":15,"key":"REST"},{"data":"Feed","floor":24,"key":"SMITH"},{"data":"Bloodletting","floor":30,"key":"SMITH"},{"data":"Offering","floor":32,"key":"SMITH"},{"data":"Corruption","floor":47,"key":"SMITH"},{"data":"Reaper","floor":49,"key":"SMITH"}],"circlet_count":0,"master_deck":["Bash+1","Sword Boomerang","Havoc","Apotheosis+1","Carnage","Inflame+1","Disarm","Reaper+1","Shockwave","Feed+1","Cleave+1","Uppercut","Bloodletting+1","Offering+1","Shrug It Off","Corruption+1","Rampage+1","Metallicize","Rage","Headbutt+1","Double Tap","Anger+1","Carnage+1","Thunderclap+1","Twin Strike+1","Inflame","Battle Trance","Rage"],"relics":["Burning Blood","NeowsBlessing","Regal Pillow","Bag of Preparation","Orichalcum","Omamori","Cursed Key","Bloody Idol","MutagenicStrength","Bag of Marbles","Juzu Bracelet","Molten Egg 2","Pandora\u0027s Box","Boot","Oddly Smooth Stone"],"acts_visited":["Exordium","TheCity","TheBeyond"],"potions_floor_usage":[14,40],"damage_taken":[{"damage":0.0,"enemies":"Jaw Worm","floor":1.0,"turns":1.0},{"damage":0.0,"enemies":"Cultist","floor":4.0,"turns":1.0},{"damage":0.0,"enemies":"Gremlin Nob","floor":6.0,"turns":1.0},{"damage":14.0,"enemies":"2 Louse","floor":7.0,"turns":2.0},{"damage":22.0,"enemies":"Lagavulin","floor":12.0,"turns":5.0},{"damage":10,"enemies":"Gremlin Nob","floor":14,"turns":3},{"damage":25,"enemies":"The Guardian","floor":16,"turns":9},{"damage":2,"enemies":"Chosen","floor":18,"turns":4},{"damage":1,"enemies":"3 Byrds","floor":21,"turns":4},{"damage":10,"enemies":"Gremlin Leader","floor":23,"turns":4},{"damage":10,"enemies":"3 Cultists","floor":29,"turns":3},{"damage":20,"enemies":"Book of Stabbing","floor":31,"turns":3},{"damage":73,"enemies":"Collector","floor":33,"turns":6},{"damage":9,"enemies":"3 Shapes","floor":35,"turns":1},{"damage":9,"enemies":"Orb Walker","floor":36,"turns":1},{"damage":21,"enemies":"Sphere and 2 Shapes","floor":37,"turns":4},{"damage":33,"enemies":"4 Shapes","floor":38,"turns":1},{"damage":11,"enemies":"Writhing Mass","floor":39,"turns":2},{"damage":3,"enemies":"Reptomancer","floor":40,"turns":2},{"damage":9,"enemies":"Transient","floor":42,"turns":5},{"damage":3,"enemies":"Spire Growth","floor":45,"turns":2},{"damage":5,"enemies":"Jaw Worm Horde","floor":48,"turns":2},{"damage":31,"enemies":"Donu and Deca","floor":50,"turns":5}],"seed_played":"-326911826173772383","potions_obtained":[{"floor":4.0,"key":"SkillPotion"},{"floor":6.0,"key":"Energy Potion"},{"floor":7.0,"key":"SmokeBomb"},{"floor":18,"key":"Fire Potion"}],"is_trial":false,"path_per_floor":["M","?","?","M","$","E","M","R","T","R","?","E","$","E","R","B",null,"M","?","?","M","$","E","R","$","T","$","?","M","R","E","R","B",null,"M","M","M","M","M","E","?","M","T","AVR","M","?","R","M","R","B",null],"character_chosen":"IRONCLAD","items_purchased":["Apotheosis","Reaper","Bag of Marbles","Bloodletting"],"campfire_rested":1,"item_purchase_floors":[5,13,22,25],"current_hp_per_floor":[78,67,67,73,73,79,71,71,71,71,71,55,55,57,80,64,76,80,40,40,66,66,67,67,67,72,72,72,88,88,83,83,38,79,81,92,93,96,96,100,100,100,100,100,100,100,100,100,100,100],"gold":336,"neow_bonus":"THREE_ENEMY_KILL","is_daily":false,"chose_seed":false,"campfire_upgraded":7,"win_rate":0.0,"timestamp":1609568865,"path_taken":["M","?","?","M","?","E","?","R","T","R","?","E","$","E","R","BOSS","M","?","?","M","$","E","R","$","T","?","?","M","R","E","R","BOSS","M","M","M","M","M","E","?","M","T","AVR","M","?","R","M","R","BOSS"],"items_purchased_type":["Card","Card","Relic","Card"],"build_version":"2020-12-22","purchased_purges":0,"victory":true,"max_hp_per_floor":[80,80,80,80,80,80,80,80,80,80,80,80,80,80,80,80,80,80,80,80,84,84,84,84,84,84,84,84,88,88,92,92,92,92,92,92,96,96,96,100,100,100,100,100,100,100,100,100,100,100],"card_choices":[{"not_picked":["Pummel","Clothesline"],"picked":"Sword Boomerang","floor":1.0},{"not_picked":["Heavy Blade","Iron Wave"],"picked":"Havoc","floor":4.0},{"not_picked":["Power Through","Armaments"],"picked":"Carnage","floor":6.0},{"not_picked":["Pommel Strike","infinitespire:OneForAll"],"picked":"Inflame","floor":7.0},{"not_picked":["Intimidate","Dark Embrace"],"picked":"Disarm","floor":12.0},{"not_picked":["infinitespire:OneForAll","Infernal Blade"],"picked":"Shockwave","floor":14},{"not_picked":["Exhume","Fiend Fire"],"picked":"Feed","floor":16},{"not_picked":["Reckless Charge","Armaments+1","Perfected Strike"],"picked":"SKIP","floor":18},{"not_picked":["Dual Wield","Headbutt"],"picked":"Cleave+1","floor":21},{"not_picked":["Armaments","Entrench"],"picked":"Uppercut","floor":23},{"not_picked":["Searing Blow+1","Thunderclap"],"picked":"Shrug It Off","floor":29},{"not_picked":["Clash+1","Rupture","Shockwave"],"picked":"SKIP","floor":31},{"not_picked":["Barricade","Demon Form"],"picked":"Corruption","floor":33},{"not_picked":["Intimidate","Thunderclap+1","Flex+1"],"picked":"SKIP","floor":35},{"not_picked":["Sever Soul+1","Flex+1"],"picked":"Twin Strike+1","floor":36},{"not_picked":["Flex","Twin Strike+1","Blood for Blood+1"],"picked":"SKIP","floor":37},{"not_picked":["Clothesline+1","Twin Strike+1"],"picked":"Inflame","floor":38},{"not_picked":["Wild Strike+1","Twin Strike+1"],"picked":"Battle Trance","floor":39},{"not_picked":["Clothesline+1","Anger+1","Twin Strike+1"],"picked":"SKIP","floor":40},{"not_picked":["Twin Strike+1","Seeing Red+1"],"picked":"Rage","floor":42},{"not_picked":["Exhume","Entrench","Thunderclap+1"],"picked":"SKIP","floor":45},{"not_picked":["Hemokinesis+1","Clash+1","Headbutt+1"],"picked":"SKIP","floor":48}],"player_experience":154780,"relics_obtained":[{"floor":6.0,"key":"Regal Pillow"},{"floor":9.0,"key":"Bag of Preparation"},{"floor":12.0,"key":"Orichalcum"},{"floor":14,"key":"Omamori"},{"floor":26,"key":"Juzu Bracelet"},{"floor":31,"key":"Molten Egg 2"},{"floor":40,"key":"Boot"}],"event_choices":[{"damage_healed":0.0,"max_hp_gain":0.0,"max_hp_loss":0.0,"gold_gain":75.0,"event_name":"betterThird:BetterGoop","player_choice":"Gold","floor":2.0,"gold_loss":0.0,"damage_taken":11.0},{"damage_healed":0.0,"max_hp_gain":0.0,"max_hp_loss":0.0,"gold_gain":0.0,"event_name":"Living Wall","player_choice":"Grow","floor":3.0,"gold_loss":0.0,"damage_taken":0.0,"cards_upgraded":["Bash"]},{"cards_removed":["Strike_R"],"damage_healed":0.0,"max_hp_gain":0.0,"max_hp_loss":0.0,"gold_gain":0.0,"event_name":"The Cleric","player_choice":"Card Removal","floor":11.0,"gold_loss":50.0,"damage_taken":0.0},{"damage_healed":0,"gold_gain":0,"player_choice":" Idol ","damage_taken":40,"relics_obtained":["Bloody Idol"],"max_hp_gain":80,"max_hp_loss":40,"event_name":"betterAltar:BetterAltar","floor":19,"potions_obtained":[],"relics_lost":[],"gold_loss":0},{"damage_healed":0,"gold_gain":0,"player_choice":"Inject Mutagens","damage_taken":0,"relics_obtained":["MutagenicStrength"],"max_hp_gain":0,"max_hp_loss":0,"event_name":"Drug Dealer","floor":20,"gold_loss":0},{"damage_healed":0,"gold_gain":0,"player_choice":"Read","damage_taken":0,"max_hp_gain":0,"max_hp_loss":0,"event_name":"The Library","floor":28,"gold_loss":0,"cards_obtained":["Offering"]},{"damage_healed":0,"gold_gain":0,"player_choice":"Gave Potion","damage_taken":0,"relics_obtained":["Oddly Smooth Stone"],"max_hp_gain":0,"max_hp_loss":0,"event_name":"WeMeetAgain","floor":41,"gold_loss":0},{"damage_healed":0,"gold_gain":0,"player_choice":"3","damage_taken":0,"max_hp_gain":0,"max_hp_loss":0,"event_name":"betterMatch:BetterMatch","floor":46,"gold_loss":0,"cards_obtained":["betterMatch:UncommonCard"]}],"is_beta":false,"boss_relics":[{"not_picked":["Busted Crown","Tiny House"],"picked":"Cursed Key"},{"not_picked":["infinitespire:Cupcake","Fusion Hammer"],"picked":"Pandora\u0027s Box"}],"items_purged_floors":[],"is_endless":false,"potions_floor_spawned":[4,6,7,18,23,36,38,39],"ascension_level":6}}