{"host":"93x13jgem5w43hjr","time":1609554089,"event":{"mods":["AchievementEnabler","BaseMod","Better Note","Colored Map","Colored Powertips","Downfall","Minty Spire (QoL Compilation)","Rare Cards Sparkle","StSLib"],"gold_per_floor":[99,99,20,20,470,504,579,598,598,630,649,201,201,231,250,355,355,355,355,440,457,557,584,584,596,596,596,596],"floor_reached":26,"playtime":1768,"items_purged":["Slimebound:Icky"],"score":289,"play_id":"abb3f775-14ad-4929-a5cb-e08ebc16223f","local_time":"20210101192129","is_ascension_mode":true,"campfire_choices":[{"data":"champ:Taunt","floor":1,"key":"SMITH"},{"data":"champ:GladiatorStyle","floor":9,"key":"SMITH"},{"floor":18,"key":"RECALL"}],"circlet_count":0,"master_deck":["champ:Strike","champ:Strike","champ:Strike","champ:Strike","champ:Defend","champ:Defend","champ:Defend","champ:Defend+1","champ:Execute","champ:Taunt+1","champ:Balance","champ:Duel","champ:GladiatorStyle+1","Slimebound:Icky","Slimebound:Icky","champ:ArenaPreparation","champ:Haymaker","champ:GladiatorStyle","champ:Haymaker","champ:RageSigil+1","champ:BladeFlurry","champ:RageSigil","champ:StanceDance","champ:PreciseThrust","champ:Duel"],"relics":["champ:ChampionCrownUpgraded","downfall:HeartsMalice","Blue Candle","Shuriken","Strawberry","Sling","War Paint","Pocketwatch","champ:BlackKnightHelmet","White Beast Statue","Bag of Preparation"],"acts_visited":["Exordium","TheCity"],"potions_floor_usage":[10,12,16,16,22,23,25],"damage_taken":[{"damage":0,"enemies":"Small Slimes","floor":2,"turns":1},{"damage":0,"enemies":"downfall:FleeingMerchant","floor":3,"turns":1},{"damage":0,"enemies":"Jaw Worm","floor":4,"turns":1},{"damage":2,"enemies":"Lagavulin","floor":6,"turns":8},{"damage":22,"enemies":"Cultist","floor":8,"turns":4},{"damage":25,"enemies":"3 Sentries","floor":10,"turns":6},{"damage":7,"enemies":"2 Fungi Beasts","floor":11,"turns":4},{"damage":6,"enemies":"downfall:FleeingMerchant","floor":12,"turns":4},{"damage":16,"enemies":"Gremlin Nob","floor":14,"turns":4},{"damage":9,"enemies":"3 Louse","floor":15,"turns":4},{"damage":22,"enemies":"downfall:Silent","floor":16,"turns":5},{"damage":0,"enemies":"Chosen","floor":19,"turns":1},{"damage":24,"enemies":"Sentry and Sphere","floor":21,"turns":5},{"damage":18,"enemies":"Sentry and Sphere","floor":22,"turns":6},{"damage":48,"enemies":"Book of Stabbing","floor":23,"turns":7},{"damage":22,"enemies":"Centurion and Healer","floor":25,"turns":8},{"damage":21,"enemies":"Snecko","floor":26,"turns":4}],"seed_played":"-3092260269686281062","potions_obtained":[{"floor":6,"key":"Strength Potion"},{"floor":8,"key":"LiquidMemories"},{"floor":10,"key":"Fire Potion"},{"floor":14,"key":"EssenceOfSteel"},{"floor":15,"key":"Energy Potion"},{"floor":21,"key":"Weak Potion"},{"floor":23,"key":"BlessingOfTheForge"},{"floor":25,"key":"AttackPotion"}],"is_trial":false,"path_per_floor":["R","M","$","M","?","E","T","M","R","E","M","$","?","E","M","B",null,"R","M","?","M","?","E","T","M","M"],"character_chosen":"THE_CHAMP","items_purchased":["champ:GladiatorStyle","champ:BladeFlurry","Sling","War Paint"],"campfire_rested":0,"item_purchase_floors":[3,12,12,12],"current_hp_per_floor":[90,90,90,90,90,88,88,86,86,78,76,75,75,64,60,48,97,97,97,79,66,61,26,26,18,0,0,0],"gold":596,"neow_bonus":"THREE_ENEMY_KILL","is_daily":false,"chose_seed":false,"campfire_upgraded":2,"win_rate":0.0,"timestamp":1609554089,"path_taken":["R","M","$","M","?","E","T","M","R","E","M","$","?","E","M","BOSS","R","M","?","M","?","E","T","M","?"],"items_purchased_type":["Card","Card","Relic","Relic"],"build_version":"2020-12-22","purchased_purges":1,"victory":false,"max_hp_per_floor":[90,90,90,90,90,90,90,90,90,97,97,97,97,97,97,97,97,97,97,97,97,97,97,97,97,97,97,97],"card_choices":[{"not_picked":["champ:FaceSlap","champ:RageSigil"],"picked":"champ:Balance","floor":2},{"not_picked":["champ:FaceSlap","champ:FightOn"],"picked":"champ:Duel","floor":3},{"not_picked":["champ:Circumvent","champ:Encircle","champ:AdrenalArmor"],"picked":"SKIP","floor":4},{"not_picked":["champ:Aggression","champ:Duel"],"picked":"champ:ArenaPreparation","floor":6},{"not_picked":["champ:BringItOn","champ:DefensiveShout"],"picked":"champ:Haymaker","floor":8},{"not_picked":["champ:FightOn","champ:HeartStrike"],"picked":"champ:GladiatorStyle","floor":10},{"not_picked":["champ:TornadoPunch","champ:RageSigil"],"picked":"champ:Haymaker","floor":11},{"not_picked":["champ:EnragedBash","champ:GutPunch"],"picked":"champ:RageSigil","floor":12},{"not_picked":["champ:BerserkerStyle","champ:EnragedBash"],"picked":"champ:RageSigil","floor":14},{"not_picked":["champ:Encircle","champ:RageSigil","champ:CrookedStrike"],"picked":"SKIP","floor":15},{"not_picked":["champ:RageSigil","champ:Circumvent","champ:CrookedStrike"],"picked":"SKIP","floor":19},{"not_picked":["champ:SkillfulDodge","champ:Riposte"],"picked":"champ:StanceDance","floor":21},{"not_picked":["champ:AdrenalArmor","champ:EnGarde"],"picked":"champ:PreciseThrust","floor":22},{"not_picked":["champ:DefensiveShout","champ:RisingSlash"],"picked":"champ:Duel","floor":23},{"not_picked":["champ:ShieldSlam","champ:Balance+1","champ:SkillfulDodge"],"picked":"SKIP","floor":25}],"player_experience":165340,"relics_obtained":[{"floor":6,"key":"Blue Candle"},{"floor":7,"key":"Shuriken"},{"floor":10,"key":"Strawberry"},{"floor":14,"key":"Pocketwatch"},{"floor":22,"key":"champ:BlackKnightHelmet"},{"floor":22,"key":"White Beast Statue"},{"floor":23,"key":"Bag of Preparation"}],"event_choices":[],"is_beta":false,"boss_relics":[{"not_picked":["Fusion Hammer","Tiny House"],"picked":"champ:ChampionCrownUpgraded"}],"items_purged_floors":[12],"is_endless":false,"potions_floor_spawned":[6,8,10,14,15,21,23,25],"killed_by":"Snecko","ascension_level":2}}