{"host":"brd61wijv1cf72gn","time":1609571615,"event":{"mods":["BaseMod","Conspire","Marisa£®ÏF”Í°°ƒß¿Ì…≥£©","Minty Spire (QoL Compilation)","Replay The Spire","StSLib","The Bug Knight","The Cursed","The Runesmith"],"gold_per_floor":[99,99,39,39,4,4,4,19,19,33,76,89,89,122,147,275,275,275,295,66,66,82,116,116,116,116,132,57,95,20,20,45,170,170,95,108,126,126,149,201,217,237,237],"floor_reached":42,"playtime":3262,"items_purged":[],"score":521,"play_id":"184662be-852e-48aa-b471-ef48c7df6c64","local_time":"20210102151335","is_ascension_mode":false,"campfire_choices":[{"floor":1.0,"key":"RECALL"},{"data":"Runesmith:BackupBattery","floor":9.0,"key":"SMITH"},{"floor":13.0,"key":"REST"},{"data":"Runesmith:Defend_RS","floor":18.0,"key":"PURGE"},{"data":"Runesmith:MetallurgicalResearch","floor":28.0,"key":"SMITH"},{"floor":30.0,"key":"REST"},{"data":"Runesmith:UnlimitedPower","floor":35.0,"key":"SMITH"}],"circlet_count":2,"master_deck":["Runesmith:Strike_RS","Runesmith:Defend_RS","Runesmith:Defend_RS","Runesmith:Defend_RS","Runesmith:CraftFirestone","Runesmith:Fortify+1","Runesmith:HammerThrow","Runesmith:Discharge+1","Runesmith:CraftMagma","Runesmith:BackupBattery+1","Runesmith:CraftMagma+1","Runesmith:LightningRod","Runesmith:Reinforce","Runesmith:CraftVitae","Runesmith:UnlimitedPower+1","Runesmith:CraftIncendium+1","Runesmith:Repurpose+1","Runesmith:DuctTape+1","Runesmith:LithiumIon","Runesmith:MetallurgicalResearch+1","Runesmith:NanitesCloud","Injury","Parasite"],"relics":["Runesmith:BrokenRuby","Circlet","Golden Idol","Bronze Scales","Replay:Kaleidoscope","Replay:Grab Bag","Cursed Key","Busted Crown","conspire:SpecialSausage","Astrolabe","Replay:Rubber Ducky","Sundial","Bag of Preparation","Unceasing Top","Replay:Bronze Core","War Paint"],"acts_visited":["Exordium","TheCity","TheBeyond"],"potions_floor_usage":[],"damage_taken":[{"damage":0.0,"enemies":"2 Louse","floor":2.0,"turns":1.0},{"damage":0.0,"enemies":"downfall:FleeingMerchant","floor":3.0,"turns":1.0},{"damage":0.0,"enemies":"Small Slimes","floor":6.0,"turns":1.0},{"damage":13.0,"enemies":"Jaw Worm","floor":8.0,"turns":4.0},{"damage":13.0,"enemies":"Gremlin Gang","floor":10.0,"turns":5.0},{"damage":24.0,"enemies":"Gremlin Nob","floor":11.0,"turns":4.0},{"damage":0.0,"enemies":"Large Slime","floor":12.0,"turns":4.0},{"damage":0.0,"enemies":"Lagavulin","floor":14.0,"turns":5.0},{"damage":9.0,"enemies":"Exordium Wildlife","floor":15.0,"turns":3.0},{"damage":5.0,"enemies":"The Guardian","floor":16.0,"turns":8.0},{"damage":0.0,"enemies":"conspire:FuzzyDice","floor":19.0,"turns":4.0},{"damage":0.0,"enemies":"downfall:FleeingMerchant","floor":20.0,"turns":4.0},{"damage":1.0,"enemies":"3 Cultists","floor":22.0,"turns":4.0},{"damage":4.0,"enemies":"Book of Stabbing","floor":23.0,"turns":5.0},{"damage":6.0,"enemies":"Centurion and Healer","floor":27.0,"turns":7.0},{"damage":16.0,"enemies":"Gremlin Leader","floor":29.0,"turns":5.0},{"damage":0.0,"enemies":"Snecko","floor":32.0,"turns":5.0},{"damage":0.0,"enemies":"downfall:Watcher","floor":33.0,"turns":6.0},{"damage":4.0,"enemies":"3 Shapes","floor":36.0,"turns":4.0},{"damage":0.0,"enemies":"3 Darklings","floor":37.0,"turns":5.0},{"damage":0.0,"enemies":"Maw","floor":39.0,"turns":6.0},{"damage":0.0,"enemies":"Writhing Mass","floor":41.0,"turns":5.0},{"damage":0,"enemies":"3 Darklings","floor":42,"turns":5}],"seed_played":"-7819838765695740570","potions_obtained":[{"floor":8.0,"key":"Strength Potion"},{"floor":10.0,"key":"SmokeBomb"},{"floor":11.0,"key":"champ:CounterPotion"},{"floor":14.0,"key":"DistilledChaos"},{"floor":19.0,"key":"Milkshake"},{"floor":27.0,"key":"SpeedPotion"},{"floor":32.0,"key":"Block Potion"},{"floor":36.0,"key":"Block Potion"},{"floor":42,"key":"Elixir"}],"is_trial":false,"path_per_floor":["R","M","$","?","?","M","T","M","R","M","E","M","R","E","M","B",null,"R","M","$","?","M","E","T","?","?","M","R","E","R","?","M","B",null,"R","M","M","?","M","T","M","M"],"character_chosen":"RUNESMITH_CLASS","items_purchased":["Runesmith:Discharge+1","Runesmith:LithiumIon","Runesmith:MetallurgicalResearch"],"campfire_rested":2,"item_purchase_floors":[3,20,20],"current_hp_per_floor":[70,70,70,53,70,70,70,57,57,44,20,20,41,41,32,27,70,70,70,70,70,69,65,65,65,65,59,59,43,64,64,64,64,70,80,76,76,76,76,76,76,76,76],"gold":237,"neow_bonus":"THREE_ENEMY_KILL","is_daily":false,"chose_seed":false,"campfire_upgraded":3,"win_rate":0.0,"timestamp":1609571615,"path_taken":["R","M","$","?","?","M","T","M","R","M","E","M","R","E","M","BOSS","R","M","$","?","M","E","T","?","?","M","R","E","R","?","M","BOSS","R","M","M","?","?","T","M","?"],"items_purchased_type":["Card","Card","Card"],"build_version":"2020-12-22","purchased_purges":0,"victory":false,"max_hp_per_floor":[70,70,70,70,70,70,70,70,70,70,70,70,70,70,70,70,70,70,70,70,70,70,70,70,70,70,70,70,70,70,70,70,70,70,80,80,80,80,80,80,80,80,80],"card_choices":[{"not_picked":["Runesmith:RuneHurl","Runesmith:HeatExchange","Runesmith:Overpower"],"picked":"SKIP","floor":2.0},{"not_picked":["Runesmith:FieryHammer","Runesmith:Discharge"],"picked":"Runesmith:HammerThrow","floor":3.0},{"not_picked":["Runesmith:Grindstone","Runesmith:Superposition"],"picked":"Runesmith:CraftMagma","floor":6.0},{"not_picked":["Runesmith:StaticCage","Runesmith:MakeshiftArmor"],"picked":"Runesmith:BackupBattery","floor":8.0},{"not_picked":["Runesmith:ChargedHammer","Runesmith:HeatExchange"],"picked":"Runesmith:CraftMagma","floor":10.0},{"not_picked":["Runesmith:UnstableHammer","Runesmith:ShiftingStrike","Runesmith:RunicBlueprint"],"picked":"SKIP","floor":11.0},{"not_picked":["Runesmith:UnstableHammer","Runesmith:HammerThrow"],"picked":"Runesmith:LightningRod","floor":12.0},{"not_picked":["Runesmith:RuneHurl","Runesmith:NegativeSpace"],"picked":"Runesmith:Reinforce","floor":14.0},{"not_picked":["Runesmith:WhiteBalance","Runesmith:ElementalConversion"],"picked":"Runesmith:CraftVitae","floor":15.0},{"not_picked":["Runesmith:CraftMedicinae","Runesmith:CraftIndustria"],"picked":"Runesmith:UnlimitedPower","floor":16.0},{"not_picked":["Runesmith:MakeshiftArmor"],"picked":"SKIP","floor":19.0},{"not_picked":["Runesmith:Accelerate"],"picked":"SKIP","floor":20.0},{"not_picked":["Runesmith:BackupBattery"],"picked":"SKIP","floor":22.0},{"not_picked":[],"picked":"Runesmith:NanitesCloud","floor":23.0},{"not_picked":["Runesmith:HammerThrow"],"picked":"SKIP","floor":27.0},{"not_picked":["Runesmith:PerfectChisel+1"],"picked":"SKIP","floor":29.0},{"not_picked":["Runesmith:StaticCage"],"picked":"SKIP","floor":32.0},{"not_picked":["Runesmith:Repurpose+1"],"picked":"SKIP","floor":36.0},{"not_picked":["Runesmith:RuneHurl+1"],"picked":"SKIP","floor":37.0},{"not_picked":["Runesmith:Firewall"],"picked":"SKIP","floor":39.0},{"not_picked":["Runesmith:Discharge"],"picked":"SKIP","floor":41.0},{"not_picked":["Runesmith:WhiteBalance+1"],"picked":"SKIP","floor":42}],"player_experience":7187,"relics_obtained":[{"floor":11.0,"key":"Bronze Scales"},{"floor":14.0,"key":"Replay:Kaleidoscope"},{"floor":23.0,"key":"Replay:Rubber Ducky"},{"floor":24.0,"key":"Sundial"},{"floor":29.0,"key":"Unceasing Top"},{"floor":40.0,"key":"War Paint"}],"event_choices":[{"damage_healed":0.0,"max_hp_gain":0.0,"max_hp_loss":0.0,"gold_gain":0.0,"event_name":"Golden Idol","player_choice":"Take Damage","floor":4.0,"gold_loss":0.0,"damage_taken":17.0,"relics_obtained":["Golden Idol"]},{"damage_healed":17.0,"max_hp_gain":0.0,"max_hp_loss":0.0,"gold_gain":0.0,"event_name":"The Cleric","player_choice":"Healed","floor":5.0,"gold_loss":35.0,"damage_taken":0.0},{"damage_healed":0.0,"max_hp_gain":0.0,"max_hp_loss":0.0,"gold_gain":0.0,"event_name":"Ghosts","player_choice":"Ignored","floor":26.0,"gold_loss":0.0,"damage_taken":0.0}],"is_beta":false,"boss_relics":[{"not_picked":["Replay:Drink Me","Painkiller Herb"],"picked":"Replay:Grab Bag"},{"not_picked":["Velvet Choker","Fusion Hammer"],"picked":"Cursed Key"},{"not_picked":["Coffee Dripper","Philosopher\u0027s Stone"],"picked":"Busted Crown"},{"not_picked":["Runesmith:PocketReactor","Empty Cage"],"picked":"conspire:SpecialSausage"},{"not_picked":["SacredBark","Tiny House"],"picked":"Astrolabe"},{"not_picked":["Runesmith:UraniumAnvil","Calling Bell"],"picked":"Replay:Bronze Core"}],"items_purged_floors":[],"is_endless":false,"potions_floor_spawned":[8,10,11,12,14,19,27,29,32,36,39,42],"killed_by":"3 Darklings","ascension_level":0}}