{"host":"9sqwgc7o3s0c6ttp","time":1609585086,"event":{"mods":["AchievementEnabler","Act Like it!","Arknights The Spire","Aspiration","BaseMod","CapriCore","Colored Map","Colored Powertips","Dota2Spire","Friendly Minions","Gensokyo","HololiveMod","Infinite Spire","Minty Spire (QoL Compilation)","Pale of the Ancients","Replay The Spire","StSLib","Waifu the Spire","WarShipGirlsR/??á´Ò³R mod"],"gold_per_floor":[115,115,115,115,125,125,202,202,202,235,309,309,335,352,76,107,107,202,202,221,221,181,96,96,124,142,175,175,191,205,205,0,0,0,0,0],"floor_reached":35,"playtime":1909,"items_purged":[],"score":399,"play_id":"ce702bf7-fba0-4fd7-b867-a5529d7ef09d","local_time":"20210102195806","is_ascension_mode":true,"campfire_choices":[{"data":"ats:Mental Burst","floor":6.0,"key":"SMITH"},{"data":"ats:Emotion Absorption","floor":12.0,"key":"SMITH"},{"data":"ats:Armor Crushing Shot","floor":17.0,"key":"SMITH"},{"floor":31,"key":"REST"},{"data":"ats:Ignite","floor":34,"key":"SMITH"}],"circlet_count":0,"master_deck":["ats:Strike C","ats:Strike G","ats:Strike S+1","ats:Strike V","ats:Armor Crushing Shot+1","ats:Defend","ats:Defend","ats:Defend","ats:Defend+1","ats:Song Of Battle+1","Injury","ats:Mental Burst+1","ats:Healing Strengthening+1","ats:Revitalization+1","ats:Part Time Job","ats:Volcano+1","ats:Counter Healing Mode+1","ats:Wolf Pack+1","ats:Curse Doll+1","ats:Directed Diagnosis","ats:Ignite+1","ats:Ignite"],"relics":["ats:Sanity","NeowsBlessing","ats:Rhine Circuitry","Pear","White Beast Statue","ats:Originium","Replay:WaspNest","Golden Egg","Kunai","Guide Book","Gremlin Horn","Dota2Spire:EchoSabre","Coffee Dripper","Gensokyo:ChorusOfJoy","Replay:Bottled Steam","Dead Branch","Pear","ats:Hidden Killer","infinitespire:Magic Flask"],"acts_visited":["Gensokyo:Gensokyo","Gensokyo:Gensokyoer"],"potions_floor_usage":[27,30,35],"damage_taken":[{"damage":0.0,"enemies":"Gensokyo:3_Fairies","floor":1.0,"turns":2.0},{"damage":0.0,"enemies":"Gensokyo:Python","floor":5.0,"turns":1.0},{"damage":0.0,"enemies":"Gensokyo:Aya","floor":10.0,"turns":1.0},{"damage":32.0,"enemies":"Gensokyo:Cirno","floor":13.0,"turns":5.0},{"damage":6.0,"enemies":"Gensokyo:2_Kodama","floor":14.0,"turns":2.0},{"damage":15.0,"enemies":"Gensokyo:Mamizou","floor":16.0,"turns":9.0},{"damage":59.0,"enemies":"Gensokyo:Reimu","floor":18.0,"turns":14.0},{"damage":2.0,"enemies":"Gensokyo:CosmicMonolith","floor":20.0,"turns":2.0},{"damage":45.0,"enemies":"Gensokyo:Koishi","floor":25.0,"turns":7.0},{"damage":27.0,"enemies":"Gensokyo:3_Dogs","floor":26.0,"turns":4.0},{"damage":33,"enemies":"Gensokyo:Tenshi","floor":27,"turns":3},{"damage":25,"enemies":"Gensokyo:Slime_Group","floor":29,"turns":5},{"damage":29,"enemies":"Gensokyo:Wraith","floor":30,"turns":5},{"damage":121,"enemies":"Gensokyo:Eternal_Rivals","floor":35,"turns":9}],"seed_played":"8769065248474094411","potions_obtained":[{"floor":5.0,"key":"LiquidMemories"},{"floor":10.0,"key":"BlessingOfTheForge"},{"floor":13.0,"key":"Swift Potion"},{"floor":18.0,"key":"EssenceOfSteel"},{"floor":20.0,"key":"DuplicationPotion"},{"floor":25.0,"key":"Milkshake"},{"floor":27,"key":"SpeedPotion"},{"floor":29,"key":"BlessingOfTheForge"},{"floor":30,"key":"BlessingOfTheForge"}],"is_trial":false,"path_per_floor":["M","?","?","?","M","R","T","PTL","PTL","E","T","R","E","M","COS","E","R","B",null,"M","?","?","COS","?","E","M","E","T","M","M","R","?","?","R","B"],"character_chosen":"DOCTOR_CLASS","items_purchased":[],"campfire_rested":1,"item_purchase_floors":[],"current_hp_per_floor":[72,72,72,67,67,67,67,67,67,67,67,67,35,29,29,32,32,82,82,82,82,82,82,82,48,39,32,32,21,6,33,33,42,42,0,0],"gold":0,"neow_bonus":"THREE_ENEMY_KILL","is_daily":false,"chose_seed":false,"campfire_upgraded":4,"win_rate":0.0,"timestamp":1609585086,"path_taken":["M","?","?","?","M","R","?","PTL","PTL","E","T","R","E","M","COS","E","R","BOSS","M","?","?","COS","?","E","M","E","T","M","?","R","?","?","R","BOSS"],"items_purchased_type":[],"build_version":"2020-12-22","purchased_purges":0,"victory":false,"max_hp_per_floor":[72,72,72,82,82,82,82,82,82,82,82,82,82,82,82,82,82,82,82,82,82,82,82,82,82,82,92,92,92,92,92,92,92,92,92,92],"card_choices":[{"not_picked":["ats:Support Order","ats:Curse Doll"],"picked":"ats:Song Of Battle","floor":1.0},{"not_picked":["ats:Consecutive Shot Auto","ats:Rapid Magazine"],"picked":"ats:Mental Burst","floor":5.0},{"not_picked":["ats:Automatic Cover","ats:Durian"],"picked":"ats:Healing Strengthening","floor":10.0},{"not_picked":["ats:Chain Hook","ats:Poison Spread","ats:Demon Strength"],"picked":"SKIP","floor":13.0},{"not_picked":["ats:Shell Defense","ats:Flexible Camouflage"],"picked":"ats:Revitalization","floor":14.0},{"not_picked":["ats:Hammer On","ats:Cat Scratch"],"picked":"ats:Part Time Job","floor":16.0},{"not_picked":["ats:Ambush","ats:Echo Reverb"],"picked":"ats:Volcano","floor":18.0},{"not_picked":["ats:Explosion Area Strengthen+1","ats:Consecutive Shot Auto"],"picked":"ats:Counter Healing Mode","floor":20.0},{"not_picked":["ats:Cat Scratch+1","ats:Explosion Area Strengthen+1"],"picked":"ats:Curse Doll+1","floor":25.0},{"not_picked":["ats:Song Of Battle","ats:Curse Doll+1","ats:Powerful Strike"],"picked":"SKIP","floor":26.0},{"not_picked":["ats:Flexible Camouflage","ats:Cat Scratch"],"picked":"ats:Directed Diagnosis","floor":27},{"not_picked":["ats:Disruption Kick","ats:Hammer On"],"picked":"ats:Ignite","floor":29},{"not_picked":["ats:Revitalization","ats:Hammer On"],"picked":"ats:Ignite","floor":30}],"player_experience":318321,"relics_obtained":[{"floor":7.0,"key":"White Beast Statue"},{"floor":10.0,"key":"ats:Originium"},{"floor":10.0,"key":"Replay:WaspNest"},{"floor":11.0,"key":"Golden Egg"},{"floor":13.0,"key":"ats:Originium"},{"floor":13.0,"key":"Kunai"},{"floor":16.0,"key":"ats:Originium"},{"floor":16.0,"key":"Gremlin Horn"},{"floor":25.0,"key":"Replay:Bottled Steam"},{"floor":27,"key":"Pear"},{"floor":28,"key":"ats:Hidden Killer"}],"event_choices":[],"is_beta":false,"boss_relics":[{"not_picked":["Honey Jar","Calling Bell"],"picked":"Coffee Dripper"}],"items_purged_floors":[],"is_endless":false,"potions_floor_spawned":[5,10,13,14,16,18,20,25,26,27,29,30],"killed_by":"Gensokyo:Eternal_Rivals","ascension_level":3}}