{"host":"kiauivt48syq9iz6","time":1609621116,"event":{"mods":["A Magickal Journey","BaseMod","Conspire","Downfall","Hermit","Minty Spire (QoL Compilation)","Replay The Spire","SIMod","Somnambulant","StSLib","The Animator","The Construct","The Cursed","The Disciple","The Forsaken","The Judge","The Marked","The Runesmith","The Servant 0.9.4","The Spell Scribe"],"gold_per_floor":[117,29,43,43,54,54,80,80,80,80,112,112,124,74,74,177,177,192,251,32,52,70,70,85,85,108,118,118,147,147,147,147,245,245,259,270,270,270,344,344,344,358,358,358,371,371,384,411,411,411,411],"floor_reached":50,"playtime":2620,"items_purged":["Injury"],"score":648,"play_id":"e5a120a6-7912-4f1d-b5c9-5bde19283699","local_time":"20210102135836","is_ascension_mode":false,"campfire_choices":[{"floor":6,"key":"REST"},{"floor":8,"key":"REST"},{"floor":12,"key":"REST"},{"data":"somnambulantmod: PrimingPunch","floor":15,"key":"SMITH"},{"floor":23,"key":"REST"},{"floor":25,"key":"REST"},{"data":"somnambulantmod: LightSleeper","floor":28,"key":"SMITH"},{"floor":30,"key":"REST"},{"data":"Forethought","floor":32,"key":"SMITH"},{"floor":40,"key":"REST"},{"floor":44,"key":"REST"},{"floor":49,"key":"REST"}],"circlet_count":0,"master_deck":["somnambulantmod: SomnambulantStrike+1","somnambulantmod: SomnambulantStrike+1","somnambulantmod: SomnambulantStrike","somnambulantmod: Defend_Somnambulant+1","somnambulantmod: Defend_Somnambulant","somnambulantmod: Defend_Somnambulant","somnambulantmod: Defend_Somnambulant+1","somnambulantmod: Defend_Somnambulant","somnambulantmod: QuickNap","somnambulantmod: PrimingPunch+1","Forethought+1","somnambulantmod: HeavyLids","somnambulantmod: HeadSmack","somnambulantmod: Extract+1","somnambulantmod: SnuggleUp+1","somnambulantmod: BrainFeeder","somnambulantmod: Damping+1","somnambulantmod: GalaxyBrain","somnambulantmod: RacingThoughts+1","somnambulantmod: LoseForm+1","somnambulantmod: ImpenetrableMind","somnambulantmod: Cower+1","somnambulantmod: LeechFears+1","somnambulantmod: Pinch","somnambulantmod: Bruise+1","somnambulantmod: LightSleeper+1","somnambulantmod: NightmareFuel+1","theForsaken:PlagueCurse","somnambulantmod: LostMind","Decay","Writhe","ReplayTheSpireMod:Doomed","somnambulantmod: SleepingBody","somnambulantmod: SleepingBody+1","Guardian:Aged","somnambulantmod: HappyThoughts+1","Pain","somnambulantmod: HorrificThought+1","somnambulantmod: MuscleMemory","somnambulantmod: Bloom+1"],"relics":["somnambulantmod: DreamJournal","Ornamental Fan","Nunchaku","Mummified Hand","Cursed Key","Replay:Bottled Steam","Toolbox","Pen Nib","Pocketwatch","theForsaken:PlagueMask","Replay:Ancient Bell","ReplayFunnel","Snack Pack","FossilizedHelix","ReplayTheSpireMod:Ring of Addiction","Chameleon Ring","SacredBark","Replay:Bottled Snecko","Bottled Lightning","Question Card"],"acts_visited":["Exordium","TheCity","TheBeyond"],"potions_floor_usage":[7,21,21,33,36,42,45,50,50,50],"damage_taken":[{"damage":1,"enemies":"Cultist","floor":1,"turns":4},{"damage":5,"enemies":"Small Slimes","floor":3,"turns":4},{"damage":0,"enemies":"2 Louse","floor":5,"turns":3},{"damage":18,"enemies":"3 Sentries","floor":7,"turns":12},{"damage":8,"enemies":"Gremlin Nob","floor":11,"turns":4},{"damage":5,"enemies":"Exordium Wildlife","floor":13,"turns":5},{"damage":32,"enemies":"The Guardian","floor":16,"turns":14},{"damage":11,"enemies":"Spheric Guardian","floor":18,"turns":5},{"damage":0,"enemies":"2 Thieves","floor":21,"turns":4},{"damage":15,"enemies":"Snake Plant","floor":22,"turns":6},{"damage":5,"enemies":"Centurion and Healer","floor":24,"turns":8},{"damage":4,"enemies":"Snecko","floor":27,"turns":6},{"damage":6,"enemies":"conspire:Head Lice","floor":29,"turns":7},{"damage":29,"enemies":"Automaton","floor":33,"turns":8},{"damage":0,"enemies":"Orb Walker","floor":35,"turns":3},{"damage":20,"enemies":"3 Shapes","floor":36,"turns":8},{"damage":23,"enemies":"Jaw Worm Horde","floor":42,"turns":6},{"damage":21,"enemies":"3 Darklings","floor":45,"turns":6},{"damage":0,"enemies":"Spire Growth","floor":47,"turns":6},{"damage":53,"enemies":"Reptomancer","floor":48,"turns":7},{"damage":55,"enemies":"conspire:OrnateMirror","floor":50,"turns":6}],"seed_played":"-6356269518769236392","potions_obtained":[{"floor":1,"key":"LiquidMemories"},{"floor":11,"key":"Slimebound:ThreeZeroPotion"},{"floor":13,"key":"Energy Potion"},{"floor":18,"key":"BlessingOfTheForge"},{"floor":19,"key":"Cursed Concoction"},{"floor":29,"key":"GamblersBrew"},{"floor":33,"key":"Doom Potion"},{"floor":37,"key":"FearPotion"},{"floor":37,"key":"Strength Potion"},{"floor":37,"key":"sneckomod:MuddlingPotion"},{"floor":42,"key":"hexamod:EctoCoolerPotion"},{"floor":48,"key":"AttackPotion"}],"is_trial":false,"path_per_floor":["M","$","M","?","M","R","E","R","T","?","E","R","M","?","R","B",null,"M","?","$","M","M","R","M","R","T","M","R","E","R","?","R","B",null,"M","M","?","?","T","R","?","M","T","R","M","?","M","E","R","B"],"character_chosen":"THE_SOMNAMBULANT","items_purchased":["somnambulantmod: HeadSmack","somnambulantmod: Extract","Toolbox"],"campfire_rested":9,"item_purchase_floors":[2,2,20],"current_hp_per_floor":[69,69,64,57,57,72,54,74,74,74,66,76,71,71,71,39,76,65,65,65,65,50,74,69,80,80,76,76,70,82,82,82,53,82,82,64,64,64,64,84,82,61,61,84,63,63,65,14,40,0,0],"gold":411,"neow_bonus":"RANDOM_COLORLESS","is_daily":false,"chose_seed":false,"campfire_upgraded":3,"win_rate":0.0,"timestamp":1609621116,"path_taken":["M","$","M","?","M","R","E","R","T","?","E","R","M","?","R","BOSS","M","?","$","M","?","R","M","R","T","M","R","E","R","?","R","BOSS","M","M","?","?","?","R","?","?","T","R","M","?","M","E","R","BOSS"],"items_purchased_type":["Card","Card","Relic"],"build_version":"2020-12-22","purchased_purges":1,"victory":false,"max_hp_per_floor":[70,70,70,70,70,72,72,74,74,74,74,76,76,76,76,76,76,76,76,76,76,76,78,78,80,80,80,80,80,82,82,82,82,82,82,82,82,82,82,84,82,82,82,84,84,84,84,84,84,84,84],"card_choices":[{"not_picked":["expansioncontent:DefensiveMode","Replay:BasicMightCard"],"picked":"Forethought","floor":0},{"not_picked":["somnambulantmod: Bruise","somnambulantmod: MindWave"],"picked":"somnambulantmod: HeavyLids","floor":1},{"not_picked":["somnambulantmod: LeechFears","somnambulantmod: Hush"],"picked":"somnambulantmod: SnuggleUp","floor":3},{"not_picked":["somnambulantmod: Sleepyhead","somnambulantmod: LeechFears"],"picked":"somnambulantmod: BrainFeeder","floor":5},{"not_picked":["somnambulantmod: TrepanningBlow","somnambulantmod: Pinch"],"picked":"somnambulantmod: Damping","floor":7},{"not_picked":["somnambulantmod: DarkeningMind","somnambulantmod: Trauma"],"picked":"somnambulantmod: GalaxyBrain","floor":11},{"not_picked":["somnambulantmod: HeavyLids","somnambulantmod: Extract"],"picked":"somnambulantmod: RacingThoughts","floor":13},{"not_picked":["somnambulantmod: NewDawn","somnambulantmod: Withdraw"],"picked":"somnambulantmod: LoseForm","floor":16},{"not_picked":["somnambulantmod: BadIdea","somnambulantmod: Nosebleed"],"picked":"somnambulantmod: ImpenetrableMind","floor":18},{"not_picked":["somnambulantmod: MindWave","somnambulantmod: Bruise"],"picked":"somnambulantmod: Cower+1","floor":19},{"not_picked":["somnambulantmod: RacingThoughts+1","somnambulantmod: Trauma+1"],"picked":"somnambulantmod: LeechFears","floor":21},{"not_picked":["somnambulantmod: LoseForm","somnambulantmod: PourItOut"],"picked":"somnambulantmod: Pinch","floor":22},{"not_picked":["somnambulantmod: LeechFears","somnambulantmod: MindWave"],"picked":"somnambulantmod: Bruise+1","floor":24},{"not_picked":["somnambulantmod: UnthoughtKnown","somnambulantmod: Hush"],"picked":"somnambulantmod: LightSleeper","floor":27},{"not_picked":["somnambulantmod: Reinterpret","somnambulantmod: Pinch"],"picked":"somnambulantmod: NightmareFuel+1","floor":29},{"not_picked":["somnambulantmod: RuthlessStudy","somnambulantmod: Mindlessness"],"picked":"somnambulantmod: LostMind","floor":33},{"not_picked":["Hallucinations","Overencumbered"],"picked":"Decay","floor":34},{"not_picked":["animator:Curse_Dizziness","ReplayTheSpireMod:Restless Dread"],"picked":"Writhe","floor":34},{"not_picked":["ReplayTheSpireMod:Restless Dread","Looming Evil"],"picked":"ReplayTheSpireMod:Doomed","floor":34},{"not_picked":["somnambulantmod: PourItOut+1","somnambulantmod: LoseForm"],"picked":"somnambulantmod: SleepingBody","floor":35},{"not_picked":["somnambulantmod: LeechFears","somnambulantmod: Unknow+1"],"picked":"somnambulantmod: SleepingBody+1","floor":36},{"not_picked":["somnambulantmod: OpeningUp+1","somnambulantmod: SnuggleUp"],"picked":"somnambulantmod: HappyThoughts+1","floor":42},{"not_picked":["somnambulantmod: AllForNothing+1","somnambulantmod: Reject"],"picked":"somnambulantmod: HorrificThought+1","floor":45},{"not_picked":["somnambulantmod: Repression+1","somnambulantmod: SnuggleUp+1"],"picked":"somnambulantmod: MuscleMemory","floor":47},{"not_picked":["somnambulantmod: BadIdea","somnambulantmod: LightSleeper+1"],"picked":"somnambulantmod: Bloom+1","floor":48}],"player_experience":141758,"relics_obtained":[{"floor":7,"key":"Ornamental Fan"},{"floor":9,"key":"Nunchaku"},{"floor":11,"key":"Mummified Hand"},{"floor":19,"key":"Replay:Bottled Steam"},{"floor":26,"key":"Pen Nib"},{"floor":29,"key":"Pocketwatch"},{"floor":37,"key":"ReplayTheSpireMod:Ring of Addiction"},{"floor":37,"key":"Chameleon Ring"},{"floor":37,"key":"SacredBark"},{"floor":39,"key":"Replay:Bottled Snecko"},{"floor":43,"key":"Bottled Lightning"},{"floor":48,"key":"Question Card"}],"event_choices":[{"cards_removed":["somnambulantmod: SomnambulantStrike"],"damage_healed":0,"gold_gain":0,"player_choice":"Card Removal","damage_taken":7,"max_hp_gain":0,"max_hp_loss":0,"event_name":"Golden Wing","floor":4,"gold_loss":0},{"damage_healed":0,"gold_gain":0,"player_choice":"Grow","damage_taken":0,"max_hp_gain":0,"max_hp_loss":0,"event_name":"Living Wall","floor":10,"gold_loss":0,"cards_upgraded":["somnambulantmod: Damping"]},{"cards_removed":["somnambulantmod: SomnambulantStrike"],"damage_healed":0,"gold_gain":0,"player_choice":"Card Removal","damage_taken":0,"max_hp_gain":0,"max_hp_loss":0,"event_name":"The Cleric","floor":14,"gold_loss":50},{"damage_healed":0,"gold_gain":0,"player_choice":"Obtain Plague Curse","damage_taken":0,"max_hp_gain":0,"max_hp_loss":0,"event_name":"Plague Doctor","floor":31,"gold_loss":0,"cards_obtained":["theForsaken:PlagueCurse"]},{"damage_healed":0,"gold_gain":0,"player_choice":"Ignored","damage_taken":0,"max_hp_gain":0,"max_hp_loss":0,"event_name":"Mysterious Sphere","floor":38,"gold_loss":0},{"cards_removed":["Pain"],"damage_healed":0,"gold_gain":0,"player_choice":"Purged","damage_taken":0,"max_hp_gain":0,"max_hp_loss":0,"event_name":"Purifier","floor":41,"gold_loss":0},{"damage_healed":0,"gold_gain":0,"player_choice":"Ignored","damage_taken":0,"max_hp_gain":0,"max_hp_loss":0,"event_name":"Tomb of Lord Red Mask","floor":46,"gold_loss":0}],"is_beta":false,"boss_relics":[{"not_picked":["Kintsugi","conspire:RoyalGoblet"],"picked":"Cursed Key"},{"not_picked":["SlaversCollar","Fusion Hammer"],"picked":"Replay:Ancient Bell"},{"not_picked":["Orichalcum","Simple Rune"],"picked":"ReplayFunnel"},{"not_picked":["conspire:BottledYoYo","Frozen Egg 2"],"picked":"Snack Pack"},{"not_picked":["Runesmith:Locket","Calipers"],"picked":"FossilizedHelix"}],"items_purged_floors":[20],"is_endless":false,"potions_floor_spawned":[1,11,13,18,29,33,42,48],"killed_by":"conspire:OrnateMirror","ascension_level":0}}