{"host":"idmgg8r816nmas40","time":1609555750,"event":{"mods":["AchievementEnabler","AlwaysNeverKeys","BaseMod","BetterRewards","Block Reminder","Colored Map","Colored Powertips","DeckTracker","Googly Eyes","Highlight Path","Hubris","Infinite Spire","Minty Spire (QoL Compilation)","Quick Restart","Relic Stats","Replay The Spire","Shop Mod","StSLib","SuperFastMode","Synergy Search","Transform Curses"],"gold_per_floor":[110,110,52,52,52,52,52],"floor_reached":6,"playtime":236,"items_purged":[],"score":61,"play_id":"da1eed7f-72fd-4871-99ba-e92bf87c0041","local_time":"20210101194910","is_ascension_mode":true,"campfire_choices":[],"circlet_count":0,"master_deck":["AscendersBane","Strike_G+1","Strike_G","Strike_G","Strike_G","Strike_G","Defend_G","Defend_G","Defend_G","Defend_G","Defend_G","Survivor","Neutralize","Sucker Punch","Skewer+1"],"relics":["Ring of the Snake","hubris:CuriousFeather","hubris:MobiusCoin","Replay:Ringing Soul"],"acts_visited":["Exordium"],"potions_floor_usage":[],"damage_taken":[{"damage":9,"enemies":"Small Slimes","floor":1,"turns":4},{"damage":46,"enemies":"Replay:BlueRogue","floor":6,"turns":7}],"seed_played":"-3213492245636120149","potions_obtained":[],"is_trial":false,"path_per_floor":["M","?","$","?","$","E"],"character_chosen":"THE_SILENT","items_purchased":["hubris:CuriousFeather","hubris:MobiusCoin","Replay:Ringing Soul","Sucker Punch"],"campfire_rested":0,"item_purchase_floors":[0,0,0,3],"current_hp_per_floor":[53,32,35,38,38,0,0],"gold":52,"neow_bonus":"","is_daily":false,"chose_seed":false,"campfire_upgraded":0,"win_rate":0.0,"timestamp":1609555750,"path_taken":["M","?","?","?","$","E"],"items_purchased_type":["Relic","Relic","Relic","Card"],"build_version":"2020-12-22","purchased_purges":0,"victory":false,"max_hp_per_floor":[69,69,72,75,75,75,75],"relic_stats":{"counters":[61,268],"obtain_stats":[{"TwistedFunnel":0,"CeramicFish":24,"Vajra":29,"hubris:MysteriousPyramids":6,"Boot":26,"Sling":0,"Blood Vial":19,"Replay:Ringing Soul":36,"DollysMirror":0,"MealTicket":40,"Philosopher\u0027s Stone":17,"Kunai":8,"hubris:TinFlute":31,"hubris:MobiusCoin":0,"ReplayTheSpireMod:CursedCoin":0,"Oddly Smooth Stone":26,"Pen Nib":6,"hubris:HollowSoul":17,"infinitespire:Beetle Shell":46,"infinitespire:Magic Flask":14,"infinitespire:EvilPickle":33,"SlaversCollar":17,"OrangePellets":0,"ReplayTheSpireMod:Shallot":2,"Shuriken":0,"Bronze Scales":11,"Onion Ring":13,"Molten Egg 2":26,"hubris:ToyBattleship":41,"hubris:TenFootPole":13,"Ring of the Serpent":19,"ReplayFunnel":0,"Lantern":0,"Snecko Heart":19,"Enchiridion":21,"StoneCalendar":27,"Bag of Preparation":0,"hubris:SlimyHat":46,"Juzu Bracelet":28,"Smiling Mask":43,"Cursed Key":34,"ClockworkSouvenir":0,"Tough Bandages":43,"Nunchaku":0,"Replay:Bandana":10,"hubris:Icosahedron":8,"Matryoshka":9,"Ninja Scroll":26,"infinitespire:Bottled Soul":0,"Mummified Hand":54,"Tiny Chest":0,"Replay:Lucky Slots":0,"hubris:CuriousFeather":0,"Ring of the Snake":0,"Gremlin Food":9,"BargainBundle":0,"Lee\u0027s Waffle":36,"Golden Idol":3,"PreservedInsect":43,"Replay:WaspNest":0,"infinitespire:FocusingShard":0,"infinitespire:Lucky Rock":25,"Odd Mushroom":12,"hubris:Towel":19,"Replay:Arrowhead":0,"White Beast Statue":10,"infinitespire:WardingShard":23,"infinitespire:Satchel":13,"Garlic":24,"Bottled Lightning":19,"hubris:AncientText":44,"hubris:OldNail":11},{"TwistedFunnel":0,"CeramicFish":12,"Vajra":13,"hubris:MysteriousPyramids":4,"Boot":12,"Sling":23,"Blood Vial":56,"Replay:Ringing Soul":39,"DollysMirror":48,"MealTicket":41,"Philosopher\u0027s Stone":55,"Kunai":26,"hubris:TinFlute":37,"hubris:MobiusCoin":59,"ReplayTheSpireMod:CursedCoin":0,"Oddly Smooth Stone":58,"Pen Nib":25,"hubris:HollowSoul":30,"infinitespire:Beetle Shell":44,"infinitespire:Magic Flask":54,"infinitespire:EvilPickle":38,"SlaversCollar":9,"OrangePellets":48,"ReplayTheSpireMod:Shallot":1,"Shuriken":48,"Bronze Scales":5,"Onion Ring":28,"Molten Egg 2":34,"hubris:ToyBattleship":19,"hubris:TenFootPole":54,"Ring of the Serpent":56,"ReplayFunnel":23,"Lantern":23,"Snecko Heart":10,"Enchiridion":56,"StoneCalendar":13,"Bag of Preparation":0,"hubris:SlimyHat":21,"Juzu Bracelet":34,"Smiling Mask":19,"Cursed Key":38,"ClockworkSouvenir":23,"Tough Bandages":42,"Nunchaku":48,"Replay:Bandana":53,"hubris:Icosahedron":4,"Matryoshka":4,"Ninja Scroll":12,"infinitespire:Bottled Soul":23,"Mummified Hand":47,"Tiny Chest":23,"Replay:Lucky Slots":48,"hubris:CuriousFeather":59,"Ring of the Snake":0,"Gremlin Food":26,"BargainBundle":0,"Lee\u0027s Waffle":39,"Golden Idol":24,"PreservedInsect":19,"Replay:WaspNest":23,"infinitespire:FocusingShard":48,"infinitespire:Lucky Rock":34,"Odd Mushroom":27,"hubris:Towel":31,"Replay:Arrowhead":0,"White Beast Statue":26,"infinitespire:WardingShard":33,"infinitespire:Satchel":7,"Garlic":58,"Bottled Lightning":10,"hubris:AncientText":20,"hubris:OldNail":53},{"TwistedFunnel":0,"CeramicFish":43,"Vajra":47,"hubris:MysteriousPyramids":12,"Boot":43,"Sling":94,"Blood Vial":245,"Replay:Ringing Soul":175,"DollysMirror":221,"MealTicket":187,"Philosopher\u0027s Stone":242,"Kunai":107,"hubris:TinFlute":158,"hubris:MobiusCoin":257,"ReplayTheSpireMod:CursedCoin":0,"Oddly Smooth Stone":251,"Pen Nib":102,"hubris:HollowSoul":124,"infinitespire:Beetle Shell":198,"infinitespire:Magic Flask":236,"infinitespire:EvilPickle":172,"SlaversCollar":33,"OrangePellets":221,"ReplayTheSpireMod:Shallot":3,"Shuriken":221,"Bronze Scales":15,"Onion Ring":114,"Molten Egg 2":146,"hubris:ToyBattleship":72,"hubris:TenFootPole":236,"Ring of the Serpent":245,"ReplayFunnel":94,"Lantern":94,"Snecko Heart":37,"Enchiridion":245,"StoneCalendar":47,"Bag of Preparation":0,"hubris:SlimyHat":81,"Juzu Bracelet":146,"Smiling Mask":72,"Cursed Key":172,"ClockworkSouvenir":94,"Tough Bandages":192,"Nunchaku":221,"Replay:Bandana":234,"hubris:Icosahedron":12,"Matryoshka":12,"Ninja Scroll":43,"infinitespire:Bottled Soul":94,"Mummified Hand":215,"Tiny Chest":94,"Replay:Lucky Slots":221,"hubris:CuriousFeather":257,"Ring of the Snake":0,"Gremlin Food":107,"BargainBundle":0,"Lee\u0027s Waffle":175,"Golden Idol":99,"PreservedInsect":72,"Replay:WaspNest":94,"infinitespire:FocusingShard":221,"infinitespire:Lucky Rock":146,"Odd Mushroom":111,"hubris:Towel":129,"Replay:Arrowhead":0,"White Beast Statue":107,"infinitespire:WardingShard":139,"infinitespire:Satchel":21,"Garlic":251,"Bottled Lightning":37,"hubris:AncientText":76,"hubris:OldNail":234}],"Ring of the Snake":[112]},"card_choices":[{"not_picked":["Bane","Blur"],"picked":"Footwork","floor":1}],"player_experience":1040477,"relics_obtained":[],"event_choices":[{"damage_healed":0,"gold_gain":0,"player_choice":"Entered Light","damage_taken":21,"max_hp_gain":0,"max_hp_loss":0,"event_name":"Shining Light","floor":2,"gold_loss":0,"cards_upgraded":["Strike_G","Footwork"]}],"is_beta":false,"boss_relics":[],"items_purged_floors":[],"is_endless":false,"potions_floor_spawned":[],"killed_by":"Replay:BlueRogue","ascension_level":18}}