{"host":"8qqctrke4fbvw8wu","time":1609615412,"event":{"mods":["BaseMod","Better Altar","Better Match","Better Note","Better Sensory Stone","Better Skull","Better Third Choice","Colored Map","Colored Powertips","GifTheSpireLib","Highlight Path","Minty Spire (QoL Compilation)","Permanent Neow","Quick Restart","Rare Cards Sparkle","StSLib","everything is the same but u backflip on backflip"],"gold_per_floor":[114,114,127,143,156,156,172,172,172,247,257,271,271,271,271,373,373,345,363,363,363,363],"floor_reached":21,"playtime":2380,"items_purged":[],"score":173,"play_id":"58d01c20-0393-4eb9-8329-50a9bd42d66c","local_time":"20210102142332","is_ascension_mode":false,"campfire_choices":[{"data":"Blizzard","floor":6,"key":"SMITH"},{"data":"Steam","floor":8,"key":"SMITH"},{"floor":15,"key":"REST"}],"circlet_count":0,"master_deck":["Strike_B","Strike_B","Strike_B","Defend_B","Defend_B","Defend_B","Defend_B","Zap","Dualcast","Cold Snap","Cold Snap","Steam+1","Blizzard+1","Coolheaded","Gash","Creative AI","Gash+1","Steam"],"relics":["Cracked Core","Mummified Hand","Inserter"],"acts_visited":["Exordium","TheCity"],"potions_floor_usage":[],"damage_taken":[{"damage":1,"enemies":"Jaw Worm","floor":1,"turns":3},{"damage":0,"enemies":"Small Slimes","floor":3,"turns":2},{"damage":0,"enemies":"Cultist","floor":4,"turns":4},{"damage":1,"enemies":"Looter","floor":5,"turns":4},{"damage":11,"enemies":"Lots of Slimes","floor":7,"turns":5},{"damage":2,"enemies":"Exordium Wildlife","floor":11,"turns":7},{"damage":6,"enemies":"Red Slaver","floor":12,"turns":5},{"damage":27,"enemies":"Slime Boss","floor":16,"turns":13},{"damage":29,"enemies":"2 Thieves","floor":18,"turns":5},{"damage":4,"enemies":"Chosen","floor":19,"turns":8},{"damage":53,"enemies":"3 Cultists","floor":21,"turns":6}],"seed_played":"-4177221822226215019","potions_obtained":[{"floor":1,"key":"Regen Potion"},{"floor":4,"key":"GamblersBrew"},{"floor":7,"key":"EntropicBrew"}],"is_trial":false,"path_per_floor":["M","$","M","M","M","R","M","R","T","?","M","M","?","?","R","B",null,"M","M","?","M"],"character_chosen":"DEFECT","items_purchased":[],"campfire_rested":1,"item_purchase_floors":[],"current_hp_per_floor":[74,74,74,74,73,73,62,62,62,51,49,43,43,36,58,31,75,46,42,42,0,0],"gold":363,"neow_bonus":"TRANSFORM_CARD","is_daily":false,"chose_seed":false,"campfire_upgraded":2,"win_rate":0.0,"timestamp":1609615412,"path_taken":["M","$","M","M","M","R","M","R","T","?","M","M","?","?","R","BOSS","M","M","?","M"],"items_purchased_type":[],"build_version":"2020-12-22","purchased_purges":0,"victory":false,"max_hp_per_floor":[75,75,75,75,75,75,75,75,75,75,75,75,75,75,75,75,75,75,75,75,75,75],"card_choices":[{"not_picked":["Reprogram","Stack"],"picked":"Cold Snap","floor":1},{"not_picked":["Steam","Reinforced Body"],"picked":"Aggregate","floor":3},{"not_picked":["Sweeping Beam","Gash"],"picked":"Steam","floor":4},{"not_picked":["Hologram","FTL"],"picked":"Blizzard","floor":5},{"not_picked":["Electrodynamics","Gash","Ball Lightning"],"picked":"SKIP","floor":7},{"not_picked":["Ball Lightning","Compile Driver"],"picked":"Coolheaded","floor":11},{"not_picked":["Stack","Beam Cell"],"picked":"Gash","floor":12},{"not_picked":["Multi-Cast","Rainbow"],"picked":"Creative AI","floor":16},{"not_picked":["Ball Lightning+1","Redo+1"],"picked":"Gash+1","floor":18},{"not_picked":["Darkness+1","Compile Driver"],"picked":"Steam","floor":19}],"player_experience":15170,"relics_obtained":[{"floor":9,"key":"Mummified Hand"}],"event_choices":[{"damage_healed":0,"gold_gain":75,"player_choice":"Gold","damage_taken":11,"max_hp_gain":0,"max_hp_loss":0,"event_name":"betterThird:BetterGoop","floor":10,"gold_loss":0},{"damage_healed":0,"gold_gain":0,"player_choice":"Ignored","damage_taken":0,"max_hp_gain":0,"max_hp_loss":0,"event_name":"Golden Idol","floor":13,"gold_loss":0},{"cards_removed":["Aggregate"],"damage_healed":0,"gold_gain":0,"player_choice":"Card Removal","damage_taken":7,"max_hp_gain":0,"max_hp_loss":0,"event_name":"Golden Wing","floor":14,"gold_loss":0},{"cards_removed":["Blizzard"],"damage_healed":0,"gold_gain":0,"player_choice":"Give","damage_taken":0,"max_hp_gain":0,"max_hp_loss":0,"event_name":"betterNote:BetterNote","floor":20,"gold_loss":0,"cards_obtained":["None"]}],"is_beta":false,"boss_relics":[{"not_picked":["Snecko Eye","Coffee Dripper"],"picked":"Inserter"}],"items_purged_floors":[],"is_endless":false,"potions_floor_spawned":[1,4,7,16,18],"killed_by":"3 Cultists","ascension_level":0}}