{"host":"hfcva6mq15ctj0gu","time":1609603194,"event":{"mods":["Abigail Mod","AchievementEnabler","Act Like it!","Alarm Clock","BaseMod","Better Altar","Better Match","Better Note","Better Skull","Better Third Choice","BetterRewards","CapriCore","Card Forge","Colored Map","Curses Come First","Disable Question Mark Monsters","Displayed Cursed Tome","Emptier Cage","FoggyMod","Friendly Minions","Gold Saver","Grow up Mod","Highlight Path","Kiyohime????","Kratos Character Expansion","Marisa????????","Minty Spire (QoL Compilation)","Permanent Neow","Reimu??????","Remilia??????","Shade Mod","Shop Mod","StSLib","The Immortal","The Servant 0.9.4","The Vixen","Transform Curses","Virulent Crown","Yakumo Yukari mod","????"],"gold_per_floor":[10237,10237,10237,10162,9349,9384,9384,9399,9399,8589,8589,8623,8623,7954,7157,7283,7283,7308,6640,6640,6640,6640,6681,6699,6428,6428,6089,5673,5303,5344,5344,5068,5198,5198,5218,4862,4862,4862,4862,4906,4577,4577,4577,4617,4617,4471,4495,4495,4017,4017,4017,3714,3391,3429,3429],"floor_reached":56,"playtime":1396,"items_purged":[],"score":1985,"play_id":"33926f12-d2f1-4149-bfe7-ad11a7779141","local_time":"20210102165954","is_ascension_mode":false,"campfire_choices":[{"floor":7,"key":"RECALL"}],"circlet_count":0,"master_deck":["Zap+1","Dualcast+1","Madness+1","Machine Learning+1","Doom and Gloom+1","Storm+1","Turbo+1","Skim+1","Storm+1","Beam Cell+1","Barrage+1","Tempest+1","Genetic Algorithm+1","Static Discharge+1","Redo+1","Capacitor+1","Barrage+1","Sadistic Nature+1","Go for the Eyes+1","Loop+1","Redo+1","Jack Of All Trades+1","BootSequence+1","Turbo+1","Beam Cell+1","Storm+1","KratosMod:FullCounter+1","Barrage+1","Turbo+1","Sadistic Nature+1","Storm+1","Barrage+1","Self Repair+1","Madness+1","Amplify+1","Beam Cell+1","Redo+1","Capacitor+1","Madness+1","Heatsinks+1","Multi-Cast+1","Turbo+1","Creative AI+1","Multi-Cast+1","Beam Cell+1","Capacitor+1","Sadistic Nature+1","Turbo+1","Magnetism+1","Mind Blast+1","Magnetism+1","Turbo+1","Barrage+1","Echo Form+1","Turbo+1","Multi-Cast+1","Fusion"],"relics":["Cracked Core","Hammer of Thor","Seething Fire","Anvil of the Gods","MerchantsRug","Chemical X","Thread and Needle","Bag of Preparation","PureWhite:ReiMu","TheAbacus","War Paint","Golden Idol","KratosMod:chalice","FrozenCore","Gremlin Horn","Darkstone Periapt","Toolbox","Tea:ReiMu","Shuriken","Matryoshka","Blood Vial","Omamori","Tiny Chest","Ancient Tea Set","Prayer Wheel","TentaclePot:ReiMu","Dream Catcher","Happy Flower","Frozen Eye","Bottled Flame","Inserter","Symbiotic Virus","Membership Card","Dead Branch","Unceasing Top","RuthlessExorcism:ReiMu","Incense Burner","DataDisk","HornCleat","DollysMirror","Runic Capacitor","Pen Nib","Strawberry","KratosMod:minohorn","Juzu Bracelet","Sling","Lizard Tail","Cables","HandDrill","Lantern","Nunchaku","OrangePellets","Pear","Nuclear Battery","Vajra","StoneCalendar","Cauldron","Regal Pillow","Mercury Hourglass","Mastiff:ReiMu","Whetstone","Bag of Marbles","Lee\u0027s Waffle","Potion Belt","AntiCross","Question Card","ClockworkSouvenir","Boot","MealTicket","Toy Ornithopter","Smiling Mask","Bird Faced Urn","Strange Spoon","Orichalcum","Ice Cream","Art of War","Oddly Smooth Stone","Centennial Puzzle","Medical Kit","Anchor"],"acts_visited":["Exordium","TheCity","TheBeyond","TheEnding"],"potions_floor_usage":[],"damage_taken":[{"damage":0,"enemies":"2 Louse","floor":1,"turns":1},{"damage":2,"enemies":"Gremlin Nob","floor":6,"turns":2},{"damage":1,"enemies":"Small Slimes","floor":8,"turns":1},{"damage":2,"enemies":"Lagavulin","floor":12,"turns":2},{"damage":22,"enemies":"The Guardian","floor":16,"turns":4},{"damage":1,"enemies":"2 Thieves","floor":18,"turns":1},{"damage":2,"enemies":"Book of Stabbing","floor":23,"turns":2},{"damage":1,"enemies":"Spheric Guardian","floor":24,"turns":1},{"damage":1,"enemies":"Gremlin Leader","floor":30,"turns":1},{"damage":2,"enemies":"Automaton","floor":33,"turns":2},{"damage":2,"enemies":"3 Darklings","floor":35,"turns":2},{"damage":1,"enemies":"Reptomancer","floor":40,"turns":1},{"damage":1,"enemies":"Giant Head","floor":44,"turns":1},{"damage":27,"enemies":"Awakened One","floor":50,"turns":3},{"damage":1,"enemies":"Shield and Spear","floor":54,"turns":1},{"damage":53,"enemies":"The Heart","floor":55,"turns":4}],"seed_played":"-9030086000336967680","potions_obtained":[{"floor":6,"key":"FocusPotion"},{"floor":12,"key":"Weak Potion"},{"floor":16,"key":"Swift Potion"},{"floor":30,"key":"Block Potion"},{"floor":33,"key":"GamblersBrew"},{"floor":36,"key":"CultistPotion"},{"floor":36,"key":"FearPotion"},{"floor":36,"key":"Strength Potion"},{"floor":44,"key":"ColorlessPotion"},{"floor":54,"key":"PowerPotion"}],"is_trial":false,"path_per_floor":["M","?","?","?","$","E","R","M","T","R","T","E","?","$","R","B",null,"M","$","?","?","T","E","M","R","T","R","$","R","E","?","R","B",null,"M","$","T","T","?","E","R","?","T","E","?","R","T","T","R","B",null,"R","$","E","B",null],"character_chosen":"DEFECT","items_purchased":["MerchantsRug","Chemical X","Thread and Needle","Bag of Preparation","Madness","Machine Learning","Doom and Gloom","Conserve Battery","TheAbacus","Storm","Turbo","War Paint","Gremlin Horn","Darkstone Periapt","Toolbox","Genetic Algorithm","Static Discharge","Redo","Matryoshka","Blood Vial","Sadistic Nature","Go for the Eyes","Loop","Redo","Jack Of All Trades","Prayer Wheel","TentaclePot:ReiMu","Dream Catcher","Turbo","Beam Cell","Happy Flower","Frozen Eye","Storm","KratosMod:FullCounter","Bottled Flame","Symbiotic Virus","Membership Card","Dead Branch","Sadistic Nature","Storm","DataDisk","HornCleat","DollysMirror","Runic Capacitor","Pen Nib","Strawberry","Amplify","Beam Cell","Redo","Capacitor","KratosMod:minohorn","Madness","Heatsinks","Juzu Bracelet","Sling","Multi-Cast","Lizard Tail","Turbo","Cables","HandDrill","Nunchaku","OrangePellets","Pear","Vajra","StoneCalendar","Sadistic Nature","Cauldron","Whetstone","Bag of Marbles","Lee\u0027s Waffle","Turbo","Magnetism","ClockworkSouvenir","Boot","MealTicket","Bird Faced Urn","Strange Spoon","Orichalcum","Mind Blast","Magnetism","Turbo","Barrage","Ice Cream","Art of War","Echo Form","Oddly Smooth Stone","Centennial Puzzle","Medical Kit","Turbo","Multi-Cast"],"campfire_rested":0,"item_purchase_floors":[0,0,0,0,0,0,0,0,0,0,0,0,5,5,5,5,5,5,10,10,10,10,10,10,10,14,14,14,14,14,15,15,15,15,15,19,19,19,19,19,25,25,25,27,27,27,27,27,27,27,28,28,28,28,28,28,29,29,29,29,32,32,32,36,36,36,36,41,41,41,41,41,46,46,46,49,49,49,49,49,49,49,52,52,52,53,53,53,53,53],"current_hp_per_floor":[47,57,67,77,87,95,105,114,124,134,144,154,164,174,184,174,255,264,274,284,294,304,313,324,334,344,361,371,381,391,402,422,430,442,450,460,470,480,490,501,519,529,539,548,558,568,578,588,598,584,619,629,639,649,626],"gold":3429,"neow_bonus":"","is_daily":false,"chose_seed":false,"campfire_upgraded":0,"win_rate":0.0,"timestamp":1609603194,"path_taken":["M","?","?","?","$","E","R","?","T","R","?","E","?","$","R","BOSS","M","$","?","?","?","E","?","R","T","R","$","R","E","?","R","BOSS","M","$","?","?","?","E","R","?","T","E","?","R","?","?","R","BOSS","R","$","E","BOSS"],"items_purchased_type":["Relic","Relic","Relic","Relic","Card","Card","Card","Card","Relic","Card","Card","Relic","Relic","Relic","Relic","Card","Card","Card","Relic","Relic","Card","Card","Card","Card","Card","Relic","Relic","Relic","Card","Card","Relic","Relic","Card","Card","Relic","Relic","Relic","Relic","Card","Card","Relic","Relic","Relic","Relic","Relic","Relic","Card","Card","Card","Card","Relic","Card","Card","Relic","Relic","Card","Relic","Card","Relic","Relic","Relic","Relic","Relic","Relic","Relic","Card","Relic","Relic","Relic","Relic","Card","Card","Relic","Relic","Relic","Relic","Relic","Relic","Card","Card","Card","Card","Relic","Relic","Card","Relic","Relic","Relic","Card","Card"],"build_version":"2020-12-22","purchased_purges":0,"victory":true,"max_hp_per_floor":[95,105,115,125,135,145,155,165,175,185,195,205,215,225,235,245,255,265,275,285,295,305,315,325,335,345,362,372,382,392,402,422,432,442,452,462,472,482,492,502,519,529,539,549,559,569,579,589,599,609,619,629,639,649,669],"card_choices":[{"not_picked":["Loop","Steam Power"],"picked":"Storm","floor":1},{"not_picked":["Steam","Conserve Battery"],"picked":"Beam Cell","floor":4},{"not_picked":["Rebound","Ball Lightning"],"picked":"Barrage","floor":4},{"not_picked":["Scrape","Glacier"],"picked":"Tempest","floor":4},{"not_picked":["Biased Cognition","Self Repair"],"picked":"Capacitor","floor":6},{"not_picked":["Ball Lightning","Rebound"],"picked":"Barrage","floor":8},{"not_picked":["Steam","Glacier"],"picked":"BootSequence","floor":12},{"not_picked":["Ball Lightning","Consume"],"picked":"Barrage","floor":18},{"not_picked":["Streamline","Undo+1"],"picked":"Turbo","floor":18},{"not_picked":["Compile Driver","Conserve Battery","Rebound"],"picked":"SKIP","floor":23},{"not_picked":["Ball Lightning","Hologram"],"picked":"Self Repair","floor":24},{"not_picked":["Chill+1","Rip and Tear+1","Coolheaded+1"],"picked":"SKIP","floor":24},{"not_picked":["BootSequence","Hologram+1"],"picked":"Creative AI","floor":30},{"not_picked":["Hyperbeam","Buffer"],"picked":"Multi-Cast","floor":33},{"not_picked":["Undo","Leap+1"],"picked":"Beam Cell","floor":35},{"not_picked":["Hologram","Streamline+1"],"picked":"Capacitor+1","floor":35},{"not_picked":["Melter+1","Coolheaded+1","Streamline"],"picked":"SKIP","floor":40},{"not_picked":["Rebound+1","Chill","Lockon+1"],"picked":"SKIP","floor":44},{"not_picked":["Meteor Strike","Conserve Battery","Seek"],"picked":"Fusion","floor":54}],"player_experience":85560,"relics_obtained":[{"floor":6,"key":"Tea:ReiMu"},{"floor":9,"key":"Shuriken"},{"floor":11,"key":"Omamori"},{"floor":11,"key":"Tiny Chest"},{"floor":12,"key":"Ancient Tea Set"},{"floor":22,"key":"Unceasing Top"},{"floor":22,"key":"RuthlessExorcism:ReiMu"},{"floor":23,"key":"Incense Burner"},{"floor":30,"key":"Lantern"},{"floor":37,"key":"Regal Pillow"},{"floor":38,"key":"Mercury Hourglass"},{"floor":40,"key":"Mastiff:ReiMu"},{"floor":42,"key":"Potion Belt"},{"floor":43,"key":"AntiCross"},{"floor":44,"key":"Question Card"},{"floor":47,"key":"Toy Ornithopter"},{"floor":48,"key":"Smiling Mask"},{"floor":54,"key":"Anchor"}],"event_choices":[{"damage_healed":0,"gold_gain":0,"player_choice":"Take Wound","damage_taken":0,"relics_obtained":["Golden Idol"],"max_hp_gain":0,"max_hp_loss":0,"event_name":"Golden Idol","floor":2,"gold_loss":0,"cards_obtained":["Injury"]},{"damage_healed":0,"gold_gain":0,"player_choice":"1","damage_taken":0,"max_hp_gain":0,"max_hp_loss":0,"event_name":"betterMatch:BetterMatch","floor":4,"gold_loss":0,"cards_obtained":["betterMatch:CommonCard","betterMatch:CommonCard","betterMatch:UncommonCard"]},{"damage_healed":0,"gold_gain":0,"player_choice":"Ignored","damage_taken":0,"max_hp_gain":0,"max_hp_loss":0,"event_name":"betterNote:BetterNote","floor":20,"gold_loss":0,"cards_obtained":["Entrench"]},{"damage_healed":0,"gold_gain":0,"player_choice":"Copied","damage_taken":0,"max_hp_gain":0,"max_hp_loss":0,"event_name":"Duplicator","floor":21,"gold_loss":0,"cards_obtained":["Barrage"]},{"cards_removed":["Conserve Battery"],"damage_healed":5,"gold_gain":0,"player_choice":"Offered Common","damage_taken":0,"max_hp_gain":0,"max_hp_loss":0,"event_name":"Bonfire Elementals","floor":31,"gold_loss":0},{"cards_removed":["Conserve Battery"],"damage_healed":5,"gold_gain":0,"player_choice":"Offered Special","damage_taken":0,"max_hp_gain":0,"max_hp_loss":0,"event_name":"Bonfire Elementals","floor":31,"gold_loss":0},{"damage_healed":0,"gold_gain":0,"player_choice":"Ignored","damage_taken":0,"max_hp_gain":0,"max_hp_loss":0,"event_name":"Tomb of Lord Red Mask","floor":39,"gold_loss":0},{"damage_healed":0,"gold_gain":0,"player_choice":"Relic","damage_taken":0,"max_hp_gain":0,"max_hp_loss":0,"event_name":"Wheel of Change","floor":42,"gold_loss":0},{"damage_healed":0,"gold_gain":0,"player_choice":"Ignored","damage_taken":0,"max_hp_gain":0,"max_hp_loss":0,"event_name":"The Moai Head","floor":45,"gold_loss":0}],"is_beta":false,"boss_relics":[{"not_picked":["SacredBark","SlaversCollar"],"picked":"Inserter"},{"not_picked":["Black Star","FrozenCore"],"picked":"Nuclear Battery"}],"items_purged_floors":[],"is_endless":false,"potions_floor_spawned":[6,12,16,18,23,30,33,40,44,54],"ascension_level":0}}