{"host":"792mtbovsoa03nb3","time":1609552178,"event":{"mods":["BaseMod","Colored Map","Curses Come First","Dota2Spire","Downfall","Ekko","Evolution","Hubris","Infinite Spire","Minty Spire (QoL Compilation)","Replay The Spire","Spicy Shops","StSLib","The Blue Laboratory","The Jungle","??????REMEMod"],"gold_per_floor":[114,128,23,41,58,58,83,97,97,97,157,157,157,157,157,252,252,262,282,40,40,40],"floor_reached":21,"playtime":857,"items_purged":[],"score":276,"play_id":"025bb666-e9ed-43fa-a2c8-c123228b38d0","local_time":"20210101174938","is_ascension_mode":true,"campfire_choices":[{"data":"REME_FearOfPain","floor":6,"key":"SMITH"},{"floor":10,"key":"REST"},{"data":"REME_Scribble","floor":12,"key":"SMITH"},{"data":"Flex","floor":15,"key":"SMITH"}],"circlet_count":0,"master_deck":["Pommel Strike","Strike_R","Strike_R","Strike_R","Defend_R","Bash","REME_Scribble+1","Clash","REME_FearOfPain+1","Flex+1","Second Wind","Seeing Red","Rage+1","Eclipse","Clash","REME_Cut","Parasite","Brutality","Regret","Spreading Infection","Rampage+1","Rupture"],"relics":["EVO:Axolotl","REME_ComplimentaryCards","REME_ChargedStone","Dota2Spire:PhaseBoots","Dota2Spire:EtherealBlade","Centennial Puzzle","Kintsugi","Meat on the Bone"],"acts_visited":["Exordium","TheCity"],"potions_floor_usage":[11,11],"damage_taken":[{"damage":16,"enemies":"Cultist","floor":1,"turns":4},{"damage":4,"enemies":"Jaw Worm","floor":2,"turns":2},{"damage":0,"enemies":"2 Louse","floor":4,"turns":1},{"damage":19,"enemies":"Lots of Slimes","floor":5,"turns":4},{"damage":24,"enemies":"3 Sentries","floor":7,"turns":7},{"damage":2,"enemies":"Blue Slaver","floor":8,"turns":3},{"damage":3,"enemies":"Lagavulin Event","floor":11,"turns":6},{"damage":23,"enemies":"Fading Forest","floor":16,"turns":11},{"damage":23,"enemies":"3 Byrds","floor":18,"turns":3},{"damage":33,"enemies":"Shell Parasite","floor":19,"turns":4},{"damage":40,"enemies":"3 Cultists","floor":21,"turns":4}],"seed_played":"-5702027857657681415","potions_obtained":[{"floor":7,"key":"blueLaboratory:FrostheartPotion"},{"floor":8,"key":"blueLaboratory:BubblePotion"},{"floor":16,"key":"BloodPotion"},{"floor":18,"key":"SteroidPotion"}],"is_trial":false,"path_per_floor":["M","M","$","M","M","R","E","M","T","R","?","R","?","?","R","B",null,"M","M","$","M"],"character_chosen":"IRONCLAD","items_purchased":["Flex","Second Wind","Meat on the Bone"],"campfire_rested":1,"item_purchase_floors":[3,3,20],"current_hp_per_floor":[56,54,54,54,37,37,15,15,15,41,40,40,62,62,62,54,83,63,33,33,0,0],"gold":40,"neow_bonus":"BOSS_RELIC","is_daily":false,"chose_seed":false,"campfire_upgraded":3,"win_rate":0.0,"timestamp":1609552178,"path_taken":["M","?","$","M","M","R","E","M","T","R","?","R","?","?","R","BOSS","M","M","$","?"],"items_purchased_type":["Card","Card","Relic"],"build_version":"2020-12-22","purchased_purges":0,"victory":false,"max_hp_per_floor":[80,82,82,82,84,84,86,88,88,88,90,90,90,90,90,93,93,96,99,99,102,102],"card_choices":[{"not_picked":["Shockwave","Warcry"],"picked":"Clash","floor":1},{"not_picked":["Run Through","Clothesline"],"picked":"REME_FearOfPain","floor":2},{"not_picked":["Abandon","Replay:Undeath\u0027s Touch"],"picked":"Seeing Red","floor":4},{"not_picked":["Havoc","Sword Boomerang"],"picked":"Rage","floor":5},{"not_picked":["Perfected Strike","Anger"],"picked":"Eclipse","floor":7},{"not_picked":["Sentinel","REME_SingleHolding"],"picked":"Clash","floor":8},{"not_picked":["Shockwave","ReplayTheSpireMod:Limb From Limb"],"picked":"REME_Cut","floor":11},{"not_picked":["Demon Form","Impervious"],"picked":"Brutality","floor":16},{"not_picked":["Perfected Strike","Replay:Undeath\u0027s Touch"],"picked":"Rampage+1","floor":18},{"not_picked":["Body Slam","Perfected Strike"],"picked":"Rupture","floor":19}],"player_experience":827429,"relics_obtained":[{"floor":7,"key":"Dota2Spire:PhaseBoots"},{"floor":9,"key":"Dota2Spire:EtherealBlade"}],"event_choices":[{"damage_healed":0,"gold_gain":0,"player_choice":"Searched \u00273\u0027 times","damage_taken":0,"relics_obtained":["Centennial Puzzle"],"max_hp_gain":0,"max_hp_loss":0,"event_name":"Dead Adventurer","floor":11,"gold_loss":0},{"damage_healed":22,"gold_gain":0,"player_choice":"Healed and dodged fight","damage_taken":0,"max_hp_gain":0,"max_hp_loss":0,"event_name":"Mushrooms","floor":13,"gold_loss":0,"cards_obtained":["Parasite"]},{"damage_healed":0,"gold_gain":0,"player_choice":"Upgraded","damage_taken":0,"max_hp_gain":0,"max_hp_loss":0,"event_name":"Upgrade Shrine","floor":14,"gold_loss":0,"cards_upgraded":["Rage"]}],"is_beta":false,"boss_relics":[{"not_picked":["Busted Crown","Honey Jar"],"picked":"Kintsugi"}],"items_purged_floors":[],"is_endless":false,"potions_floor_spawned":[7,8,16,18],"killed_by":"3 Cultists","ascension_level":8}}