{"host":"foq4mrde4mssg7vt","time":1609606891,"event":{"mods":["AchievementEnabler","BaseMod","Colored Map","Colored Powertips","Highlight Path","Minty Spire (QoL Compilation)","Relic Stats","everything is the same but u backflip on backflip"],"gold_per_floor":[111,128,146,157,107,133,133,167,167,167,167,184,194,205,205,276,276,294,114,130,130,94,94,110,110,110,110,110],"floor_reached":27,"playtime":802,"items_purged":["Strike_R"],"score":383,"play_id":"2e845d07-672f-4669-82ee-253daeb0745b","local_time":"20210103010131","is_ascension_mode":true,"campfire_choices":[{"data":"Combust","floor":7.0,"key":"SMITH"},{"data":"Barricade","floor":10.0,"key":"SMITH"},{"floor":15.0,"key":"REST"},{"data":"True Grit","floor":23,"key":"SMITH"},{"data":"Power Through","floor":25,"key":"SMITH"}],"circlet_count":0,"master_deck":["AscendersBane","Strike_R","Strike_R","Strike_R","Defend_R","Defend_R","Defend_R","Defend_R","Bash+1","Combust+1","Anger","Pummel","Cleave","Barricade+1","Shockwave","True Grit+1","Demon Form","Armaments","Power Through+1","Second Wind","Feed"],"relics":["Burning Blood","Pen Nib","InkBottle","Letter Opener","Cursed Key"],"acts_visited":["Exordium","TheCity"],"potions_floor_usage":[24,27,27],"damage_taken":[{"damage":0.0,"enemies":"2 Louse","floor":1.0,"turns":3.0},{"damage":1.0,"enemies":"Cultist","floor":2.0,"turns":3.0},{"damage":2.0,"enemies":"Small Slimes","floor":3.0,"turns":3.0},{"damage":16.0,"enemies":"Exordium Thugs","floor":4.0,"turns":5.0},{"damage":31.0,"enemies":"Lagavulin","floor":6.0,"turns":5.0},{"damage":7.0,"enemies":"3 Sentries","floor":8.0,"turns":3.0},{"damage":15.0,"enemies":"Large Slime","floor":12.0,"turns":3.0},{"damage":6.0,"enemies":"3 Louse","floor":13.0,"turns":2.0},{"damage":26.0,"enemies":"Gremlin Gang","floor":14.0,"turns":2.0},{"damage":28.0,"enemies":"Slime Boss","floor":16.0,"turns":10.0},{"damage":16,"enemies":"Shell Parasite","floor":18,"turns":5},{"damage":19,"enemies":"Spheric Guardian","floor":20,"turns":5},{"damage":21,"enemies":"Snake Plant","floor":24,"turns":5},{"damage":26,"enemies":"Book of Stabbing","floor":27,"turns":5}],"seed_played":"-6560948250703287953","potions_obtained":[{"floor":1.0,"key":"Regen Potion"},{"floor":3.0,"key":"BlessingOfTheForge"},{"floor":6.0,"key":"Explosive Potion"},{"floor":13.0,"key":"SteroidPotion"},{"floor":16.0,"key":"Swift Potion"},{"floor":24,"key":"Swift Potion"}],"is_trial":false,"path_per_floor":["M","M","M","M","?","E","R","E","T","R","?","M","M","M","R","B",null,"M","$","M","?","$","R","M","R","T","E"],"character_chosen":"IRONCLAD","items_purchased":["Armaments","Block Potion","Second Wind"],"campfire_rested":1,"item_purchase_floors":[19,19,22],"current_hp_per_floor":[74,75,75,65,65,40,40,48,48,48,48,39,39,19,41,19,61,51,51,38,38,38,38,23,23,23,0,0],"gold":110,"neow_bonus":"UPGRADE_CARD","is_daily":false,"chose_seed":false,"campfire_upgraded":4,"win_rate":0.0,"timestamp":1609606891,"path_taken":["M","M","M","M","?","E","R","E","T","R","?","M","M","M","R","BOSS","M","$","?","?","$","R","M","R","T","E"],"items_purchased_type":["Card","Potion","Card"],"build_version":"2020-12-22","purchased_purges":1,"victory":false,"max_hp_per_floor":[75,75,75,75,75,75,75,75,75,75,75,75,75,75,75,75,75,75,75,75,75,75,75,75,75,75,75,75],"relic_stats":{"counters":[14,59],"Pen Nib":[5],"Letter Opener":[15],"Cursed Key":0,"obtain_stats":[{"Pen Nib":6,"Letter Opener":9,"Cursed Key":17,"Burning Blood":0,"InkBottle":8},{"Pen Nib":5,"Letter Opener":6,"Cursed Key":10,"Burning Blood":0,"InkBottle":6},{"Pen Nib":19,"Letter Opener":22,"Cursed Key":39,"Burning Blood":0,"InkBottle":22}],"Burning Blood":70,"InkBottle":[11]},"card_choices":[{"not_picked":["Iron Wave","Dual Wield"],"picked":"Combust","floor":1.0},{"not_picked":["Shockwave","Thunderclap"],"picked":"Anger","floor":2.0},{"not_picked":["Heavy Blade","Armaments"],"picked":"Pummel","floor":3.0},{"not_picked":["True Grit","Flex"],"picked":"Cleave","floor":4.0},{"not_picked":["Clash","Armaments","Entrench"],"picked":"SKIP","floor":6.0},{"not_picked":["Sever Soul","Iron Wave"],"picked":"Barricade","floor":8.0},{"not_picked":["Perfected Strike","Pommel Strike"],"picked":"Shockwave","floor":12.0},{"not_picked":["Iron Wave","Dual Wield","Sword Boomerang"],"picked":"SKIP","floor":13.0},{"not_picked":["Iron Wave","Headbutt"],"picked":"True Grit","floor":14.0},{"not_picked":["Immolate","Bludgeon"],"picked":"Demon Form","floor":16.0},{"not_picked":["Sword Boomerang","Infernal Blade","Headbutt"],"picked":"SKIP","floor":18},{"not_picked":["Wild Strike","Anger"],"picked":"Power Through","floor":20},{"not_picked":["Clothesline+1","True Grit"],"picked":"Feed","floor":24}],"player_experience":366588,"relics_obtained":[{"floor":6.0,"key":"Pen Nib"},{"floor":8.0,"key":"InkBottle"},{"floor":9.0,"key":"Letter Opener"}],"event_choices":[{"cards_removed":["Strike_R"],"damage_healed":0.0,"max_hp_gain":0.0,"max_hp_loss":0.0,"gold_gain":0.0,"event_name":"The Cleric","player_choice":"Card Removal","floor":5.0,"gold_loss":50.0,"damage_taken":0.0},{"damage_healed":0.0,"max_hp_gain":0.0,"max_hp_loss":0.0,"gold_gain":0.0,"event_name":"Match and Keep!","player_choice":"0 cards matched","floor":11.0,"gold_loss":0.0,"damage_taken":0.0,"cards_obtained":[]},{"damage_healed":0,"gold_gain":0,"player_choice":"Ignored","damage_taken":0,"max_hp_gain":0,"max_hp_loss":0,"event_name":"Cursed Tome","floor":21,"gold_loss":0}],"is_beta":false,"boss_relics":[{"not_picked":["Pandora\u0027s Box","Velvet Choker"],"picked":"Cursed Key"}],"items_purged_floors":[19],"is_endless":false,"potions_floor_spawned":[1,3,6,13,16,24],"killed_by":"Book of Stabbing","ascension_level":14}}