{"host":"is2s59edl8twrhoj","time":1609615931,"event":{"mods":["BaseMod","Colored Map","Colored Powertips","DeckTracker","Downfall","Minty Spire (QoL Compilation)","StSLib"],"gold_per_floor":[13,13,24,44,59,59,90,90,143,143,153,179,291,313,325,432,444,444,444,444,444,129,129,129,129],"floor_reached":24,"playtime":1041,"items_purged":["Strike_B"],"score":333,"play_id":"5a1cacf4-e310-4881-a0bf-2f6714062741","local_time":"20210102193211","is_ascension_mode":true,"campfire_choices":[{"data":"Chaos","floor":6,"key":"SMITH"},{"data":"Coolheaded","floor":8,"key":"SMITH"},{"data":"Reboot","floor":10,"key":"SMITH"},{"data":"Defend_B","floor":15,"key":"SMITH"},{"data":"Thunder Strike","floor":23,"key":"SMITH"}],"circlet_count":0,"master_deck":["AscendersBane","Strike_B","Defend_B","Defend_B","Defend_B","Defend_B+1","Zap+1","Dualcast","Coolheaded+1","Chaos+1","Ball Lightning","Reboot+1","Thunder Strike+1","Blizzard"],"relics":["Cracked Core","Mummified Hand","Blood Vial","MawBank","Ectoplasm","Cables"],"acts_visited":["Exordium","TheCity"],"potions_floor_usage":[12,24],"damage_taken":[{"damage":0,"enemies":"Small Slimes","floor":1,"turns":3},{"damage":0,"enemies":"Cultist","floor":3,"turns":3},{"damage":2,"enemies":"Jaw Worm","floor":4,"turns":4},{"damage":3,"enemies":"Blue Slaver","floor":5,"turns":5},{"damage":17,"enemies":"3 Sentries","floor":7,"turns":6},{"damage":5,"enemies":"Looter","floor":11,"turns":3},{"damage":12,"enemies":"Gremlin Nob","floor":12,"turns":4},{"damage":2,"enemies":"2 Fungi Beasts","floor":14,"turns":3},{"damage":12,"enemies":"The Guardian","floor":16,"turns":13},{"damage":0,"enemies":"Chosen","floor":18,"turns":4},{"damage":1,"enemies":"3 Byrds","floor":20,"turns":4},{"damage":5,"enemies":"Snake Plant","floor":21,"turns":4},{"damage":72,"enemies":"Slavers","floor":24,"turns":5}],"seed_played":"7950750428183231084","potions_obtained":[{"floor":4,"key":"Block Potion"},{"floor":5,"key":"Energy Potion"},{"floor":16,"key":"SpeedPotion"},{"floor":18,"key":"Regen Potion"}],"is_trial":false,"path_per_floor":["M","?","M","M","M","R","E","R","T","R","M","E","?","M","R","B",null,"M","?","M","M","$","R","E"],"character_chosen":"DEFECT","items_purchased":["Cables"],"campfire_rested":0,"item_purchase_floors":[22],"current_hp_per_floor":[68,68,68,66,63,63,46,46,46,46,43,33,33,33,33,23,62,64,50,51,48,48,48,0,0],"gold":129,"neow_bonus":"REMOVE_TWO","is_daily":false,"chose_seed":false,"campfire_upgraded":5,"win_rate":0.0,"timestamp":1609615931,"path_taken":["M","?","M","M","M","R","E","R","T","R","M","E","?","M","R","BOSS","M","?","M","M","$","R","E"],"items_purchased_type":["Relic"],"build_version":"2020-12-22","purchased_purges":1,"victory":false,"max_hp_per_floor":[75,75,75,75,75,75,75,75,75,75,75,75,75,75,75,75,75,75,80,80,80,80,80,80,80],"card_choices":[{"not_picked":["Beam Cell","BootSequence","Hologram"],"picked":"SKIP","floor":1},{"not_picked":["Compile Driver","Beam Cell"],"picked":"Coolheaded","floor":3},{"not_picked":["Streamline","Coolheaded"],"picked":"Chaos","floor":4},{"not_picked":["Leap","Redo"],"picked":"Ball Lightning","floor":5},{"not_picked":["Hello World","FTL"],"picked":"Reboot","floor":7},{"not_picked":["Beam Cell","Aggregate","Sweeping Beam"],"picked":"SKIP","floor":11},{"not_picked":["Beam Cell","Sweeping Beam","Compile Driver"],"picked":"SKIP","floor":12},{"not_picked":["Force Field","BootSequence","Compile Driver"],"picked":"SKIP","floor":14},{"not_picked":["Amplify","Seek"],"picked":"Thunder Strike","floor":16},{"not_picked":["Sweeping Beam","Ball Lightning","Doom and Gloom"],"picked":"SKIP","floor":18},{"not_picked":["Conserve Battery","Skim"],"picked":"Blizzard","floor":20},{"not_picked":["Stack","Turbo","Double Energy+1"],"picked":"SKIP","floor":21}],"player_experience":680511,"relics_obtained":[{"floor":7,"key":"Mummified Hand"},{"floor":9,"key":"Blood Vial"},{"floor":12,"key":"MawBank"}],"event_choices":[{"damage_healed":0,"gold_gain":0,"player_choice":"Grow","damage_taken":0,"max_hp_gain":0,"max_hp_loss":0,"event_name":"Living Wall","floor":2,"gold_loss":0,"cards_upgraded":["Zap"]},{"damage_healed":0,"gold_gain":100,"player_choice":"Pray","damage_taken":0,"max_hp_gain":0,"max_hp_loss":0,"event_name":"Golden Shrine","floor":13,"gold_loss":0},{"damage_healed":0,"gold_gain":0,"player_choice":"Shed Blood","damage_taken":19,"max_hp_gain":5,"max_hp_loss":0,"event_name":"Forgotten Altar","floor":19,"gold_loss":0}],"is_beta":false,"boss_relics":[{"not_picked":["Philosopher\u0027s Stone","Busted Crown"],"picked":"Ectoplasm"}],"items_purged_floors":[22],"is_endless":false,"potions_floor_spawned":[4,5,16,18],"killed_by":"Slavers","ascension_level":12}}