{"host":"iml8x8es9od4zowg","time":1609589861,"event":{"mods":["2.2 Compatiblity","BaseMod","Marisa£¨Ùöéë¡¡Øª×âÞÞ£©","Minty Spire (QoL Compilation)","StSLib","Td1madao Mod","The Jungle","¡¼?Úª?ø«¡½REMEMod"],"gold_per_floor":[118,43,43,58,77,112,112,112,190,190,190,190,190],"floor_reached":12,"playtime":733,"items_purged":["Chip"],"score":90,"play_id":"a5880c5d-6fd8-43ab-87d7-324a392fb8da","local_time":"20210102211741","is_ascension_mode":true,"campfire_choices":[{"floor":7,"key":"REST"},{"floor":10,"key":"REST"}],"circlet_count":0,"master_deck":["Strike_C","Strike_C","Strike_C","Strike_C","Defend_C","Defend_C","Defend_C","Defend_C","Knight Kick","REME_MagicPocketWatch","SprinkleStarSeal","Oblique Hack","Provocative","Backup"],"relics":["Apod","REME_ComplimentaryCards","Du-Vu Doll","Meat on the Bone","MealTicket"],"acts_visited":["Exordium"],"potions_floor_usage":[6,8],"damage_taken":[{"damage":0,"enemies":"2 Louse","floor":1,"turns":3},{"damage":0,"enemies":"Cultist","floor":4,"turns":5},{"damage":0,"enemies":"Small Slimes","floor":5,"turns":4},{"damage":52,"enemies":"3 Sentries","floor":6,"turns":11},{"damage":0,"enemies":"Gremlin Nob","floor":8,"turns":1},{"damage":45,"enemies":"3 Sentries","floor":12,"turns":6}],"seed_played":"8733728396815752467","potions_obtained":[{"floor":1,"key":"LiquidBronze"},{"floor":3,"key":"EssenceOfSteel"},{"floor":3,"key":"SmokeBomb"}],"is_trial":false,"path_per_floor":["M","$","?","M","M","E","R","E","T","R","?","E"],"character_chosen":"TD1MADAO_CLASS","items_purchased":[],"campfire_rested":2,"item_purchase_floors":[],"current_hp_per_floor":[70,70,70,70,70,18,39,39,39,60,57,12,12],"gold":190,"neow_bonus":"RANDOM_COLORLESS","is_daily":false,"chose_seed":false,"campfire_upgraded":0,"win_rate":0.0,"timestamp":1609589861,"path_taken":["M","$","?","?","M","E","R","E","T","R","?","E"],"items_purchased_type":[],"build_version":"2020-12-22","purchased_purges":1,"victory":false,"max_hp_per_floor":[70,70,70,70,70,70,70,70,70,70,70,70,70],"card_choices":[{"not_picked":["Impatience","Mind Blast"],"picked":"REME_MagicPocketWatch","floor":0},{"not_picked":["Fire Up","Light Attack"],"picked":"Oblique Hack","floor":1},{"not_picked":["Resistance","Preloading"],"picked":"Provocative","floor":4},{"not_picked":["Light Attack","Black Execution","Rupture"],"picked":"SKIP","floor":5},{"not_picked":["Coercion","Reinforcement Parts"],"picked":"Backup","floor":6}],"player_experience":497869,"relics_obtained":[{"floor":6,"key":"Du-Vu Doll"},{"floor":9,"key":"Meat on the Bone"}],"event_choices":[{"damage_healed":0,"gold_gain":0,"player_choice":"Got Potions","damage_taken":0,"max_hp_gain":0,"max_hp_loss":0,"event_name":"Lab","floor":3,"gold_loss":0},{"damage_healed":0,"gold_gain":0,"player_choice":"Success","damage_taken":3,"relics_obtained":["MealTicket"],"max_hp_gain":0,"max_hp_loss":0,"event_name":"Scrap Ooze","floor":11,"gold_loss":0}],"is_beta":false,"boss_relics":[],"items_purged_floors":[2],"is_endless":false,"potions_floor_spawned":[1,4],"killed_by":"3 Sentries","ascension_level":1}}