{"host":"0nndazl0keusavit","time":1609559253,"event":{"mods":["AchievementEnabler","BaseMod","Colored Map","Curses Come First","Highlight Path","Minty Spire (QoL Compilation)","Relic Stats","StSLib"],"gold_per_floor":[109,120,220,220,238,238,263,263,339,358,388,402,89,99,99,199,199,214,231,306,325,343,343,343],"floor_reached":23,"playtime":1069,"items_purged":[],"score":205,"play_id":"a2ccda30-8ef8-4832-8349-2411e0621a55","local_time":"20210101234733","is_ascension_mode":false,"campfire_choices":[{"data":"Streamline","floor":6.0,"key":"SMITH"},{"data":"Darkness","floor":8.0,"key":"SMITH"},{"floor":15.0,"key":"REST"}],"circlet_count":0,"master_deck":["Strike_B+1","Strike_B+1","Strike_B","Strike_B","Defend_B","Defend_B","Defend_B","Defend_B","Zap+1","Dualcast","Conserve Battery","Darkness+1","Streamline+1","Self Repair","Defragment","Amplify","Consume","Buffer","Steam Power+1"],"relics":["Cracked Core","Whetstone","The Courier","Bronze Scales","Meat on the Bone","SlaversCollar"],"acts_visited":["Exordium","TheCity"],"potions_floor_usage":[23,23],"damage_taken":[{"damage":5.0,"enemies":"Small Slimes","floor":1.0,"turns":3.0},{"damage":0.0,"enemies":"Cultist","floor":2.0,"turns":3.0},{"damage":0.0,"enemies":"2 Louse","floor":5.0,"turns":3.0},{"damage":26.0,"enemies":"Lagavulin","floor":7.0,"turns":5.0},{"damage":0.0,"enemies":"Large Slime","floor":10.0,"turns":3.0},{"damage":27.0,"enemies":"Gremlin Nob","floor":11.0,"turns":4.0},{"damage":15.0,"enemies":"2 Fungi Beasts","floor":12.0,"turns":3.0},{"damage":12.0,"enemies":"Blue Slaver","floor":14.0,"turns":4.0},{"damage":27.0,"enemies":"The Guardian","floor":16.0,"turns":7.0},{"damage":10.0,"enemies":"Chosen","floor":18.0,"turns":5.0},{"damage":7.0,"enemies":"Shell Parasite","floor":19.0,"turns":4.0},{"damage":17.0,"enemies":"Snecko","floor":21.0,"turns":6.0},{"damage":32.0,"enemies":"Shelled Parasite and Fungi","floor":22.0,"turns":6.0},{"damage":50,"enemies":"Slavers","floor":23,"turns":3}],"seed_played":"116155126617451584","potions_obtained":[{"floor":2.0,"key":"FocusPotion"},{"floor":10.0,"key":"DuplicationPotion"},{"floor":12.0,"key":"AttackPotion"},{"floor":22.0,"key":"PowerPotion"}],"is_trial":false,"path_per_floor":["M","M","?","$","M","R","E","R","T","M","E","M","$","M","R","B",null,"M","M","?","M","M","E"],"character_chosen":"DEFECT","items_purchased":["Amplify","Meat on the Bone"],"campfire_rested":1,"item_purchase_floors":[13,13],"current_hp_per_floor":[70,70,70,70,70,70,44,44,44,44,24,16,16,23,45,37,75,72,72,65,55,42,0,0],"gold":343,"neow_bonus":"UPGRADE_CARD","is_daily":false,"chose_seed":false,"campfire_upgraded":2,"win_rate":0.0,"timestamp":1609559253,"path_taken":["M","M","?","?","M","R","E","R","T","M","E","?","$","M","R","BOSS","M","M","?","?","M","E"],"items_purchased_type":["Card","Relic"],"build_version":"2020-12-22","purchased_purges":0,"victory":false,"max_hp_per_floor":[75,75,75,75,75,75,75,75,75,75,75,75,75,75,75,75,75,75,75,75,75,75,75,75],"relic_stats":{"counters":[14,59],"Bronze Scales":[106],"Whetstone":["Strike_B","Strike_B"],"obtain_stats":[{"SlaversCollar":17,"Bronze Scales":11,"The Courier":9,"Whetstone":7,"Cracked Core":0,"Meat on the Bone":13},{"SlaversCollar":9,"Bronze Scales":6,"The Courier":4,"Whetstone":4,"Cracked Core":0,"Meat on the Bone":7},{"SlaversCollar":35,"Bronze Scales":21,"The Courier":14,"Whetstone":14,"Cracked Core":0,"Meat on the Bone":24}],"Meat on the Bone":36},"card_choices":[{"not_picked":["Redo","Turbo"],"picked":"Conserve Battery","floor":1.0},{"not_picked":["Beam Cell","Reprogram"],"picked":"Darkness","floor":2.0},{"not_picked":["Static Discharge","Steam"],"picked":"Streamline","floor":5.0},{"not_picked":["Fusion","Streamline","Force Field"],"picked":"SKIP","floor":7.0},{"not_picked":["Compile Driver","Go for the Eyes"],"picked":"Self Repair","floor":10.0},{"not_picked":["Steam Power","Turbo"],"picked":"Defragment","floor":11.0},{"not_picked":["Compile Driver","Doom and Gloom","Stack"],"picked":"SKIP","floor":12.0},{"not_picked":["Leap","Auto Shields"],"picked":"Consume","floor":14.0},{"not_picked":["Meteor Strike","Fission"],"picked":"Buffer","floor":16.0},{"not_picked":["Auto Shields","Chill+1","Scrape"],"picked":"SKIP","floor":18.0},{"not_picked":["Stack+1","Streamline+1","Beam Cell"],"picked":"SKIP","floor":19.0},{"not_picked":["Reprogram","Sweeping Beam+1"],"picked":"Steam Power+1","floor":21.0},{"not_picked":["Hologram","Turbo","Leap"],"picked":"SKIP","floor":22.0}],"player_experience":874461,"relics_obtained":[{"floor":7.0,"key":"Whetstone"},{"floor":9.0,"key":"The Courier"},{"floor":11.0,"key":"Bronze Scales"}],"event_choices":[{"damage_healed":0.0,"max_hp_gain":0.0,"max_hp_loss":0.0,"gold_gain":100.0,"event_name":"Golden Shrine","player_choice":"Pray","floor":3.0,"gold_loss":0.0,"damage_taken":0.0},{"damage_healed":0.0,"max_hp_gain":0.0,"max_hp_loss":0.0,"gold_gain":75.0,"event_name":"FaceTrader","player_choice":"Touch","floor":20.0,"gold_loss":0.0,"damage_taken":7.0}],"is_beta":false,"boss_relics":[{"not_picked":["Busted Crown","Runic Pyramid"],"picked":"SlaversCollar"}],"items_purged_floors":[],"is_endless":false,"potions_floor_spawned":[2,10,12,18,22],"killed_by":"Slavers","ascension_level":0}}