{"host":"rt0td7aa3g170xdl","time":1609589935,"event":{"mods":["2.2 Compatiblity","AchievementEnabler","BaseMod","Colored Map","DeckTracker","Keyboard Shortcuts","Minty Spire (QoL Compilation)","Permanent Neow","Quick Restart","SuperFastMode","everything is the same but u backflip on backflip"],"gold_per_floor":[114,124,124,199,209,209,244,257,257,277,63,123,123,136,136,234,234,250,267,287,287,307,307,307],"floor_reached":23,"playtime":2555,"items_purged":["Strike_G"],"score":244,"play_id":"08d063f5-f2f0-4c80-b4c4-82ee017c62eb","local_time":"20210102211855","is_ascension_mode":true,"campfire_choices":[{"data":"Neutralize","floor":6.0,"key":"SMITH"},{"data":"Glass Knife","floor":13.0,"key":"SMITH"},{"data":"Crippling Poison","floor":15.0,"key":"SMITH"}],"circlet_count":0,"master_deck":["Strike_G","Strike_G","Defend_G","Defend_G","Defend_G","Survivor","Neutralize+1","Crippling Poison+1","Blur","Poisoned Stab","Glass Knife+1","Catalyst","Dagger Throw","Corpse Explosion","Backflip","Deadly Poison","Calculated Gamble"],"relics":["Ring of the Snake","Strawberry","Smiling Mask","Ornamental Fan","Empty Cage"],"acts_visited":["Exordium","TheCity"],"potions_floor_usage":[],"damage_taken":[{"damage":4.0,"enemies":"Small Slimes","floor":1.0,"turns":5.0},{"damage":5.0,"enemies":"2 Louse","floor":2.0,"turns":3.0},{"damage":4.0,"enemies":"Jaw Worm","floor":5.0,"turns":5.0},{"damage":9.0,"enemies":"Lagavulin","floor":7.0,"turns":6.0},{"damage":0.0,"enemies":"Blue Slaver","floor":8.0,"turns":3.0},{"damage":0.0,"enemies":"Exordium Thugs","floor":10.0,"turns":4.0},{"damage":20.0,"enemies":"Gremlin Nob","floor":12.0,"turns":4.0},{"damage":0.0,"enemies":"Looter","floor":14.0,"turns":2.0},{"damage":7.0,"enemies":"The Guardian","floor":16.0,"turns":9.0},{"damage":4.0,"enemies":"3 Byrds","floor":18.0,"turns":2.0},{"damage":28.0,"enemies":"2 Thieves","floor":19.0,"turns":4.0},{"damage":0.0,"enemies":"3 Cultists","floor":20.0,"turns":2.0},{"damage":24.0,"enemies":"Snake Plant","floor":22.0,"turns":5.0},{"damage":9,"enemies":"Slavers","floor":23,"turns":1}],"seed_played":"828823537225584703","potions_obtained":[{"floor":1.0,"key":"Poison Potion"},{"floor":2.0,"key":"Poison Potion"},{"floor":10.0,"key":"LiquidBronze"},{"floor":19.0,"key":"LiquidBronze"}],"is_trial":false,"path_per_floor":["M","M","?","?","M","R","E","M","T","M","$","?","R","M","R","B",null,"M","M","M","?","M","E"],"character_chosen":"THE_SILENT","items_purchased":["Corpse Explosion"],"campfire_rested":0,"item_purchase_floors":[11],"current_hp_per_floor":[66,61,61,50,46,46,44,44,44,44,44,24,24,24,24,17,62,58,30,30,30,6,0,0],"gold":307,"neow_bonus":"REMOVE_CARD","is_daily":false,"chose_seed":false,"campfire_upgraded":3,"win_rate":0.0,"timestamp":1609589935,"path_taken":["M","M","?","?","M","R","E","M","T","M","$","?","R","M","R","BOSS","M","M","M","?","M","E"],"items_purchased_type":["Card"],"build_version":"2020-12-22","purchased_purges":1,"victory":false,"max_hp_per_floor":[70,70,70,70,70,70,77,77,77,77,77,77,77,77,77,77,77,77,77,77,77,77,77,77],"card_choices":[{"not_picked":["PiercingWail","Backflip"],"picked":"Crippling Poison","floor":1.0},{"not_picked":["Underhanded Strike","Deflect"],"picked":"Blur","floor":2.0},{"not_picked":["Dodge and Roll","Bane"],"picked":"Poisoned Stab","floor":5.0},{"not_picked":["Dagger Spray","Prepared"],"picked":"Glass Knife","floor":7.0},{"not_picked":["Well Laid Plans","Sucker Punch"],"picked":"Catalyst","floor":8.0},{"not_picked":["Reflex","Expertise"],"picked":"Dagger Throw","floor":10.0},{"not_picked":["Deflect","Expertise"],"picked":"Backflip","floor":12.0},{"not_picked":["Flying Knee","Skewer","Backflip"],"picked":"SKIP","floor":14.0},{"not_picked":["Prepared+1","Dagger Throw"],"picked":"Deadly Poison","floor":18.0},{"not_picked":["Backflip","Deadly Poison","Underhanded Strike"],"picked":"SKIP","floor":19.0},{"not_picked":["Underhanded Strike","Prepared","Envenom"],"picked":"SKIP","floor":20.0},{"not_picked":["All Out Attack","Distraction"],"picked":"Calculated Gamble","floor":22.0}],"player_experience":305090,"relics_obtained":[{"floor":7.0,"key":"Strawberry"},{"floor":9.0,"key":"Smiling Mask"},{"floor":12.0,"key":"Ornamental Fan"}],"event_choices":[{"cards_removed":["Strike_G"],"damage_healed":0.0,"max_hp_gain":0.0,"max_hp_loss":0.0,"gold_gain":0.0,"event_name":"Living Wall","player_choice":"Forget","floor":3.0,"gold_loss":0.0,"damage_taken":0.0},{"damage_healed":0.0,"max_hp_gain":0.0,"max_hp_loss":0.0,"gold_gain":75.0,"event_name":"World of Goop","player_choice":"Gather Gold","floor":4.0,"gold_loss":0.0,"damage_taken":11.0},{"damage_healed":0.0,"max_hp_gain":0.0,"max_hp_loss":0.0,"gold_gain":0.0,"event_name":"Dead Adventurer","player_choice":"Searched \u00272\u0027 times","floor":12.0,"gold_loss":0.0,"damage_taken":0.0},{"damage_healed":0.0,"max_hp_gain":0.0,"max_hp_loss":0.0,"gold_gain":0.0,"event_name":"Cursed Tome","player_choice":"Ignored","floor":21.0,"gold_loss":0.0,"damage_taken":0.0}],"is_beta":false,"boss_relics":[{"not_picked":["Runic Dome","WristBlade"],"picked":"Empty Cage"}],"items_purged_floors":[11],"is_endless":false,"potions_floor_spawned":[1,2,10,19],"killed_by":"Slavers","ascension_level":5}}