{"host":"kev6uqotw4tlyx8l","time":1609603474,"event":{"mods":["Act Like it!","Aspiration","BaseMod","Colored Powertips","Dota2Spire","Downfall","Hallownest","Infinite Spire","Marisa????????","Minty Spire (QoL Compilation)","Quick Restart","Remilia??????","Replay The Spire","StSLib","The Cursed","The Marked","The Mystic","The Servant 0.9.4"],"gold_per_floor":[118,16,16,92,127,127,127,127,127,152,152,193,193,222,222,337,337,366,366,366,401,32,32,60,60,60,60,112,112,244,244,244,408,408,441,441,441,441,484,484,529,529,574,574,634,634,666,6,6,36,36],"floor_reached":50,"playtime":1432,"items_purged":[],"score":569,"play_id":"25316677-e709-410b-8d30-eaaa2eabb0b2","local_time":"20210102230434","is_ascension_mode":false,"campfire_choices":[{"data":"PowerUp","floor":7,"key":"SMITH"},{"data":"EnergyFlow","floor":11,"key":"SMITH"},{"data":"MysteriousBeam","floor":13,"key":"SMITH"},{"floor":15,"key":"REST"},{"floor":23,"key":"REST"},{"floor":32,"key":"REST"},{"floor":42,"key":"REST"},{"data":"expansioncontent:CaCaw","floor":46,"key":"SMITH"},{"floor":49,"key":"REST"}],"circlet_count":0,"master_deck":["Defend_MRS+1","Defend_MRS+1","Defend_MRS+1","Defend_MRS+1","MasterSpark","UpSweep","MysteriousBeam+1","PowerUp+1","WitchOfGreed","EnergyFlow+1","GravityBeat","DoubleSpark","StarDustReverie","MilkyWay","RitualDagger","Bite","Bite","Bite","Bite","Bite","UnstableBomb","expansioncontent:CaCaw+1","PropBag","WitchOfGreed","Robbery","EnergyFlow","PowerUp+1","NonDirectionalLaser","infinitespire:Gouge","Writhe","AlicesGift+1","SporeBomb","BlazeAway+1","DC+1","ReplayTheSpireMod:Brewmster","WitchOfGreed","MilkyWay","Finesse"],"relics":["MiniHakkero","PreservedInsect","White Beast Statue","infinitespire:EmpoweringShard","Gremlin Horn","WingedGreaves","Vajra","Strange Spoon","Mummified Hand","MutagenicStrength","ExperimentalFamiliar","BargainBundle","MagicBroom","Blood Vial","Bird Faced Urn","Meat on the Bone"],"acts_visited":["Exordium","TheCity","TheBeyond"],"potions_floor_usage":[12,14,16,18,21,24,28,30,33,41,45,47,47,50,50],"damage_taken":[{"damage":7,"enemies":"Small Slimes","floor":1,"turns":3},{"damage":6,"enemies":"Cultist","floor":5,"turns":3},{"damage":1,"enemies":"2 Louse","floor":10,"turns":2},{"damage":22,"enemies":"Replay:BlueRogue","floor":12,"turns":4},{"damage":0,"enemies":"Gremlin Nob","floor":14,"turns":2},{"damage":22,"enemies":"Fading Forest","floor":16,"turns":11},{"damage":22,"enemies":"Chosen","floor":18,"turns":4},{"damage":35,"enemies":"2 Thieves","floor":21,"turns":3},{"damage":28,"enemies":"Cultist and Chosen","floor":24,"turns":5},{"damage":0,"enemies":"Chosen and Byrds","floor":28,"turns":3},{"damage":1,"enemies":"Snecko","floor":30,"turns":3},{"damage":60,"enemies":"Collector","floor":33,"turns":7},{"damage":29,"enemies":"3 Shapes","floor":35,"turns":3},{"damage":0,"enemies":"Orb Walker","floor":41,"turns":1},{"damage":32,"enemies":"Maw","floor":45,"turns":5},{"damage":5,"enemies":"Writhing Mass","floor":47,"turns":2},{"damage":101,"enemies":"Time Eater","floor":50,"turns":5}],"seed_played":"-8080041253490314572","potions_obtained":[{"floor":1,"key":"Flashbang"},{"floor":5,"key":"Milkshake"},{"floor":5,"key":"Dota2Spire:HealingSalve"},{"floor":10,"key":"BottledSpark"},{"floor":12,"key":"FairyPotion"},{"floor":12,"key":"FairyPotion"},{"floor":14,"key":"LiquidMemories"},{"floor":16,"key":"Dota2Spire:Clarity"},{"floor":16,"key":"Adrenaline Potion"},{"floor":18,"key":"Energy Potion"},{"floor":21,"key":"Weak Potion"},{"floor":24,"key":"SpeedPotion"},{"floor":24,"key":"DistilledChaos"},{"floor":28,"key":"AttackPotion"},{"floor":30,"key":"Block Potion"},{"floor":30,"key":"Strength Potion"},{"floor":33,"key":"Dota2Spire:HealingSalve"},{"floor":33,"key":"Dexterity Potion"},{"floor":41,"key":"Dota2Spire:Clarity"},{"floor":45,"key":"infinitespire:BlackPotion"},{"floor":45,"key":"Adrenaline Potion"},{"floor":47,"key":"Ancient Potion"},{"floor":47,"key":"champ:CounterPotion"}],"is_trial":false,"path_per_floor":["M","$","?","T","M","?","R","?","T","M","R","E","R","E","R","B",null,"M","?","?","M","$","R","M","?","T","$","M","?","M","?","R","B",null,"M","AVR","?","?","?","R","M","R","T","?","M","R","M","$","R","B"],"character_chosen":"MARISA","items_purchased":["PowerUp","WitchOfGreed","expansioncontent:CaCaw","PropBag","Strange Spoon","WitchOfGreed","Bird Faced Urn","ReplayTheSpireMod:Brewmster","WitchOfGreed","MilkyWay","Finesse"],"campfire_rested":5,"item_purchase_floors":[2,2,22,22,22,22,48,48,48,48,48],"current_hp_per_floor":[68,68,68,68,62,62,62,62,62,61,61,45,45,45,67,55,75,53,47,47,14,14,29,7,7,7,7,17,17,20,20,35,15,52,25,25,25,38,18,18,18,33,33,62,38,38,47,47,62,0,0],"gold":36,"neow_bonus":"RANDOM_COMMON_RELIC","is_daily":false,"chose_seed":false,"campfire_upgraded":4,"win_rate":0.0,"timestamp":1609603474,"path_taken":["M","$","?","?","?","?","R","?","T","M","R","E","R","E","R","BOSS","M","?","?","M","$","R","M","?","T","?","?","?","M","?","R","BOSS","M","AVR","?","?","?","R","?","R","T","?","?","R","M","$","R","BOSS"],"items_purchased_type":["Card","Card","Card","Card","Relic","Card","Relic","Card","Card","Card","Card"],"build_version":"2020-12-22","purchased_purges":0,"victory":false,"max_hp_per_floor":[75,75,75,75,75,75,75,75,75,75,75,75,75,75,75,75,75,75,75,52,52,52,52,52,52,52,52,52,52,52,52,52,52,52,52,52,52,52,52,52,52,52,52,62,62,62,62,62,62,62,62],"card_choices":[{"not_picked":["SuperPerseids","GrandCross"],"picked":"MysteriousBeam","floor":1},{"not_picked":["GalacticHalo","ShootingEcho","DarkSpark"],"picked":"SKIP","floor":5},{"not_picked":["SporeBomb","OneTimeOff"],"picked":"EnergyFlow","floor":10},{"not_picked":["SprinkleStarSeal","MeteoricShower"],"picked":"GravityBeat","floor":12},{"not_picked":["GrandCross","OrrerysSun"],"picked":"DoubleSpark","floor":14},{"not_picked":["BlazingStar","SuperNova"],"picked":"StarDustReverie","floor":16},{"not_picked":["NonDirectionalLaser","Singularity"],"picked":"MilkyWay","floor":18},{"not_picked":["IllusionStar","DC+1"],"picked":"UnstableBomb","floor":21},{"not_picked":["WitchOfGreed","MilkyWay"],"picked":"Robbery","floor":24},{"not_picked":["GalacticHalo","MysteriousBeam"],"picked":"EnergyFlow","floor":28},{"not_picked":["6A+1","MagicChant+1"],"picked":"PowerUp+1","floor":30},{"not_picked":["BlazingStar","JA"],"picked":"BinaryStars","floor":33},{"not_picked":["GrandCross","Acceleration"],"picked":"NonDirectionalLaser","floor":35},{"not_picked":["DragonMeteor","6A"],"picked":"AlicesGift+1","floor":39},{"not_picked":["AsteroidBelt","WitchOfGreed+1"],"picked":"SporeBomb","floor":41},{"not_picked":["OpenUniverse+1","ShootingEcho"],"picked":"BlazeAway+1","floor":45},{"not_picked":["SporeBomb","AsteroidBelt"],"picked":"DC+1","floor":47}],"player_experience":61748,"relics_obtained":[{"floor":3,"key":"White Beast Statue"},{"floor":4,"key":"infinitespire:EmpoweringShard"},{"floor":9,"key":"Gremlin Horn"},{"floor":12,"key":"WingedGreaves"},{"floor":14,"key":"Vajra"},{"floor":26,"key":"Mummified Hand"},{"floor":39,"key":"MagicBroom"},{"floor":43,"key":"Blood Vial"}],"event_choices":[{"damage_healed":0,"gold_gain":0,"player_choice":"Leave","damage_taken":0,"max_hp_gain":0,"max_hp_loss":0,"event_name":"The Cleric","floor":8,"gold_loss":0},{"damage_healed":0,"gold_gain":0,"player_choice":"Joined the Cult","damage_taken":6,"max_hp_gain":0,"max_hp_loss":0,"event_name":"Nest","floor":19,"gold_loss":0,"cards_obtained":["RitualDagger"]},{"damage_healed":0,"gold_gain":0,"player_choice":"Became a vampire","damage_taken":0,"max_hp_gain":0,"max_hp_loss":23,"event_name":"Vampires","floor":20,"gold_loss":0,"cards_obtained":["Bite","Bite","Bite","Bite","Bite"]},{"damage_healed":0,"gold_gain":0,"player_choice":"Simplicity","damage_taken":0,"max_hp_gain":0,"max_hp_loss":0,"event_name":"Back to Basics","floor":29,"gold_loss":0,"cards_upgraded":["Defend_MRS","Defend_MRS","Defend_MRS","Defend_MRS"]},{"damage_healed":0,"gold_gain":0,"player_choice":"Inject Mutagens","damage_taken":0,"relics_obtained":["MutagenicStrength"],"max_hp_gain":0,"max_hp_loss":0,"event_name":"Drug Dealer","floor":31,"gold_loss":0},{"damage_healed":13,"gold_gain":0,"player_choice":"Writhe","damage_taken":0,"max_hp_gain":0,"max_hp_loss":0,"event_name":"Winding Halls","floor":38,"gold_loss":0,"cards_obtained":["Writhe"]},{"cards_removed":["BinaryStars"],"damage_healed":19,"gold_gain":0,"player_choice":"Offered Rare","damage_taken":0,"max_hp_gain":10,"max_hp_loss":0,"event_name":"Bonfire Elementals","floor":44,"gold_loss":0}],"is_beta":false,"boss_relics":[{"not_picked":["Velvet Choker","Ectoplasm","Replay:Drink Me"]},{"not_picked":["Replay:Bronze Core","Astrolabe"],"picked":"ExperimentalFamiliar"}],"items_purged_floors":[],"is_endless":false,"potions_floor_spawned":[1,5,10,12,14,16,18,21,24,28,30,33,35,41,45,47],"killed_by":"Time Eater","ascension_level":0}}