{"host":"vhikgave70uorr7d","time":1609567537,"event":{"mods":["AchievementEnabler","Act Like it!","Ascension Reborn","Ascension Unlocker","BaseMod","Beaked The Cultist","Better Altar","Better Match","Better Note","Better Sensory Stone","Better Skull","Better Third Choice","BetterRewards","ChefMod","Colored Powertips","Custom Start","Defuse TimeMaze Blight","Downfall","Elementarium","Energized Spire","GifTheSpireLib","Hermit","Hero for Fun","Highlight Path","Hubris","Infinite Spire","JesterMod","Menagerie","Mimic Mod","Minty Spire (QoL Compilation)","MostiFishMod","Permanent Neow","Pikachu Mod","Quick Restart","Rare Cards Sparkle","Relic Filter","Remove Card Discount Mod","Replay The Spire","Retaliation","Shade Mod","Shedinja","Small Relic Pack","Spicy Shops","StSLib","Swap Starting Deck Mod","Td1madao Mod","The Accelerator","The Alterego","The Animator","The Bladedancer","The Blue Laboratory","The Bug Knight","The Construct","The Cursed","The Disciple","The Hayseed","The Hierophant","The Mystic","The Necromancer","The Runesmith","The Servant 0.9.4","The Vixen","The Wild Card","TheFirefly","TheSwordswoman","TheVacant","Transform Curses"],"gold_per_floor":[114,114,13,53,53,53,53,45,70,82,102,30,30,60,60,156,156,176,176,16,16,12,12,47,45,71,83,95,123,154,192,214,240,252,365,377,404,416,476,488,500,512,592,604,650,662,729,741,42,61,61,167,167,183,202,229,253,274,289,289,299,299,299,335,360,360,386,386,467,571,667,667,719,764,827,872,872,872,920,983,1007,1007,1069,1069,1069,1151,1151,1127,1127],"floor_reached":88,"playtime":7782,"items_purged":["Defend_G","Defend_G","Defend_G","Sneak Up","Strike_G","Strike_G","Defend_G","Strike_G","Strike_G","Survivor","Cloak And Dagger","Dash","Strike_G","Bane"],"score":2045,"play_id":"55c1de9d-35e1-45e2-a6b7-f8fae1395fed","local_time":"20210102010537","is_ascension_mode":false,"campfire_choices":[{"data":"Poisoned Stab","floor":6,"key":"SMITH"},{"floor":13,"key":"RECALL"},{"floor":15,"key":"REST"},{"data":"MostiFishMod:WinterMarkForm","floor":23,"key":"SMITH"},{"floor":34,"key":"REST"},{"data":"Night Terror","floor":42,"key":"SMITH"},{"data":"Flying Knee","floor":44,"key":"SMITH"},{"floor":46,"key":"REST"},{"floor":51,"key":"REST"},{"data":"Noxious Fumes","floor":60,"key":"SMITH"},{"data":"Blade Dance","floor":63,"key":"SMITH"},{"data":"Venomology","floor":68,"key":"SMITH"},{"data":"Adrenaline","floor":78,"key":"SMITH"},{"floor":82,"key":"REST"},{"floor":87,"key":"REST"}],"circlet_count":0,"master_deck":["Defend_G","Neutralize","Poisoned Stab+1","Fluid Movement","Noxious Fumes+1","MostiFishMod:WinterMarkForm+1","Poisoned Stab+1","Flying Knee+1","Poisoned Stab+1","Outmaneuver","Poisoned Stab+1","Blade Dance+1","Night Terror+1","Flying Knee+1","Flying Knee+1","infinitespire:NeuralNetwork","Predator+1","Dagger Spray+1","ReplayTheSpireMod:Black Plague+1","Sadistic Nature+1","expansioncontent:DonusPower","hubris:SlightOfHand+1","Venomology+1","Outmaneuver","Poisoned Stab+1","Poisoned Stab+1","Blade Dance","Acrobatics","Poisoned Stab+1","Poisoned Stab+1","MostiFishMod:PreservedThorns","MostiFishMod:SupremeArchaeology","expansioncontent:HyperBeam","Infinite Blades","Adrenaline+1","Storm of Steel","Predator+1","Outmaneuver","Cloak And Dagger+1","Dagger Spray+1","Pain","Blade Dance","Flechettes","Accuracy","Hidden Blade+1"],"relics":["Ring of the Snake","DaveBox","SynthV:TestCard","ExusiaiGun","Omamori","relicPack:DSword","relicPack:OneForAll","infinitespire:WardingShard","Replay:Baseball","construct:WeddingRing","infinitespire:BottledMercury","HollowMod:PaleOreRelic","MawBank","Onion Ring","energizedSpire:HighHeels","hubris:Icosahedron","infinitespire:EvilPickle","hubris:CuriousFeather","Replay:Bottled Eggs","infinitespire:Golems Mask","Blood Vial","hubris:KleinBottle","hubris:SlimyHat","beaked:MawFillet","InkBottle","hubris:TinFlute","ReplayTheSpireMod:TigerMarble","Orichalcum","hubris:VirtuousBlindfold","Ancient Tea Set","Elementarium:GolemsHeart","Snake Skull","Gremlin Food","Bird Faced Urn","Bottled Flame","DianDianMeat"],"acts_visited":["Exordium","TheCity","TheBeyond","Menagerie:Menagerie","Elementarium:Elementarium"],"potions_floor_usage":[35,35,35,54,76,88],"damage_taken":[{"damage":1,"enemies":"Cultist","floor":1,"turns":4},{"damage":0,"enemies":"Jaw Worm","floor":4,"turns":3},{"damage":0,"enemies":"Jaw Worm","floor":10,"turns":1},{"damage":5,"enemies":"2 Louse","floor":11,"turns":2},{"damage":9,"enemies":"3 Sentries","floor":14,"turns":3},{"damage":30,"enemies":"The Guardian","floor":16,"turns":3},{"damage":3,"enemies":"Chosen","floor":18,"turns":3},{"damage":16,"enemies":"Nightmare","floor":24,"turns":4},{"damage":0,"enemies":"Spheric Guardian","floor":29,"turns":1},{"damage":12,"enemies":"Centurion and Healer","floor":30,"turns":2},{"damage":0,"enemies":"Replay:Snechameleon","floor":31,"turns":1},{"damage":0,"enemies":"Cultist and Chosen","floor":32,"turns":1},{"damage":0,"enemies":"Snake Plant","floor":33,"turns":1},{"damage":5,"enemies":"Pondfish","floor":35,"turns":2},{"damage":0,"enemies":"3 Darklings","floor":37,"turns":1},{"damage":0,"enemies":"Orb Walker","floor":39,"turns":1},{"damage":2,"enemies":"Giant Head","floor":43,"turns":2},{"damage":8,"enemies":"Maw","floor":45,"turns":3},{"damage":0,"enemies":"Maw","floor":47,"turns":2},{"damage":0,"enemies":"Spire Growth","floor":50,"turns":2},{"damage":20,"enemies":"Replay:Hell Engine","floor":52,"turns":2},{"damage":16,"enemies":"Menagerie:2_RABBITS","floor":54,"turns":4},{"damage":0,"enemies":"Menagerie:WhisperingWraith","floor":55,"turns":1},{"damage":0,"enemies":"Menagerie:MaskedSummoner","floor":56,"turns":1},{"damage":0,"enemies":"Menagerie:StygianBoar","floor":57,"turns":1},{"damage":0,"enemies":"Menagerie:MeltingSalamander","floor":58,"turns":1},{"damage":0,"enemies":"Menagerie:RedMage","floor":59,"turns":1},{"damage":0,"enemies":"Lagavulin","floor":61,"turns":1},{"damage":1,"enemies":"Menagerie:DREAD_MOTH_AND_GRAFTED_WORMS","floor":64,"turns":1},{"damage":0,"enemies":"Menagerie:3_RABBITS","floor":65,"turns":1},{"damage":0,"enemies":"Menagerie:STYGIAN_BOAR_AND_WHISPERING_WRAITH","floor":67,"turns":1},{"damage":23,"enemies":"Menagerie:Suneater","floor":69,"turns":2},{"damage":0,"enemies":"Menagerie:Suneater","floor":70,"turns":1},{"damage":0,"enemies":"Menagerie:Suneater","floor":71,"turns":1},{"damage":0,"enemies":"Elementarium:2_ELEMENTALS","floor":73,"turns":1},{"damage":14,"enemies":"Elementarium:Cyclone","floor":74,"turns":1},{"damage":0,"enemies":"Elementarium:ElementalPortal","floor":75,"turns":2},{"damage":0,"enemies":"Elementarium:VOID_CORRUPTION_AND_TAR_GOLEM","floor":76,"turns":1},{"damage":13,"enemies":"Elementarium:FIRE_NOBILITY","floor":79,"turns":1},{"damage":6,"enemies":"Elementarium:CYCLONE_AND_ORB_OF_FIRE","floor":80,"turns":1},{"damage":18,"enemies":"Elementarium:FIRE_SANCTUM_HERALD","floor":83,"turns":1},{"damage":0,"enemies":"Elementarium:FIRE_SANCTUM_FIRELORD","floor":83,"turns":1},{"damage":0,"enemies":"Elementarium:STONE_GOLEMS","floor":86,"turns":1},{"damage":7,"enemies":"Elementarium:PHOENIXES","floor":88,"turns":2}],"seed_played":"-2295215025289953662","potions_obtained":[{"floor":1,"key":"Fire Potion"},{"floor":14,"key":"AttackPotion"},{"floor":24,"key":"blueLaboratory:Virophage"},{"floor":31,"key":"DuplicationPotion"},{"floor":35,"key":"Toxic Potion"},{"floor":37,"key":"blueLaboratory:CorrosionFlask"},{"floor":47,"key":"Regen Potion"},{"floor":76,"key":"blueLaboratory:BubblePotion"}],"is_trial":false,"path_per_floor":["M","?","$","MIM","?","R","?","$","T","M","M","$","R","E","R","B",null,"M","?","?","?","$","R","NM","$","T","PTL","PTL","M","M","E","M","M","R","B",null,"M","?","M","?","?","R","E","R","MIM","R","M","$","$","M","R","B",null,"M","M","E","M","M","M","R","?","T","R","M","M","?","M","R","B","B","B",null,"M","M","E","M","?","R","E","M","T","R","?","?","?","M","R","B"],"character_chosen":"THE_SILENT","items_purchased":["Poisoned Stab","Fluid Movement","Noxious Fumes","infinitespire:WardingShard","infinitespire:Golems Mask","Blood Vial","hubris:KleinBottle","hubris:SlimyHat","Sadistic Nature","expansioncontent:DonusPower"],"campfire_rested":6,"item_purchase_floors":[3,3,12,12,48,48,48,49,49,49],"current_hp_per_floor":[69,69,69,69,34,34,34,34,34,34,29,29,29,20,41,11,70,67,67,67,67,67,67,51,51,51,51,51,51,39,39,39,39,60,55,70,70,70,70,70,53,53,51,51,43,64,64,16,16,18,39,21,70,63,65,67,69,70,70,70,70,70,70,69,70,70,70,70,47,70,70,70,70,56,58,60,60,60,49,45,45,66,52,52,52,55,71,64,64],"gold":1127,"neow_bonus":"RANDOM_EVENT","is_daily":false,"chose_seed":false,"campfire_upgraded":8,"win_rate":0.0,"timestamp":1609567537,"path_taken":["M","?","$","?","?","R","?","?","T","M","M","$","R","E","R","BOSS","M","?","?","?","$","R","NM","?","T","PTL","PTL","M","M","E","?","M","R","BOSS","M","?","M","?","?","R","E","R","MIM","R","?","?","$","M","R","BOSS","M","M","E","M","M","M","R","?","T","R","M","M","?","?","R","BOSS","BOSS","BOSS","M","M","E","M","?","R","E","M","T","R","?","?","?","M","R","BOSS"],"items_purchased_type":["Card","Card","Card","Relic","Relic","Relic","Relic","Relic","Card","Card"],"build_version":"2020-12-22","purchased_purges":14,"victory":false,"max_hp_per_floor":[70,70,70,70,70,70,70,70,70,70,70,70,70,70,70,70,70,70,70,70,70,70,70,70,70,70,70,70,70,70,70,70,70,70,70,70,70,70,70,70,70,70,70,70,70,70,70,70,70,70,70,70,70,70,70,70,70,70,70,70,70,70,70,70,70,70,70,70,70,70,70,70,70,70,70,70,70,70,70,70,70,70,70,70,70,71,71,71,71],"card_choices":[{"not_picked":["Sucker Punch","Deflect"],"picked":"Cloak And Dagger","floor":1},{"not_picked":["Glass Knife","ReplayTheSpireMod:Scrap Shanks","Endless Agony","Underhanded Strike"],"picked":"Bane","floor":4},{"not_picked":["Sucker Punch","Dodge and Roll","Terror","Toxin Wave"],"picked":"Outmaneuver","floor":10},{"not_picked":["Prepared","Sucker Punch","MostiFishMod:PerfectParry","Cloak And Dagger"],"picked":"Dash","floor":11},{"not_picked":["Slice","Hidden Blade","Bane","MostiFishMod:FrostNova"],"picked":"MostiFishMod:FullyArmed","floor":14},{"not_picked":["Phantasmal Killer","Corpse Explosion","MostiFishMod:ShivMaster","Bullet Time"],"picked":"MostiFishMod:WinterMarkForm","floor":16},{"not_picked":["Hidden Blade","Blade Dance","MostiFishMod:InvigoratingSolution","Reflex"],"picked":"Poisoned Stab","floor":18},{"not_picked":["Bane","Prepared","All Out Attack","Slice"],"picked":"Flying Knee+1","floor":24},{"not_picked":["hubris:SlightOfHand+1","Deadly Poison","Blade Dance","MostiFishMod:ShivMaster"],"picked":"Poisoned Stab","floor":29},{"not_picked":["hubris:Sniper+1","Infinite Blades","hubris:SlightOfHand","Hidden Blade+1"],"picked":"Outmaneuver","floor":30},{"not_picked":["Quick Slash","Replay:Poison Smokescreen","Catalyst","Sucker Punch"],"picked":"Poisoned Stab+1","floor":31},{"not_picked":["Sneak Up","Skewer","PiercingWail+1","MostiFishMod:ThornCasing"],"picked":"Blade Dance","floor":32},{"not_picked":["Prepared","Malaise","Bane","PiercingWail+1","Quick Slash"],"picked":"SKIP","floor":33},{"not_picked":["Corpse Explosion","Well Laid Plans","ReplayTheSpireMod:From All Sides","A Thousand Cuts"],"picked":"Night Terror","floor":35},{"not_picked":["Cloak And Dagger","Quick Slash+1","Caltrops+1","PiercingWail"],"picked":"Flying Knee+1","floor":37},{"not_picked":["ReplayTheSpireMod:Scrap Shanks+1","Deadly Poison+1","Finisher+1","Acrobatics+1"],"picked":"Flying Knee","floor":39},{"not_picked":["infinitespire:SealOfDarkness+","ReplayTheSpireMod:Echoes of Time"],"picked":"infinitespire:NeuralNetwork","floor":41},{"not_picked":["Underhanded Strike","Acrobatics","PiercingWail","Deadly Poison+1"],"picked":"Predator+1","floor":43},{"not_picked":["Dodge and Roll+1","Outmaneuver","Masterful Stab","Infinite Blades"],"picked":"Dagger Spray+1","floor":47},{"not_picked":["ReplayTheSpireMod:Haul","infinitespire:Punishment"],"picked":"ReplayTheSpireMod:Black Plague","floor":48},{"not_picked":["PiercingWail+1","Dagger Throw","Acrobatics+1","ReplayTheSpireMod:The Works+1"],"picked":"hubris:SlightOfHand+1","floor":50},{"not_picked":["MostiFishMod:GrandStart","Atom Bomb","MostiFishMod:Opportunism","MostiFishMod:Listen"],"picked":"Venomology","floor":52},{"not_picked":["Dagger Throw","Hidden Blade","Blade Dance","Eviscerate"],"picked":"Outmaneuver","floor":54},{"not_picked":["Deadly Poison","Eviscerate","Slice","Dodge and Roll"],"picked":"Poisoned Stab","floor":55},{"not_picked":["Masterful Stab","Blade Dance","ReplayTheSpireMod:Scrap Shanks","Replay:Poison Smokescreen"],"picked":"Poisoned Stab","floor":56},{"not_picked":["Backstab","Sneak Up","Underhanded Strike","MostiFishMod:ThornCasing"],"picked":"Blade Dance","floor":57},{"not_picked":["Backflip","PiercingWail","ReplayTheSpireMod:Necrosis","Leg Sweep"],"picked":"Acrobatics","floor":58},{"not_picked":["Riddle With Holes","Acrobatics","Slice","Blade Dance"],"picked":"Poisoned Stab","floor":59},{"not_picked":["hubris:TrickCloak","Sucker Punch","Expertise","All Out Attack"],"picked":"Poisoned Stab","floor":61},{"not_picked":["Draining Mist","Expertise","hubris:Sniper","Sucker Punch","Crippling Poison"],"picked":"SKIP","floor":64},{"not_picked":["Quick Slash","hubris:Sniper","Acrobatics","Backflip"],"picked":"MostiFishMod:PreservedThorns","floor":65},{"not_picked":["Panache","Thinking Ahead","Dark Shackles","expansioncontent:DarkVoid"],"picked":"MostiFishMod:SupremeArchaeology","floor":66},{"not_picked":["Replay:SS_forest_2","Panacea","Enlightenment","Transmutation"],"picked":"expansioncontent:HyperBeam","floor":66},{"not_picked":["ReplayTheSpireMod:Speed Training","PiercingWail","Backflip","Accuracy"],"picked":"Infinite Blades","floor":67},{"not_picked":["Die Die Die","Burst","Bullet Time","A Thousand Cuts"],"picked":"Adrenaline","floor":70},{"not_picked":["infinitespire:Neurotoxin","Burst","ReplayTheSpireMod:Necrosis","MostiFishMod:Confrontation"],"picked":"Storm of Steel","floor":71},{"not_picked":["Bane","MostiFishMod:PoisonShield","Blur","hubris:SlightOfHand"],"picked":"Predator+1","floor":73},{"not_picked":["Hidden Blade","Backflip","Bouncing Flask","Slice+1"],"picked":"Outmaneuver","floor":74},{"not_picked":["MostiFishMod:PoisonShield","ReplayTheSpireMod:Speed Training+1","Underhanded Strike+1","Replay:Bag of Tricks"],"picked":"Cloak And Dagger+1","floor":75},{"not_picked":["Hidden Blade","Escape Plan+1","Underhanded Strike","Terror"],"picked":"Dagger Spray+1","floor":76},{"not_picked":["Hidden Blade+1","Slice+1","ReplayTheSpireMod:The Works","Bouncing Flask+1"],"picked":"Blade Dance","floor":79},{"not_picked":["Prepared","Backflip+1","Outmaneuver","Sneak Up"],"picked":"Flechettes","floor":80},{"not_picked":["Bane","Quick Slash+1","ReplayTheSpireMod:Shiv Toss","Dagger Spray"],"picked":"Accuracy","floor":83},{"not_picked":["Riddle With Holes","MostiFishMod:ThornCasing+1","Calculated Gamble","Draining Mist+1"],"picked":"Hidden Blade+1","floor":86}],"player_experience":330007,"relics_obtained":[{"floor":1,"key":"SynthV:TestCard"},{"floor":4,"key":"Omamori"},{"floor":14,"key":"Replay:Baseball"},{"floor":24,"key":"HollowMod:PaleOreRelic"},{"floor":26,"key":"MawBank"},{"floor":31,"key":"Onion Ring"},{"floor":43,"key":"hubris:CuriousFeather"},{"floor":45,"key":"Replay:Bottled Eggs"},{"floor":56,"key":"InkBottle"},{"floor":61,"key":"hubris:TinFlute"},{"floor":62,"key":"ReplayTheSpireMod:TigerMarble"},{"floor":75,"key":"Ancient Tea Set"},{"floor":79,"key":"Snake Skull"},{"floor":81,"key":"Gremlin Food"},{"floor":83,"key":"Bird Faced Urn"},{"floor":83,"key":"Bottled Flame"}],"event_choices":[{"damage_healed":0,"gold_gain":0,"player_choice":"Ignored","damage_taken":0,"max_hp_gain":0,"max_hp_loss":0,"event_name":"betterNote:BetterNote","floor":2,"gold_loss":0,"cards_obtained":["Slimebound:OozeBath"]},{"damage_healed":0,"gold_gain":0,"player_choice":"Stole Relic","damage_taken":0,"relics_obtained":["infinitespire:BottledMercury"],"max_hp_gain":0,"max_hp_loss":0,"event_name":"Addict","floor":19,"gold_loss":0,"cards_obtained":["Shame"]},{"cards_removed":["Outmaneuver"],"damage_healed":0,"gold_gain":0,"player_choice":"Removed Skill","damage_taken":0,"max_hp_gain":0,"max_hp_loss":0,"event_name":"Falling","floor":40,"gold_loss":0},{"damage_healed":0,"gold_gain":0,"player_choice":"Release","damage_taken":0,"max_hp_gain":0,"max_hp_loss":0,"event_name":"Menagerie:StasisChamber","floor":61,"gold_loss":0},{"damage_healed":0,"gold_gain":4,"player_choice":"1","damage_taken":0,"max_hp_gain":0,"max_hp_loss":0,"event_name":"betterStone:BetterStone","floor":66,"gold_loss":0},{"damage_healed":0,"gold_gain":0,"player_choice":"Chest","damage_taken":0,"relics_obtained":["Elementarium:GolemsHeart"],"max_hp_gain":0,"max_hp_loss":0,"event_name":"Elementarium:AbandonedFactory","floor":77,"gold_loss":0,"cards_obtained":["Pain"]},{"damage_healed":0,"gold_gain":0,"player_choice":"Fight","damage_taken":0,"max_hp_gain":0,"max_hp_loss":0,"event_name":"Elementarium:FireSanctum","floor":83,"gold_loss":0},{"damage_healed":0,"gold_gain":0,"player_choice":"Confrontation","damage_taken":0,"max_hp_gain":0,"max_hp_loss":0,"event_name":"Elementarium:FireSanctum","floor":83,"gold_loss":0}],"is_beta":false,"boss_relics":[{"not_picked":["TimeKeys","Replay:Bronze Core"],"picked":"construct:WeddingRing"},{"not_picked":["hubris:TerracottaHorce","energizedSpire:EnergizedDie"],"picked":"energizedSpire:HighHeels"},{"not_picked":["WristBlade","Runesmith:UraniumAnvil"],"picked":"beaked:MawFillet"},{"not_picked":["HoveringKite","Tiny House"],"picked":"hubris:VirtuousBlindfold"}],"items_purged_floors":[3,3,3,3,3,3,3,8,8,8,8,22,22,25],"is_endless":true,"potions_floor_spawned":[1,14,24,31,32,35,37,47,52,56,58,61,64,69,70,71,76,79,83],"killed_by":"Elementarium:PHOENIXES","ascension_level":0}}