{"host":"w9yruvs4bqht6bhw","time":1609612162,"event":{"mods":["BaseMod","Colored Powertips","Minty Spire (QoL Compilation)"],"gold_per_floor":[111,126,126,28,28,28,40,70,70,70,145,145,157,176,176,176,176],"floor_reached":16,"playtime":444,"items_purged":["Strike_R"],"score":135,"play_id":"787561b3-8fab-4fbf-9c72-6aa44ddae798","local_time":"20210102132922","is_ascension_mode":true,"campfire_choices":[{"floor":6,"key":"DIG"},{"floor":10,"key":"DIG"},{"floor":12,"key":"DIG"},{"floor":15,"key":"DIG"}],"circlet_count":0,"master_deck":["Strike_R","Strike_R","Strike_R","Strike_R","Defend_R","Defend_R","Defend_R","Defend_R","Bash","Cleave","Clothesline","Twin Strike","Shrug It Off","Berserk","Twin Strike","Twin Strike"],"relics":["Burning Blood","Shovel","Ornamental Fan","Gremlin Horn","White Beast Statue","Kunai","Bottled Flame","Juzu Bracelet","Pear","Meat on the Bone"],"acts_visited":["Exordium"],"potions_floor_usage":[8,14,14,16],"damage_taken":[{"damage":15,"enemies":"Cultist","floor":1,"turns":5},{"damage":4,"enemies":"Small Slimes","floor":2,"turns":3},{"damage":2,"enemies":"2 Louse","floor":7,"turns":2},{"damage":14,"enemies":"Gremlin Nob","floor":8,"turns":5},{"damage":11,"enemies":"Exordium Thugs","floor":13,"turns":6},{"damage":15,"enemies":"Exordium Wildlife","floor":14,"turns":5},{"damage":28,"enemies":"Slime Boss","floor":16,"turns":7}],"seed_played":"6756662756676686492","potions_obtained":[{"floor":1,"key":"Ancient Potion"},{"floor":7,"key":"Block Potion"},{"floor":8,"key":"PowerPotion"},{"floor":13,"key":"Explosive Potion"},{"floor":14,"key":"FearPotion"}],"is_trial":false,"path_per_floor":["M","M","T","$","?","R","M","E","T","R","?","R","M","M","R","B"],"character_chosen":"IRONCLAD","items_purchased":["Twin Strike"],"campfire_rested":0,"item_purchase_floors":[4],"current_hp_per_floor":[63,65,65,65,62,62,66,58,58,58,47,57,52,43,43,15,15],"gold":176,"neow_bonus":"ONE_RARE_RELIC","is_daily":false,"chose_seed":false,"campfire_upgraded":0,"win_rate":0.0,"timestamp":1609612162,"path_taken":["M","M","?","$","?","R","M","E","T","R","?","R","M","M","R","BOSS"],"items_purchased_type":["Card"],"build_version":"2020-12-22","purchased_purges":1,"victory":false,"max_hp_per_floor":[72,72,72,72,72,72,72,72,72,72,72,82,82,82,82,82,82],"card_choices":[{"not_picked":["Hemokinesis","Warcry"],"picked":"Cleave","floor":1},{"not_picked":["Heavy Blade","True Grit"],"picked":"Clothesline","floor":2},{"not_picked":["Body Slam","Anger"],"picked":"Shrug It Off","floor":7},{"not_picked":["Wild Strike","Bloodletting"],"picked":"Berserk","floor":8},{"not_picked":["Pummel","Combust"],"picked":"Twin Strike","floor":13},{"not_picked":["Combust","Ghostly Armor"],"picked":"Twin Strike","floor":14}],"player_experience":258413,"relics_obtained":[{"floor":3,"key":"Ornamental Fan"},{"floor":6,"key":"White Beast Statue"},{"floor":8,"key":"Kunai"},{"floor":9,"key":"Bottled Flame"},{"floor":10,"key":"Juzu Bracelet"},{"floor":12,"key":"Pear"},{"floor":15,"key":"Meat on the Bone"}],"event_choices":[{"damage_healed":0,"gold_gain":0,"player_choice":"Success","damage_taken":3,"relics_obtained":["Gremlin Horn"],"max_hp_gain":0,"max_hp_loss":0,"event_name":"Scrap Ooze","floor":5,"gold_loss":0},{"damage_healed":0,"gold_gain":75,"player_choice":"Gather Gold","damage_taken":11,"max_hp_gain":0,"max_hp_loss":0,"event_name":"World of Goop","floor":11,"gold_loss":0}],"is_beta":false,"boss_relics":[],"items_purged_floors":[4],"is_endless":false,"potions_floor_spawned":[1,7,8,13,14],"killed_by":"Slime Boss","ascension_level":7}}