{"host":"jm9833yuloeli2yd","time":1609626009,"event":{"mods":["AchievementEnabler","BaseMod","Better Altar","Better Match","Better Note","Better Sensory Stone","Better Skull","Better Third Choice","Better Vampires","BetterRewards","Colored Map","Colored Powertips","DeckTracker","Marked Mod","Minty Spire (QoL Compilation)","Permanent Neow","Quick Restart","StSLib","SuperFastMode"],"gold_per_floor":[124,133,162,175,201,229,96,96,166,201,230,230,270,289,289,289,289],"floor_reached":16,"playtime":390,"items_purged":["Strike_B"],"score":394,"play_id":"527fd6ed-dcc7-45f7-b3aa-9b7208af7368","local_time":"20210102172009","is_ascension_mode":true,"campfire_choices":[{"floor":8.0,"key":"REST"},{"data":"Apotheosis","floor":12.0,"key":"SMITH"},{"floor":15.0,"key":"REST"}],"circlet_count":0,"master_deck":["AscendersBane","Strike_B","Strike_B","Strike_B","Defend_B","Defend_B","Defend_B","Defend_B","Zap","Dualcast","Apotheosis+1","Capacitor","Melter","Beam Cell","Barrage","Metamorphosis","Loop","Go for the Eyes","FTL","Cold Snap","Genetic Algorithm","Ball Lightning"],"relics":["Cracked Core","Sling","Du-Vu Doll","CeramicFish","Pen Nib","Turnip","Blue Candle","Juzu Bracelet","Regal Pillow"],"acts_visited":["Exordium"],"potions_floor_usage":[16,16],"damage_taken":[{"damage":0.0,"enemies":"Cultist","floor":1.0,"turns":2.0},{"damage":1.0,"enemies":"2 Louse","floor":3.0,"turns":3.0},{"damage":12.0,"enemies":"Small Slimes","floor":4.0,"turns":4.0},{"damage":9.0,"enemies":"Red Slaver","floor":5.0,"turns":3.0},{"damage":11.0,"enemies":"Gremlin Nob","floor":6.0,"turns":3.0},{"damage":0.0,"enemies":"Lagavulin","floor":10.0,"turns":4.0},{"damage":5.0,"enemies":"Gremlin Gang","floor":11.0,"turns":5.0},{"damage":17.0,"enemies":"3 Sentries","floor":13.0,"turns":3.0},{"damage":12.0,"enemies":"Blue Slaver","floor":14.0,"turns":3.0},{"damage":50,"enemies":"The Guardian","floor":16,"turns":8}],"seed_played":"120520651154009904","potions_obtained":[{"floor":1.0,"key":"Swift Potion"},{"floor":6.0,"key":"DuplicationPotion"},{"floor":11.0,"key":"FocusPotion"},{"floor":13.0,"key":"Block Potion"}],"is_trial":false,"path_per_floor":["M","?","M","M","M","E","$","R","T","E","M","R","E","M","R","B"],"character_chosen":"DEFECT","items_purchased":["Sling","Apotheosis","Capacitor","Melter","Beam Cell","CeramicFish","Pen Nib","FTL","CultistPotion"],"campfire_rested":2,"item_purchase_floors":[0,0,0,0,0,0,0,7,7],"current_hp_per_floor":[57,57,56,44,35,24,24,45,45,45,40,40,23,11,47,0,0],"gold":289,"neow_bonus":"","is_daily":false,"chose_seed":false,"campfire_upgraded":1,"win_rate":0.0,"timestamp":1609626009,"path_taken":["M","?","M","M","M","E","$","R","T","E","M","R","E","M","R","BOSS"],"items_purchased_type":["Relic","Card","Card","Card","Card","Relic","Relic","Card","Potion"],"build_version":"2020-12-22","purchased_purges":1,"victory":false,"max_hp_per_floor":[71,71,71,71,71,71,71,71,71,71,71,71,71,71,71,71,71],"card_choices":[{"not_picked":["Sweeping Beam","Hologram"],"picked":"Barrage","floor":1.0},{"not_picked":["Violence","Finesse"],"picked":"Metamorphosis","floor":2.0},{"not_picked":["Redo","Recycle"],"picked":"Loop","floor":3.0},{"not_picked":["Leap","Hologram","Conserve Battery"],"picked":"SKIP","floor":4.0},{"not_picked":["Gash","Barrage"],"picked":"Go for the Eyes","floor":5.0},{"not_picked":["Stack","Creative AI","Sweeping Beam"],"picked":"SKIP","floor":6.0},{"not_picked":["Rebound","Blizzard","Streamline"],"picked":"SKIP","floor":10.0},{"not_picked":["Coolheaded","Meteor Strike"],"picked":"Cold Snap","floor":11.0},{"not_picked":["Darkness","Streamline"],"picked":"Genetic Algorithm","floor":13.0},{"not_picked":["Leap","Blizzard"],"picked":"Ball Lightning","floor":14.0}],"player_experience":1242473,"relics_obtained":[{"floor":6.0,"key":"Turnip"},{"floor":9.0,"key":"Blue Candle"},{"floor":10.0,"key":"Juzu Bracelet"},{"floor":13.0,"key":"Regal Pillow"}],"event_choices":[{"damage_healed":0.0,"max_hp_gain":0.0,"max_hp_loss":0.0,"gold_gain":1.0,"event_name":"betterStone:BetterStone","player_choice":"1","floor":2.0,"gold_loss":0.0,"damage_taken":0.0}],"is_beta":false,"boss_relics":[],"items_purged_floors":[0],"is_endless":false,"potions_floor_spawned":[1,6,11,13,14],"killed_by":"The Guardian","ascension_level":20}}