{"host":"es89jqq87guwhc1m","time":1609572052,"event":{"mods":["BaseMod","Colored Map","DeckTracker","Minty Spire (QoL Compilation)","StSLib","SuperFastMode"],"gold_per_floor":[114,39,53,53,53,80,100,100,100,110,128,140,140,140,140,217,217,236,134,134,150,165,191,204,204,230,230,230,243,243,22,22,99,99,117,117,137,137,152,187,187,187,212,232,249,25,25,42,42,42,42,42,42,70,70],"floor_reached":56,"playtime":4384,"items_purged":["Strike_B","Zap"],"score":1936,"play_id":"160d8d3f-fcf2-4801-84b7-1fe7997cb893","local_time":"20210102162052","is_ascension_mode":true,"campfire_choices":[{"data":"Sunder","floor":8.0,"key":"SMITH"},{"data":"Reprogram","floor":15.0,"key":"SMITH"},{"data":"Seek","floor":25.0,"key":"SMITH"},{"data":"Beam Cell","floor":27.0,"key":"SMITH"},{"data":"Turbo","floor":30.0,"key":"SMITH"},{"data":"Seek","floor":32.0,"key":"SMITH"},{"data":"Buffer","floor":42.0,"key":"SMITH"},{"data":"Hologram","floor":47.0,"key":"SMITH"},{"floor":49.0,"key":"RECALL"},{"data":"Steam Power","floor":52.0,"key":"SMITH"}],"circlet_count":0,"master_deck":["AscendersBane","Strike_B","Defend_B","Defend_B","Defend_B","Defend_B","Gash","Compile Driver","Steam","Gash","Seek+1","Reprogram+1","Echo Form","Stack","Beam Cell+1","Gash","Turbo+1","Conserve Battery","Steam","Seek+1","Rebound","Buffer+1","Hello World+1","Panache","Finesse","Impatience","Hello World","Reinforced Body+1","Compile Driver","Hologram+1","Steam Power+1","All For One","Compile Driver"],"relics":["Cracked Core","NeowsBlessing","Symbiotic Virus","Blue Candle","Bronze Scales","Blood Vial","Coffee Dripper","FaceOfCleric","Potion Belt","Oddly Smooth Stone","SacredBark","Nunchaku","Anchor"],"acts_visited":["Exordium","TheCity","TheBeyond","TheEnding"],"potions_floor_usage":[55],"damage_taken":[{"damage":0.0,"enemies":"Jaw Worm","floor":1.0,"turns":1.0},{"damage":0.0,"enemies":"Small Slimes","floor":3.0,"turns":1.0},{"damage":0.0,"enemies":"Lagavulin","floor":6.0,"turns":1.0},{"damage":0.0,"enemies":"Cultist","floor":7.0,"turns":2.0},{"damage":5.0,"enemies":"Exordium Thugs","floor":10.0,"turns":5.0},{"damage":0.0,"enemies":"Large Slime","floor":11.0,"turns":4.0},{"damage":7.0,"enemies":"Red Slaver","floor":12.0,"turns":4.0},{"damage":18.0,"enemies":"Slime Boss","floor":16.0,"turns":8.0},{"damage":0.0,"enemies":"3 Byrds","floor":18.0,"turns":2.0},{"damage":21.0,"enemies":"Shell Parasite","floor":21.0,"turns":6.0},{"damage":23.0,"enemies":"Shelled Parasite and Fungi","floor":22.0,"turns":4.0},{"damage":4.0,"enemies":"Book of Stabbing","floor":23.0,"turns":4.0},{"damage":6.0,"enemies":"Snecko","floor":24.0,"turns":6.0},{"damage":0.0,"enemies":"Colosseum Slavers","floor":28.0,"turns":4.0},{"damage":0.0,"enemies":"Snake Plant","floor":29.0,"turns":3.0},{"damage":27.0,"enemies":"Champ","floor":33.0,"turns":11.0},{"damage":1.0,"enemies":"Orb Walker","floor":35.0,"turns":4.0},{"damage":16.0,"enemies":"3 Darklings","floor":37.0,"turns":7.0},{"damage":13.0,"enemies":"Writhing Mass","floor":39.0,"turns":6.0},{"damage":36.0,"enemies":"Nemesis","floor":40.0,"turns":7.0},{"damage":0.0,"enemies":"4 Shapes","floor":44.0,"turns":3.0},{"damage":0.0,"enemies":"Transient","floor":45.0,"turns":5.0},{"damage":0.0,"enemies":"Maw","floor":48.0,"turns":5.0},{"damage":0.0,"enemies":"Donu and Deca","floor":50.0,"turns":8.0},{"damage":20.0,"enemies":"Shield and Spear","floor":54.0,"turns":3.0},{"damage":24,"enemies":"The Heart","floor":55,"turns":11}],"seed_played":"8723934064483287179","potions_obtained":[{"floor":7.0,"key":"Energy Potion"},{"floor":10.0,"key":"Explosive Potion"},{"floor":18.0,"key":"Energy Potion"},{"floor":21.0,"key":"Strength Potion"},{"floor":35.0,"key":"Strength Potion"},{"floor":40.0,"key":"EntropicBrew"},{"floor":44.0,"key":"LiquidMemories"},{"floor":54.0,"key":"Block Potion"}],"is_trial":false,"path_per_floor":["M","?","M","?","?","E","M","R","T","M","M","M","T","?","R","B",null,"M","$","?","M","M","E","M","R","T","R","?","M","R","$","R","B",null,"M","?","M","?","M","E","?","R","T","M","M","$","R","M","R","B",null,"R","$","E","B",null],"character_chosen":"DEFECT","items_purchased":["Beam Cell","Seek","Rebound","Steam Power","All For One"],"campfire_rested":0,"item_purchase_floors":[19,31,31,46,46],"current_hp_per_floor":[64,64,64,69,69,69,69,69,69,64,64,57,57,39,39,23,63,65,65,65,47,27,26,23,23,23,23,26,29,29,29,29,5,64,66,56,43,43,33,2,2,2,2,5,8,8,8,11,11,14,72,72,72,55,34],"gold":70,"neow_bonus":"THREE_ENEMY_KILL","is_daily":false,"chose_seed":false,"campfire_upgraded":9,"win_rate":0.0,"timestamp":1609572052,"path_taken":["M","?","M","?","?","E","M","R","T","M","?","M","?","?","R","BOSS","M","$","?","?","?","E","M","R","T","R","?","M","R","$","R","BOSS","M","?","M","?","?","E","?","R","T","M","M","$","R","M","R","BOSS","R","$","E","BOSS"],"items_purchased_type":["Card","Card","Card","Card","Card"],"build_version":"2020-12-22","purchased_purges":2,"victory":true,"max_hp_per_floor":[71,71,71,76,76,76,76,76,76,76,76,76,76,76,76,76,76,76,76,76,77,78,79,80,80,80,80,81,82,82,82,82,83,83,84,84,85,85,86,87,87,87,87,88,89,89,89,90,90,91,91,91,91,92,93],"card_choices":[{"not_picked":["Leap","Doom and Gloom"],"picked":"Gash","floor":1.0},{"not_picked":["Rip and Tear","Redo"],"picked":"Compile Driver","floor":3.0},{"not_picked":["Capacitor","Thunder Strike"],"picked":"Sunder","floor":6.0},{"not_picked":["Coolheaded","Rip and Tear"],"picked":"Steam","floor":7.0},{"not_picked":["Cold Snap","Steam"],"picked":"Gash","floor":10.0},{"not_picked":["Redo","Heatsinks"],"picked":"Seek","floor":11.0},{"not_picked":["Leap","Aggregate"],"picked":"Reprogram","floor":12.0},{"not_picked":["Biased Cognition","Meteor Strike"],"picked":"Echo Form","floor":16.0},{"not_picked":["Sweeping Beam","Storm"],"picked":"Stack","floor":18.0},{"not_picked":["Beam Cell","Leap"],"picked":"Gash","floor":21.0},{"not_picked":["Cold Snap","Redo"],"picked":"Turbo","floor":22.0},{"not_picked":["Force Field","Loop"],"picked":"Conserve Battery","floor":23.0},{"not_picked":["Lockon","Gash","Defragment"],"picked":"SKIP","floor":24.0},{"not_picked":["Lockon","Gash","Defragment"],"picked":"SKIP","floor":24.0},{"not_picked":["Storm","Streamline"],"picked":"Steam","floor":29.0},{"not_picked":["Machine Learning","Reboot"],"picked":"Buffer","floor":33.0},{"not_picked":["Redo","Compile Driver"],"picked":"Hello World+1","floor":35.0},{"not_picked":["Enlightenment","Impatience"],"picked":"Panache","floor":36.0},{"not_picked":["Impatience","Deep Breath"],"picked":"Finesse","floor":36.0},{"not_picked":["Deep Breath","Secret Technique"],"picked":"Impatience","floor":36.0},{"not_picked":["Force Field+1","Coolheaded"],"picked":"Hello World","floor":37.0},{"not_picked":["Force Field","Go for the Eyes+1"],"picked":"Reinforced Body+1","floor":39.0},{"not_picked":["Turbo","Barrage"],"picked":"Compile Driver","floor":40.0},{"not_picked":["Turbo","Electrodynamics"],"picked":"Hologram","floor":44.0},{"not_picked":["Beam Cell","Recycle","Redo"],"picked":"SKIP","floor":45.0},{"not_picked":["Barrage","White Noise"],"picked":"Compile Driver","floor":48.0},{"not_picked":["Streamline","Steam","Barrage+1"],"picked":"SKIP","floor":54.0}],"player_experience":1600540,"relics_obtained":[{"floor":6.0,"key":"Symbiotic Virus"},{"floor":9.0,"key":"Blue Candle"},{"floor":13.0,"key":"Bronze Scales"},{"floor":23.0,"key":"Potion Belt"},{"floor":26.0,"key":"Oddly Smooth Stone"},{"floor":40.0,"key":"Nunchaku"},{"floor":54.0,"key":"Anchor"}],"event_choices":[{"cards_removed":["Strike_B"],"damage_healed":0.0,"max_hp_gain":0.0,"max_hp_loss":0.0,"gold_gain":0.0,"event_name":"The Cleric","player_choice":"Card Removal","floor":2.0,"gold_loss":75.0,"damage_taken":0.0},{"damage_healed":0.0,"max_hp_gain":5.0,"max_hp_loss":0.0,"gold_gain":0.0,"event_name":"Big Fish","player_choice":"Donut","floor":4.0,"gold_loss":0.0,"damage_taken":0.0},{"cards_removed":["Strike_B"],"damage_healed":0.0,"max_hp_gain":0.0,"max_hp_loss":0.0,"gold_gain":0.0,"event_name":"Bonfire Elementals","player_choice":"Offered Basic","floor":5.0,"gold_loss":0.0,"damage_taken":0.0},{"damage_healed":0.0,"max_hp_gain":0.0,"max_hp_loss":0.0,"gold_gain":0.0,"event_name":"Scrap Ooze","player_choice":"Success","floor":14.0,"gold_loss":0.0,"damage_taken":18.0,"relics_obtained":["Blood Vial"]},{"damage_healed":0.0,"max_hp_gain":0.0,"max_hp_loss":0.0,"gold_gain":0.0,"event_name":"FaceTrader","player_choice":"Trade","floor":20.0,"gold_loss":0.0,"damage_taken":0.0,"relics_obtained":["FaceOfCleric"]},{"damage_healed":0.0,"max_hp_gain":0.0,"max_hp_loss":0.0,"gold_gain":0.0,"event_name":"Colosseum","player_choice":"Fight","floor":28.0,"gold_loss":0.0,"damage_taken":0.0},{"damage_healed":0.0,"max_hp_gain":0.0,"max_hp_loss":0.0,"gold_gain":0.0,"event_name":"Colosseum","player_choice":"Fled From Nobs","floor":28.0,"gold_loss":0.0,"damage_taken":0.0},{"damage_healed":0.0,"max_hp_gain":0.0,"max_hp_loss":0.0,"gold_gain":0.0,"event_name":"SensoryStone","player_choice":"Memory 3","floor":36.0,"gold_loss":0.0,"damage_taken":10.0},{"cards_removed":["Dualcast"],"damage_healed":0.0,"max_hp_gain":0.0,"max_hp_loss":0.0,"gold_gain":0.0,"event_name":"Purifier","player_choice":"Purged","floor":38.0,"gold_loss":0.0,"damage_taken":0.0},{"cards_removed":["Sunder"],"damage_healed":0.0,"max_hp_gain":0.0,"max_hp_loss":0.0,"gold_gain":0.0,"event_name":"Falling","player_choice":"Removed Attack","floor":41.0,"gold_loss":0.0,"damage_taken":0.0}],"is_beta":false,"boss_relics":[{"not_picked":["Astrolabe","Velvet Choker"],"picked":"Coffee Dripper"},{"not_picked":["Snecko Eye","Philosopher\u0027s Stone"],"picked":"SacredBark"}],"items_purged_floors":[19,31],"is_endless":false,"potions_floor_spawned":[7,10,18,21,35,40,44,54],"ascension_level":15}}