{"host":"82vjcvwyw2j7afb1","time":1609607225,"event":{"mods":["BaseMod","Colored Map","DeckTracker","Keyboard Shortcuts","Minty Spire (QoL Compilation)","Permanent Neow","Quick Restart","StSLib","SuperFastMode","everything is the same but u backflip on backflip"],"gold_per_floor":[16,16,28,43,59,59,70,145,170,186,200,55,66,101,101,201,201,221,256,181,201,221,221,234,234,285,320,320,333,333,2,2,105,105,124,136,136,36,53,53,53,53,53,53,66,66,79,96,96,96,96],"floor_reached":50,"playtime":3106,"items_purged":["Ball Lightning","Hologram"],"score":495,"play_id":"a0610b12-68fc-4f16-9eee-2cc7634bd3af","local_time":"20210103020705","is_ascension_mode":false,"campfire_choices":[{"data":"Dualcast","floor":6.0,"key":"SMITH"},{"floor":15.0,"key":"REST"},{"data":"Fission","floor":23.0,"key":"SMITH"},{"data":"Rainbow","floor":30.0,"key":"SMITH"},{"floor":32.0,"key":"REST"},{"floor":40.0,"key":"REST"},{"data":"Tempest","floor":42.0,"key":"SMITH"},{"data":"Consume","floor":46.0,"key":"SMITH"},{"data":"Redo","floor":49.0,"key":"SMITH"}],"circlet_count":0,"master_deck":["Defend_B","Defend_B","Zap","Dualcast+1","Glacier","Go for the Eyes","Redo","Rainbow+1","Fission+1","Tempest+1","Consume+1","Capacitor","Bite","Bite","Bite","Bite","Bandage Up","Redo+1","Fission+1","Reboot","Hologram+1","Compile Driver+1","Zap","Self Repair","Undo+1","Blizzard+1"],"relics":["Cracked Core","Art of War","HandDrill","Strawberry","Nuclear Battery","Red Mask","Potion Belt","Toy Ornithopter","DollysMirror","Inserter","Molten Egg 2"],"acts_visited":["Exordium","TheCity","TheBeyond"],"potions_floor_usage":[],"damage_taken":[{"damage":0.0,"enemies":"Cultist","floor":1.0,"turns":3.0},{"damage":0.0,"enemies":"Jaw Worm","floor":3.0,"turns":4.0},{"damage":0.0,"enemies":"Small Slimes","floor":4.0,"turns":3.0},{"damage":2.0,"enemies":"Exordium Wildlife","floor":5.0,"turns":6.0},{"damage":2.0,"enemies":"2 Fungi Beasts","floor":7.0,"turns":3.0},{"damage":10.0,"enemies":"Looter","floor":10.0,"turns":3.0},{"damage":0.0,"enemies":"Red Slaver","floor":11.0,"turns":3.0},{"damage":12.0,"enemies":"Exordium Thugs","floor":13.0,"turns":4.0},{"damage":8.0,"enemies":"Lagavulin","floor":14.0,"turns":4.0},{"damage":5.0,"enemies":"Slime Boss","floor":16.0,"turns":13.0},{"damage":12.0,"enemies":"3 Byrds","floor":18.0,"turns":4.0},{"damage":34.0,"enemies":"Masked Bandits","floor":19.0,"turns":5.0},{"damage":0.0,"enemies":"Chosen","floor":21.0,"turns":3.0},{"damage":4.0,"enemies":"Centurion and Healer","floor":22.0,"turns":6.0},{"damage":2.0,"enemies":"Shelled Parasite and Fungi","floor":24.0,"turns":5.0},{"damage":24.0,"enemies":"Gremlin Leader","floor":27.0,"turns":8.0},{"damage":11.0,"enemies":"Snake Plant","floor":29.0,"turns":4.0},{"damage":12.0,"enemies":"Champ","floor":33.0,"turns":16.0},{"damage":7.0,"enemies":"3 Darklings","floor":35.0,"turns":9.0},{"damage":0.0,"enemies":"3 Shapes","floor":36.0,"turns":3.0},{"damage":101.0,"enemies":"Transient","floor":39.0,"turns":5.0},{"damage":0.0,"enemies":"Writhing Mass","floor":41.0,"turns":1.0},{"damage":7.0,"enemies":"Maw","floor":45.0,"turns":8.0},{"damage":14.0,"enemies":"Sphere and 2 Shapes","floor":47.0,"turns":6.0},{"damage":2.0,"enemies":"3 Darklings","floor":48.0,"turns":6.0},{"damage":71,"enemies":"Awakened One","floor":50,"turns":5}],"seed_played":"7976746586014974712","potions_obtained":[{"floor":4.0,"key":"SkillPotion"},{"floor":5.0,"key":"PotionOfCapacity"},{"floor":7.0,"key":"PowerPotion"},{"floor":11.0,"key":"Weak Potion"},{"floor":14.0,"key":"Block Potion"},{"floor":21.0,"key":"FairyPotion"},{"floor":27.0,"key":"FearPotion"},{"floor":29.0,"key":"Strength Potion"},{"floor":33.0,"key":"SkillPotion"},{"floor":39.0,"key":"SmokeBomb"},{"floor":48.0,"key":"PotionOfCapacity"}],"is_trial":false,"path_per_floor":["M","?","M","M","M","R","M","?","T","M","M","$","M","E","R","B",null,"M","?","?","M","M","R","M","?","T","E","?","M","R","$","R","B",null,"M","M","?","$","M","R","M","R","T","?","M","R","M","M","R","B"],"character_chosen":"DEFECT","items_purchased":["HandDrill","DollysMirror","Dexterity Potion","Swift Potion"],"campfire_rested":3,"item_purchase_floors":[12,31,31,31],"current_hp_per_floor":[75,75,75,75,73,73,71,60,60,50,50,50,38,37,61,56,82,70,36,36,36,32,32,30,30,30,14,14,22,22,22,39,52,57,57,57,57,57,17,34,39,39,39,39,51,51,54,57,57,0,0],"gold":96,"neow_bonus":"REMOVE_TWO","is_daily":false,"chose_seed":false,"campfire_upgraded":6,"win_rate":0.0,"timestamp":1609607225,"path_taken":["M","?","M","M","M","R","M","?","T","M","M","$","M","E","R","BOSS","M","?","?","M","M","R","M","?","T","E","?","M","R","$","R","BOSS","M","M","?","$","M","R","M","R","T","?","M","R","M","M","R","BOSS"],"items_purchased_type":["Relic","Relic","Potion","Potion"],"build_version":"2020-12-22","purchased_purges":2,"victory":false,"max_hp_per_floor":[75,75,75,75,75,75,75,75,75,75,75,75,75,82,82,82,82,82,82,82,82,82,82,82,57,57,57,57,57,57,57,57,57,57,57,57,57,57,57,57,57,57,57,57,57,57,57,57,57,57,57],"card_choices":[{"not_picked":["Gash","Turbo"],"picked":"Glacier","floor":1.0},{"not_picked":["Fusion","Skim","Steam"],"picked":"SKIP","floor":3.0},{"not_picked":["Glacier","Compile Driver"],"picked":"Go for the Eyes","floor":4.0},{"not_picked":["Cold Snap","Chill"],"picked":"Redo","floor":5.0},{"not_picked":["Leap","Go for the Eyes","Gash"],"picked":"SKIP","floor":7.0},{"not_picked":["Coolheaded","Creative AI"],"picked":"Ball Lightning","floor":10.0},{"not_picked":["Steam","Auto Shields"],"picked":"Hologram","floor":11.0},{"not_picked":["Hello World","Turbo","Stack"],"picked":"SKIP","floor":13.0},{"not_picked":["Cold Snap","Compile Driver"],"picked":"Rainbow","floor":14.0},{"not_picked":["All For One","Meteor Strike"],"picked":"Fission","floor":16.0},{"not_picked":["Conserve Battery","Heatsinks","Fusion+1"],"picked":"SKIP","floor":18.0},{"not_picked":["Leap","Reprogram+1"],"picked":"Tempest","floor":19.0},{"not_picked":["Steam","Turbo","Reinforced Body"],"picked":"SKIP","floor":21.0},{"not_picked":["Capacitor","Rebound"],"picked":"Consume","floor":22.0},{"not_picked":["Blizzard","Melter+1"],"picked":"Capacitor","floor":24.0},{"not_picked":["Steam Power","Doom and Gloom","Go for the Eyes+1"],"picked":"SKIP","floor":27.0},{"not_picked":["Scrape+1","Hologram","Compile Driver"],"picked":"SKIP","floor":29.0},{"not_picked":["Creative AI","Machine Learning"],"picked":"Reboot","floor":33.0},{"not_picked":["Sunder+1","Steam+1"],"picked":"Hologram+1","floor":35.0},{"not_picked":["Cold Snap+1","Darkness+1","Auto Shields"],"picked":"SKIP","floor":36.0},{"not_picked":["Gash","Conserve Battery","Rip and Tear+1"],"picked":"SKIP","floor":39.0},{"not_picked":["Go for the Eyes+1","Gash+1"],"picked":"Undo+1","floor":45.0},{"not_picked":["Hologram","Stack"],"picked":"Blizzard+1","floor":47.0},{"not_picked":["Doom and Gloom+1","Sweeping Beam+1","Barrage+1"],"picked":"SKIP","floor":48.0}],"player_experience":50226,"relics_obtained":[{"floor":9.0,"key":"Art of War"},{"floor":14.0,"key":"Strawberry"},{"floor":19.0,"key":"Red Mask"},{"floor":26.0,"key":"Potion Belt"},{"floor":27.0,"key":"Toy Ornithopter"},{"floor":43.0,"key":"Molten Egg 2"}],"event_choices":[{"cards_removed":["Defend_B"],"damage_healed":0.0,"max_hp_gain":0.0,"max_hp_loss":0.0,"gold_gain":0.0,"event_name":"Living Wall","player_choice":"Forget","floor":2.0,"gold_loss":0.0,"damage_taken":0.0},{"damage_healed":0.0,"max_hp_gain":0.0,"max_hp_loss":0.0,"gold_gain":75.0,"event_name":"World of Goop","player_choice":"Gather Gold","floor":8.0,"gold_loss":0.0,"damage_taken":11.0},{"damage_healed":0.0,"max_hp_gain":0.0,"max_hp_loss":0.0,"gold_gain":0.0,"event_name":"Masked Bandits","player_choice":"Fought Bandits","floor":19.0,"gold_loss":0.0,"damage_taken":0.0},{"cards_removed":["Defend_B"],"damage_healed":0.0,"max_hp_gain":0.0,"max_hp_loss":0.0,"gold_gain":0.0,"event_name":"Beggar","player_choice":"Gave Gold","floor":20.0,"gold_loss":75.0,"damage_taken":0.0},{"damage_healed":0.0,"max_hp_gain":0.0,"max_hp_loss":25.0,"gold_gain":0.0,"event_name":"Vampires","player_choice":"Became a vampire","floor":25.0,"gold_loss":0.0,"damage_taken":0.0,"cards_obtained":["Bite","Bite","Bite","Bite","Bite"]},{"damage_healed":0.0,"max_hp_gain":0.0,"max_hp_loss":0.0,"gold_gain":0.0,"event_name":"Match and Keep!","player_choice":"2 cards matched","floor":28.0,"gold_loss":0.0,"damage_taken":0.0,"cards_obtained":["Bandage Up","Redo"]},{"cards_removed":["Bite"],"damage_healed":0.0,"max_hp_gain":0.0,"max_hp_loss":0.0,"gold_gain":0.0,"event_name":"Falling","player_choice":"Removed Attack","floor":37.0,"gold_loss":0.0,"damage_taken":0.0},{"damage_healed":0.0,"max_hp_gain":0.0,"max_hp_loss":0.0,"gold_gain":0.0,"event_name":"Match and Keep!","player_choice":"3 cards matched","floor":44.0,"gold_loss":0.0,"damage_taken":0.0,"cards_obtained":["Compile Driver","Zap","Self Repair"]}],"is_beta":false,"boss_relics":[{"not_picked":["Snecko Eye","Coffee Dripper"],"picked":"Nuclear Battery"},{"not_picked":["Black Star","Cursed Key"],"picked":"Inserter"}],"items_purged_floors":[31,38],"is_endless":false,"potions_floor_spawned":[4,5,7,11,14,21,27,29,33,39,48],"killed_by":"Awakened One","ascension_level":0}}