{"host":"k6u7q08ihsmpx7o5","time":1609553361,"event":{"mods":["BaseMod","Bestiary","Minty Spire (QoL Compilation)","StSLib"],"gold_per_floor":[112,132,147,72,72,72,84,116,140,168,168,181,181,181],"floor_reached":13,"playtime":581,"items_purged":[],"score":190,"play_id":"14eeab8f-9a86-4270-8188-aa3f32570d24","local_time":"20210102030921","is_ascension_mode":true,"campfire_choices":[{"data":"Feel No Pain","floor":6,"key":"SMITH"},{"data":"Demon Form","floor":11,"key":"SMITH"}],"circlet_count":0,"master_deck":["AscendersBane","Strike_R","Strike_R","Strike_R","Defend_R","Defend_R","Defend_R","Defend_R","Bash","Sword Boomerang","Demon Form+1","Feel No Pain+1","Twin Strike","Blood for Blood","Shrug It Off","Sentinel","Fire Breathing"],"relics":["Burning Blood","Omamori","Oddly Smooth Stone","Lantern"],"acts_visited":["Exordium"],"potions_floor_usage":[10,13],"damage_taken":[{"damage":10,"enemies":"Small Slimes","floor":1,"turns":5},{"damage":8,"enemies":"2 Louse","floor":2,"turns":5},{"damage":3,"enemies":"Cultist","floor":3,"turns":4},{"damage":22,"enemies":"3 Louse","floor":7,"turns":5},{"damage":35,"enemies":"Lagavulin","floor":8,"turns":8},{"damage":7,"enemies":"3 Sentries","floor":10,"turns":10},{"damage":17,"enemies":"Blue Slaver","floor":12,"turns":6},{"damage":30,"enemies":"Gremlin Nob","floor":13,"turns":3}],"seed_played":"-1290002359505801094","potions_obtained":[{"floor":3,"key":"ColorlessPotion"},{"floor":8,"key":"Dexterity Potion"},{"floor":12,"key":"Ancient Potion"}],"is_trial":false,"path_per_floor":["M","M","M","?","?","R","M","E","T","E","R","M","E"],"character_chosen":"IRONCLAD","items_purchased":[],"campfire_rested":0,"item_purchase_floors":[],"current_hp_per_floor":[64,62,65,65,70,70,54,25,25,24,24,13,0,0],"gold":181,"neow_bonus":"TRANSFORM_TWO_CARDS","is_daily":false,"chose_seed":false,"campfire_upgraded":2,"win_rate":0.0,"timestamp":1609553361,"path_taken":["M","M","M","?","?","R","M","E","T","E","R","M","E"],"items_purchased_type":[],"build_version":"2020-12-22","purchased_purges":0,"victory":false,"max_hp_per_floor":[75,75,75,75,80,80,80,80,80,80,80,80,80,80],"card_choices":[{"not_picked":["Warcry","True Grit"],"picked":"Feel No Pain","floor":1},{"not_picked":["Body Slam","Sword Boomerang"],"picked":"Twin Strike","floor":2},{"not_picked":["Body Slam","Flex"],"picked":"Blood for Blood","floor":3},{"not_picked":["Iron Wave","Dual Wield","Shockwave"],"picked":"SKIP","floor":7},{"not_picked":["Searing Blow","True Grit"],"picked":"Shrug It Off","floor":8},{"not_picked":["Rage","Sword Boomerang"],"picked":"Sentinel","floor":10},{"not_picked":["Infernal Blade","Clash"],"picked":"Fire Breathing","floor":12}],"player_experience":1915646,"relics_obtained":[{"floor":8,"key":"Omamori"},{"floor":9,"key":"Oddly Smooth Stone"},{"floor":10,"key":"Lantern"}],"event_choices":[{"cards_removed":["Pain"],"damage_healed":0,"gold_gain":0,"player_choice":"Card Removal","damage_taken":0,"max_hp_gain":0,"max_hp_loss":0,"event_name":"The Cleric","floor":4,"gold_loss":75},{"damage_healed":0,"gold_gain":0,"player_choice":"Donut","damage_taken":0,"max_hp_gain":5,"max_hp_loss":0,"event_name":"Big Fish","floor":5,"gold_loss":0}],"is_beta":false,"boss_relics":[],"items_purged_floors":[],"is_endless":false,"potions_floor_spawned":[3,8,12],"killed_by":"Gremlin Nob","ascension_level":20}}