{"host":"wg29woj1pduqw9vg","time":1609574500,"event":{"mods":["BaseMod","Colored Map","Minty Spire (QoL Compilation)","StSLib","The Hierophant"],"gold_per_floor":[141,188,68,116,116,116,178,182,182,213,209,240,48,76,76,205,205,235,235,135,60,60,60,159,176,225,251,251,321,369,369,369,459,459,506,427,427,427,349,349,387,387,387,262,314,314,336,387,387,351],"floor_reached":51,"playtime":2167,"items_purged":["hierophant:Strike_Hierophant","hierophant:Strike_Hierophant","hierophant:Strike_Hierophant"],"score":576,"play_id":"0e9f3d7f-5b88-4f22-b931-9e6b51a6af17","local_time":"20210102000140","is_ascension_mode":false,"campfire_choices":[{"data":"hierophant:Charity","floor":6,"key":"SMITH"},{"data":"hierophant:Doubloon","floor":15,"key":"SMITH"},{"data":"hierophant:Cornucopia","floor":23,"key":"SMITH"},{"data":"hierophant:CursedGold","floor":28,"key":"SMITH"},{"data":"hierophant:HolyVerse","floor":32,"key":"SMITH"},{"floor":40,"key":"REST"},{"floor":42,"key":"REST"},{"floor":46,"key":"REST"},{"floor":49,"key":"REST"}],"circlet_count":0,"master_deck":["hierophant:Punish","hierophant:Defend_Hierophant","hierophant:Defend_Hierophant","hierophant:Defend_Hierophant","hierophant:ChurchCoffers","hierophant:RustyCrate","hierophant:Doubloon","hierophant:Doubloon","hierophant:Doubloon","hierophant:CursedGold+1","hierophant:Doubloon+1","hierophant:Remorse","hierophant:Remorse","hierophant:Doubloon","hierophant:Doubloon","hierophant:Charity+1","hierophant:Blessing","hierophant:Embezzle","Master of Strategy","hierophant:Cornucopia+1","hierophant:HolyVerse+1","hierophant:Determination","hierophant:Exaltation","hierophant:Smite","hierophant:Refuge","hierophant:Doubloon","Parasite","hierophant:Doubloon","hierophant:RecallFunds+1"],"relics":["hierophant:PropheticMaskRelic","Pantograph","Toy Ornithopter","Question Card","Busted Crown","MutagenicStrength","Nunchaku","Fusion Hammer","Centennial Puzzle"],"acts_visited":["Exordium","TheCity","TheBeyond"],"potions_floor_usage":[7,25,30,33,50],"damage_taken":[{"damage":1,"enemies":"Cultist","floor":1,"turns":3},{"damage":0,"enemies":"2 Louse","floor":2,"turns":1},{"damage":0,"enemies":"Small Slimes","floor":4,"turns":3},{"damage":8,"enemies":"3 Louse","floor":7,"turns":2},{"damage":11,"enemies":"Large Slime","floor":8,"turns":3},{"damage":12,"enemies":"3 Sentries","floor":10,"turns":3},{"damage":5,"enemies":"Looter","floor":11,"turns":2},{"damage":6,"enemies":"2 Fungi Beasts","floor":12,"turns":2},{"damage":13,"enemies":"Exordium Wildlife","floor":14,"turns":4},{"damage":22,"enemies":"Slime Boss","floor":16,"turns":7},{"damage":20,"enemies":"2 Thieves","floor":18,"turns":2},{"damage":8,"enemies":"Shell Parasite","floor":25,"turns":2},{"damage":5,"enemies":"Cultist and Chosen","floor":27,"turns":3},{"damage":19,"enemies":"Sentry and Sphere","floor":29,"turns":3},{"damage":0,"enemies":"3 Cultists","floor":30,"turns":3},{"damage":58,"enemies":"Automaton","floor":33,"turns":8},{"damage":0,"enemies":"3 Shapes","floor":35,"turns":2},{"damage":0,"enemies":"3 Darklings","floor":41,"turns":1},{"damage":16,"enemies":"Writhing Mass","floor":45,"turns":3},{"damage":39,"enemies":"Transient","floor":47,"turns":5},{"damage":5,"enemies":"4 Shapes","floor":48,"turns":3},{"damage":52,"enemies":"Donu and Deca","floor":50,"turns":7}],"seed_played":"-292355970375632441","potions_obtained":[{"floor":2,"key":"SteroidPotion"},{"floor":10,"key":"Dexterity Potion"},{"floor":11,"key":"ColorlessPotion"},{"floor":16,"key":"DistilledChaos"},{"floor":25,"key":"LiquidMemories"}],"is_trial":false,"path_per_floor":["M","M","$","M","T","R","M","M","T","E","M","M","$","M","R","B",null,"M","?","$","?","?","R","?","M","T","M","R","M","M","?","R","B",null,"M","$","?","?","$","R","M","R","T","$","M","R","M","M","R","B",null],"character_chosen":"HIEROPHANT","items_purchased":["hierophant:Remorse","Master of Strategy","hierophant:Exaltation","hierophant:Smite","hierophant:Refuge"],"campfire_rested":4,"item_purchase_floors":[3,13,36,36,39],"current_hp_per_floor":[74,74,74,74,74,74,66,62,62,57,52,53,53,47,47,53,75,55,55,55,55,55,55,55,59,59,61,61,49,61,61,61,24,75,75,75,75,75,75,75,75,75,75,75,59,75,43,75,75,30],"gold":351,"neow_bonus":"THREE_CARDS","is_daily":false,"chose_seed":false,"campfire_upgraded":5,"win_rate":0.0,"timestamp":1609574500,"path_taken":["M","?","$","M","?","R","M","M","T","E","?","M","$","M","R","BOSS","M","?","$","?","?","R","?","M","T","M","R","M","M","?","R","BOSS","M","$","?","?","?","R","M","R","T","$","M","R","M","M","R","BOSS"],"items_purchased_type":["Card","Card","Card","Card","Card"],"build_version":"2020-12-22","purchased_purges":3,"victory":true,"max_hp_per_floor":[75,75,75,75,75,75,75,75,75,75,75,75,75,75,75,75,75,75,75,75,75,75,75,75,75,75,75,75,75,75,75,75,75,75,75,75,75,75,75,75,75,75,75,75,75,75,75,75,75,75],"card_choices":[{"not_picked":["hierophant:HammerAndAnvil","hierophant:Doubloon"],"picked":"hierophant:RustyCrate","floor":0},{"not_picked":["hierophant:Doomsaying","hierophant:Purify"],"picked":"hierophant:CursedGold","floor":1},{"not_picked":["hierophant:RustyCrate","hierophant:DisplayOfPower"],"picked":"hierophant:Remorse","floor":2},{"not_picked":["hierophant:Chorus","hierophant:FieryStrike"],"picked":"hierophant:Charity","floor":4},{"not_picked":["hierophant:RecallFunds","hierophant:Exaltation"],"picked":"hierophant:Blessing","floor":7},{"not_picked":["hierophant:SealAway","hierophant:HolyVerse"],"picked":"hierophant:Embezzle","floor":8},{"not_picked":["hierophant:OrnateBuckler","hierophant:EyeForCoin","hierophant:Martyrdom"],"picked":"SKIP","floor":10},{"not_picked":["hierophant:Remorse","hierophant:HolyVerse","hierophant:HammerAndAnvil","hierophant:OrnateJavelin"],"picked":"SKIP","floor":11},{"not_picked":["hierophant:SealAway","hierophant:MorningPrayer","hierophant:RustyCrate","hierophant:FlamingChariot"],"picked":"SKIP","floor":12},{"not_picked":["hierophant:FieryStrike","hierophant:OrnateJavelin","hierophant:RecallFunds","hierophant:MorningPrayer"],"picked":"SKIP","floor":14},{"not_picked":["hierophant:DeathKnell","hierophant:Kindle","hierophant:BulkyChest"],"picked":"hierophant:Cornucopia","floor":16},{"not_picked":["hierophant:PassingBell+1","hierophant:Encroach"],"picked":"SKIP","floor":18},{"not_picked":["hierophant:EyeForCoin","hierophant:Shelter"],"picked":"SKIP","floor":25},{"not_picked":["hierophant:RustyCrate+1","hierophant:Dazzle"],"picked":"SKIP","floor":27},{"not_picked":["hierophant:Exaltation+1","hierophant:Shelter"],"picked":"SKIP","floor":29},{"not_picked":["hierophant:PristineSoul"],"picked":"hierophant:HolyVerse","floor":30},{"not_picked":["hierophant:Batter"],"picked":"hierophant:Determination","floor":33},{"not_picked":["hierophant:RustyCrate","hierophant:Purify"],"picked":"SKIP","floor":35},{"not_picked":["hierophant:EyeForCoin+1","hierophant:Prophecy"],"picked":"SKIP","floor":41},{"not_picked":["hierophant:Smite+1"],"picked":"hierophant:RecallFunds+1","floor":45},{"not_picked":["hierophant:Bribe","hierophant:Exaltation"],"picked":"SKIP","floor":47},{"not_picked":["hierophant:Doubloon","hierophant:WrathOfGod"],"picked":"SKIP","floor":48}],"player_experience":3199,"relics_obtained":[{"floor":5,"key":"Pantograph"},{"floor":9,"key":"Toy Ornithopter"},{"floor":10,"key":"Question Card"},{"floor":26,"key":"Nunchaku"},{"floor":43,"key":"Centennial Puzzle"}],"event_choices":[{"damage_healed":0,"gold_gain":0,"player_choice":"Ignored","damage_taken":0,"max_hp_gain":0,"max_hp_loss":0,"event_name":"Ghosts","floor":19,"gold_loss":0},{"cards_removed":["hierophant:Strike_Hierophant"],"damage_healed":0,"gold_gain":0,"player_choice":"Gave Gold","damage_taken":0,"max_hp_gain":0,"max_hp_loss":0,"event_name":"Beggar","floor":21,"gold_loss":75},{"damage_healed":0,"gold_gain":0,"player_choice":"Inject Mutagens","damage_taken":0,"relics_obtained":["MutagenicStrength"],"max_hp_gain":0,"max_hp_loss":0,"event_name":"Drug Dealer","floor":22,"gold_loss":0},{"damage_healed":0,"gold_gain":99,"player_choice":"Stole From Cult","damage_taken":0,"max_hp_gain":0,"max_hp_loss":0,"event_name":"Nest","floor":24,"gold_loss":0},{"damage_healed":0,"gold_gain":0,"player_choice":"Ignored","damage_taken":0,"max_hp_gain":0,"max_hp_loss":0,"event_name":"Vampires","floor":31,"gold_loss":0},{"damage_healed":0,"gold_gain":0,"player_choice":"Ignored","damage_taken":0,"max_hp_gain":0,"max_hp_loss":0,"event_name":"Tomb of Lord Red Mask","floor":37,"gold_loss":0},{"cards_removed":["hierophant:Defend_Hierophant"],"damage_healed":0,"gold_gain":0,"player_choice":"Removed Skill","damage_taken":0,"max_hp_gain":0,"max_hp_loss":0,"event_name":"Falling","floor":38,"gold_loss":0}],"is_beta":false,"boss_relics":[{"not_picked":["Astrolabe","Ectoplasm"],"picked":"Busted Crown"},{"not_picked":["Tiny House","Runic Pyramid"],"picked":"Fusion Hammer"}],"items_purged_floors":[3,20,44],"is_endless":false,"potions_floor_spawned":[2,10,11,16,18,25,27],"ascension_level":0}}