{"host":"utqe55yv0jihe4d6","time":1609603128,"event":{"mods":["2.2 Compatiblity","AchievementEnabler","BaseMod","Block Reminder","Colored Map","Colored Powertips","Minty Spire (QoL Compilation)","Quick Restart","Rare Cards Sparkle","Relic Stats","SuperFastMode"],"gold_per_floor":[112,124,124,47,57,91,91,6,79,79,94,119,137,171,171,243,243,253,168,139,139,157,188,207,207,207],"floor_reached":25,"playtime":874,"items_purged":[],"score":586,"play_id":"63bae717-b55e-46b0-9532-8919b8664a9b","local_time":"20210102105848","is_ascension_mode":true,"campfire_choices":[{"floor":7.0,"key":"REST"},{"floor":10.0,"key":"REST"},{"data":"ForeignInfluence","floor":15.0,"key":"SMITH"}],"circlet_count":0,"master_deck":["AscendersBane","Strike_P","Strike_P","Strike_P","Strike_P","Defend_P","Defend_P","Defend_P","Defend_P","Eruption","Vigilance","Blasphemy","ForeignInfluence+1","CutThroughFate","TalkToTheHand","ClearTheMind","ReachHeaven","WheelKick","Wallop","SpiritShield","Protect","FlurryOfBlows","DeusExMachina","Wallop+1","EmptyFist","BattleHymn","ThirdEye"],"relics":["PureWater","NlothsMask","Ancient Tea Set","CloakClasp","Mercury Hourglass","Velvet Choker","Lantern","MutagenicStrength","Pear"],"acts_visited":["Exordium","TheCity"],"potions_floor_usage":[],"damage_taken":[{"damage":8.0,"enemies":"Small Slimes","floor":1.0,"turns":4.0},{"damage":0.0,"enemies":"Cultist","floor":2.0,"turns":1.0},{"damage":2.0,"enemies":"Jaw Worm","floor":5.0,"turns":3.0},{"damage":42.0,"enemies":"3 Sentries","floor":6.0,"turns":10.0},{"damage":0.0,"enemies":"2 Fungi Beasts","floor":11.0,"turns":1.0},{"damage":25.0,"enemies":"Gremlin Nob","floor":12.0,"turns":4.0},{"damage":0.0,"enemies":"Blue Slaver","floor":13.0,"turns":1.0},{"damage":3.0,"enemies":"Lagavulin","floor":14.0,"turns":7.0},{"damage":0.0,"enemies":"Slime Boss","floor":16.0,"turns":6.0},{"damage":13.0,"enemies":"Shell Parasite","floor":18.0,"turns":4.0},{"damage":9.0,"enemies":"2 Thieves","floor":20.0,"turns":4.0},{"damage":17,"enemies":"Snake Plant","floor":22,"turns":2},{"damage":6,"enemies":"Book of Stabbing","floor":23,"turns":4},{"damage":7,"enemies":"3 Cultists","floor":24,"turns":5},{"damage":12,"enemies":"Centurion and Healer","floor":25,"turns":1}],"seed_played":"301989985101761005","potions_obtained":[{"floor":1.0,"key":"FearPotion"},{"floor":6.0,"key":"SmokeBomb"},{"floor":11.0,"key":"Ancient Potion"},{"floor":14.0,"key":"DuplicationPotion"},{"floor":22,"key":"LiquidBronze"}],"is_trial":false,"path_per_floor":["M","M","?","$","M","E","R","$","T","R","M","E","M","E","R","B",null,"M","?","M","?","M","E","M","M"],"character_chosen":"WATCHER","items_purchased":["TalkToTheHand","WheelKick"],"campfire_rested":2,"item_purchase_floors":[4,8],"current_hp_per_floor":[53,53,53,53,51,9,27,27,27,45,45,20,20,17,17,17,51,38,38,29,29,12,16,9,0,0],"gold":207,"neow_bonus":"THREE_RARE_CARDS","is_daily":false,"chose_seed":false,"campfire_upgraded":1,"win_rate":0.0,"timestamp":1609603128,"path_taken":["M","M","?","$","M","E","R","?","T","R","M","E","M","E","R","BOSS","M","?","M","?","M","E","M","M"],"items_purchased_type":["Card","Card"],"build_version":"2020-12-22","purchased_purges":0,"victory":false,"max_hp_per_floor":[62,62,62,62,62,62,62,62,62,62,62,62,62,62,62,62,62,62,62,62,62,62,72,72,72,72],"relic_stats":{"counters":[15,57],"CloakClasp":[98],"obtain_stats":[{"Lantern":19,"Pear":23,"MutagenicStrength":21,"Velvet Choker":17,"CloakClasp":12,"PureWater":0,"Ancient Tea Set":6,"NlothsMask":3,"Mercury Hourglass":14},{"Lantern":10,"Pear":13,"MutagenicStrength":11,"Velvet Choker":9,"CloakClasp":6,"PureWater":0,"Ancient Tea Set":4,"NlothsMask":2,"Mercury Hourglass":8},{"Lantern":41,"Pear":51,"MutagenicStrength":45,"Velvet Choker":37,"CloakClasp":23,"PureWater":0,"Ancient Tea Set":18,"NlothsMask":5,"Mercury Hourglass":31}],"Mercury Hourglass":[105]},"card_choices":[{"not_picked":["Scrawl","Wish"],"picked":"Blasphemy","floor":0.0},{"not_picked":["Nirvana","Prostrate"],"picked":"ForeignInfluence","floor":1.0},{"not_picked":["Evaluate","FollowUp"],"picked":"CutThroughFate","floor":2.0},{"not_picked":["PathToVictory","Protect"],"picked":"ClearTheMind","floor":5.0},{"not_picked":["FollowUp","MasterReality"],"picked":"ReachHeaven","floor":6.0},{"not_picked":["EmptyBody","Collect"],"picked":"Wallop","floor":11.0},{"not_picked":["Halt","FollowUp"],"picked":"SpiritShield","floor":12.0},{"not_picked":["ClearTheMind","Perseverance"],"picked":"Protect","floor":13.0},{"not_picked":["FearNoEvil","JustLucky"],"picked":"FlurryOfBlows","floor":14.0},{"not_picked":["ConjureBlade","Alpha"],"picked":"DeusExMachina","floor":16.0},{"not_picked":["FearNoEvil","Perseverance"],"picked":"Wallop+1","floor":18.0},{"not_picked":["Weave","CutThroughFate"],"picked":"EmptyFist","floor":20},{"not_picked":["FlyingSleeves","CutThroughFate"],"picked":"BattleHymn","floor":22},{"not_picked":["Nirvana","Prostrate","JustLucky"],"picked":"SKIP","floor":23},{"not_picked":["Crescendo","WaveOfTheHand"],"picked":"ThirdEye","floor":24}],"player_experience":2914373,"relics_obtained":[{"floor":6.0,"key":"Ancient Tea Set"},{"floor":12.0,"key":"CloakClasp"},{"floor":14.0,"key":"Mercury Hourglass"},{"floor":23,"key":"Pear"}],"event_choices":[{"damage_healed":0.0,"max_hp_gain":0.0,"max_hp_loss":0.0,"gold_gain":0.0,"event_name":"FaceTrader","player_choice":"Trade","floor":3.0,"gold_loss":0.0,"damage_taken":0.0,"relics_obtained":["NlothsMask"]},{"damage_healed":0.0,"max_hp_gain":0.0,"max_hp_loss":0.0,"gold_gain":0.0,"event_name":"Addict","player_choice":"Obtained Relic","floor":19.0,"gold_loss":85.0,"damage_taken":0.0,"relics_obtained":["Lantern"]},{"damage_healed":0,"gold_gain":0,"player_choice":"Inject Mutagens","damage_taken":0,"relics_obtained":["MutagenicStrength"],"max_hp_gain":0,"max_hp_loss":0,"event_name":"Drug Dealer","floor":21,"gold_loss":0}],"is_beta":false,"boss_relics":[{"not_picked":["Busted Crown","Runic Dome"],"picked":"Velvet Choker"}],"items_purged_floors":[],"is_endless":false,"potions_floor_spawned":[1,6,11,14,22,24],"killed_by":"Centurion and Healer","ascension_level":20}}