{"host":"q1ejl7hv5l3527la","time":1609549503,"event":{"mods":["Aspiration","Bard","BaseMod","Better Third Choice","Colored Powertips","Downfall","Energized Spire","Hermit","Highlight Path","Hubris","Infinite Spire","Minty Spire (QoL Compilation)","Replay The Spire","Shop Mod","StSLib","The Bladedancer","The Cursed","The Forsaken","The Juggle","The Jungle","The Runesmith"],"gold_per_floor":[99,110,122,122,136,152,152,152,252,280,280,314,314,344,375,480,480,480,495,512,528,528,528,551,608,608,608,219,69,89,39,56,151,151,151,206,206,226,241,258,258,277,277,291,303,313,313,313,327,327],"floor_reached":51,"playtime":7513,"items_purged":[],"score":651,"play_id":"9d13cb9d-a565-40dc-a0e9-c7701ea193e9","local_time":"20210101190503","is_ascension_mode":false,"campfire_choices":[{"floor":1,"key":"RECALL"},{"floor":11,"key":"REST"},{"floor":13,"key":"REST"},{"floor":18,"key":"DIG"},{"floor":23,"key":"DIG"},{"floor":29,"key":"REST"}],"circlet_count":0,"master_deck":["Slimebound:Strike_Slimebound+1","Slimebound:Strike_Slimebound+1","Slimebound:Strike_Slimebound+1","Slimebound:Tackle","Slimebound:Defend_Slimebound+1","Slimebound:Defend_Slimebound+1","Slimebound:Defend_Slimebound+1","Slimebound:Defend_Slimebound+1","Slimebound:Split","Slimebound:CorrosiveSpit","Slimebound:Equalize","Slimebound:Dissolve","Parasite","Slimebound:SplitMire","Slimebound:SlimeSlap+1","Slimebound:SamplingLick","Slimebound:SplitBruiser","Slimebound:GrowthPunch","Slimebound:LeechEnergy","Slimebound:RejuvenatingLick","Slimebound:OozeBath","Slimebound:TongueLash","Slimebound:LeechEnergy","Slimebound:RainOfGoop","Slimebound:LeechingTouch+1","infinitespire:Starlight","Slimebound:ComboTackle","Slimebound:Gluttony","Slimebound:LeechingTouch","Slimebound:LeechingTouch","Slimebound:AcidTongue","Slimebound:LevelUp+1","Slimebound:LeechEnergy","Slimebound:RallyTheTroops","Slimebound:Equalize","infinitespire:Gouge","Slimebound:PressTheAttack","Slimebound:RejuvenatingLick+1","Slimebound:RainOfGoop+1","blademaster:WrongfulFootwork","Slimebound:LevelUp+1","expansioncontent:AwakenDeath","Slimebound:GoopTackle+1","Slimebound:LevelUp+1","Slimebound:ItLooksTasty","Pain","Slimebound:LeadByExample+1"],"relics":["Slimebound:AbsorbEndCombat","Ring of Fury","ReplayTheSpireMod:Ring of Challenge","hubris:Icosahedron","Potion Belt","energizedSpire:MagnifyingGlass","Replay:Multitool","MealTicket","Omamori","infinitespire:CheckeredPen","Slimebound:AggressiveSlimeRelic","downfall:HeartBlessingBlue","downfall:HeartBlessingRed","Cursed Key","Pet Ghost","Runesmith:Nanobots","WarpedTongs"],"acts_visited":["Exordium","TheCity","TheBeyond"],"potions_floor_usage":[9,16,16,16,16,28,28,28,30,33,33,44,50,50,50],"damage_taken":[{"damage":8,"enemies":"Jaw Worm","floor":2,"turns":3},{"damage":11,"enemies":"Small Slimes","floor":3,"turns":5},{"damage":20,"enemies":"infinitespire:Voidling","floor":5,"turns":2},{"damage":20,"enemies":"3 Louse","floor":6,"turns":3},{"damage":60,"enemies":"downfall:LadyInBlue","floor":9,"turns":9},{"damage":20,"enemies":"Large Slime","floor":10,"turns":3},{"damage":26,"enemies":"Blue Slaver","floor":12,"turns":2},{"damage":20,"enemies":"2 Fungi Beasts","floor":14,"turns":3},{"damage":27,"enemies":"Exordium Wildlife","floor":15,"turns":3},{"damage":24,"enemies":"downfall:Watcher","floor":16,"turns":4},{"damage":48,"enemies":"Shell Parasite","floor":19,"turns":5},{"damage":27,"enemies":"Snake Plant","floor":20,"turns":4},{"damage":37,"enemies":"Chosen and Byrds","floor":21,"turns":6},{"damage":41,"enemies":"Snecko","floor":25,"turns":5},{"damage":37,"enemies":"downfall:FleeingMerchant","floor":28,"turns":4},{"damage":41,"enemies":"Centurion and Healer","floor":30,"turns":3},{"damage":25,"enemies":"Shelled Parasite and Fungi","floor":32,"turns":4},{"damage":47,"enemies":"downfall:Defect","floor":33,"turns":7},{"damage":85,"enemies":"3 Shapes","floor":36,"turns":5},{"damage":28,"enemies":"3 Darklings","floor":38,"turns":4},{"damage":46,"enemies":"Maw","floor":39,"turns":6},{"damage":21,"enemies":"Spire Growth","floor":40,"turns":3},{"damage":14,"enemies":"Sphere and 2 Shapes","floor":42,"turns":3},{"damage":34,"enemies":"3 Darklings","floor":44,"turns":3},{"damage":18,"enemies":"Transient","floor":45,"turns":5},{"damage":39,"enemies":"Jaw Worm Horde","floor":46,"turns":4},{"damage":18,"enemies":"Sphere and 2 Shapes","floor":49,"turns":3},{"damage":96,"enemies":"downfall:Silent","floor":50,"turns":7}],"seed_played":"-6074013323854423990","potions_obtained":[{"floor":2,"key":"GamblersBrew"},{"floor":5,"key":"Toxic Potion"},{"floor":9,"key":"sneckomod:MuddlingPotion"},{"floor":9,"key":"Slimebound:SpawnSlimePotion"},{"floor":9,"key":"Fire Potion"},{"floor":10,"key":"Milkshake"},{"floor":14,"key":"champ:CounterPotion"},{"floor":16,"key":"Swift Potion"},{"floor":19,"key":"Strength Potion"},{"floor":32,"key":"Energy Potion"},{"floor":36,"key":"Fire Potion"},{"floor":39,"key":"Slimebound:SlimedPotion"},{"floor":40,"key":"Energy Potion"},{"floor":45,"key":"Reflective Coating"},{"floor":49,"key":"Strength Potion"}],"is_trial":false,"path_per_floor":["R","M","M","?","M","M","T","?","?","M","R","M","R","M","M","B",null,"R","M","M","M","?","R","T","M","AVR","?","$","R","M","?","M","B",null,"R","M","?","M","M","M","T","M","R","M","M","M","?","?","M","B",null],"character_chosen":"SLIMEBOUND","items_purchased":["Fire Potion","Adrenaline Potion","Slimebound:LeechingTouch","Slimebound:AcidTongue","Slimebound:AggressiveSlimeRelic","champ:CounterPotion"],"campfire_rested":3,"item_purchase_floors":[28,28,28,28,28,28],"current_hp_per_floor":[66,66,63,63,57,59,59,59,37,43,62,56,66,62,51,65,66,66,48,51,58,58,58,58,55,55,55,44,76,74,76,68,68,76,76,27,27,35,61,76,76,76,76,54,76,66,66,66,76,44],"gold":327,"neow_bonus":"TEN_PERCENT_HP_BONUS","is_daily":false,"chose_seed":false,"campfire_upgraded":0,"win_rate":0.0,"timestamp":1609549503,"path_taken":["R","M","M","?","M","M","T","?","?","M","R","M","R","?","M","BOSS","R","M","M","M","?","R","T","M","AVR","?","$","R","M","?","M","BOSS","R","M","?","M","M","M","T","M","R","M","M","M","?","?","M","BOSS"],"items_purchased_type":["Potion","Potion","Card","Card","Relic","Potion"],"build_version":"2020-12-22","purchased_purges":0,"victory":true,"max_hp_per_floor":[66,66,66,66,66,66,66,66,66,66,66,66,66,66,66,66,66,66,66,66,66,66,66,66,66,66,66,66,76,76,76,76,76,76,76,76,76,76,76,76,76,76,76,76,76,76,76,76,76,76],"card_choices":[{"not_picked":["Slimebound:SlimeBarrage","Slimebound:Grow"],"picked":"Slimebound:Equalize","floor":2},{"not_picked":["Slimebound:ComboTackle","Slimebound:SpikyOuterGoop"],"picked":"Slimebound:Dissolve","floor":3},{"not_picked":["Slimebound:Replication","Slimebound:FormOfPuddle"],"picked":"Slimebound:SplitMire","floor":5},{"not_picked":["Slimebound:SlimeBarrage","Slimebound:SplitMire"],"picked":"Slimebound:SlimeSlap","floor":6},{"not_picked":["Slimebound:Repurpose","Slimebound:ViciousTackle"],"picked":"Slimebound:SamplingLick","floor":9},{"not_picked":["Slimebound:FinishingTackle","Slimebound:Repurpose"],"picked":"Slimebound:SplitBruiser","floor":10},{"not_picked":["Slimebound:SplitMire","Slimebound:SplitBruiser"],"picked":"Slimebound:GrowthPunch","floor":12},{"not_picked":["Slimebound:LevelUp","Slimebound:FormOfPuddle"],"picked":"Slimebound:LeechEnergy","floor":14},{"not_picked":["Slimebound:ComboTackle","Slimebound:Schlurp"],"picked":"Slimebound:RejuvenatingLick","floor":15},{"not_picked":["Slimebound:SelfFormingGoo","Slimebound:RallyTheTroops"],"picked":"Slimebound:OozeBath","floor":16},{"not_picked":["Slimebound:SlimeBrawl","Slimebound:SplitBruiser"],"picked":"Slimebound:TongueLash","floor":19},{"not_picked":["Slimebound:SlimeSpikes","Slimebound:SplitBruiser"],"picked":"Slimebound:LeechEnergy","floor":20},{"not_picked":["Slimebound:SplitAcid+1","Slimebound:SplitBruiser"],"picked":"Slimebound:RainOfGoop","floor":21},{"not_picked":["Slimebound:ComboTackle","Slimebound:SplitMire+1"],"picked":"Slimebound:LeechingTouch+1","floor":25},{"not_picked":["Slimebound:FirmFortitude","Slimebound:Dissolve"],"picked":"Slimebound:Gluttony","floor":28},{"not_picked":["Slimebound:SplitAcid","Slimebound:GoopSpray"],"picked":"Slimebound:LevelUp+1","floor":30},{"not_picked":["Slimebound:LeechingTouch+1","Slimebound:SlimeSpikes"],"picked":"Slimebound:LeechEnergy","floor":32},{"not_picked":["Slimebound:MinionMaster","Slimebound:DouseInSlime"],"picked":"Slimebound:RallyTheTroops","floor":33},{"not_picked":["Slimebound:GoopSpray","Slimebound:SpikyOuterGoop+1"],"picked":"Slimebound:Equalize","floor":36},{"not_picked":["infinitespire:TheBestDefense","ReplayTheSpireMod:Black Plague"],"picked":"infinitespire:Gouge","floor":37},{"not_picked":["Slimebound:Grow","Slimebound:FinishingTackle+1"],"picked":"Slimebound:PressTheAttack","floor":38},{"not_picked":["Slimebound:Repurpose+1","Slimebound:LivingWall"],"picked":"Slimebound:RejuvenatingLick+1","floor":39},{"not_picked":["Slimebound:LeechEnergy+1","Slimebound:ViciousTackle"],"picked":"Slimebound:RainOfGoop+1","floor":40},{"not_picked":["Slimebound:LeechEnergy+1","Slimebound:Repurpose+1"],"picked":"Slimebound:LevelUp+1","floor":42},{"not_picked":["expansioncontent:PolyBeam","expansioncontent:ChargeUp"],"picked":"expansioncontent:AwakenDeath","floor":43},{"not_picked":["Slimebound:ProtectTheBoss+1","Slimebound:SlimeSpikes+1"],"picked":"Slimebound:GoopTackle+1","floor":44},{"not_picked":["Slimebound:GrowthPunch","Slimebound:Grow"],"picked":"Slimebound:LevelUp+1","floor":45},{"not_picked":["Slimebound:SplitBruiser","Slimebound:SlimeSpikes"],"picked":"Slimebound:ItLooksTasty","floor":46},{"not_picked":["Slimebound:BestDefense","Slimebound:Chomp"],"picked":"Slimebound:LeadByExample+1","floor":49}],"player_experience":54466,"relics_obtained":[{"floor":4,"key":"Ring of Fury"},{"floor":4,"key":"ReplayTheSpireMod:Ring of Challenge"},{"floor":9,"key":"Potion Belt"},{"floor":18,"key":"Replay:Multitool"},{"floor":23,"key":"MealTicket"},{"floor":24,"key":"Omamori"},{"floor":36,"key":"Pet Ghost"},{"floor":41,"key":"Runesmith:Nanobots"}],"event_choices":[{"damage_healed":0,"gold_gain":0,"player_choice":"Simplicity","damage_taken":0,"max_hp_gain":0,"max_hp_loss":7,"event_name":"betterThird:BetterWriting","floor":22,"gold_loss":0},{"damage_healed":0,"gold_gain":0,"player_choice":"Read","damage_taken":0,"max_hp_gain":0,"max_hp_loss":0,"event_name":"The Library","floor":27,"gold_loss":0,"cards_obtained":["Slimebound:ComboTackle"]},{"damage_healed":0,"gold_gain":0,"player_choice":"Rummage","damage_taken":0,"relics_obtained":["WarpedTongs"],"max_hp_gain":0,"max_hp_loss":0,"event_name":"Accursed Blacksmith","floor":48,"gold_loss":0,"cards_obtained":["Pain"]}],"is_beta":false,"boss_relics":[{"not_picked":["Replay:Wanted Poster","hubris:BlackHole"],"picked":"energizedSpire:MagnifyingGlass"},{"not_picked":["Coffee Dripper","Runic Dome"],"picked":"Cursed Key"}],"items_purged_floors":[],"is_endless":false,"potions_floor_spawned":[2,5,10,14,16,19,32,36,39,40,45,49],"ascension_level":0}}