{"host":"q9718omregw4er46","time":1609583553,"event":{"mods":["BaseMod","Bestiary","Colored Powertips","Minty Spire (QoL Compilation)","Quick Restart","Relic Stats"],"gold_per_floor":[109,124,124,124,137,137,165,165,165,198,208,220,249,274,274,347,347,362,362,379,379,399,399,424,349,349,363,398,161,161,172,172,249,249,264,276,276,115,129,129,163,182,182,210,226,251,251,284,284,284,284,284,284,75,106,106],"floor_reached":57,"playtime":4475,"items_purged":["Defend_P+1"],"score":3010,"play_id":"75b25720-ba9a-42df-b9fa-5b5501bbc884","local_time":"20210102153233","is_ascension_mode":true,"campfire_choices":[{"data":"Wallop","floor":6.0,"key":"SMITH"},{"data":"FollowUp","floor":8.0,"key":"SMITH"},{"data":"EmptyMind","floor":15.0,"key":"SMITH"},{"floor":23.0,"key":"REST"},{"data":"Meditate","floor":30.0,"key":"SMITH"},{"data":"Vault","floor":32.0,"key":"SMITH"},{"data":"Scrawl","floor":40.0,"key":"SMITH"},{"floor":47.0,"key":"RECALL"},{"data":"CrushJoints","floor":49.0,"key":"SMITH"},{"data":"Eruption","floor":53,"key":"SMITH"}],"circlet_count":0,"master_deck":["AscendersBane","Defend_P+1","Defend_P+1","Defend_P+1","Eruption+1","Vigilance","Wallop+1","FollowUp+1","Adaptation","Consecrate","Scrawl+1","EmptyMind+1","Vault+1","CurseOfTheBell","Meditate+1","Tantrum","Evaluate+1","MentalFortress+1","Omniscience+1","CrushJoints+1","Vengeance+1","FlurryOfBlows","Wireheading","Adaptation+1","ForeignInfluence+1","LikeWater+1","Perseverance+1","Wallop","Wireheading+1"],"relics":["PureWater","NeowsBlessing","Eternal Feather","Toy Ornithopter","Du-Vu Doll","MealTicket","Odd Mushroom","Calling Bell","Omamori","Matryoshka","Bird Faced Urn","Necronomicon","Toxic Egg 2","Dream Catcher","Gremlin Horn","Regal Pillow","Bronze Scales","SlaversCollar","Pen Nib","Mango","Frozen Egg 2","PreservedInsect","Yang","HornCleat","Boot"],"acts_visited":["Exordium","TheCity","TheBeyond","TheEnding"],"potions_floor_usage":[51,56],"damage_taken":[{"damage":0.0,"enemies":"Cultist","floor":1.0,"turns":1.0},{"damage":0.0,"enemies":"Small Slimes","floor":2.0,"turns":1.0},{"damage":0.0,"enemies":"2 Louse","floor":5.0,"turns":1.0},{"damage":5.0,"enemies":"Lagavulin","floor":7.0,"turns":7.0},{"damage":0.0,"enemies":"Gremlin Nob","floor":10.0,"turns":3.0},{"damage":0.0,"enemies":"Looter","floor":11.0,"turns":3.0},{"damage":4.0,"enemies":"Exordium Thugs","floor":12.0,"turns":6.0},{"damage":2.0,"enemies":"Lagavulin","floor":13.0,"turns":6.0},{"damage":0.0,"enemies":"The Mushroom Lair","floor":14.0,"turns":3.0},{"damage":48.0,"enemies":"Slime Boss","floor":16.0,"turns":10.0},{"damage":16.0,"enemies":"Shell Parasite","floor":18.0,"turns":3.0},{"damage":14.0,"enemies":"2 Thieves","floor":20.0,"turns":4.0},{"damage":0.0,"enemies":"Centurion and Healer","floor":22.0,"turns":4.0},{"damage":13.0,"enemies":"Book of Stabbing","floor":24.0,"turns":4.0},{"damage":3.0,"enemies":"Shelled Parasite and Fungi","floor":27.0,"turns":4.0},{"damage":0.0,"enemies":"Gremlin Leader","floor":28.0,"turns":4.0},{"damage":12.0,"enemies":"Snake Plant","floor":31.0,"turns":4.0},{"damage":15.0,"enemies":"Collector","floor":33.0,"turns":8.0},{"damage":0.0,"enemies":"Orb Walker","floor":35.0,"turns":2.0},{"damage":10.0,"enemies":"3 Darklings","floor":36.0,"turns":5.0},{"damage":19.0,"enemies":"Transient","floor":39.0,"turns":7.0},{"damage":0.0,"enemies":"Reptomancer","floor":41.0,"turns":3.0},{"damage":21.0,"enemies":"Writhing Mass","floor":42.0,"turns":4.0},{"damage":30.0,"enemies":"Nemesis","floor":44.0,"turns":6.0},{"damage":0.0,"enemies":"4 Shapes","floor":45.0,"turns":5.0},{"damage":0.0,"enemies":"Reptomancer","floor":46.0,"turns":3.0},{"damage":26.0,"enemies":"Nemesis","floor":48.0,"turns":4.0},{"damage":54.0,"enemies":"Time Eater","floor":50.0,"turns":9.0},{"damage":18,"enemies":"Donu and Deca","floor":51,"turns":5},{"damage":38,"enemies":"Shield and Spear","floor":55,"turns":7},{"damage":11,"enemies":"The Heart","floor":56,"turns":9}],"seed_played":"-6551635667190215019","potions_obtained":[{"floor":1.0,"key":"Block Potion"},{"floor":2.0,"key":"Dexterity Potion"},{"floor":11.0,"key":"LiquidMemories"},{"floor":13.0,"key":"SkillPotion"},{"floor":18.0,"key":"GamblersBrew"},{"floor":27.0,"key":"FearPotion"},{"floor":42.0,"key":"AttackPotion"},{"floor":44.0,"key":"BottledMiracle"},{"floor":46.0,"key":"Strength Potion"}],"is_trial":false,"path_per_floor":["M","M","?","?","M","R","E","R","T","E","M","M","E","?","R","B",null,"M","?","M","?","M","R","E","?","T","M","E","$","R","M","R","B",null,"M","M","?","$","M","R","E","M","T","E","M","E","R","E","R","B","B",null,"R","$","E","B",null],"character_chosen":"WATCHER","items_purchased":["Bronze Scales","Pen Nib","Wallop","Strength Potion","Wireheading+1"],"campfire_rested":1,"item_purchase_floors":[29,38,54,54,54],"current_hp_per_floor":[61,61,54,54,54,54,49,55,55,55,55,56,54,54,63,20,56,42,42,30,9,11,40,32,32,32,31,33,48,57,49,58,47,63,67,60,60,68,51,63,81,63,63,43,51,57,72,56,71,27,26,68,82,82,52,60],"gold":106,"neow_bonus":"THREE_ENEMY_KILL","is_daily":false,"chose_seed":false,"campfire_upgraded":8,"win_rate":0.0,"timestamp":1609583553,"path_taken":["M","?","?","?","?","R","E","R","T","E","M","M","E","?","R","BOSS","M","?","M","?","M","R","E","?","T","M","E","$","R","M","R","BOSS","M","M","?","$","M","R","E","?","T","E","M","E","R","E","R","BOSS","BOSS","R","$","E","BOSS"],"items_purchased_type":["Relic","Relic","Card","Potion","Card"],"build_version":"2020-12-22","purchased_purges":1,"victory":true,"max_hp_per_floor":[68,68,68,68,68,68,68,68,68,68,68,68,68,68,68,68,68,68,68,68,68,68,68,68,68,68,68,68,68,68,68,68,68,68,68,68,68,68,68,68,82,82,82,82,82,82,82,82,82,82,82,82,82,82,82,82],"relic_stats":{"Regal Pillow":0,"Gremlin Horn":[22,22],"counters":[31,145],"Eternal Feather":98,"Yang":[99],"Pen Nib":[17],"PreservedInsect":187,"Boot":[0],"Dream Catcher":0,"Bird Faced Urn":[112],"Bronze Scales":[246],"MealTicket":23,"Necronomicon":[44],"obtain_stats":[{"Regal Pillow":28,"Gremlin Horn":26,"Mango":41,"Yang":46,"Boot":55,"Dream Catcher":26,"Matryoshka":17,"HornCleat":48,"MealTicket":13,"Necronomicon":21,"Toxic Egg 2":24,"NeowsBlessing":0,"Eternal Feather":7,"Pen Nib":38,"PreservedInsect":44,"Omamori":17,"Odd Mushroom":14,"Frozen Egg 2":43,"Du-Vu Doll":10,"Calling Bell":17,"SlaversCollar":34,"Bird Faced Urn":17,"Bronze Scales":29,"PureWater":0,"Toy Ornithopter":9},{"Regal Pillow":16,"Gremlin Horn":14,"Mango":22,"Yang":26,"Boot":30,"Dream Catcher":14,"Matryoshka":10,"HornCleat":27,"MealTicket":8,"Necronomicon":12,"Toxic Egg 2":14,"NeowsBlessing":0,"Eternal Feather":4,"Pen Nib":20,"PreservedInsect":24,"Omamori":10,"Odd Mushroom":9,"Frozen Egg 2":23,"Du-Vu Doll":5,"Calling Bell":10,"SlaversCollar":18,"Bird Faced Urn":10,"Bronze Scales":16,"PureWater":0,"Toy Ornithopter":4},{"Regal Pillow":64,"Gremlin Horn":56,"Mango":93,"Yang":111,"Boot":136,"Dream Catcher":56,"Matryoshka":41,"HornCleat":115,"MealTicket":28,"Necronomicon":48,"Toxic Egg 2":56,"NeowsBlessing":0,"Eternal Feather":10,"Pen Nib":83,"PreservedInsect":103,"Omamori":41,"Odd Mushroom":31,"Frozen Egg 2":97,"Du-Vu Doll":13,"Calling Bell":41,"SlaversCollar":76,"Bird Faced Urn":41,"Bronze Scales":64,"PureWater":0,"Toy Ornithopter":10}],"Toy Ornithopter":25},"card_choices":[{"not_picked":["EmptyMind","CrushJoints"],"picked":"Wallop","floor":1.0},{"not_picked":["Consecrate","Evaluate"],"picked":"FollowUp","floor":2.0},{"not_picked":["Pray","Study"],"picked":"Adaptation","floor":5.0},{"not_picked":["Pray","CutThroughFate"],"picked":"Consecrate","floor":7.0},{"not_picked":["Establishment","WindmillStrike"],"picked":"Scrawl","floor":10.0},{"not_picked":["Consecrate","BowlingBash","FlyingSleeves"],"picked":"SKIP","floor":11.0},{"not_picked":["FollowUp","ForeignInfluence"],"picked":"EmptyMind","floor":12.0},{"not_picked":["Establishment","Swivel","FollowUp"],"picked":"SKIP","floor":13.0},{"not_picked":["Devotion","Brilliance"],"picked":"Vault","floor":16.0},{"not_picked":["WindmillStrike","Worship"],"picked":"Meditate","floor":18.0},{"not_picked":["FollowUp","Collect"],"picked":"Tantrum","floor":20.0},{"not_picked":["Nirvana","FollowUp","ThirdEye"],"picked":"SKIP","floor":22.0},{"not_picked":["EmptyBody+1","FlurryOfBlows","ThirdEye+1"],"picked":"SKIP","floor":24.0},{"not_picked":["CutThroughFate","Protect+1"],"picked":"Evaluate+1","floor":27.0},{"not_picked":["MasterReality","Protect+1"],"picked":"MentalFortress+1","floor":28.0},{"not_picked":["SignatureMove","ClearTheMind+1","Protect+1"],"picked":"SKIP","floor":31.0},{"not_picked":["ConjureBlade+1","Devotion"],"picked":"Omniscience+1","floor":33.0},{"not_picked":["ClearTheMind+1","ThirdEye+1","EmptyFist"],"picked":"SKIP","floor":35.0},{"not_picked":["Worship+1","CrushJoints","Consecrate+1"],"picked":"SKIP","floor":36.0},{"not_picked":["Worship+1","Consecrate+1"],"picked":"CrushJoints","floor":36.0},{"not_picked":["Perseverance+1","Protect+1"],"picked":"FlurryOfBlows","floor":39.0},{"not_picked":["PathToVictory+1","CarveReality"],"picked":"Wireheading","floor":41.0},{"not_picked":["Collect+1","Protect+1"],"picked":"Adaptation+1","floor":42.0},{"not_picked":["WreathOfFlame+1","ThirdEye+1","Prostrate+1"],"picked":"SKIP","floor":44.0},{"not_picked":["FlyingSleeves+1","Protect+1"],"picked":"ForeignInfluence+1","floor":45.0},{"not_picked":["Blasphemy+1","BowlingBash"],"picked":"LikeWater+1","floor":46.0},{"not_picked":["Crescendo+1","SignatureMove"],"picked":"Perseverance+1","floor":48.0},{"not_picked":["SignatureMove","FlyingSleeves","SandsOfTime+1"],"picked":"SKIP","floor":55}],"player_experience":1154449,"relics_obtained":[{"floor":7.0,"key":"Eternal Feather"},{"floor":9.0,"key":"Toy Ornithopter"},{"floor":10.0,"key":"Du-Vu Doll"},{"floor":13.0,"key":"MealTicket"},{"floor":14.0,"key":"Odd Mushroom"},{"floor":17.0,"key":"Omamori"},{"floor":17.0,"key":"Matryoshka"},{"floor":17.0,"key":"Bird Faced Urn"},{"floor":21.0,"key":"Necronomicon"},{"floor":24.0,"key":"Toxic Egg 2"},{"floor":26.0,"key":"Dream Catcher"},{"floor":26.0,"key":"Gremlin Horn"},{"floor":28.0,"key":"Regal Pillow"},{"floor":41.0,"key":"Mango"},{"floor":43.0,"key":"Frozen Egg 2"},{"floor":44.0,"key":"PreservedInsect"},{"floor":46.0,"key":"Yang"},{"floor":48.0,"key":"HornCleat"},{"floor":55,"key":"Boot"}],"event_choices":[{"cards_removed":["Strike_P"],"damage_healed":0.0,"max_hp_gain":0.0,"max_hp_loss":0.0,"gold_gain":0.0,"event_name":"Golden Wing","player_choice":"Card Removal","floor":3.0,"gold_loss":0.0,"damage_taken":7.0},{"cards_removed":["Strike_P"],"damage_healed":0.0,"max_hp_gain":0.0,"max_hp_loss":0.0,"gold_gain":0.0,"event_name":"Wheel of Change","player_choice":"Card Removal","floor":4.0,"gold_loss":0.0,"damage_taken":0.0},{"damage_healed":0.0,"max_hp_gain":0.0,"max_hp_loss":0.0,"gold_gain":0.0,"event_name":"Mushrooms","player_choice":"Fought Mushrooms","floor":14.0,"gold_loss":0.0,"damage_taken":0.0},{"damage_healed":0.0,"max_hp_gain":0.0,"max_hp_loss":0.0,"gold_gain":0.0,"event_name":"Back to Basics","player_choice":"Simplicity","floor":19.0,"gold_loss":0.0,"damage_taken":0.0,"cards_upgraded":["Strike_P","Strike_P","Defend_P","Defend_P","Defend_P","Defend_P"]},{"damage_healed":0.0,"max_hp_gain":0.0,"max_hp_loss":0.0,"gold_gain":0.0,"event_name":"Cursed Tome","player_choice":"Obtained Book","floor":21.0,"gold_loss":0.0,"damage_taken":21.0},{"cards_removed":["Strike_P"],"damage_healed":0.0,"max_hp_gain":0.0,"max_hp_loss":0.0,"gold_gain":0.0,"event_name":"Beggar","player_choice":"Gave Gold","floor":25.0,"gold_loss":75.0,"damage_taken":0.0},{"damage_healed":0.0,"max_hp_gain":0.0,"max_hp_loss":0.0,"gold_gain":0.0,"cards_transformed":["Strike_P"],"event_name":"Transmorgrifier","player_choice":"Transformed","floor":37.0,"gold_loss":0.0,"damage_taken":0.0,"cards_obtained":["Vengeance"]}],"is_beta":false,"boss_relics":[{"not_picked":["SacredBark","Busted Crown"],"picked":"Calling Bell"},{"not_picked":["Runic Pyramid","Empty Cage"],"picked":"SlaversCollar"}],"items_purged_floors":[29],"is_endless":false,"potions_floor_spawned":[1,2,11,13,14,18,20,27,28,35,41,42,44,46],"ascension_level":20}}