{"host":"6azrrw3tf7wb0f4b","time":1609571834,"event":{"mods":["BaseMod","DeckTracker","Minty Spire (QoL Compilation)","SuperFastMode"],"gold_per_floor":[119,132,145,145,145,180,180,219,219,219,219,190,229,242,242,368,368,387,486,36,56,56,56,89,104,104,124,124,124],"floor_reached":28,"playtime":507,"items_purged":[],"score":397,"play_id":"7c5c1e2c-4b73-40d3-8876-ea8517acf7e1","local_time":"20210102161714","is_ascension_mode":true,"campfire_choices":[{"floor":7,"key":"REST"},{"floor":11,"key":"REST"},{"floor":15,"key":"REST"},{"floor":23,"key":"REST"}],"circlet_count":0,"master_deck":["AscendersBane","Strike_B","Strike_B","Strike_B","Defend_B","Defend_B","Defend_B","Defend_B","Zap","Dualcast","Doom and Gloom","Ball Lightning","Genetic Algorithm","Gash","Biased Cognition+1","Barrage","Hologram+1","Turbo+1","Rainbow+1","Storm+1","BootSequence+1","Storm+1","Static Discharge+1","Redo+1","Chaos+1","Conserve Battery+1"],"relics":["Cracked Core","Boot","Golden Idol","Frozen Egg 2","Cables","Ornamental Fan","The Courier","Toxic Egg 2","Snecko Eye","Gambling Chip","Singing Bowl","TungstenRod"],"acts_visited":["Exordium","TheCity"],"potions_floor_usage":[6,13,13,16,24,27,28],"damage_taken":[{"damage":8,"enemies":"Small Slimes","floor":1,"turns":3},{"damage":7,"enemies":"Jaw Worm","floor":2,"turns":4},{"damage":9,"enemies":"2 Louse","floor":3,"turns":2},{"damage":25,"enemies":"Lagavulin","floor":6,"turns":7},{"damage":18,"enemies":"Gremlin Nob","floor":8,"turns":3},{"damage":26,"enemies":"3 Sentries","floor":13,"turns":5},{"damage":18,"enemies":"Large Slime","floor":14,"turns":2},{"damage":28,"enemies":"Slime Boss","floor":16,"turns":7},{"damage":21,"enemies":"Spheric Guardian","floor":18,"turns":4},{"damage":8,"enemies":"3 Byrds","floor":21,"turns":2},{"damage":29,"enemies":"Book of Stabbing","floor":24,"turns":4},{"damage":0,"enemies":"Centurion and Healer","floor":25,"turns":3},{"damage":12,"enemies":"Snecko","floor":27,"turns":3},{"damage":8,"enemies":"Slavers","floor":28,"turns":1}],"seed_played":"-7497006049903393845","potions_obtained":[{"floor":1,"key":"PowerPotion"},{"floor":2,"key":"LiquidBronze"},{"floor":8,"key":"Regen Potion"},{"floor":13,"key":"SkillPotion"},{"floor":16,"key":"SpeedPotion"},{"floor":21,"key":"DuplicationPotion"},{"floor":25,"key":"DistilledChaos"}],"is_trial":false,"path_per_floor":["M","M","M","?","?","E","R","E","T","T","R","?","E","M","R","B",null,"M","?","$","M","?","R","E","M","T","M","E"],"character_chosen":"DEFECT","items_purchased":["Storm+1","Gambling Chip","BootSequence+1","Storm+1","Static Discharge+1"],"campfire_rested":4,"item_purchase_floors":[20,20,20,20,20],"current_hp_per_floor":[60,53,44,44,44,19,39,21,21,21,41,41,29,11,31,3,53,32,32,32,24,24,44,15,17,17,5,0,0],"gold":124,"neow_bonus":"RANDOM_COMMON_RELIC","is_daily":false,"chose_seed":false,"campfire_upgraded":0,"win_rate":0.0,"timestamp":1609571834,"path_taken":["M","M","M","?","?","E","R","E","T","?","R","?","E","M","R","BOSS","M","?","$","M","?","R","E","M","T","M","E"],"items_purchased_type":["Card","Relic","Card","Card","Card"],"build_version":"2020-12-22","purchased_purges":0,"victory":false,"max_hp_per_floor":[75,75,75,69,69,69,69,69,69,69,69,69,69,69,69,69,69,69,69,69,69,69,69,69,71,71,71,71,71],"card_choices":[{"not_picked":["Glacier","Hologram"],"picked":"Doom and Gloom","floor":1},{"not_picked":["Steam","FTL"],"picked":"Ball Lightning","floor":2},{"not_picked":["Beam Cell","Barrage"],"picked":"Genetic Algorithm","floor":3},{"not_picked":["Stack","Steam Power"],"picked":"Biased Cognition+1","floor":6},{"not_picked":["Sunder","Compile Driver"],"picked":"Barrage","floor":8},{"not_picked":["Leap+1","Ball Lightning"],"picked":"Hologram+1","floor":13},{"not_picked":["Streamline","Doom and Gloom"],"picked":"Turbo+1","floor":14},{"not_picked":["Buffer+1","Multi-Cast+1"],"picked":"Rainbow+1","floor":16},{"not_picked":["Barrage","Sweeping Beam+1","Scrape"],"picked":"SKIP","floor":18},{"not_picked":["Streamline+1","Consume+1"],"picked":"Redo+1","floor":21},{"not_picked":["Barrage","Skim+1"],"picked":"Chaos+1","floor":24},{"not_picked":["Ball Lightning","FTL","Reprogram+1"],"picked":"Singing Bowl","floor":25},{"not_picked":["Steam+1","Turbo+1"],"picked":"Conserve Battery+1","floor":27}],"player_experience":661366,"relics_obtained":[{"floor":6,"key":"Frozen Egg 2"},{"floor":8,"key":"Cables"},{"floor":9,"key":"Ornamental Fan"},{"floor":10,"key":"The Courier"},{"floor":13,"key":"Toxic Egg 2"},{"floor":24,"key":"Singing Bowl"},{"floor":26,"key":"TungstenRod"}],"event_choices":[{"damage_healed":0,"gold_gain":0,"player_choice":"Lose Max HP","damage_taken":0,"relics_obtained":["Golden Idol"],"max_hp_gain":0,"max_hp_loss":6,"event_name":"Golden Idol","floor":4,"gold_loss":0},{"damage_healed":0,"gold_gain":0,"cards_transformed":["Strike_B"],"player_choice":"Change","damage_taken":0,"max_hp_gain":0,"max_hp_loss":0,"event_name":"Living Wall","floor":5,"gold_loss":0,"cards_obtained":["Gash"]},{"damage_healed":0,"gold_gain":0,"player_choice":"Left Gold","damage_taken":0,"max_hp_gain":0,"max_hp_loss":0,"event_name":"World of Goop","floor":12,"gold_loss":29},{"damage_healed":0,"gold_gain":99,"player_choice":"Stole From Cult","damage_taken":0,"max_hp_gain":0,"max_hp_loss":0,"event_name":"Nest","floor":19,"gold_loss":0},{"damage_healed":0,"gold_gain":0,"player_choice":"Ignored","damage_taken":0,"max_hp_gain":0,"max_hp_loss":0,"event_name":"Cursed Tome","floor":22,"gold_loss":0}],"is_beta":false,"boss_relics":[{"not_picked":["Velvet Choker","Runic Pyramid"],"picked":"Snecko Eye"}],"items_purged_floors":[],"is_endless":false,"potions_floor_spawned":[1,2,8,13,16,21,25],"killed_by":"Slavers","ascension_level":11}}