{"host":"h4lp0eeso8a0ssq0","time":1609546822,"event":{"mods":["2.2 Compatiblity","AchievementEnabler","BaseMod","CapriCore","Colored Map","Lobotomy","Minty Spire (QoL Compilation)","StSLib","SuperFastMode"],"gold_per_floor":[110,128,146,221,171,96,109,109,136,136,170,186,203,218,218,319,319,289,289],"floor_reached":18,"playtime":497,"items_purged":["Defend_R"],"score":164,"play_id":"b191ed07-645e-4711-8adb-eccb57ba61ce","local_time":"20210102092022","is_ascension_mode":false,"campfire_choices":[{"data":"Perfected Strike","floor":15.0,"key":"SMITH"}],"circlet_count":0,"master_deck":["Strike_R","Strike_R","Strike_R","Strike_R","Strike_R","Defend_R+1","Bash","True Grit+1","Thunderclap","Shrug It Off","Perfected Strike+1"],"relics":["Burning Blood","NeowsBlessing","Regal Pillow","Toy Ornithopter","Coffee Dripper"],"acts_visited":["Exordium","TheCity"],"potions_floor_usage":[16,16],"damage_taken":[{"damage":0.0,"enemies":"Small Slimes","floor":1.0,"turns":1.0},{"damage":0.0,"enemies":"2 Louse","floor":2.0,"turns":1.0},{"damage":0.0,"enemies":"Jaw Worm","floor":3.0,"turns":1.0},{"damage":0.0,"enemies":"Large Slime","floor":7.0,"turns":6.0},{"damage":12.0,"enemies":"3 Sentries","floor":11.0,"turns":10.0},{"damage":3.0,"enemies":"Looter","floor":12.0,"turns":4.0},{"damage":0.0,"enemies":"3 Louse","floor":13.0,"turns":4.0},{"damage":0.0,"enemies":"Large Slime","floor":14.0,"turns":5.0},{"damage":74,"enemies":"The Guardian","floor":16,"turns":23},{"damage":3,"enemies":"2 Thieves","floor":18,"turns":2}],"seed_played":"-2957121178415874839","potions_obtained":[{"floor":1.0,"key":"Block Potion"},{"floor":2.0,"key":"Swift Potion"},{"floor":13.0,"key":"DuplicationPotion"},{"floor":14.0,"key":"Ancient Potion"},{"floor":16,"key":"Strength Potion"}],"is_trial":false,"path_per_floor":["M","M","M","?","?","$","M","?","T","?","E","M","M","M","R","B",null,"M"],"character_chosen":"IRONCLAD","items_purchased":[],"campfire_rested":0,"item_purchase_floors":[],"current_hp_per_floor":[80,80,80,69,69,69,75,75,75,59,53,56,62,68,68,10,80,77,77],"gold":289,"neow_bonus":"THREE_ENEMY_KILL","is_daily":false,"chose_seed":false,"campfire_upgraded":1,"win_rate":0.0,"timestamp":1609546822,"path_taken":["M","M","M","?","?","?","M","?","T","?","E","M","M","M","R","BOSS","M"],"items_purchased_type":[],"build_version":"2020-12-22","purchased_purges":1,"victory":false,"max_hp_per_floor":[80,80,80,80,80,80,80,80,80,80,80,80,80,80,80,80,80,80,80],"card_choices":[{"not_picked":["Battle Trance","Carnage"],"picked":"True Grit","floor":1.0},{"not_picked":["Reckless Charge","Warcry"],"picked":"Thunderclap","floor":2.0},{"not_picked":["Anger","Armaments"],"picked":"Shrug It Off","floor":3.0},{"not_picked":["Anger","Thunderclap","Clothesline"],"picked":"SKIP","floor":7.0},{"not_picked":["Cleave","Sword Boomerang","Entrench"],"picked":"SKIP","floor":11.0},{"not_picked":["Body Slam","Havoc","Spot Weakness"],"picked":"SKIP","floor":12.0},{"not_picked":["Exhume","Carnage","Rupture"],"picked":"SKIP","floor":13.0},{"not_picked":["True Grit","Clash"],"picked":"Perfected Strike","floor":14.0}],"player_experience":17386,"relics_obtained":[{"floor":9.0,"key":"Regal Pillow"},{"floor":11.0,"key":"Toy Ornithopter"}],"event_choices":[{"damage_healed":0.0,"max_hp_gain":0.0,"max_hp_loss":0.0,"gold_gain":75.0,"event_name":"World of Goop","player_choice":"Gather Gold","floor":4.0,"gold_loss":0.0,"damage_taken":11.0},{"cards_removed":["Defend_R"],"damage_healed":0.0,"max_hp_gain":0.0,"max_hp_loss":0.0,"gold_gain":0.0,"event_name":"The Cleric","player_choice":"Card Removal","floor":5.0,"gold_loss":50.0,"damage_taken":0.0},{"cards_removed":["Defend_R"],"damage_healed":0.0,"max_hp_gain":0.0,"max_hp_loss":0.0,"gold_gain":0.0,"event_name":"Living Wall","player_choice":"Forget","floor":8.0,"gold_loss":0.0,"damage_taken":0.0},{"damage_healed":0.0,"max_hp_gain":0.0,"max_hp_loss":0.0,"gold_gain":0.0,"event_name":"Shining Light","player_choice":"Entered Light","floor":10.0,"gold_loss":0.0,"damage_taken":16.0,"cards_upgraded":["Defend_R","True Grit"]}],"is_beta":false,"boss_relics":[{"not_picked":["Mark of Pain","Black Blood"],"picked":"Coffee Dripper"}],"items_purged_floors":[6],"is_endless":false,"potions_floor_spawned":[1,2,13,14,16],"killed_by":"2 Thieves","ascension_level":0}}