{"host":"hdafziggwnbzqpcb","time":1609561309,"event":{"mods":["BaseMod","Bestiary","Better Altar","Better Match","Better Note","Better Third Choice","Better Vampires","Colored Map","Colored Powertips","Curses Come First","Duelist Mod","GifTheSpireLib","Hero for Fun","Minty Spire (QoL Compilation)","Quick Restart","Rare Cards Sparkle","Relic Stats","Spicy Shops","StSLib","The Bug Knight","The Cursed","The Marked","The Runesmith","The Senshi","The Wild Card","TheHero"],"gold_per_floor":[116,127,178,191,37,71,83,96,96,107,107,107,107,120,120,224,224,238,598,598,453,471,471,503,503,530,440,131,146,71,85,85,183,183,199,42,54,73,85,85,115,115,115,115,115,130,145,53,53,53,53,53,53,88,88],"floor_reached":56,"playtime":4117,"items_purged":[],"score":1474,"play_id":"4aa11ae9-3a60-47e1-9b30-6af76a0cfc58","local_time":"20210101202149","daily_mods":["SealedDeck","Heirloom"],"is_ascension_mode":false,"campfire_choices":[{"data":"Runesmith:HammerThrow","floor":11.0,"key":"SMITH"},{"floor":15.0,"key":"REST"},{"data":"Runesmith:LithiumIon","floor":23.0,"key":"SMITH"},{"floor":25.0,"key":"REST"},{"data":"Runesmith:UnstableHammer","floor":32,"key":"PURGE"},{"data":"Runesmith:CraftProtectio+1","floor":40,"key":"PURGE"},{"data":"Runesmith:RuneHurl","floor":42,"key":"PURGE"},{"floor":44,"key":"RECALL"},{"floor":49,"key":"REST"},{"floor":52,"key":"REST"}],"circlet_count":0,"master_deck":["Runesmith:EarthShield+1","Runesmith:Firestorm+1","Runesmith:LithiumIon+1","Runesmith:RuneHurl+1","Runesmith:Repurpose+1","Runesmith:HammerThrow+1","Runesmith:HammerThrow+1","Runesmith:CraftMagma+1","Runesmith:RuneHurl+1","Runesmith:CraftMagma+1","Swift Strike+1","Runesmith:Supernova+1","Runesmith:CraftPrismatica+1","Finesse+1"],"relics":["Runesmith:BrokenRuby","Unceasing Top","Whetstone","Lantern","Toy Ornithopter","Toxic Egg 2","Peace Pipe","SlaversCollar","War Paint","Gambling Chip","ClockworkSouvenir","Runesmith:EmergencyProvisions","Fusion Hammer","Medical Kit","Nunchaku","Ornamental Fan","Vajra"],"acts_visited":["Exordium","TheCity","TheBeyond","TheEnding"],"potions_floor_usage":[46,55],"damage_taken":[{"damage":0.0,"enemies":"Cultist","floor":1.0,"turns":3.0},{"damage":11.0,"enemies":"Jaw Worm","floor":2.0,"turns":2.0},{"damage":1.0,"enemies":"2 Louse","floor":4.0,"turns":2.0},{"damage":0.0,"enemies":"Gremlin Nob","floor":6.0,"turns":3.0},{"damage":7.0,"enemies":"Large Slime","floor":7.0,"turns":3.0},{"damage":10.0,"enemies":"Looter","floor":8.0,"turns":2.0},{"damage":3.0,"enemies":"Blue Slaver","floor":10.0,"turns":3.0},{"damage":0.0,"enemies":"Exordium Wildlife","floor":14.0,"turns":2.0},{"damage":0.0,"enemies":"Slime Boss","floor":16.0,"turns":4.0},{"damage":0.0,"enemies":"Chosen","floor":18.0,"turns":3.0},{"damage":0.0,"enemies":"2 Thieves","floor":22.0,"turns":2.0},{"damage":0.0,"enemies":"HollowMod:Nosk","floor":24.0,"turns":3.0},{"damage":0.0,"enemies":"Cultist and Chosen","floor":29.0,"turns":2.0},{"damage":0,"enemies":"Shelled Parasite and Fungi","floor":31,"turns":2},{"damage":0,"enemies":"Automaton","floor":33,"turns":3},{"damage":0,"enemies":"Orb Walker","floor":35,"turns":2},{"damage":0,"enemies":"3 Shapes","floor":37,"turns":2},{"damage":0,"enemies":"Jaw Worm Horde","floor":38,"turns":3},{"damage":0,"enemies":"4 Shapes","floor":39,"turns":2},{"damage":0,"enemies":"Giant Head","floor":41,"turns":4},{"damage":0,"enemies":"Writhing Mass","floor":46,"turns":2},{"damage":0,"enemies":"Maw","floor":47,"turns":3},{"damage":0,"enemies":"Donu and Deca","floor":50,"turns":4},{"damage":0,"enemies":"Shield and Spear","floor":54,"turns":2},{"damage":30,"enemies":"The Heart","floor":55,"turns":6}],"seed_played":"1219436082981320435","potions_obtained":[{"floor":1.0,"key":"DistilledChaos"},{"floor":2.0,"key":"FearPotion"},{"floor":8.0,"key":"DuplicationPotion"},{"floor":31,"key":"PowerPotion"},{"floor":46,"key":"Block Potion"}],"is_trial":true,"path_per_floor":["M","M","T","M","$","E","M","M","T","M","R","?","?","M","R","B",null,"M","?","?","$","M","R","E","R","T","?","$","M","?","M","R","B",null,"M","$","M","M","M","R","E","R","T","R","?","M","M","$","R","B",null,"R","$","E","B",null],"character_chosen":"RUNESMITH_CLASS","items_purchased":["Lantern","War Paint","ClockworkSouvenir","Runesmith:EmergencyProvisions","Medical Kit","Finesse+1"],"campfire_rested":4,"item_purchase_floors":[5,21,28,28,36,48],"current_hp_per_floor":[70,59,59,58,58,58,51,41,41,38,38,31,17,17,38,38,70,70,34,34,34,34,34,34,55,55,55,55,55,55,55,55,55,70,70,70,70,70,70,70,70,70,70,70,70,70,70,70,70,70,70,70,70,70,45],"gold":88,"neow_bonus":"","is_daily":false,"chose_seed":false,"campfire_upgraded":2,"win_rate":0.0,"timestamp":1609561309,"path_taken":["M","M","?","?","$","E","M","M","T","?","R","?","?","M","R","BOSS","M","?","?","$","M","R","E","R","T","?","?","?","?","M","R","BOSS","M","$","M","M","M","R","E","R","T","R","?","M","?","$","R","BOSS","R","$","E","BOSS"],"items_purchased_type":["Relic","Relic","Relic","Relic","Relic","Card"],"build_version":"2020-12-22","purchased_purges":0,"victory":true,"max_hp_per_floor":[70,70,70,70,70,70,70,70,70,70,70,70,70,70,70,70,70,70,70,70,70,70,70,70,70,70,70,70,70,70,70,70,70,70,70,70,70,70,70,70,70,70,70,70,70,70,70,70,70,70,70,70,70,70,70],"relic_stats":{"Peace Pipe":4,"Nunchaku":[15],"counters":[25,69],"Ornamental Fan":[180],"Gambling Chip":[4],"Whetstone":["Runesmith:RuneHurl","Runesmith:HammerThrow"],"War Paint":["Runesmith:CraftProtectio","Runesmith:Repurpose"],"Medical Kit":[10],"obtain_stats":[{"Runesmith:BrokenRuby":0,"Lantern":5,"Vajra":54,"Whetstone":3,"War Paint":21,"Runesmith:EmergencyProvisions":28,"Medical Kit":36,"ClockworkSouvenir":28,"Peace Pipe":12,"SlaversCollar":17,"Nunchaku":41,"Ornamental Fan":43,"Gambling Chip":24,"Fusion Hammer":34,"Toxic Egg 2":9,"Unceasing Top":0,"Toy Ornithopter":6},{"Runesmith:BrokenRuby":0,"Lantern":3,"Vajra":24,"Whetstone":2,"War Paint":10,"Runesmith:EmergencyProvisions":12,"Medical Kit":16,"ClockworkSouvenir":12,"Peace Pipe":7,"SlaversCollar":9,"Nunchaku":20,"Ornamental Fan":20,"Gambling Chip":12,"Fusion Hammer":15,"Toxic Egg 2":6,"Unceasing Top":0,"Toy Ornithopter":4},{"Runesmith:BrokenRuby":0,"Lantern":7,"Vajra":63,"Whetstone":5,"War Paint":27,"Runesmith:EmergencyProvisions":32,"Medical Kit":41,"ClockworkSouvenir":32,"Peace Pipe":18,"SlaversCollar":24,"Nunchaku":52,"Ornamental Fan":52,"Gambling Chip":32,"Fusion Hammer":39,"Toxic Egg 2":15,"Unceasing Top":0,"Toy Ornithopter":10}],"Unceasing Top":[219],"Toy Ornithopter":5},"card_choices":[{"not_picked":["Runesmith:Attraction","Runesmith:Repurpose","Runesmith:HammerThrow"],"picked":"SKIP","floor":1.0},{"not_picked":["Runesmith:UnstableHammer","Runesmith:DoubleUp","Runesmith:Firestorm"],"picked":"SKIP","floor":2.0},{"not_picked":["Runesmith:Firestorm","Runesmith:StaticCage"],"picked":"Runesmith:CraftProtectio","floor":4.0},{"not_picked":["Runesmith:Augment","Runesmith:Firestorm","Runesmith:EnergizedChisel"],"picked":"SKIP","floor":6.0},{"not_picked":["Runesmith:UnstableHammer","Runesmith:HeatedChisel","Runesmith:EarthShield"],"picked":"SKIP","floor":7.0},{"not_picked":["Runesmith:EarthShield","Runesmith:Refine","Runesmith:NanitesCloud"],"picked":"SKIP","floor":8.0},{"not_picked":["Runesmith:StaticCage+1","Runesmith:ShiftingStrike","Runesmith:RunicBlueprint+1"],"picked":"SKIP","floor":10.0},{"not_picked":["Runesmith:Grindstone+1","Runesmith:ShiftingStrike"],"picked":"Runesmith:RuneHurl","floor":14.0},{"not_picked":["Runesmith:GoWithTheFlow","Runesmith:EnergizedChisel"],"picked":"Runesmith:CraftMagma+1","floor":18.0},{"not_picked":["Runesmith:Grindstone+1","Runesmith:Augment+1"],"picked":"Runesmith:RuneHurl","floor":22.0},{"not_picked":["Runesmith:NanitesCloud+1","Runesmith:StaticCage+1","Runesmith:Attraction+1"],"picked":"SKIP","floor":24.0},{"not_picked":["Runesmith:CraftMedicinae+1","Runesmith:Firestorm"],"picked":"Runesmith:CraftMagma+1","floor":29.0},{"not_picked":["Dark Shackles+1","Impatience+1"],"picked":"Swift Strike+1","floor":30},{"not_picked":["Runesmith:LightningRod+1","Runesmith:GenerateForcefield+1"],"picked":"Runesmith:Supernova+1","floor":30},{"not_picked":["Runesmith:ChiselStab+1","Runesmith:Attraction+1","Runesmith:Prism+1"],"picked":"SKIP","floor":31},{"not_picked":["Runesmith:CreatorForm","Runesmith:ReplicatingBarrier"],"picked":"Runesmith:CraftPrismatica+1","floor":33},{"not_picked":["Runesmith:OneForEveryone","Runesmith:RuneHurl+1","Runesmith:Firestorm"],"picked":"SKIP","floor":35},{"not_picked":["Runesmith:Overpower+1","Runesmith:UnstableHammer+1","Runesmith:Permafrost"],"picked":"SKIP","floor":37},{"not_picked":["Runesmith:Reinforce+1","Runesmith:Accelerate+1","Runesmith:ChiselStab+1"],"picked":"SKIP","floor":38},{"not_picked":["Runesmith:Discharge","Runesmith:RuneHurl","Runesmith:Repurpose+1"],"picked":"SKIP","floor":39},{"not_picked":["Runesmith:EarthShield+1","Runesmith:ShiftingStrike","Runesmith:BackupBattery+1"],"picked":"SKIP","floor":41},{"not_picked":["Runesmith:CraftProtectio+1","Runesmith:CraftObretio+1","Runesmith:ReplicatingBarrier"],"picked":"SKIP","floor":46},{"not_picked":["Runesmith:ChiselStab+1","Runesmith:CraftMagma+1","Runesmith:EarthShield+1"],"picked":"SKIP","floor":47},{"not_picked":["Runesmith:EarthShield+1","Runesmith:FieryHammer+1","Runesmith:MakeshiftArmor+1"],"picked":"SKIP","floor":54}],"player_experience":707159,"relics_obtained":[{"floor":3.0,"key":"Whetstone"},{"floor":6.0,"key":"Toy Ornithopter"},{"floor":9.0,"key":"Toxic Egg 2"},{"floor":24.0,"key":"Gambling Chip"},{"floor":41,"key":"Nunchaku"},{"floor":43,"key":"Ornamental Fan"},{"floor":54,"key":"Vajra"}],"event_choices":[{"damage_healed":0.0,"max_hp_gain":0.0,"max_hp_loss":0.0,"gold_gain":0.0,"event_name":"betterThird:BetterScrap","player_choice":"Relic ","floor":12.0,"gold_loss":0.0,"damage_taken":7.0,"cards_obtained":["Glacier"]},{"damage_healed":31.0,"max_hp_gain":0.0,"max_hp_loss":70.0,"gold_gain":0.0,"event_name":"betterThird:BetterShining","player_choice":"Upgrade","floor":13.0,"gold_loss":0.0,"damage_taken":14.0,"cards_upgraded":["Runesmith:Firestorm","Runesmith:EarthShield"]},{"damage_healed":0.0,"max_hp_gain":0.0,"max_hp_loss":0.0,"gold_gain":360.0,"event_name":"Knowing Skull","player_choice":"GOLD GOLD GOLD GOLD ","floor":19.0,"potions_obtained":[],"gold_loss":0.0,"damage_taken":36.0,"cards_obtained":[]},{"cards_removed":["Runesmith:ChiselStab"],"damage_healed":0.0,"max_hp_gain":0.0,"max_hp_loss":0.0,"gold_gain":0.0,"event_name":"Purifier","player_choice":"Purged","floor":20.0,"gold_loss":0.0,"damage_taken":0.0},{"cards_removed":["Runesmith:CraftProtectio"],"damage_healed":0.0,"max_hp_gain":0.0,"max_hp_loss":0.0,"gold_gain":0.0,"event_name":"Designer","player_choice":"Upgrade and Remove","floor":27.0,"gold_loss":90.0,"damage_taken":0.0,"cards_upgraded":["Runesmith:RuneHurl"]},{"damage_healed":0,"gold_gain":0,"player_choice":"2","damage_taken":0,"max_hp_gain":0,"max_hp_loss":0,"event_name":"betterMatch:BetterMatch","floor":30,"gold_loss":0,"cards_obtained":["betterMatch:RareCard","betterMatch:CommonCard","betterMatch:ColorlessUncommonCard"]},{"damage_healed":0,"gold_gain":0,"player_choice":"Ignored","damage_taken":0,"max_hp_gain":0,"max_hp_loss":0,"event_name":"betterNote:BetterNote","floor":45,"gold_loss":0,"cards_obtained":["Runesmith:HammerThrow"]}],"is_beta":false,"boss_relics":[{"not_picked":["Sozu","Velvet Choker"],"picked":"SlaversCollar"},{"not_picked":["Tiny House","Empty Cage"],"picked":"Fusion Hammer"}],"items_purged_floors":[],"is_endless":false,"potions_floor_spawned":[1,2,8,24,29,31,37,38,46],"ascension_level":0}}