{"host":"98ajcw3do3zsggh8","time":1609628213,"event":{"mods":["BaseMod","Minty Spire (QoL Compilation)","Replay The Spire","StSLib"],"gold_per_floor":[119,119,179,196,196,231,406,441,441,770,781,212,231,231,231,334,334,347,358,88,13,13,23,51,63,138,138,138],"floor_reached":27,"playtime":756,"items_purged":["Doubt","Strike_P"],"score":290,"play_id":"70586670-9a0d-4d45-b968-02bb6f970026","local_time":"20210102235653","is_ascension_mode":true,"campfire_choices":[],"circlet_count":0,"master_deck":["Strike_P+1","Strike_P+1","Defend_P","Defend_P","Eruption","Vigilance","BowlingBash","FlyingSleeves+1","Omniscience","Wallop+1","Conclude","Judgement","ReachHeaven","Panache","Shame","Ragnarok"],"relics":["PureWater","NeowsBlessing","Question Card","Blue Candle","ReplayTheSpireMod:Ninjato","Pantograph","Old Coin","Meat on the Bone","ReplayTheSpireMod:Shallot","Black Star","Strawberry","Matryoshka","Oddly Smooth Stone","Bag of Preparation","Darkstone Periapt"],"acts_visited":["Exordium","TheCity"],"potions_floor_usage":[25,25,25],"damage_taken":[{"damage":0.0,"enemies":"Small Slimes","floor":1.0,"turns":1.0},{"damage":0.0,"enemies":"Jaw Worm","floor":4.0,"turns":1.0},{"damage":0.0,"enemies":"Replay:BlueRogue","floor":6.0,"turns":1.0},{"damage":41.0,"enemies":"Lagavulin","floor":8.0,"turns":5.0},{"damage":20.0,"enemies":"Gremlin Nob","floor":10.0,"turns":4.0},{"damage":0.0,"enemies":"2 Louse","floor":11.0,"turns":3.0},{"damage":0,"enemies":"Exordium Thugs","floor":13,"turns":6},{"damage":59,"enemies":"The Guardian","floor":16,"turns":8},{"damage":18,"enemies":"3 Byrds","floor":18,"turns":4},{"damage":0,"enemies":"Spheric Guardian","floor":19,"turns":2},{"damage":0,"enemies":"Chosen and Byrds","floor":23,"turns":4},{"damage":55,"enemies":"Slavers","floor":24,"turns":4},{"damage":14,"enemies":"Centurion and Healer","floor":25,"turns":4},{"damage":67,"enemies":"Gremlin Leader","floor":27,"turns":3}],"seed_played":"5836347376022677178","potions_obtained":[{"floor":3.0,"key":"Fruit Juice"},{"floor":8.0,"key":"DuplicationPotion"},{"floor":10.0,"key":"Milkshake"},{"floor":23,"key":"SkillPotion"},{"floor":24,"key":"Swift Potion"},{"floor":25,"key":"FairyPotion"}],"is_trial":false,"path_per_floor":["M","?","?","M","?","E","?","E","T","E","M","$","M","?","R","B",null,"M","M","$","?","?","M","E","M","T","E"],"character_chosen":"WATCHER","items_purchased":["Meat on the Bone","ReplayTheSpireMod:Shallot","Panache"],"campfire_rested":0,"item_purchase_floors":[12,12,20],"current_hp_per_floor":[72,58,58,58,58,58,58,22,22,2,2,2,14,14,37,15,77,59,59,59,59,66,66,23,21,21,0,0],"gold":138,"neow_bonus":"THREE_ENEMY_KILL","is_daily":false,"chose_seed":false,"campfire_upgraded":0,"win_rate":0.0,"timestamp":1609628213,"path_taken":["M","?","?","M","?","E","?","E","T","E","?","$","M","?","R","BOSS","M","M","$","?","?","M","E","M","T","E"],"items_purchased_type":["Relic","Relic","Card"],"build_version":"2020-12-22","purchased_purges":2,"victory":false,"max_hp_per_floor":[72,72,72,72,72,72,72,77,77,77,77,77,77,77,77,77,77,77,77,77,77,84,84,84,84,84,84,84],"card_choices":[{"not_picked":["Evaluate","EmptyFist"],"picked":"BowlingBash","floor":1.0},{"not_picked":["Crescendo","WaveOfTheHand"],"picked":"FlyingSleeves","floor":3.0},{"not_picked":["Halt","PathToVictory","Crescendo"],"picked":"Omniscience","floor":4.0},{"not_picked":["Replay:AllIn","ClearTheMind","EmptyBody","Swivel"],"picked":"SKIP","floor":6.0},{"not_picked":["Halt","Sanctity","SashWhip"],"picked":"Conclude","floor":8.0},{"not_picked":["Worship","CrushJoints","Replay:Anticipation","EmptyFist"],"picked":"SKIP","floor":10.0},{"not_picked":["DeceiveReality","BowlingBash","Wireheading","InnerPeace"],"picked":"SKIP","floor":11.0},{"not_picked":["BowlingBash","Perseverance","SashWhip","CrushJoints"],"picked":"SKIP","floor":13},{"not_picked":["Establishment","MasterReality","Wish"],"picked":"Judgement","floor":16},{"not_picked":["Adaptation","EmptyFist+1","EmptyBody","CrushJoints"],"picked":"SKIP","floor":18},{"not_picked":["Conclude","Protect","ClearTheMind"],"picked":"ReachHeaven","floor":19},{"not_picked":["ClearTheMind+1","Weave","Collect","Evaluate"],"picked":"SKIP","floor":23},{"not_picked":["MentalFortress+1","PathToVictory","CutThroughFate+1"],"picked":"Ragnarok","floor":24},{"not_picked":["Adaptation","EmptyBody","ClearTheMind","Halt+1"],"picked":"SKIP","floor":25}],"player_experience":295886,"relics_obtained":[{"floor":3.0,"key":"Question Card"},{"floor":6.0,"key":"Blue Candle"},{"floor":8.0,"key":"ReplayTheSpireMod:Ninjato"},{"floor":9.0,"key":"Pantograph"},{"floor":10.0,"key":"Old Coin"},{"floor":24,"key":"Matryoshka"},{"floor":24,"key":"Oddly Smooth Stone"},{"floor":26,"key":"Bag of Preparation"},{"floor":26,"key":"Darkstone Periapt"}],"event_choices":[{"damage_healed":0.0,"max_hp_gain":0.0,"max_hp_loss":0.0,"gold_gain":0.0,"event_name":"Shining Light","player_choice":"Entered Light","floor":2.0,"gold_loss":0.0,"damage_taken":14.0,"cards_upgraded":["Strike_P","Strike_P"]},{"damage_healed":0.0,"max_hp_gain":0.0,"max_hp_loss":0.0,"gold_gain":175.0,"event_name":"Liars Game","player_choice":"AGREE","floor":7.0,"gold_loss":0.0,"damage_taken":0.0,"cards_obtained":["Doubt"]},{"cards_removed":["Defend_P"],"damage_healed":0,"gold_gain":0,"player_choice":"Gave Gold","damage_taken":0,"max_hp_gain":0,"max_hp_loss":0,"event_name":"Beggar","floor":21,"gold_loss":75},{"damage_healed":0,"gold_gain":0,"player_choice":"Stole Relic","damage_taken":0,"relics_obtained":["Strawberry"],"max_hp_gain":0,"max_hp_loss":0,"event_name":"Addict","floor":22,"gold_loss":0,"cards_obtained":["Shame"]}],"is_beta":false,"boss_relics":[{"not_picked":["Pandora\u0027s Box","Replay:Wanted Poster"],"picked":"Black Star"}],"items_purged_floors":[12,20],"is_endless":false,"potions_floor_spawned":[8,10,23,24,25],"killed_by":"Gremlin Leader","ascension_level":1}}