{"host":"ilxricga2547gmyy","time":1609545786,"event":{"mods":["AchievementEnabler","BaseMod","Minty Spire (QoL Compilation)","Quick Restart","Replay The Spire","StSLib"],"gold_per_floor":[116,116,116,127,141,141,167,167,167,167,194,68,79,96,96,196,196,215,215,233,332,343,343,343,343],"floor_reached":24,"playtime":690,"items_purged":[],"score":227,"play_id":"e5ff9ff1-3af8-4b6c-8294-7370aa08c71b","local_time":"20210102010306","is_ascension_mode":true,"campfire_choices":[{"data":"Electrodynamics","floor":6.0,"key":"SMITH"},{"floor":8.0,"key":"REST"},{"data":"Capacitor","floor":10.0,"key":"SMITH"},{"floor":15.0,"key":"REST"},{"floor":23.0,"key":"REST"}],"circlet_count":0,"master_deck":["Strike_B","Strike_B","Strike_B","Strike_B","Defend_B+1","Defend_B","Defend_B","Defend_B","Zap","Dualcast","Electrodynamics+1","Capacitor+1","Ball Lightning","Ball Lightning","Genetic Algorithm","Conserve Battery","Loop","Barrage","Cold Snap","ReplayTheSpireMod:Fabricate Wheel","Redo","Writhe","Coolheaded"],"relics":["Cracked Core","Replay:PocketPolymizer","Sundial","Replay:Wax Seal","Replay:Bronze Core","Torii"],"acts_visited":["Exordium","TheCity"],"potions_floor_usage":[24,24],"damage_taken":[{"damage":7.0,"enemies":"Jaw Worm","floor":1.0,"turns":3.0},{"damage":16.0,"enemies":"2 Louse","floor":4.0,"turns":2.0},{"damage":0.0,"enemies":"Small Slimes","floor":5.0,"turns":3.0},{"damage":6.0,"enemies":"Gremlin Nob","floor":7.0,"turns":3.0},{"damage":21.0,"enemies":"Lagavulin","floor":11.0,"turns":4.0},{"damage":0.0,"enemies":"2 Fungi Beasts","floor":13.0,"turns":3.0},{"damage":15.0,"enemies":"Exordium Wildlife","floor":14.0,"turns":4.0},{"damage":41.0,"enemies":"The Guardian","floor":16.0,"turns":9.0},{"damage":29.0,"enemies":"Spheric Guardian","floor":18.0,"turns":6.0},{"damage":11.0,"enemies":"Chosen","floor":20.0,"turns":4.0},{"damage":23.0,"enemies":"Snake Plant","floor":22.0,"turns":3.0},{"damage":45,"enemies":"Slavers","floor":24,"turns":3}],"seed_played":"-6173509279340617056","potions_obtained":[{"floor":1.0,"key":"Ancient Potion"},{"floor":5.0,"key":"EssenceOfDarkness"},{"floor":16.0,"key":"Strength Potion"},{"floor":18.0,"key":"Reflective Coating"}],"is_trial":false,"path_per_floor":["M","?","?","M","M","R","E","R","T","R","E","$","M","M","R","B",null,"M","?","M","?","M","R","E"],"character_chosen":"DEFECT","items_purchased":["Conserve Battery","Loop"],"campfire_rested":3,"item_purchase_floors":[12,12],"current_hp_per_floor":[61,66,66,50,50,50,44,65,65,65,44,44,44,29,50,9,73,44,44,33,33,10,31,0,0],"gold":343,"neow_bonus":"THREE_RARE_CARDS","is_daily":false,"chose_seed":false,"campfire_upgraded":2,"win_rate":0.0,"timestamp":1609545786,"path_taken":["M","?","?","M","M","R","E","R","T","R","E","$","M","M","R","BOSS","M","?","M","?","M","R","E"],"items_purchased_type":["Card","Card"],"build_version":"2020-12-22","purchased_purges":0,"victory":false,"max_hp_per_floor":[68,73,73,73,73,73,73,73,73,73,73,73,73,73,73,73,73,73,73,73,73,73,73,73,73],"card_choices":[{"not_picked":["Amplify","Creative AI"],"picked":"Electrodynamics","floor":0.0},{"not_picked":["ReplayTheSpireMod:System Scan","ReplayTheSpireMod:Repulse"],"picked":"Capacitor","floor":1.0},{"not_picked":["Redo","BasicCrystalCard","Hologram"],"picked":"SKIP","floor":4.0},{"not_picked":["ReplayTheSpireMod:Repulse","Tempest"],"picked":"Ball Lightning","floor":5.0},{"not_picked":["Hello World","Recycle"],"picked":"Ball Lightning","floor":7.0},{"not_picked":["Panic Button","Lockon"],"picked":"Genetic Algorithm","floor":11.0},{"not_picked":["ReplayTheSpireMod:Reroute Power","Time Bomb"],"picked":"Barrage","floor":13.0},{"not_picked":["ReplaySort","Gash"],"picked":"Cold Snap","floor":14.0},{"not_picked":["Multi-Cast","ReplayTheSpireMod:Omega Cannon"],"picked":"ReplayTheSpireMod:Fabricate Wheel","floor":16.0},{"not_picked":["Go for the Eyes+1","Rip and Tear+1"],"picked":"Redo","floor":18.0},{"not_picked":["Gash+1","Rebound","BasicCrystalCard"],"picked":"SKIP","floor":20.0},{"not_picked":["Steam","Sweeping Beam"],"picked":"Coolheaded","floor":22.0}],"player_experience":273360,"relics_obtained":[{"floor":7.0,"key":"Replay:PocketPolymizer"},{"floor":9.0,"key":"Sundial"},{"floor":11.0,"key":"Replay:Wax Seal"}],"event_choices":[{"damage_healed":0.0,"max_hp_gain":5.0,"max_hp_loss":0.0,"gold_gain":0.0,"event_name":"Big Fish","player_choice":"Donut","floor":2.0,"gold_loss":0.0,"damage_taken":0.0},{"damage_healed":0.0,"max_hp_gain":0.0,"max_hp_loss":0.0,"gold_gain":0.0,"event_name":"The Mausoleum","player_choice":"Opened","floor":19.0,"gold_loss":0.0,"damage_taken":0.0,"relics_obtained":["Torii"],"cards_obtained":["Writhe"]},{"damage_healed":0.0,"max_hp_gain":0.0,"max_hp_loss":0.0,"gold_gain":99.0,"event_name":"Nest","player_choice":"Stole From Cult","floor":21.0,"gold_loss":0.0,"damage_taken":0.0}],"is_beta":false,"boss_relics":[{"not_picked":["Philosopher\u0027s Stone","Fusion Hammer"],"picked":"Replay:Bronze Core"}],"items_purged_floors":[],"is_endless":false,"potions_floor_spawned":[1,5,16,18],"killed_by":"Slavers","ascension_level":2}}