{"host":"3a1ypf1irl30q4k8","time":1609626006,"event":{"mods":["AchievementEnabler","BaseMod","Bestiary","Colored Map","Minty Spire (QoL Compilation)","Relic Stats"],"gold_per_floor":[118,141,161,161,179,211,211,224,224,234,266,281,299,325,325,449,449,460,485,485,528,90,90,109,109,134,160,171,185,185,196,196,295,295,315,350,389,389,389],"floor_reached":38,"playtime":2972,"items_purged":["Defend_P+1"],"score":522,"play_id":"b8f408ef-06bc-4e27-b16c-48911ee24789","local_time":"20210102222006","is_ascension_mode":true,"campfire_choices":[{"data":"SignatureMove","floor":7,"key":"SMITH"},{"floor":15,"key":"REST"},{"floor":23,"key":"REST"},{"data":"1","floor":25,"key":"LIFT"},{"floor":30,"key":"REST"},{"data":"2","floor":32,"key":"LIFT"}],"circlet_count":0,"master_deck":["Strike_P+1","Strike_P+1","Strike_P+1","Strike_P+1","Defend_P+1","Defend_P+1","Defend_P+1","Eruption+1","Vigilance","CutThroughFate","SignatureMove+1","CutThroughFate","ThirdEye","EmptyBody","DeceiveReality","ClearTheMind","Wish","Protect","Adaptation","Blasphemy+1","Meditate+1","TalkToTheHand","Halt+1","Swivel+1","SpiritShield+1","Tantrum","TalkToTheHand"],"relics":["Philosopher\u0027s Stone","Oddly Smooth Stone","Du-Vu Doll","Regal Pillow","Toxic Egg 2","Runic Pyramid","Juzu Bracelet","Girya","Omamori","Darkstone Periapt","Velvet Choker"],"acts_visited":["TheCity","TheBeyond"],"potions_floor_usage":[13,16,16,24,37,38,38],"damage_taken":[{"damage":0.0,"enemies":"Cultist","floor":1.0,"turns":2.0},{"damage":5,"enemies":"2 Louse","floor":3,"turns":3},{"damage":0,"enemies":"Jaw Worm","floor":5,"turns":1},{"damage":12,"enemies":"3 Sentries","floor":6,"turns":4},{"damage":0,"enemies":"Large Slime","floor":8,"turns":3},{"damage":0,"enemies":"Blue Slaver","floor":10,"turns":2},{"damage":11,"enemies":"Lagavulin","floor":11,"turns":4},{"damage":0,"enemies":"Exordium Wildlife","floor":12,"turns":3},{"damage":12,"enemies":"3 Louse","floor":13,"turns":5},{"damage":13,"enemies":"3 Sentries","floor":14,"turns":7},{"damage":24,"enemies":"Hexaghost","floor":16,"turns":9},{"damage":22,"enemies":"2 Thieves","floor":18,"turns":4},{"damage":28,"enemies":"3 Byrds","floor":21,"turns":7},{"damage":10,"enemies":"Sentry and Sphere","floor":24,"turns":5},{"damage":42,"enemies":"Slavers","floor":27,"turns":8},{"damage":20,"enemies":"Shelled Parasite and Fungi","floor":28,"turns":5},{"damage":0,"enemies":"3 Cultists","floor":29,"turns":4},{"damage":0,"enemies":"Cultist and Chosen","floor":31,"turns":4},{"damage":0,"enemies":"Champ","floor":33,"turns":10},{"damage":0,"enemies":"Orb Walker","floor":35,"turns":2},{"damage":0,"enemies":"3 Shapes","floor":36,"turns":5},{"damage":0,"enemies":"Maw","floor":37,"turns":5},{"damage":100012,"enemies":"3 Darklings","floor":38,"turns":3}],"seed_played":"4414651746480929557","potions_obtained":[{"floor":3,"key":"FearPotion"},{"floor":6,"key":"Block Potion"},{"floor":11,"key":"Energy Potion"},{"floor":12,"key":"Fruit Juice"},{"floor":14,"key":"FairyPotion"},{"floor":18,"key":"DuplicationPotion"},{"floor":28,"key":"AttackPotion"},{"floor":31,"key":"SneckoOil"},{"floor":35,"key":"AttackPotion"}],"is_trial":false,"path_per_floor":["M","T","M","?","M","E","R","M","T","M","E","M","M","E","R","B",null,"M","T","?","M","$","R","M","R","T","E","M","M","R","M","R","B",null,"M","M","M","M"],"character_chosen":"WATCHER","items_purchased":["Girya","TalkToTheHand"],"campfire_rested":3,"item_purchase_floors":[22,22],"current_hp_per_floor":[72,72,67,67,67,55,55,55,55,55,44,44,37,24,62,38,77,55,55,55,27,27,65,55,55,55,13,18,18,56,56,56,56,77,77,77,77,0,0],"gold":389,"neow_bonus":"BOSS_RELIC","is_daily":false,"chose_seed":false,"campfire_upgraded":1,"win_rate":0.0,"timestamp":1609626006,"path_taken":["M","?","M","?","M","E","R","?","T","M","E","M","M","E","R","BOSS","M","?","?","M","$","R","M","R","T","E","M","M","R","M","R","BOSS","M","M","M","M"],"items_purchased_type":["Relic","Card"],"build_version":"2020-12-22","purchased_purges":1,"victory":false,"max_hp_per_floor":[72,72,72,72,72,72,72,72,72,72,72,72,77,77,77,77,77,77,77,77,77,77,77,77,77,77,77,77,77,77,77,77,77,77,77,77,77,77,77],"relic_stats":{"Darkstone Periapt":0,"Regal Pillow":45,"counters":[23,104],"Juzu Bracelet":0,"obtain_stats":[{"Du-Vu Doll":9,"Darkstone Periapt":27,"Girya":22,"Regal Pillow":11,"Oddly Smooth Stone":6,"Velvet Choker":34,"Philosopher\u0027s Stone":0,"Juzu Bracelet":19,"Omamori":26,"PureWater":0,"Toxic Egg 2":14,"Runic Pyramid":17},{"Du-Vu Doll":5,"Darkstone Periapt":15,"Girya":13,"Regal Pillow":7,"Oddly Smooth Stone":4,"Velvet Choker":19,"Philosopher\u0027s Stone":0,"Juzu Bracelet":12,"Omamori":14,"PureWater":0,"Toxic Egg 2":10,"Runic Pyramid":11},{"Du-Vu Doll":13,"Darkstone Periapt":67,"Girya":54,"Regal Pillow":19,"Oddly Smooth Stone":10,"Velvet Choker":90,"Philosopher\u0027s Stone":0,"Juzu Bracelet":47,"Omamori":59,"PureWater":0,"Toxic Egg 2":34,"Runic Pyramid":43}]},"card_choices":[{"not_picked":["FlurryOfBlows","EmptyBody"],"picked":"CutThroughFate","floor":1},{"not_picked":["Prostrate","Weave"],"picked":"SignatureMove","floor":3},{"not_picked":["Pray","Vengeance"],"picked":"CutThroughFate","floor":5},{"not_picked":["Indignation","WreathOfFlame"],"picked":"ThirdEye","floor":6},{"not_picked":["CutThroughFate","EmptyFist"],"picked":"EmptyBody","floor":8},{"not_picked":["LikeWater","EmptyFist"],"picked":"DeceiveReality","floor":10},{"not_picked":["Prostrate","Nirvana"],"picked":"ClearTheMind","floor":11},{"not_picked":["FollowUp","EmptyFist"],"picked":"Wish","floor":12},{"not_picked":["FlyingSleeves","BowlingBash"],"picked":"Protect","floor":13},{"not_picked":["JustLucky","BowlingBash"],"picked":"Adaptation","floor":14},{"not_picked":["Judgement+1","Wish+1"],"picked":"Blasphemy+1","floor":16},{"not_picked":["Nirvana+1","CarveReality","BowlingBash"],"picked":"SKIP","floor":18},{"not_picked":["MentalFortress","ThirdEye+1"],"picked":"Meditate+1","floor":21},{"not_picked":["Crescendo+1","JustLucky","Vengeance+1"],"picked":"SKIP","floor":24},{"not_picked":["Meditate+1","Wish+1"],"picked":"Halt+1","floor":27},{"not_picked":["CarveReality+1","Crescendo+1"],"picked":"Swivel+1","floor":28},{"not_picked":["Consecrate","JustLucky","DeceiveReality+1"],"picked":"SKIP","floor":29},{"not_picked":["FlyingSleeves","Protect+1","Consecrate"],"picked":"SKIP","floor":31},{"not_picked":["Brilliance","Alpha+1"],"picked":"SpiritShield+1","floor":33},{"not_picked":["Protect+1","WreathOfFlame+1","EmptyBody+1"],"picked":"SKIP","floor":35},{"not_picked":["Study","Nirvana"],"picked":"Tantrum","floor":36},{"not_picked":["ForeignInfluence+1","Nirvana"],"picked":"TalkToTheHand","floor":37}],"player_experience":956090,"relics_obtained":[{"floor":6,"key":"Oddly Smooth Stone"},{"floor":9,"key":"Du-Vu Doll"},{"floor":11,"key":"Regal Pillow"},{"floor":14,"key":"Toxic Egg 2"},{"floor":19,"key":"Juzu Bracelet"},{"floor":26,"key":"Omamori"},{"floor":27,"key":"Darkstone Periapt"}],"event_choices":[{"damage_healed":0,"gold_gain":0,"player_choice":"Forge","damage_taken":0,"max_hp_gain":0,"max_hp_loss":0,"event_name":"Accursed Blacksmith","floor":4,"gold_loss":0,"cards_upgraded":["Eruption"]},{"damage_healed":0,"gold_gain":0,"player_choice":"Simplicity","damage_taken":0,"max_hp_gain":0,"max_hp_loss":0,"event_name":"Back to Basics","floor":20,"gold_loss":0,"cards_upgraded":["Strike_P","Strike_P","Strike_P","Strike_P","Defend_P","Defend_P","Defend_P","Defend_P"]}],"is_beta":false,"boss_relics":[{"not_picked":["SlaversCollar","VioletLotus"],"picked":"Runic Pyramid"},{"not_picked":["Cursed Key","SacredBark"],"picked":"Velvet Choker"}],"items_purged_floors":[22],"is_endless":false,"potions_floor_spawned":[3,6,11,12,14,18,28,31,35],"killed_by":"3 Darklings","ascension_level":1}}