{"host":"d8hh7rr4yzitjeuj","time":1609602938,"event":{"mods":["2.2 Compatiblity","AchievementEnabler","BaseMod","CapriCore","Colored Map","Colored Powertips","Highlight Path","Keyboard Shortcuts","Minty Spire (QoL Compilation)","Permanent Neow","Quick Restart","StSLib","SuperFastMode"],"gold_per_floor":[360,46,63,78,97,97,428,441,441,441,456,456,474,490,490,569,569,588,568,581,176,195,195,195,195],"floor_reached":24,"playtime":674,"items_purged":["Strike_R"],"score":404,"play_id":"9a23dbb3-b12f-408d-b861-8fa2a10c81ac","local_time":"20210103005538","is_ascension_mode":true,"campfire_choices":[{"data":"Sword Boomerang","floor":6,"key":"SMITH"},{"floor":12,"key":"REST"},{"data":"Evolve","floor":15,"key":"SMITH"},{"floor":23,"key":"REST"}],"circlet_count":0,"master_deck":["AscendersBane","Strike_R","Strike_R","Strike_R","Defend_R","Defend_R","Defend_R","Defend_R","Bash","Wild Strike","Spot Weakness+1","Fire Breathing","Shockwave+1","Sword Boomerang+1","Warcry+1","Evolve+1","Pommel Strike","Heavy Blade","Armaments+1","Demon Form","Burning Pact+1","Intimidate+1","Fiend Fire"],"relics":["Black Blood","Toxic Egg 2","Old Coin","Boot","ClockworkSouvenir"],"acts_visited":["Exordium","TheCity"],"potions_floor_usage":[5,16,20,22,24],"damage_taken":[{"damage":13,"enemies":"Cultist","floor":1,"turns":5},{"damage":4,"enemies":"Small Slimes","floor":3,"turns":4},{"damage":0,"enemies":"2 Louse","floor":4,"turns":3},{"damage":9,"enemies":"Exordium Wildlife","floor":5,"turns":4},{"damage":35,"enemies":"3 Sentries","floor":7,"turns":5},{"damage":1,"enemies":"2 Fungi Beasts","floor":8,"turns":3},{"damage":0,"enemies":"Exordium Thugs","floor":11,"turns":3},{"damage":15,"enemies":"Blue Slaver","floor":13,"turns":4},{"damage":7,"enemies":"Looter","floor":14,"turns":3},{"damage":23,"enemies":"Slime Boss","floor":16,"turns":6},{"damage":7,"enemies":"Chosen","floor":18,"turns":4},{"damage":38,"enemies":"3 Byrds","floor":20,"turns":5},{"damage":34,"enemies":"Snecko","floor":22,"turns":5},{"damage":67,"enemies":"Gremlin Leader","floor":24,"turns":4}],"seed_played":"-558407760413186793","potions_obtained":[{"floor":1,"key":"Block Potion"},{"floor":4,"key":"FearPotion"},{"floor":7,"key":"Energy Potion"},{"floor":18,"key":"ColorlessPotion"},{"floor":22,"key":"BloodPotion"}],"is_trial":false,"path_per_floor":["M","$","M","M","M","R","E","M","T","?","M","R","M","M","R","B",null,"M","?","M","$","M","R","E"],"character_chosen":"IRONCLAD","items_purchased":["Toxic Egg 2","Spot Weakness+1","Intimidate+1","Fiend Fire","ClockworkSouvenir"],"campfire_rested":2,"item_purchase_floors":[2,2,21,21,21],"current_hp_per_floor":[43,43,45,51,48,48,19,24,24,24,30,52,43,42,42,25,63,68,68,42,42,20,42,0,0],"gold":195,"neow_bonus":"TWO_FIFTY_GOLD","is_daily":false,"chose_seed":false,"campfire_upgraded":2,"win_rate":0.0,"timestamp":1609602938,"path_taken":["M","$","M","M","M","R","E","M","T","?","M","R","M","?","R","BOSS","M","?","?","$","M","R","E"],"items_purchased_type":["Relic","Card","Card","Card","Relic"],"build_version":"2020-12-22","purchased_purges":1,"victory":false,"max_hp_per_floor":[75,75,75,75,75,75,75,75,75,75,75,75,75,75,75,75,75,75,75,75,75,75,75,75,75],"card_choices":[{"not_picked":["Rampage","Havoc"],"picked":"Wild Strike","floor":1},{"not_picked":["Iron Wave","True Grit+1"],"picked":"Fire Breathing","floor":3},{"not_picked":["Havoc+1","Dual Wield+1"],"picked":"Shockwave+1","floor":4},{"not_picked":["Havoc+1","Ghostly Armor+1"],"picked":"Sword Boomerang","floor":5},{"not_picked":["Reckless Charge","Iron Wave"],"picked":"Warcry+1","floor":7},{"not_picked":["Headbutt","Flame Barrier+1"],"picked":"Evolve","floor":8},{"not_picked":["Body Slam","Wild Strike"],"picked":"Pommel Strike","floor":11},{"not_picked":["Cleave","Sword Boomerang"],"picked":"Heavy Blade","floor":13},{"not_picked":["Clothesline","Juggernaut"],"picked":"Armaments+1","floor":14},{"not_picked":["Barricade","Juggernaut"],"picked":"Demon Form","floor":16},{"not_picked":["Armaments+1","Warcry+1","Thunderclap"],"picked":"SKIP","floor":18},{"not_picked":["Rampage","Shockwave+1"],"picked":"Burning Pact+1","floor":20},{"not_picked":["Bloodletting+1","Clash","Anger"],"picked":"SKIP","floor":22}],"player_experience":1396537,"relics_obtained":[{"floor":7,"key":"Old Coin"},{"floor":9,"key":"Boot"}],"event_choices":[{"cards_removed":["Strike_R"],"damage_healed":0,"gold_gain":0,"player_choice":"Purged","damage_taken":0,"max_hp_gain":0,"max_hp_loss":0,"event_name":"Purifier","floor":10,"gold_loss":0},{"damage_healed":0,"gold_gain":0,"player_choice":"Bought 1 Potion","damage_taken":0,"max_hp_gain":0,"max_hp_loss":0,"event_name":"The Woman in Blue","floor":19,"gold_loss":0}],"is_beta":false,"boss_relics":[{"not_picked":["Tiny House","Coffee Dripper"],"picked":"Black Blood"}],"items_purged_floors":[21],"is_endless":false,"potions_floor_spawned":[1,4,7,11,13,18,22],"killed_by":"Gremlin Leader","ascension_level":20}}