{"host":"sgwqwgbtco1nn2mb","time":1609624737,"event":{"mods":["ATMod(°¢èªMod)","BaseMod","KinomotoSakuraMod(Ä¾Ö®±¾Ó£)","Lobotomy","LobotomyExtend","Marisa£¨ìFÓê¡¡Ä§ÀíÉ³£©","Minty Spire (QoL Compilation)","MostiFishMod","Quick Restart","Replay The Spire","RumiaBox-Â¶Ã×æ«µÄÉñÃØºÐ×Ó","StSLib","vexMod","¡¾¹¦ÄÜMod¡¿»ìãçÖ®»·ÐÞ¸´²¹¶¡","¡¾ÒÅÎï¿¨ÅÆ¡¿REMEMod"],"gold_per_floor":[116,133,133,133,152,152,152,163,187,187,215,215,215,235,235,332,332,351,451,451,451,471,471,471,471,471,383,383,383,414,414,414,426,426,529,529,542,561,580,630,630,630,630,646,646,646,657,657,657,658,658,661,661],"floor_reached":54,"playtime":2994,"items_purged":["Pain","FairyFestival","OldLady"],"score":2030,"play_id":"87d5f720-bf73-4364-9f5f-ab4f90ead216","local_time":"20210103055857","is_ascension_mode":false,"campfire_choices":[{"data":"MostiFishMod:HiddenBlade","floor":7,"key":"SMITH"},{"data":"MostiFishMod:KingOfFree","floor":12,"key":"SMITH"},{"floor":15,"key":"DIG"},{"data":"Replay:Bootleg Shield Generator","floor":23,"key":"SMITH"},{"data":"ClowCardTheVoice","floor":29,"key":"SMITH"},{"floor":34,"key":"REST"},{"data":"AT_Homeward","floor":42,"key":"SMITH"},{"data":"REME_FirmDetermination","floor":51,"key":"SMITH"}],"circlet_count":0,"master_deck":["SakuraCardTheJump+","SakuraCardTheDream+","ClowCardTheSword+1","ClowCardTheSword+1","ClowCardTheSword+1","ClowCardTheSword+1","ClowCardTheShield+1","ClowCardTheShield+1","ClowCardTheShield+1","ClowCardTheShield+1","SpellCardSeal+1","SpellCardRelease","AT_KingSlayer+1","MostiFishMod:HiddenBlade+1","Bloodbath","ClowCardTheEarthy+1","ClowCardTheVoice+1","AT_EmpoweredMortalDraw+1","ClowCardTheSong+1","Poisoned Strike+1","Replay:Bootleg Shield Generator+1","Wellcheers","ClowCardTheWindy+1","MostiFishMod:KingOfFree+1","ClowCardTheFight","CherryBlossoms","OSAHOGD","ClowCardTheMirror+1","ClowCardTheShot+1","QueenOfHatred","Variant","REME_FirmDetermination+1"],"relics":["KSMOD_SealedBook","KSMOD_SealedWand","DaveBox","AT_ATBox","REME_ComplimentaryCards","DiscerningMonocle","CogitoBucket","LetterFromLob","SynthV:TestCard","GodSword5","Vajra","BirthdayGift-Icosahedron","Garlic","CombinedTypeHook","Guide Book","KSMOD_RollerSkates","ReplayTheSpireMod:TigerMarble","AT_EbonyIvory","ChiLing","Chi","Ling","Oddly Smooth Stone","SkinProphecy","Orichalcum","AT_MortalBlade","Replay:Wax Seal","Juzu Bracelet","vexMod:PaidLearning","Nilry\u0027s Codex","Iron Hammer","Replay:Bottled Snecko","Whetstone","EasyGame_NEW","AT_Manta","InkBottle","AtMidnight","LuminousBracelet","Dream Catcher","KSMOD_TomoyosHeart","AT_BellDemon","Technique","KSMOD_SwordJade","KSMOD_Cerberus","MetatronsCube"],"acts_visited":["Exordium","TheCity","TheBeyond"],"potions_floor_usage":[52,52,52],"damage_taken":[{"damage":22,"enemies":"Jaw Worm","floor":1,"turns":6},{"damage":31,"enemies":"Small Slimes","floor":2,"turns":6},{"damage":5,"enemies":"Cultist","floor":5,"turns":3},{"damage":0,"enemies":"Exordium Wildlife","floor":8,"turns":3},{"damage":1,"enemies":"Lagavulin","floor":11,"turns":2},{"damage":0,"enemies":"Blue Slaver","floor":14,"turns":2},{"damage":2,"enemies":"Hexaghost","floor":16,"turns":4},{"damage":0,"enemies":"Shell Parasite","floor":18,"turns":1},{"damage":1,"enemies":"Spheric Guardian","floor":22,"turns":1},{"damage":6,"enemies":"Snake Plant","floor":27,"turns":2},{"damage":13,"enemies":"Book of Stabbing","floor":30,"turns":3},{"damage":0,"enemies":"Cultist and Chosen","floor":33,"turns":2},{"damage":22,"enemies":"Automaton","floor":35,"turns":5},{"damage":3,"enemies":"3 Shapes","floor":37,"turns":1},{"damage":0,"enemies":"Orb Walker","floor":38,"turns":2},{"damage":2,"enemies":"Transient","floor":39,"turns":5},{"damage":0,"enemies":"Mind Bloom Boss Battle","floor":40,"turns":2},{"damage":0,"enemies":"3 Darklings","floor":44,"turns":5},{"damage":0,"enemies":"Writhing Mass","floor":47,"turns":2},{"damage":2,"enemies":"Transient","floor":50,"turns":3},{"damage":75,"enemies":"Replay:Hell Engine","floor":52,"turns":5}],"seed_played":"-4299092400522651271","potions_obtained":[],"is_trial":false,"path_per_floor":["M","M","$","?","M","$","R","M","T","$","E","R","?","M","R","B",null,"M","$","?","?","M","R","PTL","PTL","?","M","T","R","E","?","?","M","R","B",null,"M","M","M","?","?","R","T","M","T","$","M","$","?","M","R","B",null,null],"character_chosen":"KINOMOTOSAKURA","items_purchased":["GodSword5","Vajra","BirthdayGift-Icosahedron","SkillPotion","Energy Potion","Energy Potion","AT_EmpoweredMortalDraw","Garlic","CombinedTypeHook","Poisoned Strike","Replay:Bootleg Shield Generator","Guide Book","ReplayTheSpireMod:TigerMarble","MostiFishMod:KingOfFree","ClowCardTheFight","AT_EbonyIvory","ChiLing","Replay:Wax Seal","Juzu Bracelet","vexMod:PaidLearning","ClowCardTheMirror+1","KSMOD_TomoyosHeart","AT_BellDemon","Technique","KSMOD_SwordJade","KSMOD_Cerberus","MetatronsCube"],"campfire_rested":1,"item_purchase_floors":[3,3,3,3,3,3,3,6,6,6,6,6,10,10,10,10,10,19,19,19,19,46,46,46,48,48,48],"current_hp_per_floor":[48,20,20,20,20,20,20,23,23,23,29,29,29,31,31,28,72,70,70,54,54,52,52,52,52,52,43,43,43,28,28,22,19,50,27,86,88,90,90,87,94,94,94,113,113,113,110,110,110,114,114,69,69],"gold":661,"neow_bonus":"","is_daily":false,"chose_seed":false,"campfire_upgraded":6,"win_rate":0.0,"timestamp":1609624737,"path_taken":["M","M","$","?","M","$","R","M","T","$","E","R","?","M","R","BOSS","M","$","?","?","M","R","PTL","PTL","?","M","T","R","E","?","?","M","R","BOSS","M","M","M","?","?","R","?","M","T","$","M","$","?","M","R","BOSS"],"items_purchased_type":["Relic","Relic","Relic","Potion","Potion","Potion","Card","Relic","Relic","Card","Card","Relic","Relic","Card","Card","Relic","Relic","Relic","Relic","Relic","Card","Relic","Relic","Relic","Relic","Relic","Relic"],"build_version":"2020-12-22","purchased_purges":3,"victory":true,"max_hp_per_floor":[70,70,70,70,70,70,70,70,70,70,70,70,70,70,70,72,72,74,74,74,74,76,76,76,76,76,78,78,78,80,80,80,84,84,86,86,88,90,92,94,94,94,94,113,113,113,115,115,115,117,117,121,121],"card_choices":[{"not_picked":["VoidDream","PunishingBird","NakedNest"],"picked":"Singing Bowl","floor":1},{"not_picked":["OldLady","UniverseFragment"],"picked":"Bloodbath","floor":1},{"not_picked":["ClowCardTheSand","ClowCardTheLibra"],"picked":"ClowCardTheEarthy","floor":1},{"not_picked":["FieryBird","Wellcheers","BigBadWolf"],"picked":"Singing Bowl","floor":2},{"not_picked":["UniverseFragment","GreedKing"],"picked":"OldLady","floor":2},{"not_picked":["ClowCardTheMaze","ClowCardTheChange","ClowCardThePower","ClowCardTheEarthy"],"picked":"ClowCardTheVoice","floor":2},{"not_picked":["PunishingBird","ShyLook","CherryBlossoms"],"picked":"Singing Bowl","floor":5},{"not_picked":["ClowCardTheEarthy","ClowCardTheLock","ClowCardTheWood","ClowCardTheCloud"],"picked":"ClowCardTheSong","floor":5},{"not_picked":["HeroicMonk","QueenBee","WhitesApple"],"picked":"Singing Bowl","floor":8},{"not_picked":["MHz","MeatLantern"],"picked":"Wellcheers","floor":8},{"not_picked":["ClowCardTheFloat","ClowCardTheVoice","ClowCardTheSnow","ClowCardTheLock"],"picked":"ClowCardTheWindy","floor":8},{"not_picked":["MHz","Mercenary"],"picked":"CherryBlossoms","floor":11},{"not_picked":["ClowCardTheChange","ClowCardTheSilent","ClowCardTheCloud","ClowCardTheFly","ClowCardTheDark"],"picked":"SKIP","floor":11},{"not_picked":["Murderer","Scorched"],"picked":"OSAHOGD","floor":14},{"not_picked":["ClowCardTheLoop","ClowCardTheSand","ClowCardTheMaze","ClowCardTheSong","ClowCardTheWatery"],"picked":"SKIP","floor":14},{"not_picked":["SpiderBud","DreamingCurrent","NothingThere"],"picked":"Singing Bowl","floor":16},{"not_picked":["ClowCardTheThunder","ClowCardTheDark","ClowCardTheFight","ClowCardTheTwin"],"picked":"ClowCardTheCreate","floor":16},{"not_picked":["BeautyBeast","SingingMachine","WallGazer"],"picked":"Singing Bowl","floor":18},{"not_picked":["ClowCardTheSleep","ClowCardTheIllusion","ClowCardTheMirror","ClowCardTheFirey"],"picked":"ClowCardTheJump+1","floor":18},{"not_picked":["LittleHelper","QueenBee","Mercenary"],"picked":"Singing Bowl","floor":22},{"not_picked":["ClowCardTheRain+1","ClowCardTheSand+1","ClowCardTheWave","ClowCardTheBubbles","ClowCardTheWindy"],"picked":"SKIP","floor":22},{"not_picked":["SpiderBud","GreedKing","BigBird"],"picked":"Singing Bowl","floor":27},{"not_picked":["BlueStar","LittlePrince"],"picked":"FairyFestival","floor":27},{"not_picked":["ClowCardTheWindy+1","ClowCardTheMove","ClowCardTheGlow+1","ClowCardTheWood"],"picked":"ClowCardTheShot","floor":27},{"not_picked":["Murderer","BodiesMountain","BigBadWolf"],"picked":"Singing Bowl","floor":30},{"not_picked":["ClowCardTheChange","ClowCardTheCloud","ClowCardTheFreeze+1","ClowCardTheDream","ClowCardTheErase+1"],"picked":"SKIP","floor":30},{"not_picked":["LittleHelper","FieryBird","Porccubus"],"picked":"Singing Bowl","floor":33},{"not_picked":["ClowCardTheSong","ClowCardTheSnow","ClowCardTheWatery","ClowCardTheWave","ClowCardTheGlow"],"picked":"SKIP","floor":33},{"not_picked":["SnowQueen","LongBird"],"picked":"QueenOfHatred","floor":35},{"not_picked":["Funeral","Porccubus","NakedNest"],"picked":"Singing Bowl","floor":37},{"not_picked":["ClowCardTheFlower+1","ClowCardTheWood+1","ClowCardTheSilent+1","ClowCardTheStorm","ClowCardTheChange"],"picked":"SKIP","floor":37},{"not_picked":["Rudolta","WhitesApple","Alriune"],"picked":"Singing Bowl","floor":38},{"not_picked":["ClowCardTheChange+1","ClowCardTheWindy","ClowCardTheFreeze","ClowCardTheBig","ClowCardTheSand"],"picked":"SKIP","floor":38},{"not_picked":["CENSORED","Alriune","ShyLook"],"picked":"Singing Bowl","floor":39},{"not_picked":["BigBird","Freischutz"],"picked":"Variant","floor":39},{"not_picked":["ClowCardTheFloat","ClowCardTheFight","ClowCardTheRain+1","ClowCardTheStorm+1","ClowCardTheVoice"],"picked":"SKIP","floor":39},{"not_picked":["Scarecrow","MeatLantern","GalaxyChild"],"picked":"Singing Bowl","floor":40},{"not_picked":["CENSORED","BlackSwan","FieryBird"],"picked":"Singing Bowl","floor":44},{"not_picked":["ClowCardTheShadow+1","ClowCardTheChange","ClowCardTheMaze","ClowCardTheWood","ClowCardTheFirey"],"picked":"SKIP","floor":44},{"not_picked":["NakedNest","QueenBee","WhitesApple"],"picked":"Singing Bowl","floor":47},{"not_picked":["ClowCardTheChange","ClowCardTheArrow+1","ClowCardTheMist","ClowCardTheFly+1","ClowCardTheSnow+1"],"picked":"SKIP","floor":47},{"not_picked":["MostiFishMod:BrokenBlackCloak","MostiFishMod:PerfectForm","Specialist","AT_PowerWithin"],"picked":"REME_FirmDetermination","floor":49}],"player_experience":504724,"relics_obtained":[{"floor":1,"key":"LetterFromLob"},{"floor":1,"key":"SynthV:TestCard"},{"floor":9,"key":"KSMOD_RollerSkates"},{"floor":11,"key":"Oddly Smooth Stone"},{"floor":15,"key":"Orichalcum"},{"floor":20,"key":"Nilry\u0027s Codex"},{"floor":27,"key":"Iron Hammer"},{"floor":28,"key":"Replay:Bottled Snecko"},{"floor":30,"key":"Whetstone"},{"floor":40,"key":"AT_Manta"},{"floor":43,"key":"InkBottle"},{"floor":44,"key":"AtMidnight"},{"floor":45,"key":"Dream Catcher"}],"event_choices":[{"damage_healed":0,"gold_gain":0,"player_choice":"Bought 0 Potions","damage_taken":0,"max_hp_gain":0,"max_hp_loss":0,"event_name":"The Woman in Blue","floor":13,"gold_loss":0},{"damage_healed":0,"gold_gain":0,"player_choice":"Obtained Book","damage_taken":16,"max_hp_gain":0,"max_hp_loss":0,"event_name":"Cursed Tome","floor":20,"gold_loss":0},{"damage_healed":0,"gold_gain":0,"player_choice":"Simplicity","damage_taken":0,"max_hp_gain":0,"max_hp_loss":0,"event_name":"Back to Basics","floor":21,"gold_loss":0,"cards_upgraded":["ClowCardTheSword","ClowCardTheSword","ClowCardTheSword","ClowCardTheSword","ClowCardTheShield","ClowCardTheShield","ClowCardTheShield","ClowCardTheShield"]},{"damage_healed":0,"gold_gain":0,"player_choice":"Upgraded","damage_taken":0,"max_hp_gain":0,"max_hp_loss":0,"event_name":"Upgrade Shrine","floor":26,"gold_loss":0,"cards_upgraded":["SpellCardSeal"]},{"damage_healed":0,"gold_gain":0,"cards_transformed":["AT_EmpoweredMortalDraw"],"player_choice":"Transformed","damage_taken":0,"max_hp_gain":0,"max_hp_loss":0,"event_name":"Transmorgrifier","floor":31,"gold_loss":0,"cards_obtained":["AT_Homeward"]},{"damage_healed":0,"gold_gain":0,"player_choice":"","damage_taken":6,"max_hp_gain":0,"max_hp_loss":0,"event_name":"Knowing Skull","floor":32,"potions_obtained":[],"gold_loss":0,"cards_obtained":[]},{"damage_healed":0,"gold_gain":0,"player_choice":"Fight","damage_taken":0,"max_hp_gain":0,"max_hp_loss":0,"event_name":"MindBloom","floor":40,"gold_loss":0},{"damage_healed":0,"gold_gain":0,"player_choice":"Memory 1","damage_taken":0,"max_hp_gain":0,"max_hp_loss":0,"event_name":"SensoryStone","floor":49,"gold_loss":0}],"is_beta":false,"boss_relics":[{"not_picked":["TimeKeys","vexMod:ImprovementManual"],"picked":"AT_MortalBlade"},{"not_picked":["BloodWine","SlaversCollar"],"picked":"EasyGame_NEW"}],"items_purged_floors":[10,46,48],"is_endless":false,"potions_floor_spawned":[5,8,16,27,35,39,47],"ascension_level":0}}