{"host":"6pgtslebjnyv5xmi","time":1609596137,"event":{"mods":["AchievementEnabler","BaseMod","Colored Map","Minty Spire (QoL Compilation)","Rare Cards Sparkle","StSLib","SuperFastMode","Td1madao Mod","everything is the same but u backflip on backflip"],"gold_per_floor":[116,116,129,11,31,31,56,56,83,100,113,113,132,54,54,155,155,169,62,161,161,174,174,174,184,211,57,57,57,77,77,77,77,77],"floor_reached":33,"playtime":1939,"items_purged":["Strike_B"],"score":245,"play_id":"9c4cbbc1-533b-45fc-91ad-46c265cb9d74","local_time":"20210102230217","is_ascension_mode":false,"campfire_choices":[{"data":"Dualcast","floor":6.0,"key":"SMITH"},{"data":"Consume","floor":8.0,"key":"SMITH"},{"data":"Blizzard","floor":15,"key":"SMITH"},{"data":"Zap","floor":23,"key":"SMITH"},{"floor":28,"key":"REST"},{"data":"Capacitor","floor":32,"key":"SMITH"}],"circlet_count":0,"master_deck":["Defend_B","Defend_B","Defend_B","Zap+1","Dualcast+1","Reinforced Body","Cold Snap","Self Repair","Consume+1","Lockon","Chill","Blizzard+1","Core Surge","Cold Snap","Bandage Up","Leap+1","Capacitor+1"],"relics":["Cracked Core","NeowsBlessing","Art of War","Vajra","Empty Cage","Bag of Marbles","Omamori"],"acts_visited":["Exordium","TheCity"],"potions_floor_usage":[16,30,33],"damage_taken":[{"damage":0.0,"enemies":"Jaw Worm","floor":1.0,"turns":1.0},{"damage":0.0,"enemies":"Cultist","floor":3.0,"turns":1.0},{"damage":0.0,"enemies":"Small Slimes","floor":5.0,"turns":1.0},{"damage":7.0,"enemies":"3 Sentries","floor":7.0,"turns":10.0},{"damage":7.0,"enemies":"2 Fungi Beasts","floor":10.0,"turns":5.0},{"damage":18.0,"enemies":"Gremlin Gang","floor":11.0,"turns":4.0},{"damage":10,"enemies":"Exordium Thugs","floor":13,"turns":5},{"damage":14,"enemies":"The Guardian","floor":16,"turns":14},{"damage":22,"enemies":"Chosen","floor":18,"turns":8},{"damage":19,"enemies":"Shell Parasite","floor":22,"turns":9},{"damage":49,"enemies":"3 Cultists","floor":25,"turns":8},{"damage":12,"enemies":"Shelled Parasite and Fungi","floor":30,"turns":10},{"damage":39,"enemies":"Automaton","floor":33,"turns":10}],"seed_played":"4981422378954242512","potions_obtained":[{"floor":1.0,"key":"LiquidBronze"},{"floor":5.0,"key":"BlessingOfTheForge"},{"floor":10.0,"key":"DuplicationPotion"},{"floor":22,"key":"Weak Potion"},{"floor":30,"key":"EssenceOfDarkness"}],"is_trial":false,"path_per_floor":["M","?","M","$","M","R","E","R","T","M","M","?","M","$","R","B",null,"M","$","?","?","M","R","?","M","T","$","R","T","M","$","R","B"],"character_chosen":"DEFECT","items_purchased":["Cold Snap","Self Repair","Blizzard","Cold Snap","Bandage Up","Capacitor"],"campfire_rested":1,"item_purchase_floors":[4,4,14,19,19,27],"current_hp_per_floor":[75,75,75,75,75,75,75,75,75,75,57,57,54,54,54,47,75,60,60,60,60,52,52,52,14,14,14,36,36,35,35,35,0,0],"gold":77,"neow_bonus":"THREE_ENEMY_KILL","is_daily":false,"chose_seed":false,"campfire_upgraded":5,"win_rate":0.0,"timestamp":1609596137,"path_taken":["M","?","?","?","?","R","E","R","T","M","M","?","M","$","R","BOSS","M","$","?","?","M","R","?","?","T","$","R","?","M","$","R","BOSS"],"items_purchased_type":["Card","Card","Card","Card","Card","Card"],"build_version":"2020-12-22","purchased_purges":1,"victory":false,"max_hp_per_floor":[75,75,75,75,75,75,75,75,75,75,75,75,75,75,75,75,75,75,75,75,75,75,75,75,75,75,75,75,75,75,75,75,75,75],"card_choices":[{"not_picked":["White Noise","Aggregate"],"picked":"Reinforced Body","floor":1.0},{"not_picked":["Chaos","Go for the Eyes","Rebound"],"picked":"SKIP","floor":3.0},{"not_picked":["Steam","White Noise","Hologram"],"picked":"SKIP","floor":5.0},{"not_picked":["Hologram","Ball Lightning"],"picked":"Consume","floor":7.0},{"not_picked":["Compile Driver","Conserve Battery","Doom and Gloom"],"picked":"SKIP","floor":10.0},{"not_picked":["Barrage","Stack"],"picked":"Lockon","floor":11.0},{"not_picked":["Conserve Battery","Chaos"],"picked":"Chill","floor":13},{"not_picked":["Reboot","Machine Learning"],"picked":"Core Surge","floor":16},{"not_picked":["Rebound","Reprogram+1","Tempest"],"picked":"SKIP","floor":18},{"not_picked":["Turbo","Undo+1"],"picked":"Leap+1","floor":22},{"not_picked":["Compile Driver","Self Repair","Turbo"],"picked":"SKIP","floor":25},{"not_picked":["Storm","Sweeping Beam","Hello World"],"picked":"SKIP","floor":30}],"player_experience":638985,"relics_obtained":[{"floor":7.0,"key":"Art of War"},{"floor":9.0,"key":"Vajra"},{"floor":26,"key":"Bag of Marbles"},{"floor":29,"key":"Omamori"}],"event_choices":[{"damage_healed":0.0,"max_hp_gain":0.0,"max_hp_loss":0.0,"gold_gain":0.0,"event_name":"NoteForYourself","player_choice":"Ignored","floor":2.0,"gold_loss":0.0,"damage_taken":0.0},{"cards_removed":["Strike_B"],"damage_healed":0.0,"max_hp_gain":0.0,"max_hp_loss":0.0,"gold_gain":0.0,"event_name":"Bonfire Elementals","player_choice":"Offered Basic","floor":12.0,"gold_loss":0.0,"damage_taken":0.0},{"damage_healed":0,"gold_gain":99,"player_choice":"Stole From Cult","damage_taken":0,"max_hp_gain":0,"max_hp_loss":0,"event_name":"Nest","floor":20,"gold_loss":0},{"damage_healed":0,"gold_gain":0,"player_choice":"Ignored","damage_taken":0,"max_hp_gain":0,"max_hp_loss":0,"event_name":"Cursed Tome","floor":21,"gold_loss":0},{"cards_removed":["Strike_B"],"damage_healed":0,"gold_gain":0,"player_choice":"Purged","damage_taken":0,"max_hp_gain":0,"max_hp_loss":0,"event_name":"Purifier","floor":24,"gold_loss":0}],"is_beta":false,"boss_relics":[{"not_picked":["SlaversCollar","Tiny House"],"picked":"Empty Cage"}],"items_purged_floors":[27],"is_endless":false,"potions_floor_spawned":[1,5,10,22,30],"killed_by":"Automaton","ascension_level":0}}