{"host":"yecadp3kwkksam5a","time":1609599834,"event":{"mods":["Arknights The Spire","BaseMod","Minty Spire (QoL Compilation)","StSLib","The Hierophant"],"gold_per_floor":[994,1007,164,181,198,233,233,262,262,291,291,291,319,381,393,479,491,520,560,572,509,536,575,587,625,664,687,711,723,752,764,776,867,879,901,913,938,950,977,1019,168,193,273,273,495,520,552,564,564,564,564,564,564,20,47,47],"floor_reached":57,"playtime":1619,"items_purged":["Escape Plan+1"],"score":3937,"play_id":"6314978e-c69d-4ec2-a7a2-ff200ac057e0","local_time":"20210103000354","is_ascension_mode":true,"campfire_choices":[{"floor":7,"key":"DIG"},{"floor":12,"key":"DIG"},{"floor":15,"key":"RECALL"},{"floor":24,"key":"DIG"},{"floor":29,"key":"DIG"},{"floor":32,"key":"DIG"},{"floor":49,"key":"DIG"},{"floor":53,"key":"DIG"}],"circlet_count":0,"master_deck":["Accuracy+1","Reflex+1","Accuracy+1","Calculated Gamble+1","Acrobatics+1","Blade Dance+1","Blade Dance+1","After Image+1","After Image+1","After Image+1","Adrenaline","Accuracy+1","Accuracy+1"],"relics":["Ring of the Snake","Unceasing Top","Tiny Chest","CeramicFish","Bronze Scales","Gambling Chip","Ornamental Fan","SlaversCollar","Enchiridion","Bag of Preparation","Smiling Mask","OrangePellets","Akabeko","Frozen Egg 2","Nunchaku","Busted Crown","Molten Egg 2","Vajra","Singing Bowl","Old Coin","Regal Pillow","Happy Flower","Orrery","Lantern","Whetstone","Oddly Smooth Stone","TheAbacus","Toy Ornithopter","Lantern","Strawberry","Torii","Orrery","Pen Nib","Coffee Dripper","DollysMirror","The Courier","Question Card","Old Coin","Membership Card","Juzu Bracelet","Happy Flower","FossilizedHelix","InkBottle","Busted Crown","Shovel","Lee\u0027s Waffle","Darkstone Periapt","Omamori","Ancient Tea Set","Toxic Egg 2","Sundial","StrikeDummy","Calipers","Kunai","HandDrill","Ornamental Fan","Shuriken","Pantograph","PreservedInsect","Regal Pillow","Pear","Tiny Chest","Lantern","Akabeko","Art of War","Sundial","MealTicket","Centennial Puzzle","Bottled Lightning","Toy Ornithopter","Meat on the Bone","Letter Opener","Ornamental Fan","CeramicFish","Vajra","MawBank","Black Star","Red Mask","Matryoshka","Tough Bandages","InkBottle","Potion Belt","Frozen Egg 2","Mercury Hourglass","Omamori","StrikeDummy","Pantograph","Bag of Marbles","SacredBark","Oddly Smooth Stone","Whetstone","Mummified Hand","OrangePellets","Strawberry","Anchor","Blue Candle","Juzu Bracelet","Bronze Scales","Eternal Feather","Question Card","Blood Vial","Gremlin Horn","Molten Egg 2","Snake Skull","Toxic Egg 2","Shuriken","HornCleat","StoneCalendar","TungstenRod","Bag of Preparation","Happy Flower","White Beast Statue","ClockworkSouvenir","Turnip","Incense Burner","Pen Nib","Paper Crane","Orichalcum","Nunchaku","Bottled Tornado"],"acts_visited":["Exordium","TheCity","TheBeyond","TheEnding"],"potions_floor_usage":[42,56],"damage_taken":[{"damage":3,"enemies":"Cultist","floor":1,"turns":4},{"damage":0,"enemies":"Small Slimes","floor":2,"turns":1},{"damage":0,"enemies":"2 Louse","floor":4,"turns":1},{"damage":0,"enemies":"Blue Slaver","floor":5,"turns":1},{"damage":0,"enemies":"3 Sentries","floor":6,"turns":1},{"damage":0,"enemies":"Lagavulin","floor":8,"turns":1},{"damage":0,"enemies":"3 Sentries","floor":10,"turns":1},{"damage":0,"enemies":"Lagavulin","floor":13,"turns":1},{"damage":0,"enemies":"Hexaghost","floor":16,"turns":1},{"damage":0,"enemies":"2 Thieves","floor":18,"turns":1},{"damage":0,"enemies":"Masked Bandits","floor":19,"turns":1},{"damage":0,"enemies":"3 Byrds","floor":22,"turns":1},{"damage":0,"enemies":"Slavers","floor":23,"turns":1},{"damage":0,"enemies":"Gremlin Leader","floor":25,"turns":1},{"damage":0,"enemies":"Shelled Parasite and Fungi","floor":27,"turns":1},{"damage":0,"enemies":"Snake Plant","floor":28,"turns":1},{"damage":0,"enemies":"Snecko","floor":30,"turns":1},{"damage":0,"enemies":"Champ","floor":33,"turns":1},{"damage":0,"enemies":"Orb Walker","floor":35,"turns":1},{"damage":0,"enemies":"3 Darklings","floor":37,"turns":1},{"damage":0,"enemies":"Maw","floor":39,"turns":1},{"damage":0,"enemies":"Nemesis","floor":40,"turns":1},{"damage":0,"enemies":"Giant Head","floor":42,"turns":1},{"damage":0,"enemies":"Mind Bloom Boss Battle","floor":46,"turns":1},{"damage":0,"enemies":"Nemesis","floor":47,"turns":1},{"damage":0,"enemies":"4 Shapes","floor":48,"turns":1},{"damage":0,"enemies":"Time Eater","floor":50,"turns":3},{"damage":0,"enemies":"Awakened One","floor":51,"turns":2},{"damage":0,"enemies":"Shield and Spear","floor":55,"turns":1},{"damage":0,"enemies":"The Heart","floor":56,"turns":5}],"seed_played":"-3315694850250478451","potions_obtained":[{"floor":1,"key":"Fruit Juice"},{"floor":1,"key":"Fruit Juice"},{"floor":2,"key":"DuplicationPotion"},{"floor":4,"key":"BlessingOfTheForge"},{"floor":27,"key":"ColorlessPotion"},{"floor":28,"key":"Explosive Potion"},{"floor":42,"key":"Fruit Juice"},{"floor":47,"key":"Poison Potion"}],"is_trial":false,"path_per_floor":["M","M","$","M","M","E","R","E","T","E","?","R","E","?","R","B",null,"M","?","T","?","M","E","R","E","T","M","M","R","M","T","R","B",null,"M","?","M","T","M","E","$","E","T","T","?","?","E","M","R","B","B",null,"R","$","E","B",null],"character_chosen":"THE_SILENT","items_purchased":["PreservedInsect","Regal Pillow","Pear","Tiny Chest","Lantern","Akabeko","Art of War","Sundial","MealTicket","Centennial Puzzle","Bottled Lightning","Accuracy+1","OrangePellets","Strawberry","Anchor","Blue Candle","Juzu Bracelet","Bronze Scales","Eternal Feather","Question Card","Blood Vial","Gremlin Horn","Molten Egg 2","ClockworkSouvenir","Turnip","Incense Burner","Pen Nib","Paper Crane","Orichalcum"],"campfire_rested":0,"item_purchase_floors":[3,3,3,3,3,3,3,3,3,3,3,41,41,41,41,41,41,41,41,41,41,41,41,54,54,54,54,54,54],"current_hp_per_floor":[171,171,181,181,181,181,181,181,181,181,181,181,181,181,181,181,181,181,181,181,181,181,181,181,181,181,181,181,181,181,181,181,181,181,181,181,181,181,181,181,188,200,200,200,200,202,204,206,206,206,206,206,206,206,208,218],"gold":47,"neow_bonus":"HUNDRED_GOLD","is_daily":false,"chose_seed":false,"campfire_upgraded":0,"win_rate":0.0,"timestamp":1609599834,"path_taken":["M","M","$","M","M","E","R","E","T","E","?","R","E","?","R","BOSS","M","?","?","?","M","E","R","E","T","M","M","R","M","?","R","BOSS","M","?","M","?","M","E","$","E","T","?","?","?","E","M","R","BOSS","BOSS","R","$","E","BOSS"],"items_purchased_type":["Relic","Relic","Relic","Relic","Relic","Relic","Relic","Relic","Relic","Relic","Relic","Card","Relic","Relic","Relic","Relic","Relic","Relic","Relic","Relic","Relic","Relic","Relic","Relic","Relic","Relic","Relic","Relic","Relic"],"build_version":"2020-12-22","purchased_purges":1,"victory":true,"max_hp_per_floor":[171,171,181,181,181,181,181,181,181,181,181,181,181,181,181,181,181,181,181,181,181,181,181,181,181,181,181,181,181,181,181,181,181,181,181,181,181,181,181,181,188,200,200,200,200,202,204,206,206,206,206,206,206,206,208,218],"card_choices":[{"not_picked":["Bane","Sucker Punch","Cloak And Dagger"],"picked":"SKIP","floor":1},{"not_picked":["Backflip+1"],"picked":"Singing Bowl","floor":1},{"not_picked":["Underhanded Strike+1"],"picked":"Singing Bowl","floor":1},{"not_picked":["Dodge and Roll+1"],"picked":"Singing Bowl","floor":1},{"not_picked":["Dodge and Roll+1"],"picked":"Singing Bowl","floor":1},{"not_picked":["Crippling Poison+1"],"picked":"Singing Bowl","floor":1},{"not_picked":["Acrobatics+1"],"picked":"Singing Bowl","floor":1},{"not_picked":["Riddle With Holes+1"],"picked":"Singing Bowl","floor":1},{"not_picked":["Slice+1"],"picked":"Singing Bowl","floor":1},{"not_picked":["Deflect+1"],"picked":"Singing Bowl","floor":1},{"not_picked":["Slice+1"],"picked":"Singing Bowl","floor":42},{"not_picked":["Eviscerate+1"],"picked":"Singing Bowl","floor":46},{"not_picked":["Bane+1"],"picked":"Singing Bowl","floor":47},{"not_picked":["Dodge and Roll+1"],"picked":"Singing Bowl","floor":48},{"not_picked":["Reflex+1"],"picked":"Singing Bowl","floor":55}],"player_experience":329728,"relics_obtained":[{"floor":6,"key":"Toy Ornithopter"},{"floor":7,"key":"Meat on the Bone"},{"floor":8,"key":"Letter Opener"},{"floor":9,"key":"Ornamental Fan"},{"floor":10,"key":"CeramicFish"},{"floor":12,"key":"Vajra"},{"floor":13,"key":"MawBank"},{"floor":19,"key":"Red Mask"},{"floor":20,"key":"Matryoshka"},{"floor":23,"key":"Tough Bandages"},{"floor":23,"key":"InkBottle"},{"floor":25,"key":"Potion Belt"},{"floor":25,"key":"Frozen Egg 2"},{"floor":26,"key":"Mercury Hourglass"},{"floor":29,"key":"Omamori"},{"floor":31,"key":"StrikeDummy"},{"floor":31,"key":"Pantograph"},{"floor":32,"key":"Bag of Marbles"},{"floor":38,"key":"Oddly Smooth Stone"},{"floor":40,"key":"Whetstone"},{"floor":40,"key":"Mummified Hand"},{"floor":42,"key":"Snake Skull"},{"floor":42,"key":"Toxic Egg 2"},{"floor":43,"key":"Shuriken"},{"floor":44,"key":"HornCleat"},{"floor":46,"key":"StoneCalendar"},{"floor":47,"key":"TungstenRod"},{"floor":47,"key":"Bag of Preparation"},{"floor":49,"key":"Happy Flower"},{"floor":53,"key":"White Beast Statue"},{"floor":55,"key":"Nunchaku"},{"floor":55,"key":"Bottled Tornado"}],"event_choices":[{"cards_removed":["Envenom"],"damage_healed":0,"gold_gain":0,"player_choice":"Forget","damage_taken":0,"max_hp_gain":0,"max_hp_loss":0,"event_name":"Living Wall","floor":11,"gold_loss":0},{"damage_healed":0,"gold_gain":50,"player_choice":"Pray","damage_taken":0,"max_hp_gain":0,"max_hp_loss":0,"event_name":"Golden Shrine","floor":14,"gold_loss":0},{"damage_healed":0,"gold_gain":0,"player_choice":"Fought Bandits","damage_taken":0,"max_hp_gain":0,"max_hp_loss":0,"event_name":"Masked Bandits","floor":19,"gold_loss":0},{"cards_removed":["Escape Plan"],"damage_healed":0,"gold_gain":0,"player_choice":"Gave Gold","damage_taken":0,"max_hp_gain":0,"max_hp_loss":0,"event_name":"Beggar","floor":21,"gold_loss":75},{"cards_removed":["Acrobatics"],"damage_healed":0,"gold_gain":0,"player_choice":"Removed Skill","damage_taken":0,"max_hp_gain":0,"max_hp_loss":0,"event_name":"Falling","floor":36,"gold_loss":0},{"damage_healed":0,"gold_gain":222,"player_choice":"Wore Mask","damage_taken":0,"max_hp_gain":0,"max_hp_loss":0,"event_name":"Tomb of Lord Red Mask","floor":45,"gold_loss":0},{"damage_healed":0,"gold_gain":0,"player_choice":"Fight","damage_taken":0,"max_hp_gain":0,"max_hp_loss":0,"event_name":"MindBloom","floor":46,"gold_loss":0}],"is_beta":false,"boss_relics":[{"not_picked":["Philosopher\u0027s Stone","HoveringKite"],"picked":"Black Star"},{"not_picked":["Astrolabe","Cursed Key"],"picked":"SacredBark"}],"items_purged_floors":[3],"is_endless":false,"potions_floor_spawned":[2,4,10,16,27,28,30,33,35,42,47,55],"ascension_level":20}}