{"host":"bf9sa99gaumonoeu","time":1609600124,"event":{"mods":["AchievementEnabler","Act Like it!","BaseMod","Colored Map","Colored Powertips","Downfall","Duelist Mod","Friendly Minions","Gensokyo","GifTheSpireLib","Hallownest","Hermit","Hubris","Jorbs\u0027s Wanderer Trilogy","KinomotoSakuraMod(????)","Koishi","KomeijiMod","Lobotomy","Marisa????????","Minty Spire (QoL Compilation)","Rare Cards Sparkle","Reimu??????","Remilia??????","Replay The Spire","Shop Mod","StSLib","The Administrix","The Animator","The Blue Laboratory","The Bug Knight","The Construct","The Cursed","The Disciple","The Hierophant","The Mystic","The Necromancer","The Poker Player","The Runesmith","The Senshi","The Servant 0.9.4","The Witch","[IsaacMod]????"],"gold_per_floor":[121,149,176,200,224,236,275,287,325,370,399,32,46,64,64,160,160,176,176,136,152,152,152,187,187,187,187,200,200,227,247,247,346,346,358,358,374,14,14,14,40,52,52,52,86,106,106,406,406,406,406],"floor_reached":50,"playtime":5119,"items_purged":["HollowMod:NailStrikeStart"],"score":602,"play_id":"8f89453e-8396-4f4b-8530-cdcf1c616b3a","local_time":"20210102130844","is_ascension_mode":false,"campfire_choices":[{"data":"HollowMod:MantisMark","floor":6,"key":"SMITH"},{"data":"HollowMod:MonarchWings","floor":8,"key":"SMITH"},{"floor":15,"key":"REST"},{"data":"HollowMod:HornetsHelp","floor":23,"key":"SMITH"},{"data":"HollowMod:ZotesMagnificence","floor":25,"key":"SMITH"},{"data":"HollowMod:HuntersJournal","floor":32,"key":"SMITH"},{"data":"HollowMod:AwokenDreamNail","floor":40,"key":"SMITH"},{"data":"HollowMod:DreamGate","floor":44,"key":"SMITH"},{"data":"HollowMod:Hiveblood","floor":47,"key":"SMITH"},{"floor":49,"key":"RECALL"}],"circlet_count":0,"master_deck":["HollowMod:NailStrikeStart","HollowMod:NailStrikeStart","HollowMod:NailStrikeStart","HollowMod:QuickDashStart","HollowMod:QuickDashStart","HollowMod:QuickDashStart","HollowMod:QuickDashStart","HollowMod:FocusHealStart","HollowMod:PogoStrike","HollowMod:HowlingWraiths","HollowMod:InfectedAttack","HollowMod:SoulSplash","HollowMod:MantisMark+1","HollowMod:MonarchWings+1","HollowMod:SoulEater","HollowMod:SoulSplash","HollowMod:GreatSlash","HollowMod:ZotesMagnificence+1","HollowMod:CycloneSlash","HollowMod:DoubleDash","HollowMod:HornetsHelp+1","HollowMod:DoubleDash","HollowMod:HuntersJournal+1","HollowMod:ZotesMagnificence","HollowMod:GoodIntentions+1","HollowMod:AwokenDreamNail+1","HollowMod:DreamGate+1","Violence","HollowMod:Hiveblood+1","HollowMod:GrimmsGift+1","HollowMod:Grubsong"],"relics":["HollowMod:VesselMask","HushsDoor","MawBank","Replay:Mystery Machine","MealTicket","DoctorsRemote","Runesmith:Locket","MerchantsRug","hubris:ToyBattleship","Coffee Dripper","ZunR:ReiMu","Quantum Egg","ReplayTheSpireMod:Ninjato","Snack Pack","Onion Ring","SlaversCollar","Peace Pipe","BelialBook"],"acts_visited":["Exordium","TheCity","TheBeyond"],"potions_floor_usage":[10,18,30,31,33,37,46,46,46],"damage_taken":[{"damage":0,"enemies":"Hallownest:2_Baldur","floor":1,"turns":4},{"damage":2,"enemies":"Hallownest:monsterHuskGuard","floor":2,"turns":4},{"damage":9,"enemies":"Hallownest:2_MossCreeps","floor":3,"turns":5},{"damage":7,"enemies":"Hallownest:monsterAspidMother","floor":4,"turns":4},{"damage":1,"enemies":"Hallownest:monsterFoolEater","floor":5,"turns":3},{"damage":23,"enemies":"Hallownest:eliteMossKnight","floor":7,"turns":8},{"damage":33,"enemies":"Hallownest:eliteVengeflyKing","floor":10,"turns":6},{"damage":18,"enemies":"Hallownest:1_Ooma_and_2_Uuma","floor":11,"turns":6},{"damage":3,"enemies":"Hallownest:Wandering_and_Horned","floor":13,"turns":2},{"damage":3,"enemies":"Hallownest:MossCreep_and_Mosskin","floor":14,"turns":4},{"damage":43,"enemies":"Hallownest:BossHornet","floor":16,"turns":6},{"damage":20,"enemies":"2 Thieves","floor":18,"turns":2},{"damage":10,"enemies":"Spheric Guardian","floor":21,"turns":5},{"damage":0,"enemies":"theDuelist:KaibaA2","floor":24,"turns":4},{"damage":13,"enemies":"Snake Plant","floor":28,"turns":4},{"damage":18,"enemies":"HollowMod:Nosk","floor":30,"turns":5},{"damage":0,"enemies":"Snecko","floor":31,"turns":2},{"damage":42,"enemies":"HollowMod:NKGrimm","floor":33,"turns":7},{"damage":0,"enemies":"Orb Walker","floor":35,"turns":3},{"damage":15,"enemies":"3 Darklings","floor":37,"turns":5},{"damage":1,"enemies":"Nemesis","floor":41,"turns":5},{"damage":3,"enemies":"4 Shapes","floor":42,"turns":2},{"damage":26,"enemies":"Reptomancer","floor":45,"turns":6},{"damage":50,"enemies":"HollowMod:SlobberingHusk","floor":46,"turns":6},{"damage":87,"enemies":"Donu and Deca","floor":50,"turns":6}],"seed_played":"7078354312962070071","potions_obtained":[{"floor":1,"key":"blueLaboratory:PyrophylliteBrew"},{"floor":3,"key":"FearPotion"},{"floor":11,"key":"LiquidMemories"},{"floor":13,"key":"DuplicationPotion"},{"floor":21,"key":"blueLaboratory:SavagePotion"},{"floor":30,"key":"Fire Potion"},{"floor":31,"key":"FearPotion"}],"is_trial":false,"path_per_floor":["M","M","M","M","M","R","E","R","T","E","M","$","M","M","R","B",null,"M","?","?","M","?","R","E","R","T","?","M","T","E","M","R","B",null,"M","?","M","$","?","R","E","M","T","R","E","M","R","?","R","B"],"character_chosen":"THE_BUGKNIGHT","items_purchased":["MerchantsRug","HollowMod:ZotesMagnificence","hubris:ToyBattleship","Violence","blueLaboratory:BubblePotion","SpeedPotion"],"campfire_rested":1,"item_purchase_floors":[12,12,12,38,38,38],"current_hp_per_floor":[75,73,74,71,70,70,53,53,53,26,14,29,26,23,45,2,75,55,55,55,51,51,51,57,57,57,57,50,50,42,42,42,6,75,75,75,62,75,75,75,74,73,73,73,65,41,41,41,41,0,0],"gold":406,"neow_bonus":"RANDOM_COMMON_RELIC","is_daily":false,"chose_seed":false,"campfire_upgraded":8,"win_rate":0.0,"timestamp":1609600124,"path_taken":["M","M","M","M","M","R","E","R","T","E","M","$","M","M","R","BOSS","M","?","?","M","?","R","E","R","T","?","M","?","E","M","R","BOSS","M","?","M","$","?","R","E","M","T","R","E","M","R","?","R","BOSS"],"items_purchased_type":["Relic","Card","Relic","Card","Potion","Potion"],"build_version":"2020-12-22","purchased_purges":1,"victory":false,"max_hp_per_floor":[75,75,75,75,75,75,75,75,75,75,75,75,75,75,75,75,75,75,75,75,75,75,75,75,75,75,75,75,75,75,75,75,75,75,75,75,75,75,75,75,75,75,75,75,75,75,75,75,75,75,75],"card_choices":[{"not_picked":[],"picked":"ChaosCard","floor":0},{"not_picked":["HollowMod:MothsMistake","HollowMod:DescendingDark"],"picked":"HollowMod:HowlingWraiths","floor":1},{"not_picked":["HollowMod:TaintedHusks","HollowMod:SharpenedNail"],"picked":"HollowMod:InfectedAttack","floor":2},{"not_picked":["HollowMod:Grubsong","HollowMod:ElderbugsWisdom"],"picked":"HollowMod:SoulSplash","floor":3},{"not_picked":["HollowMod:RecoilStrike","HollowMod:CornifersMapStart"],"picked":"HollowMod:MantisMark","floor":4},{"not_picked":["HollowMod:SharpenedNail","HollowMod:HeavyBlow"],"picked":"HollowMod:MonarchWings","floor":5},{"not_picked":["HollowMod:VengefulSpirit","HollowMod:SharpenedNail"],"picked":"HollowMod:SoulEater","floor":7},{"not_picked":["HollowMod:ChannelNail","HollowMod:HowlingWraiths"],"picked":"HollowMod:SoulSplash","floor":10},{"not_picked":["HollowMod:CycloneSlash","HollowMod:InfectedCysts"],"picked":"HollowMod:GreatSlash","floor":11},{"not_picked":["HollowMod:SoulEater","HollowMod:HeavyBlow"],"picked":"HollowMod:CycloneSlash","floor":13},{"not_picked":["HollowMod:ChannelNail","HollowMod:DesolateDive"],"picked":"HollowMod:DoubleDash","floor":14},{"not_picked":["HollowMod:ElderbugsWisdom","HollowMod:Weaversong"],"picked":"HollowMod:HornetsHelp","floor":16},{"not_picked":["HollowMod:SiblingsShadow","HollowMod:DreamGate"],"picked":"HollowMod:DoubleDash","floor":18},{"not_picked":["HollowMod:BlackTendrils","HollowMod:LifebloodCocoon+1","HollowMod:SoulSplash+1"],"picked":"SKIP","floor":21},{"not_picked":["HollowMod:DescendingDark","HollowMod:MothsMistake"],"picked":"HollowMod:ZotesMagnificence","floor":24},{"not_picked":["HollowMod:NewLittleFool","HollowMod:DashSlash"],"picked":"HollowMod:GoodIntentions+1","floor":28},{"not_picked":["HollowMod:PureNailStrike","HollowMod:InfectedAttack","HollowMod:CycloneSlash"],"picked":"SKIP","floor":30},{"not_picked":["HollowMod:ShadowDash","HollowMod:BaldurShell","HollowMod:ChannelNail"],"picked":"SKIP","floor":31},{"not_picked":["HollowMod:VoidDash","HollowMod:MidwifesHunger"],"picked":"HollowMod:AwokenDreamNail","floor":33},{"not_picked":["HollowMod:CycloneSlash","HollowMod:ShapeofUnn"],"picked":"HollowMod:DreamGate","floor":35},{"not_picked":["HollowMod:NewJinnsSoul","HollowMod:InfectedAttack","HollowMod:ShadowDash+1"],"picked":"SKIP","floor":37},{"not_picked":["HollowMod:FastStrike+1","HollowMod:MonarchWings+1"],"picked":"HollowMod:Hiveblood","floor":41},{"not_picked":["HollowMod:TaintedHusks+1","HollowMod:SoulSplash+1","HollowMod:SoulStrike"],"picked":"SKIP","floor":42},{"not_picked":["HollowMod:LifebloodCocoon+1","HollowMod:HowlingWraiths+1"],"picked":"HollowMod:GrimmsGift+1","floor":45},{"not_picked":["HollowMod:InfectionAssault+1","HollowMod:DungDefenderAura"],"picked":"HollowMod:Grubsong","floor":46}],"player_experience":696446,"relics_obtained":[{"floor":7,"key":"Replay:Mystery Machine"},{"floor":9,"key":"MealTicket"},{"floor":10,"key":"Runesmith:Locket"},{"floor":24,"key":"Quantum Egg"},{"floor":26,"key":"ReplayTheSpireMod:Ninjato"},{"floor":29,"key":"Snack Pack"},{"floor":30,"key":"Onion Ring"},{"floor":41,"key":"Peace Pipe"},{"floor":45,"key":"BelialBook"}],"event_choices":[{"damage_healed":0,"gold_gain":0,"player_choice":"Keep O-miki","damage_taken":0,"relics_obtained":["ZunR:ReiMu"],"max_hp_gain":0,"max_hp_loss":0,"event_name":"ZunEvent","floor":20,"gold_loss":40},{"damage_healed":0,"gold_gain":0,"player_choice":"Read","damage_taken":0,"max_hp_gain":0,"max_hp_loss":0,"event_name":"The Library","floor":22,"gold_loss":0,"cards_obtained":["HollowMod:HuntersJournal"]}],"is_beta":false,"boss_relics":[{"not_picked":["Tiny House","Replay:Ancient Bell"],"picked":"Coffee Dripper"},{"not_picked":[]},{"not_picked":["Replay:Wanted Poster","Fusion Hammer"],"picked":"SlaversCollar"},{"not_picked":[]}],"items_purged_floors":[38],"is_endless":false,"potions_floor_spawned":[1,3,11,13,16,21,30,31,41,45],"killed_by":"Donu and Deca","ascension_level":0}}