{"host":"lxgv1wbl12oya7hr","time":1609561728,"event":{"mods":["BaseMod","Minty Spire (QoL Compilation)","Permanent Neow","StSLib"],"gold_per_floor":[119,133,103,103,13,13,24,51,51,51,64,84,118,118,118,215,215,235,235,235,248,523,523,292,292,372,372,403,160,171,200,200,200,200],"floor_reached":33,"playtime":1482,"items_purged":["Regret"],"score":415,"play_id":"78769f8c-d7b2-4145-8ce2-23c68ef8baaf","local_time":"20210101202848","is_ascension_mode":true,"campfire_choices":[{"data":"Immolate","floor":6,"key":"SMITH"},{"data":"Demon Form","floor":15,"key":"SMITH"},{"floor":25,"key":"RECALL"},{"data":"Double Tap","floor":32,"key":"SMITH"}],"circlet_count":0,"master_deck":["Defend_R+1","Defend_R+1","Defend_R+1","Bash","Immolate+1","Twin Strike","Evolve","Sword Boomerang","Swift Strike","Thunderclap","Flex","Cleave","Clothesline","Demon Form+1","Double Tap+1","Spot Weakness+1","Clothesline+1","Exhume+1","Rage+1","Bite","Bite","Bite","Bite","Bite","Necronomicurse","Fire Breathing","Pommel Strike+1","Clothesline+1"],"relics":["Burning Blood","White Beast Statue","Letter Opener","Astrolabe","Necronomicon","War Paint","The Courier","Toy Ornithopter","TungstenRod","Molten Egg 2"],"acts_visited":["Exordium","TheCity"],"potions_floor_usage":[8,8,10,11,12,13,16,16,23,28,28,33,33],"damage_taken":[{"damage":1,"enemies":"Cultist","floor":1,"turns":3},{"damage":6,"enemies":"Jaw Worm","floor":2,"turns":3},{"damage":0,"enemies":"2 Louse","floor":7,"turns":1},{"damage":0,"enemies":"3 Sentries","floor":8,"turns":5},{"damage":0,"enemies":"Gremlin Nob","floor":10,"turns":1},{"damage":10,"enemies":"Looter","floor":11,"turns":2},{"damage":0,"enemies":"Red Slaver","floor":12,"turns":1},{"damage":21,"enemies":"Lagavulin","floor":13,"turns":5},{"damage":2,"enemies":"Slime Boss","floor":16,"turns":6},{"damage":15,"enemies":"3 Byrds","floor":18,"turns":3},{"damage":10,"enemies":"Chosen","floor":21,"turns":3},{"damage":0,"enemies":"Slavers","floor":23,"turns":1},{"damage":23,"enemies":"Book of Stabbing","floor":28,"turns":6},{"damage":0,"enemies":"Centurion and Healer","floor":30,"turns":2},{"damage":0,"enemies":"Slavers","floor":31,"turns":1},{"damage":65,"enemies":"Champ","floor":33,"turns":7}],"seed_played":"6835250810916999822","potions_obtained":[{"floor":2,"key":"SmokeBomb"},{"floor":3,"key":"EntropicBrew"},{"floor":3,"key":"SpeedPotion"},{"floor":7,"key":"EssenceOfSteel"},{"floor":11,"key":"DistilledChaos"},{"floor":12,"key":"BlessingOfTheForge"},{"floor":13,"key":"Energy Potion"},{"floor":16,"key":"SmokeBomb"},{"floor":18,"key":"HeartOfIron"},{"floor":21,"key":"Block Potion"},{"floor":28,"key":"PowerPotion"},{"floor":30,"key":"FearPotion"},{"floor":31,"key":"CultistPotion"}],"is_trial":false,"path_per_floor":["M","M","?","$","$","R","M","E","T","E","M","M","E","?","R","B",null,"M","?","?","M","?","E","$","R","T","$","E","$","M","E","R","B"],"character_chosen":"IRONCLAD","items_purchased":["Swift Strike","War Paint","TungstenRod"],"campfire_rested":0,"item_purchase_floors":[5,24,29],"current_hp_per_floor":[61,61,61,61,61,61,67,73,73,79,75,80,65,49,49,53,80,71,56,40,40,40,48,48,48,48,48,39,39,47,55,55,0,0],"gold":200,"neow_bonus":"TRANSFORM_TWO_CARDS","is_daily":false,"chose_seed":false,"campfire_upgraded":3,"win_rate":0.0,"timestamp":1609561728,"path_taken":["M","M","?","?","$","R","M","E","T","E","?","M","E","?","R","BOSS","M","?","?","M","?","E","$","R","T","$","E","$","?","E","R","BOSS"],"items_purchased_type":["Card","Relic","Relic"],"build_version":"2020-12-22","purchased_purges":1,"victory":false,"max_hp_per_floor":[80,80,80,80,80,80,80,80,80,80,80,80,80,80,80,80,80,80,56,56,56,56,56,56,56,56,56,56,56,56,56,56,56,56],"card_choices":[{"not_picked":["Warcry","Sword Boomerang"],"picked":"Evolve","floor":1},{"not_picked":["Hemokinesis","Entrench"],"picked":"Sword Boomerang","floor":2},{"not_picked":["Clothesline","Rampage"],"picked":"Thunderclap","floor":7},{"not_picked":["Armaments","Clash"],"picked":"Flex","floor":8},{"not_picked":["Combust","Clothesline"],"picked":"Cleave","floor":11},{"not_picked":["Rupture","Rage"],"picked":"Clothesline","floor":12},{"not_picked":["Ghostly Armor","Twin Strike"],"picked":"Demon Form","floor":13},{"not_picked":["Corruption","Exhume"],"picked":"Double Tap","floor":16},{"not_picked":["Shrug It Off","Second Wind"],"picked":"Rage+1","floor":18},{"not_picked":["Blood for Blood","Feel No Pain+1"],"picked":"Fire Breathing","floor":21},{"not_picked":["Wild Strike+1","Twin Strike"],"picked":"Pommel Strike+1","floor":28},{"not_picked":["Sever Soul","Wild Strike+1","Cleave"],"picked":"SKIP","floor":30},{"not_picked":["True Grit+1","Thunderclap+1"],"picked":"Clothesline+1","floor":31}],"player_experience":2223951,"relics_obtained":[{"floor":8,"key":"White Beast Statue"},{"floor":13,"key":"Letter Opener"},{"floor":20,"key":"Necronomicon"},{"floor":26,"key":"The Courier"},{"floor":28,"key":"Toy Ornithopter"},{"floor":31,"key":"Molten Egg 2"}],"event_choices":[{"damage_healed":0,"gold_gain":0,"player_choice":"Bought 2 Potions","damage_taken":0,"max_hp_gain":0,"max_hp_loss":0,"event_name":"The Woman in Blue","floor":3,"gold_loss":0},{"damage_healed":0,"gold_gain":0,"player_choice":"Entered Light","damage_taken":16,"max_hp_gain":0,"max_hp_loss":0,"event_name":"Shining Light","floor":14,"gold_loss":0,"cards_upgraded":["Defend_R","Strike_R"]},{"damage_healed":0,"gold_gain":0,"player_choice":"Became a vampire","damage_taken":0,"max_hp_gain":0,"max_hp_loss":24,"event_name":"Vampires","floor":19,"gold_loss":0,"cards_obtained":["Bite","Bite","Bite","Bite","Bite"]},{"damage_healed":0,"gold_gain":0,"player_choice":"Obtained Book","damage_taken":16,"max_hp_gain":0,"max_hp_loss":0,"event_name":"Cursed Tome","floor":20,"gold_loss":0},{"damage_healed":0,"gold_gain":275,"player_choice":"Desecrate","damage_taken":0,"max_hp_gain":0,"max_hp_loss":0,"event_name":"Golden Shrine","floor":22,"gold_loss":0,"cards_obtained":["Regret"]}],"is_beta":false,"boss_relics":[{"not_picked":["Fusion Hammer","Pandora\u0027s Box"],"picked":"Astrolabe"}],"items_purged_floors":[24],"is_endless":false,"potions_floor_spawned":[2,7,10,11,12,13,16,18,21,23,28,30,31],"killed_by":"Champ","ascension_level":1}}