{"host":"94aus4jnk6thj94q","time":1609609546,"event":{"mods":["BaseMod","Minty Spire (QoL Compilation)","Quick Restart","StSLib"],"gold_per_floor":[119,119,8,8,8,8,46,46,71,114,88,109,124,142,142,261,261,277,125,125,141,141,141],"floor_reached":22,"playtime":2272,"items_purged":[],"score":242,"play_id":"13c8d1b1-7a0d-4440-b259-ca0e85978518","local_time":"20210102194546","is_ascension_mode":false,"campfire_choices":[{"floor":6,"key":"RECALL"},{"data":"Crippling Poison","floor":8,"key":"SMITH"},{"floor":15,"key":"REST"}],"circlet_count":0,"master_deck":["Strike_G+1","Strike_G+1","Strike_G+1","Strike_G+1","Strike_G+1","Defend_G+1","Defend_G+1","Defend_G+1","Defend_G+1","Defend_G+1","Survivor","Neutralize","Poisoned Stab+1","Injury","Crippling Poison+1","Caltrops","Footwork","Noxious Fumes","Envenom","Bane","Bullet Time","Deflect+1","Crippling Poison"],"relics":["Ring of the Snake","NeowsBlessing","Golden Idol","Whetstone","Oddly Smooth Stone","Incense Burner","SacredBark","Bronze Scales"],"acts_visited":["Exordium","TheCity"],"potions_floor_usage":[16,18,22],"damage_taken":[{"damage":0,"enemies":"Jaw Worm","floor":1,"turns":1},{"damage":0,"enemies":"Lagavulin","floor":7,"turns":1},{"damage":0,"enemies":"Gremlin Nob","floor":10,"turns":1},{"damage":0,"enemies":"Small Slimes","floor":12,"turns":4},{"damage":0,"enemies":"2 Louse","floor":13,"turns":2},{"damage":9,"enemies":"Blue Slaver","floor":14,"turns":4},{"damage":13,"enemies":"Hexaghost","floor":16,"turns":11},{"damage":19,"enemies":"2 Thieves","floor":18,"turns":3},{"damage":23,"enemies":"Spheric Guardian","floor":21,"turns":5},{"damage":12,"enemies":"Chosen and Byrds","floor":22,"turns":6}],"seed_played":"-1764547162654972668","potions_obtained":[{"floor":7,"key":"Swift Potion"},{"floor":14,"key":"SteroidPotion"},{"floor":16,"key":"Weak Potion"},{"floor":21,"key":"Weak Potion"}],"is_trial":false,"path_per_floor":["M","?","$","?","$","R","E","R","T","E","?","M","M","M","R","B",null,"M","$","?","M","M"],"character_chosen":"THE_SILENT","items_purchased":["Crippling Poison","Caltrops","Bronze Scales"],"campfire_rested":1,"item_purchase_floors":[3,3,19],"current_hp_per_floor":[70,70,70,70,70,70,70,70,70,70,70,70,70,61,70,57,70,51,51,51,28,16,16],"gold":141,"neow_bonus":"THREE_ENEMY_KILL","is_daily":false,"chose_seed":false,"campfire_upgraded":1,"win_rate":0.0,"timestamp":1609609546,"path_taken":["M","?","$","?","?","R","E","R","T","E","?","M","M","M","R","BOSS","M","$","?","M","M"],"items_purchased_type":["Card","Card","Relic"],"build_version":"2020-12-22","purchased_purges":0,"victory":false,"max_hp_per_floor":[70,70,70,70,70,70,70,70,70,70,70,70,70,70,70,70,70,70,70,70,70,70,70],"card_choices":[{"not_picked":["Skewer","Dagger Throw"],"picked":"Poisoned Stab","floor":1},{"not_picked":["Outmaneuver","Endless Agony","Dagger Spray"],"picked":"SKIP","floor":7},{"not_picked":["Slice","Cloak And Dagger"],"picked":"Footwork","floor":10},{"not_picked":["Concentrate","Bouncing Flask"],"picked":"Noxious Fumes","floor":12},{"not_picked":["Slice","Accuracy"],"picked":"Envenom","floor":13},{"not_picked":["Slice","Riddle With Holes"],"picked":"Bane","floor":14},{"not_picked":["Night Terror","Adrenaline"],"picked":"Bullet Time","floor":16},{"not_picked":["Flechettes","Calculated Gamble"],"picked":"Deflect+1","floor":18},{"not_picked":["Well Laid Plans","Deflect"],"picked":"Crippling Poison","floor":21}],"player_experience":5683862,"relics_obtained":[{"floor":7,"key":"Whetstone"},{"floor":9,"key":"Oddly Smooth Stone"},{"floor":10,"key":"Incense Burner"}],"event_choices":[{"damage_healed":0,"gold_gain":0,"player_choice":"Take Wound","damage_taken":0,"relics_obtained":["Golden Idol"],"max_hp_gain":0,"max_hp_loss":0,"event_name":"Golden Idol","floor":2,"gold_loss":0,"cards_obtained":["Injury"]},{"damage_healed":0,"gold_gain":0,"player_choice":"Ignored","damage_taken":0,"max_hp_gain":0,"max_hp_loss":0,"event_name":"Shining Light","floor":4,"gold_loss":0},{"damage_healed":0,"gold_gain":0,"player_choice":"Left Gold","damage_taken":0,"max_hp_gain":0,"max_hp_loss":0,"event_name":"World of Goop","floor":11,"gold_loss":26},{"damage_healed":0,"gold_gain":0,"player_choice":"Simplicity","damage_taken":0,"max_hp_gain":0,"max_hp_loss":0,"event_name":"Back to Basics","floor":20,"gold_loss":0,"cards_upgraded":["Strike_G","Strike_G","Strike_G","Strike_G","Defend_G","Defend_G","Defend_G","Defend_G","Defend_G"]}],"is_beta":false,"boss_relics":[{"not_picked":["Fusion Hammer","Ectoplasm"],"picked":"SacredBark"}],"items_purged_floors":[],"is_endless":false,"potions_floor_spawned":[7,14,16,21],"killed_by":"Chosen and Byrds","ascension_level":0}}