{"host":"g75gtovmj0ine2rf","time":1609581274,"event":{"mods":["2.2 Compatiblity","AchievementEnabler","Act Like it!","Aspiration","Astrologer","Bard","BaseMod","Better Match","BetterRewards","CapriCore","Challenge The Spire","ChefMod","Colored Map","Conspire","Elementarium","Energized Spire","Friendly Minions","Gensokyo","Halation","Hallownest","Hermit","HexUI Lib","Highlight Path","Hubris","Infinite Spire","Jedi Mod","Lobotomy","Menagerie","Minty Spire (QoL Compilation)","Puzzle Mod","Quick Restart","Rare Cards Sparkle","Relic Stats","Replay The Spire","Robot Space Explorer","Shade Mod","Shop Mod","Spicy Shops","StSLib","SuperFastMode","The Construct","The Cursed","The Dragon Tamer","The Factory","The Jungle","The Marked","The Runesmith","TheBandit","TheFirefly","TheSwordswoman","TheVacant","Transform Curses","Wandering Minibosses","thorton","vexMod"],"gold_per_floor":[114,114,114,39,56,56,30,55,55,55,70,41,41,41,41,143,143,158,158,158,158,327,345,365,365,365,365,106,106,134,134,134,225,225,226,226,136,61,73,92,92,92,115,150,150,150,150,150,150,141,141,141,71,96,96],"floor_reached":56,"playtime":3051,"items_purged":[],"score":1499,"play_id":"927928c3-9fb6-46bc-b75c-d153c42c4df8","local_time":"20210102205434","is_ascension_mode":true,"campfire_choices":[{"data":"RobotSpaceExplorer:MiniLasers","floor":6.0,"key":"SMITH"},{"data":"RobotSpaceExplorer:TrailblazerForm","floor":10,"key":"SMITH"},{"floor":15,"key":"REST"},{"floor":25,"key":"REST"},{"data":"RobotSpaceExplorer:Accelerator","floor":29,"key":"SMITH"},{"floor":32,"key":"REST"},{"data":"RobotSpaceExplorer:Explosion","floor":41,"key":"SMITH"},{"data":"RobotSpaceExplorer:Accelerator","floor":45,"key":"SMITH"},{"floor":47,"key":"RECALL"},{"floor":49,"key":"DIG"},{"data":"RobotSpaceExplorer:TrailblazerForm","floor":52,"key":"SMITH"}],"circlet_count":0,"master_deck":["RobotSpaceExplorer:Strike","RobotSpaceExplorer:Strike","RobotSpaceExplorer:Strike","RobotSpaceExplorer:Strike","RobotSpaceExplorer:Defend","RobotSpaceExplorer:Defend","RobotSpaceExplorer:Defend","RobotSpaceExplorer:Defend","RobotSpaceExplorer:Scan","RobotSpaceExplorer:MiniLasers+1","Injury","hubris:Insight+1","RobotSpaceExplorer:MiniDrones","RobotSpaceExplorer:TrailblazerForm+1","RobotSpaceExplorer:PlasmaMissile+1","RobotSpaceExplorer:Accelerator+1","infinitespire:Gouge","RobotSpaceExplorer:PowerGlove","RobotSpaceExplorer:Accelerator+1","RobotSpaceExplorer:Explosion+1","RobotSpaceExplorer:TrailblazerForm+1","Gensokyo:CustomPotion","RobotSpaceExplorer:Jetpack+1","RobotSpaceExplorer:GlueShot+1","RobotSpaceExplorer:ExhaustFan","RobotSpaceExplorer:FreezeRay"],"relics":["RobotSpaceExplorer:RoboCore","aspiration:Nostalgia","theVacant:BrassGoblet","Oddly Smooth Stone","RobotSpaceExplorer:PlasmaHourglass","Kunai","Mango","vexMod:DeviousBotling","halation:PinkSoulGem","hubris:Towel","Bird Faced Urn","PreservedInsect","halation:NonexistentMirror","ReplayTheSpireMod:TigerMarble","Letter Opener","thethorton:CrushedCigarette","aspiration:HummingbirdHeart","aspiration:TomeofQuesting","infinitespire:PuzzleCube","hubris:Icosahedron","Replay:Rubber Ducky","conspire:Dentures","TungstenRod","Replay:Wax Seal"],"acts_visited":["Exordium","Gensokyo:Gensokyo","Gensokyo:Gensokyoer","TheEnding"],"potions_floor_usage":[16,22,33,35,50,55],"damage_taken":[{"damage":0.0,"enemies":"Gensokyo:2_Kodama","floor":1.0,"turns":5.0},{"damage":0.0,"enemies":"Gensokyo:Gryphon","floor":5.0,"turns":3.0},{"damage":23,"enemies":"Gensokyo:Mamizou","floor":8,"turns":11},{"damage":0,"enemies":"Gensokyo:3_Fairies","floor":11,"turns":4},{"damage":7,"enemies":"Gensokyo:Kokoro","floor":16,"turns":12},{"damage":9,"enemies":"Gensokyo:AngelMirror","floor":18,"turns":5},{"damage":11,"enemies":"Gensokyo:CosmicMonolith","floor":22,"turns":4},{"damage":29,"enemies":"Gensokyo:Koishi","floor":23,"turns":7},{"damage":0,"enemies":"Gensokyo:Wraith","floor":24,"turns":2},{"damage":28,"enemies":"Gensokyo:Tenshi","floor":30,"turns":5},{"damage":44,"enemies":"Gensokyo:Kaguya","floor":33,"turns":11},{"damage":2,"enemies":"Gensokyo:3_Bats","floor":35,"turns":5},{"damage":1,"enemies":"Gensokyo:AncientGuardian","floor":39,"turns":4},{"damage":10,"enemies":"Gensokyo:Marisa","floor":40,"turns":5},{"damage":27,"enemies":"Gensokyo:Kasen","floor":44,"turns":5},{"damage":0,"enemies":"Gensokyo:Yuyuko","floor":50,"turns":8},{"damage":0,"enemies":"Shield and Spear","floor":54,"turns":8},{"damage":63,"enemies":"The Heart","floor":55,"turns":13}],"seed_played":"-4751972268309127091","potions_obtained":[{"floor":8,"key":"Adrenaline Potion"},{"floor":11,"key":"SpeedPotion"},{"floor":18,"key":"Fire Potion"},{"floor":24,"key":"SkillPotion"},{"floor":44,"key":"Adrenaline Potion"},{"floor":54,"key":"AttackPotion"}],"is_trial":false,"path_per_floor":["M","?","?","?","M","R","$","E","T","R","M","COS","?","?","R","B",null,"M","?","?","?","M","E","M","R","T","?","COS","R","E","T","R","B",null,"M","COS","?","?","M","E","R","?","T","E","R","?","R","?","R_BF","B",null,"R","$","E","B",null],"character_chosen":"RobotSpaceExplorer","items_purchased":["RobotSpaceExplorer:MiniDrones","RobotSpaceExplorer:ExhaustFan"],"campfire_rested":3,"item_purchase_floors":[7,53],"current_hp_per_floor":[75,75,75,75,75,75,75,52,52,52,52,52,45,45,71,64,83,74,74,52,52,41,12,14,40,40,49,49,49,27,27,53,15,71,79,79,79,79,88,81,81,81,81,64,64,64,64,64,64,64,83,83,83,89,44],"gold":96,"neow_bonus":"NOSTALGIA","is_daily":false,"chose_seed":false,"campfire_upgraded":6,"win_rate":0.0,"timestamp":1609581274,"path_taken":["M","?","?","?","?","R","$","E","T","R","M","COS","?","?","R","BOSS","M","?","?","?","?","E","M","R","T","?","COS","R","E","?","R","BOSS","M","COS","?","?","?","E","R","?","T","E","R","?","R","?","R_BF","BOSS","R","$","E","BOSS"],"items_purchased_type":["Card","Card"],"build_version":"2020-12-22","purchased_purges":0,"victory":true,"max_hp_per_floor":[75,75,75,75,75,75,75,75,75,75,75,75,89,89,89,89,89,89,89,89,89,89,89,89,89,89,89,89,89,89,89,89,89,89,89,89,89,89,89,89,89,89,89,89,89,89,89,89,89,89,89,89,89,89,89],"relic_stats":{"counters":[18,117],"Bird Faced Urn":[71],"PreservedInsect":275,"Kunai":[71],"Letter Opener":[95],"obtain_stats":[{"theVacant:BrassGoblet":0,"RobotSpaceExplorer:PlasmaHourglass":8,"Mango":13,"aspiration:TomeofQuesting":35,"Replay:Rubber Ducky":44,"Frozen Eye":23,"hubris:Icosahedron":42,"vexMod:DeviousBotling":17,"Kunai":9,"Replay:Wax Seal":54,"conspire:Dentures":48,"jedi:command_uncommon":48,"aspiration:Nostalgia":0,"Oddly Smooth Stone":3,"RobotSpaceExplorer:RoboCore":0,"PreservedInsect":26,"aspiration:HummingbirdHeart":35,"Letter Opener":31,"hubris:Towel":21,"halation:NonexistentMirror":28,"Bird Faced Urn":23,"ReplayTheSpireMod:TigerMarble":30,"thethorton:CrushedCigarette":34,"halation:PinkSoulGem":19,"infinitespire:PuzzleCube":40,"TungstenRod":49},{"theVacant:BrassGoblet":0,"RobotSpaceExplorer:PlasmaHourglass":3,"Mango":4,"aspiration:TomeofQuesting":12,"Replay:Rubber Ducky":15,"Frozen Eye":7,"hubris:Icosahedron":14,"vexMod:DeviousBotling":5,"Kunai":3,"Replay:Wax Seal":17,"conspire:Dentures":15,"jedi:command_uncommon":15,"aspiration:Nostalgia":0,"Oddly Smooth Stone":1,"RobotSpaceExplorer:RoboCore":0,"PreservedInsect":9,"aspiration:HummingbirdHeart":12,"Letter Opener":10,"hubris:Towel":6,"halation:NonexistentMirror":9,"Bird Faced Urn":8,"ReplayTheSpireMod:TigerMarble":10,"thethorton:CrushedCigarette":11,"halation:PinkSoulGem":6,"infinitespire:PuzzleCube":14,"TungstenRod":15},{"theVacant:BrassGoblet":0,"RobotSpaceExplorer:PlasmaHourglass":19,"Mango":23,"aspiration:TomeofQuesting":71,"Replay:Rubber Ducky":88,"Frozen Eye":44,"hubris:Icosahedron":83,"vexMod:DeviousBotling":35,"Kunai":19,"Replay:Wax Seal":104,"conspire:Dentures":88,"jedi:command_uncommon":88,"aspiration:Nostalgia":0,"Oddly Smooth Stone":5,"RobotSpaceExplorer:RoboCore":0,"PreservedInsect":53,"aspiration:HummingbirdHeart":70,"Letter Opener":58,"hubris:Towel":40,"halation:NonexistentMirror":53,"Bird Faced Urn":51,"ReplayTheSpireMod:TigerMarble":58,"thethorton:CrushedCigarette":69,"halation:PinkSoulGem":40,"infinitespire:PuzzleCube":83,"TungstenRod":88}],"TungstenRod":12},"card_choices":[{"not_picked":["RobotSpaceExplorer:MetalStrike","RobotSpaceExplorer:ExhaustFan","RobotSpaceExplorer:Counterblock"],"picked":"SKIP","floor":1.0},{"not_picked":["vexMod:EmailVexCard+1","Dark Shackles+1"],"picked":"hubris:Insight+1","floor":4.0},{"not_picked":["RobotSpaceExplorer:StunGrenade","RobotSpaceExplorer:Electropulse","RobotSpaceExplorer:RigExplosive"],"picked":"SKIP","floor":5.0},{"not_picked":["RobotSpaceExplorer:SurgingShield","RobotSpaceExplorer:SurgingStrike"],"picked":"RobotSpaceExplorer:TrailblazerForm","floor":8},{"not_picked":["RobotSpaceExplorer:GlueSpray","RobotSpaceExplorer:Reload"],"picked":"RobotSpaceExplorer:PlasmaMissile","floor":11},{"not_picked":["RobotSpaceExplorer:Asteroid","RobotSpaceExplorer:Blaster"],"picked":"RobotSpaceExplorer:Accelerator","floor":16},{"not_picked":["RobotSpaceExplorer:SurgingStrike","RobotSpaceExplorer:Probe","RobotSpaceExplorer:SwiftStep"],"picked":"SKIP","floor":18},{"not_picked":["infinitespire:TheBestDefense","ReplayTheSpireMod:Haul"],"picked":"infinitespire:Gouge","floor":20},{"not_picked":["RobotSpaceExplorer:StunGrenade","RobotSpaceExplorer:RigExplosive"],"picked":"RobotSpaceExplorer:PowerGlove","floor":22},{"not_picked":["RobotSpaceExplorer:LaserBurst","RobotSpaceExplorer:Electropulse","RobotSpaceExplorer:Pulsar"],"picked":"SKIP","floor":23},{"not_picked":["RobotSpaceExplorer:DoubleBlock","RobotSpaceExplorer:PlasmaMissile","RobotSpaceExplorer:MiniDrones"],"picked":"SKIP","floor":24},{"not_picked":["RobotSpaceExplorer:ToxicBomb","RobotSpaceExplorer:Pulsar","RobotSpaceExplorer:ImprovisedAttack"],"picked":"SKIP","floor":30},{"not_picked":["RobotSpaceExplorer:HighVoltage","RobotSpaceExplorer:Scanner"],"picked":"RobotSpaceExplorer:Accelerator","floor":33},{"not_picked":["RobotSpaceExplorer:Asteroid","RobotSpaceExplorer:ShockMissile"],"picked":"RobotSpaceExplorer:Explosion","floor":33},{"not_picked":["RobotSpaceExplorer:Exploration","RobotSpaceExplorer:Accelerator"],"picked":"RobotSpaceExplorer:TrailblazerForm","floor":33},{"not_picked":["RobotSpaceExplorer:SlimeMissile+1","RobotSpaceExplorer:Pulsar+1","RobotSpaceExplorer:ToxicBomb"],"picked":"SKIP","floor":35},{"not_picked":["RobotSpaceExplorer:GearShield+1","RobotSpaceExplorer:RigExplosive+1"],"picked":"RobotSpaceExplorer:Jetpack+1","floor":38},{"not_picked":["RobotSpaceExplorer:BigMissile+1","RobotSpaceExplorer:ShockKick"],"picked":"RobotSpaceExplorer:GlueShot+1","floor":39},{"not_picked":["RobotSpaceExplorer:FreezingShield+1","RobotSpaceExplorer:IronShell+1","RobotSpaceExplorer:FranticSearch"],"picked":"SKIP","floor":40},{"not_picked":["RobotSpaceExplorer:ShovelStrike+1","RobotSpaceExplorer:FreezeRay+1","RobotSpaceExplorer:ExhaustFan"],"picked":"SKIP","floor":44},{"not_picked":["RobotSpaceExplorer:StunGrenade","RobotSpaceExplorer:TurboDodge+1"],"picked":"RobotSpaceExplorer:FreezeRay","floor":54}],"player_experience":1373488,"relics_obtained":[{"floor":8,"key":"RobotSpaceExplorer:PlasmaHourglass"},{"floor":9,"key":"Kunai"},{"floor":23,"key":"Bird Faced Urn"},{"floor":26,"key":"PreservedInsect"},{"floor":30,"key":"ReplayTheSpireMod:TigerMarble"},{"floor":31,"key":"Letter Opener"},{"floor":40,"key":"infinitespire:PuzzleCube"},{"floor":44,"key":"Replay:Rubber Ducky"},{"floor":49,"key":"TungstenRod"},{"floor":54,"key":"Replay:Wax Seal"}],"event_choices":[{"damage_healed":0.0,"max_hp_gain":0.0,"max_hp_loss":0.0,"gold_gain":0.0,"event_name":"betterMatch:BetterMatch","player_choice":"2","floor":4.0,"gold_loss":0.0,"damage_taken":0.0,"cards_obtained":["betterMatch:ColorlessUncommonCard"]},{"damage_healed":0,"gold_gain":0,"player_choice":"2","damage_taken":0,"max_hp_gain":0,"max_hp_loss":0,"event_name":"betterMatch:BetterMatch","floor":38,"gold_loss":0,"cards_obtained":["betterMatch:UncommonCard","betterMatch:CommonCard"]}],"is_beta":false,"boss_relics":[{"not_picked":["jedi:battlestandard","energizedSpire:RedRose"],"picked":"vexMod:DeviousBotling"},{"not_picked":["Runic Dome","aspiration:RunicSpoon"],"picked":"thethorton:CrushedCigarette"}],"items_purged_floors":[],"is_endless":false,"potions_floor_spawned":[8,11,18,24,44,54],"ascension_level":5}}