{"host":"e1d4pmcf31bpmsqo","time":1609546883,"event":{"mods":["BaseMod","Better Note","Better Third Choice","Colored Powertips","Disable Question Mark Monsters","Minty Spire (QoL Compilation)","Relic Stats","StSLib"],"gold_per_floor":[112,122,137,137,8,8,35,35,60,60,60,70,70,81,81,155,155,168,180,180,180,150,179,22,39,39,39,39,51,84,95,95,170,170,182,199,199,74,74,101,101,101],"floor_reached":41,"playtime":1678,"items_purged":["Strike_R","Strike_R","Strike_R"],"score":968,"play_id":"b86c9ab3-c226-48cb-b53f-113ab3223228","local_time":"20210102112123","is_ascension_mode":true,"campfire_choices":[{"data":"Spot Weakness","floor":6.0,"key":"SMITH"},{"data":"True Grit","floor":8.0,"key":"SMITH"},{"floor":15.0,"key":"REST"},{"data":"J.A.X.","floor":28.0,"key":"SMITH"},{"data":"Sword Boomerang","floor":32.0,"key":"SMITH"}],"circlet_count":0,"master_deck":["AscendersBane","Defend_R+1","Defend_R","Defend_R","Defend_R","Bash+1","Spot Weakness+1","Iron Wave+1","Whirlwind","True Grit+1","Reaper","Sword Boomerang+1","J.A.X.+1","Shrug It Off","Dual Wield","Impervious","Headbutt","Thunderclap","Impervious","Exhume"],"relics":["Black Star","Happy Flower","Kunai","Vajra","Coffee Dripper","Strawberry","Ginger","Thread and Needle","Blood Vial","Ancient Tea Set","SlaversCollar","Question Card","Paper Frog"],"acts_visited":[],"potions_floor_usage":[],"damage_taken":[{"damage":9.0,"enemies":"2 Louse","floor":1.0,"turns":4.0},{"damage":9.0,"enemies":"Jaw Worm","floor":2.0,"turns":4.0},{"damage":1.0,"enemies":"Cultist","floor":3.0,"turns":3.0},{"damage":18.0,"enemies":"Lagavulin","floor":7.0,"turns":6.0},{"damage":0.0,"enemies":"3 Louse","floor":12.0,"turns":1.0},{"damage":2.0,"enemies":"Red Slaver","floor":14.0,"turns":2.0},{"damage":26.0,"enemies":"The Guardian","floor":16.0,"turns":14.0},{"damage":22.0,"enemies":"Shell Parasite","floor":18.0,"turns":5.0},{"damage":7.0,"enemies":"Chosen","floor":19.0,"turns":5.0},{"damage":18.0,"enemies":"Slavers","floor":23.0,"turns":3.0},{"damage":17.0,"enemies":"Centurion and Healer","floor":25.0,"turns":6.0},{"damage":11.0,"enemies":"Chosen and Byrds","floor":29.0,"turns":5.0},{"damage":3.0,"enemies":"Gremlin Leader","floor":30.0,"turns":5.0},{"damage":10.0,"enemies":"Snecko","floor":31.0,"turns":4.0},{"damage":88.0,"enemies":"Collector","floor":33.0,"turns":9.0},{"damage":1.0,"enemies":"Orb Walker","floor":35.0,"turns":3.0},{"damage":26.0,"enemies":"3 Darklings","floor":36.0,"turns":6.0},{"damage":54.0,"enemies":"Giant Head","floor":40.0,"turns":6.0},{"damage":15,"enemies":"Maw","floor":41,"turns":2}],"seed_played":"9181123512977827523","potions_obtained":[{"floor":2.0,"key":"Swift Potion"},{"floor":12.0,"key":"BlessingOfTheForge"},{"floor":16.0,"key":"Explosive Potion"},{"floor":22.0,"key":"EssenceOfSteel"},{"floor":22.0,"key":"DistilledChaos"},{"floor":25.0,"key":"Dexterity Potion"}],"is_trial":false,"path_per_floor":["M","M","M","?","$","R","E","R","T","?","?","M","?","M","R","B",null,"M","M","T","?","?","E","$","M","T","?","R","M","E","M","R","B",null,"M","M","?","$","?","E","M"],"character_chosen":"IRONCLAD","items_purchased":["Block Potion","Shrug It Off"],"campfire_rested":1,"item_purchase_floors":[5,24],"current_hp_per_floor":[59,50,49,49,49,49,31,31,31,8,8,8,8,6,28,2,57,48,46,46,46,46,43,43,40,40,40,40,60,81,82,82,10,64,65,63,63,63,63,11,0,0],"gold":101,"neow_bonus":"BOSS_RELIC","is_daily":false,"chose_seed":false,"campfire_upgraded":4,"win_rate":0.0,"timestamp":1609546883,"path_taken":["M","M","M","?","$","R","E","R","T","?","?","?","?","M","R","BOSS","M","M","?","?","?","E","$","?","T","?","R","M","E","M","R","BOSS","M","M","?","$","?","E","M"],"items_purchased_type":["Potion","Card"],"build_version":"2020-12-22","purchased_purges":3,"victory":false,"max_hp_per_floor":[75,75,75,75,75,75,75,75,75,75,75,75,75,75,75,75,75,75,75,75,75,75,82,82,82,82,82,82,82,82,82,82,82,82,82,82,82,82,82,82,82,82],"relic_stats":{"Blood Vial":9,"Happy Flower":[25],"counters":[19,93],"Black Star":4,"Kunai":[16],"Ginger":[19],"Question Card":0,"obtain_stats":[{"Happy Flower":7,"Vajra":9,"Thread and Needle":26,"Ginger":23,"Ancient Tea Set":30,"Question Card":40,"Burning Blood":0,"Blood Vial":30,"SlaversCollar":34,"Strawberry":23,"Black Star":0,"Coffee Dripper":17,"Kunai":7,"Paper Frog":40},{"Happy Flower":4,"Vajra":4,"Thread and Needle":11,"Ginger":10,"Ancient Tea Set":13,"Question Card":18,"Burning Blood":0,"Blood Vial":13,"SlaversCollar":15,"Strawberry":10,"Black Star":0,"Coffee Dripper":7,"Kunai":4,"Paper Frog":18},{"Happy Flower":17,"Vajra":17,"Thread and Needle":53,"Ginger":47,"Ancient Tea Set":63,"Question Card":91,"Burning Blood":0,"Blood Vial":63,"SlaversCollar":76,"Strawberry":47,"Black Star":0,"Coffee Dripper":34,"Kunai":17,"Paper Frog":91}]},"card_choices":[{"not_picked":["Warcry","Thunderclap"],"picked":"Spot Weakness","floor":1.0},{"not_picked":["Reckless Charge","Clash"],"picked":"Iron Wave","floor":2.0},{"not_picked":["Perfected Strike","Havoc"],"picked":"Whirlwind","floor":3.0},{"not_picked":["Sentinel","Perfected Strike"],"picked":"True Grit","floor":7.0},{"not_picked":["Whirlwind","Wild Strike","Fire Breathing"],"picked":"SKIP","floor":12.0},{"not_picked":["Searing Blow","Flex","Clothesline"],"picked":"SKIP","floor":14.0},{"not_picked":["Feed","Corruption"],"picked":"Reaper","floor":16.0},{"not_picked":["Flex+1","Wild Strike"],"picked":"Sword Boomerang","floor":18.0},{"not_picked":["Flex","Iron Wave","Cleave"],"picked":"SKIP","floor":19.0},{"not_picked":["Flex","Iron Wave","Cleave"],"picked":"SKIP","floor":19.0},{"not_picked":["Perfected Strike","Flex","Wild Strike+1"],"picked":"SKIP","floor":23.0},{"not_picked":["Warcry","Twin Strike+1"],"picked":"Dual Wield","floor":25.0},{"not_picked":["Evolve","Perfected Strike"],"picked":"Headbutt","floor":29.0},{"not_picked":["Headbutt","Havoc","Combust"],"picked":"SKIP","floor":30.0},{"not_picked":["Havoc","Ghostly Armor"],"picked":"Thunderclap","floor":31.0},{"not_picked":["Berserk","Fiend Fire"],"picked":"Impervious","floor":33.0},{"not_picked":["Thunderclap","Bloodletting","Havoc"],"picked":"SKIP","floor":35.0},{"not_picked":["Armaments","Flex","True Grit+1"],"picked":"SKIP","floor":36.0},{"not_picked":["Inflame","Iron Wave+1"],"picked":"Exhume","floor":40.0}],"player_experience":992736,"relics_obtained":[{"floor":7.0,"key":"Happy Flower"},{"floor":7.0,"key":"Kunai"},{"floor":9.0,"key":"Vajra"},{"floor":23.0,"key":"Strawberry"},{"floor":23.0,"key":"Ginger"},{"floor":26.0,"key":"Thread and Needle"},{"floor":30.0,"key":"Blood Vial"},{"floor":30.0,"key":"Ancient Tea Set"},{"floor":40.0,"key":"Question Card"},{"floor":40.0,"key":"Paper Frog"}],"event_choices":[{"damage_healed":0.0,"max_hp_gain":0.0,"max_hp_loss":0.0,"gold_gain":0.0,"event_name":"betterThird:BetterSerpent","player_choice":"Ignored","floor":4.0,"gold_loss":0.0,"damage_taken":137.0},{"damage_healed":31.0,"max_hp_gain":0.0,"max_hp_loss":75.0,"gold_gain":0.0,"event_name":"betterThird:BetterShining","player_choice":"Upgrade","floor":10.0,"gold_loss":0.0,"damage_taken":23.0,"cards_upgraded":["Iron Wave","Defend_R"]},{"damage_healed":0.0,"max_hp_gain":0.0,"max_hp_loss":0.0,"gold_gain":0.0,"event_name":"Upgrade Shrine","player_choice":"Upgraded","floor":11.0,"gold_loss":0.0,"damage_taken":0.0,"cards_upgraded":["Bash"]},{"cards_removed":["Strike_R"],"damage_healed":0.0,"max_hp_gain":0.0,"max_hp_loss":0.0,"gold_gain":0.0,"event_name":"Purifier","player_choice":"Purged","floor":13.0,"gold_loss":0.0,"damage_taken":0.0},{"damage_healed":0.0,"max_hp_gain":0.0,"max_hp_loss":0.0,"gold_gain":0.0,"event_name":"Drug Dealer","player_choice":"Obtain J.A.X.","floor":21.0,"gold_loss":0.0,"damage_taken":0.0,"cards_obtained":["J.A.X."]},{"damage_healed":0.0,"max_hp_gain":0.0,"max_hp_loss":0.0,"gold_gain":0.0,"event_name":"The Woman in Blue","player_choice":"Bought 2 Potions","floor":22.0,"gold_loss":0.0,"damage_taken":0.0},{"damage_healed":0.0,"max_hp_gain":0.0,"max_hp_loss":0.0,"gold_gain":0.0,"event_name":"The Library","player_choice":"Read","floor":27.0,"gold_loss":0.0,"damage_taken":0.0,"cards_obtained":["Impervious"]},{"cards_removed":["Strike_R"],"damage_healed":0.0,"max_hp_gain":0.0,"max_hp_loss":0.0,"gold_gain":0.0,"event_name":"Falling","player_choice":"Removed Attack","floor":37.0,"gold_loss":0.0,"damage_taken":0.0},{"damage_healed":0.0,"max_hp_gain":0.0,"max_hp_loss":0.0,"gold_gain":0.0,"event_name":"Mysterious Sphere","player_choice":"Ignored","floor":39.0,"gold_loss":0.0,"damage_taken":0.0}],"is_beta":false,"boss_relics":[{"not_picked":["Runic Pyramid","Fusion Hammer"],"picked":"Coffee Dripper"},{"not_picked":["Busted Crown","Cursed Key"],"picked":"SlaversCollar"}],"items_purged_floors":[5,24,38],"is_endless":false,"potions_floor_spawned":[2,12,16,25,29,31],"killed_by":"Maw","ascension_level":20}}