{"host":"yo9wwslrag05lh37","time":1609553243,"event":{"mods":["AchievementEnabler","BaseMod","Block Reminder","Colored Map","Colored Powertips","GifTheSpireLib","HexUI Lib","Highlight Path","Minty Spire (QoL Compilation)","Rare Cards Sparkle","Relic Stats","StSLib","everything is the same but u backflip on backflip"],"gold_per_floor":[159,170,190,190,204,204,238,257,334,366,377,105,105,136,136,241,241,261,461,475,475,574,602,602,618,618,618,618],"floor_reached":27,"playtime":1204,"items_purged":["Strike_P"],"score":386,"play_id":"89bfd631-879c-4d6c-a311-90ff18c6ed35","local_time":"20210102030723","is_ascension_mode":true,"campfire_choices":[{"data":"Eruption","floor":6,"key":"SMITH"},{"data":"CrushJoints","floor":15,"key":"SMITH"},{"data":"CutThroughFate","floor":24,"key":"SMITH"}],"circlet_count":0,"master_deck":["Strike_P","Strike_P","Defend_P+1","Defend_P","Eruption+1","Vigilance","EmptyFist","FlurryOfBlows","FlyingSleeves","CrushJoints+1","Protect","CutThroughFate+1","Establishment","FlyingSleeves","ClearTheMind","Blasphemy","DevaForm+1","Establishment+1","ClearTheMind+1","TalkToTheHand"],"relics":["Tiny House","Pear","WingedGreaves","Mercury Hourglass","Juzu Bracelet","Bronze Scales","Damaru","Gambling Chip","Astrolabe","Akabeko"],"acts_visited":["Exordium","TheCity"],"potions_floor_usage":[10,23,23,23,25,25],"damage_taken":[{"damage":0,"enemies":"2 Louse","floor":1,"turns":4},{"damage":0,"enemies":"Cultist","floor":2,"turns":3},{"damage":3,"enemies":"Small Slimes","floor":3,"turns":3},{"damage":0,"enemies":"3 Louse","floor":5,"turns":2},{"damage":0,"enemies":"Lagavulin","floor":7,"turns":4},{"damage":8,"enemies":"Lots of Slimes","floor":8,"turns":4},{"damage":6,"enemies":"3 Sentries","floor":10,"turns":4},{"damage":5,"enemies":"Large Slime","floor":11,"turns":6},{"damage":8,"enemies":"Gremlin Nob","floor":14,"turns":3},{"damage":23,"enemies":"Hexaghost","floor":16,"turns":8},{"damage":0,"enemies":"3 Byrds","floor":18,"turns":4},{"damage":0,"enemies":"Spheric Guardian","floor":20,"turns":3},{"damage":28,"enemies":"Book of Stabbing","floor":23,"turns":5},{"damage":16,"enemies":"Snake Plant","floor":25,"turns":3},{"damage":26,"enemies":"Slavers","floor":27,"turns":1}],"seed_played":"2500022764570921671","potions_obtained":[{"floor":0,"key":"Weak Potion"},{"floor":2,"key":"SmokeBomb"},{"floor":7,"key":"BlessingOfTheForge"},{"floor":8,"key":"EntropicBrew"},{"floor":11,"key":"SkillPotion"}],"is_trial":false,"path_per_floor":["M","M","M","?","M","R","E","M","T","E","M","$","?","E","R","B",null,"M","?","M","?","?","E","R","M","T","E"],"character_chosen":"WATCHER","items_purchased":["ClearTheMind","Bronze Scales"],"campfire_rested":0,"item_purchase_floors":[12,12],"current_hp_per_floor":[70,70,67,77,77,77,77,69,69,63,58,58,51,43,43,20,70,70,70,70,70,70,42,42,26,26,0,0],"gold":618,"neow_bonus":"BOSS_RELIC","is_daily":false,"chose_seed":false,"campfire_upgraded":3,"win_rate":0.0,"timestamp":1609553243,"path_taken":["M","M","M","?","M","R","E","?","T","E","M","$","?","E","R","BOSS","M","?","M","?","?","E","R","M","T","E"],"items_purchased_type":["Card","Relic"],"build_version":"2020-12-22","purchased_purges":1,"victory":false,"max_hp_per_floor":[77,77,77,87,87,87,87,87,87,87,87,87,87,87,87,87,87,87,87,87,87,87,87,87,87,87,87,87],"relic_stats":{"counters":[15,56],"Bronze Scales":[120],"Gambling Chip":[18],"Astrolabe":["DevaForm","Establishment","ClearTheMind"],"Juzu Bracelet":1,"obtain_stats":[{"Tiny House":0,"Pear":4,"Bronze Scales":12,"Gambling Chip":14,"Astrolabe":17,"Damaru":13,"WingedGreaves":7,"Juzu Bracelet":10,"PureWater":0,"Akabeko":23,"Mercury Hourglass":9},{"Tiny House":0,"Pear":3,"Bronze Scales":8,"Gambling Chip":9,"Astrolabe":10,"Damaru":8,"WingedGreaves":5,"Juzu Bracelet":7,"PureWater":0,"Akabeko":13,"Mercury Hourglass":6},{"Tiny House":0,"Pear":10,"Bronze Scales":30,"Gambling Chip":33,"Astrolabe":41,"Damaru":30,"WingedGreaves":16,"Juzu Bracelet":24,"PureWater":0,"Akabeko":52,"Mercury Hourglass":20}],"Mercury Hourglass":[139]},"card_choices":[{"not_picked":["ClearTheMind","Prostrate"],"picked":"EmptyFist","floor":0},{"not_picked":["ClearTheMind","Halt"],"picked":"FlurryOfBlows","floor":1},{"not_picked":["Fasting2","Crescendo"],"picked":"FlyingSleeves","floor":2},{"not_picked":["EmptyBody","ForeignInfluence"],"picked":"CrushJoints","floor":3},{"not_picked":["Sanctity","JustLucky"],"picked":"Protect","floor":5},{"not_picked":["Weave","Protect"],"picked":"CutThroughFate","floor":7},{"not_picked":["FollowUp","BowlingBash","PathToVictory"],"picked":"SKIP","floor":8},{"not_picked":["FollowUp","BowlingBash","PathToVictory"],"picked":"SKIP","floor":8},{"not_picked":["Fasting2","Halt"],"picked":"Establishment","floor":10},{"not_picked":["ThirdEye","Conclude"],"picked":"FlyingSleeves","floor":11},{"not_picked":["CrushJoints","FlyingSleeves","Ragnarok"],"picked":"SKIP","floor":14},{"not_picked":["Alpha","DevaForm"],"picked":"Blasphemy","floor":16},{"not_picked":["ClearTheMind","CrushJoints","FlyingSleeves+1"],"picked":"SKIP","floor":18},{"not_picked":["SandsOfTime","Prostrate","Swivel"],"picked":"SKIP","floor":20},{"not_picked":["WindmillStrike","Halt","FlyingSleeves"],"picked":"SKIP","floor":23},{"not_picked":["Protect+1","JustLucky+1"],"picked":"TalkToTheHand","floor":25}],"player_experience":1432176,"relics_obtained":[{"floor":7,"key":"WingedGreaves"},{"floor":9,"key":"Mercury Hourglass"},{"floor":10,"key":"Juzu Bracelet"},{"floor":14,"key":"Gambling Chip"},{"floor":23,"key":"Akabeko"}],"event_choices":[{"damage_healed":0,"gold_gain":0,"player_choice":"Gave Potion","damage_taken":0,"relics_obtained":["Pear"],"max_hp_gain":0,"max_hp_loss":0,"event_name":"WeMeetAgain","floor":4,"gold_loss":0},{"damage_healed":0,"gold_gain":0,"player_choice":"Success","damage_taken":7,"relics_obtained":["Damaru"],"max_hp_gain":0,"max_hp_loss":0,"event_name":"Scrap Ooze","floor":13,"gold_loss":0},{"damage_healed":0,"gold_gain":200,"player_choice":"Gold","damage_taken":0,"max_hp_gain":0,"max_hp_loss":0,"event_name":"Wheel of Change","floor":19,"gold_loss":0},{"damage_healed":0,"gold_gain":0,"player_choice":"Ignored","damage_taken":0,"max_hp_gain":0,"max_hp_loss":0,"event_name":"Vampires","floor":21,"gold_loss":0},{"damage_healed":0,"gold_gain":99,"player_choice":"Stole From Cult","damage_taken":0,"max_hp_gain":0,"max_hp_loss":0,"event_name":"Nest","floor":22,"gold_loss":0}],"is_beta":false,"boss_relics":[{"not_picked":["Sozu","Black Star"],"picked":"Astrolabe"}],"items_purged_floors":[12],"is_endless":false,"potions_floor_spawned":[2,7,8,11,18,20,23],"killed_by":"Slavers","ascension_level":6}}