{"host":"Bilverbakes","time":1609559263,"event":{"mods":["2.2 Compatiblity","AchievementEnabler","BaseMod","Bestiary","Colored Map","Minty Spire (QoL Compilation)","Relic Stats","StSLib","ojb\u0027s Info Mod"],"gold_per_floor":[118,137,151,32,51,51,51,51,131,206,221,221,255,271,271,376,376,393,405,100,113,113,113,141,141,141,174,174,194,228,228,228,228,228],"floor_reached":33,"playtime":3289,"items_purged":["Strike_B+1"],"score":442,"play_id":"77c5e717-5e73-446e-8724-7d22ae52c43d","local_time":"20210101214743","is_ascension_mode":true,"campfire_choices":[{"data":"Zap","floor":6.0,"key":"SMITH"},{"data":"Dualcast","floor":8.0,"key":"SMITH"},{"floor":15.0,"key":"REST"},{"data":"Scrape","floor":23.0,"key":"SMITH"},{"data":"Doom and Gloom","floor":25,"key":"SMITH"},{"data":"Buffer","floor":32,"key":"SMITH"}],"circlet_count":0,"master_deck":["AscendersBane","Zap+1","Dualcast+1","Ball Lightning","Sweeping Beam","Cold Snap","All For One","Beam Cell","Auto Shields","Doom and Gloom+1","BootSequence","Buffer+1","Steam Power+1","Defragment+1","Recycle+1","Self Repair","Self Repair+1","Scrape+1","Genetic Algorithm","Chill","Compile Driver+1","Genetic Algorithm","Compile Driver"],"relics":["Empty Cage","Matryoshka","Mummified Hand","Cables","Regal Pillow","Astrolabe","Red Mask","Anchor","Peace Pipe","Blood Vial","Darkstone Periapt","Singing Bowl"],"acts_visited":["Exordium","TheCity"],"potions_floor_usage":[27,30],"damage_taken":[{"damage":2.0,"enemies":"Jaw Worm","floor":1.0,"turns":4.0},{"damage":5.0,"enemies":"Small Slimes","floor":2.0,"turns":3.0},{"damage":1.0,"enemies":"Cultist","floor":3.0,"turns":3.0},{"damage":9.0,"enemies":"Blue Slaver","floor":5.0,"turns":4.0},{"damage":0.0,"enemies":"Large Slime","floor":11.0,"turns":4.0},{"damage":10.0,"enemies":"3 Sentries","floor":13.0,"turns":3.0},{"damage":0.0,"enemies":"Exordium Thugs","floor":14.0,"turns":3.0},{"damage":33.0,"enemies":"Hexaghost","floor":16.0,"turns":8.0},{"damage":2.0,"enemies":"Shell Parasite","floor":18.0,"turns":2.0},{"damage":0.0,"enemies":"3 Byrds","floor":19.0,"turns":3.0},{"damage":0.0,"enemies":"Centurion and Healer","floor":21.0,"turns":4.0},{"damage":2,"enemies":"Masked Bandits","floor":24,"turns":2},{"damage":21,"enemies":"Slavers","floor":27,"turns":6},{"damage":39,"enemies":"Snecko","floor":29,"turns":7},{"damage":46,"enemies":"Gremlin Leader","floor":30,"turns":6},{"damage":52,"enemies":"Champ","floor":33,"turns":8}],"seed_played":"-6830233819393936895","potions_obtained":[{"floor":1.0,"key":"ColorlessPotion"},{"floor":2.0,"key":"SmokeBomb"},{"floor":18.0,"key":"Fruit Juice"},{"floor":19.0,"key":"SkillPotion"},{"floor":29,"key":"Regen Potion"},{"floor":30,"key":"SteroidPotion"}],"is_trial":false,"path_per_floor":["M","M","M","$","M","R","?","R","T","T","M","?","E","M","R","B",null,"M","M","$","M","?","R","?","R","T","E","?","M","E","$","R","B"],"character_chosen":"DEFECT","items_purchased":["Cold Snap","All For One","Scrape","Genetic Algorithm","Chill"],"campfire_rested":1,"item_purchase_floors":[4,4,20,20,20],"current_hp_per_floor":[66,61,60,60,51,51,44,44,44,44,44,29,19,19,56,23,62,60,72,72,80,80,80,80,80,80,76,76,56,43,43,43,0,0],"gold":228,"neow_bonus":"BOSS_RELIC","is_daily":false,"chose_seed":false,"campfire_upgraded":5,"win_rate":0.0,"timestamp":1609559263,"path_taken":["M","M","M","$","M","R","?","R","T","?","M","?","E","?","R","BOSS","M","M","$","M","?","R","?","R","T","E","?","?","E","$","R","BOSS"],"items_purchased_type":["Card","Card","Card","Card","Card"],"build_version":"2020-12-18","purchased_purges":1,"victory":false,"max_hp_per_floor":[75,75,75,75,75,75,75,75,75,75,75,75,75,75,75,75,75,75,80,80,80,80,80,80,80,80,80,80,80,80,80,80,80,80],"relic_stats":{"Peace Pipe":0,"Blood Vial":6,"Darkstone Periapt":0,"Regal Pillow":15,"Singing Bowl":0,"counters":[16,70],"Mummified Hand":[29],"Astrolabe":["Steam Power","Defragment","Recycle"],"obtain_stats":[{"Darkstone Periapt":28,"Regal Pillow":13,"Singing Bowl":30,"Astrolabe":17,"Empty Cage":0,"Cables":10,"Peace Pipe":26,"Blood Vial":27,"Anchor":26,"Matryoshka":9,"Mummified Hand":10,"Red Mask":24,"Cracked Core":0},{"Darkstone Periapt":13,"Regal Pillow":6,"Singing Bowl":15,"Astrolabe":8,"Empty Cage":0,"Cables":4,"Peace Pipe":12,"Blood Vial":13,"Anchor":12,"Matryoshka":4,"Mummified Hand":4,"Red Mask":12,"Cracked Core":0},{"Darkstone Periapt":49,"Regal Pillow":21,"Singing Bowl":62,"Astrolabe":32,"Empty Cage":0,"Cables":14,"Peace Pipe":43,"Blood Vial":49,"Anchor":43,"Matryoshka":14,"Mummified Hand":14,"Red Mask":43,"Cracked Core":0}],"Cables":[45,20,15,10,0]},"card_choices":[{"not_picked":["Barrage","Conserve Battery"],"picked":"Ball Lightning","floor":1.0},{"not_picked":["Sweeping Beam","Rebound","Steam"],"picked":"SKIP","floor":2.0},{"not_picked":["Turbo","Gash"],"picked":"Sweeping Beam","floor":3.0},{"not_picked":["Stack","Loop"],"picked":"Beam Cell","floor":5.0},{"not_picked":["Hologram","Beam Cell"],"picked":"Auto Shields","floor":11.0},{"not_picked":["Electrodynamics","BootSequence"],"picked":"Doom and Gloom","floor":13.0},{"not_picked":["Conserve Battery","Loop"],"picked":"BootSequence","floor":14.0},{"not_picked":["Meteor Strike","Multi-Cast"],"picked":"Buffer","floor":16.0},{"not_picked":["Cold Snap","Streamline"],"picked":"Self Repair","floor":18.0},{"not_picked":["Hologram+1","Coolheaded"],"picked":"Self Repair+1","floor":19.0},{"not_picked":["Steam Power","Hello World","Conserve Battery"],"picked":"SKIP","floor":21.0},{"not_picked":["Turbo+1","Hello World"],"picked":"Compile Driver+1","floor":24},{"not_picked":["Gash","Melter+1","Meteor Strike"],"picked":"SKIP","floor":27},{"not_picked":["Capacitor","Stack"],"picked":"Genetic Algorithm","floor":29},{"not_picked":["Thunder Strike","Ball Lightning"],"picked":"Compile Driver","floor":30}],"player_experience":522478,"relics_obtained":[{"floor":9.0,"key":"Matryoshka"},{"floor":10.0,"key":"Mummified Hand"},{"floor":10.0,"key":"Cables"},{"floor":13.0,"key":"Regal Pillow"},{"floor":24,"key":"Red Mask"},{"floor":26,"key":"Anchor"},{"floor":26,"key":"Peace Pipe"},{"floor":27,"key":"Blood Vial"},{"floor":30,"key":"Singing Bowl"}],"event_choices":[{"cards_removed":["Defend_B"],"damage_healed":0.0,"max_hp_gain":0.0,"max_hp_loss":0.0,"gold_gain":0.0,"event_name":"Golden Wing","player_choice":"Card Removal","floor":7.0,"gold_loss":0.0,"damage_taken":7.0},{"damage_healed":0.0,"max_hp_gain":0.0,"max_hp_loss":0.0,"gold_gain":0.0,"event_name":"Shining Light","player_choice":"Entered Light","floor":12.0,"gold_loss":0.0,"damage_taken":15.0,"cards_upgraded":["Strike_B","Strike_B"]},{"cards_removed":["Defend_B"],"damage_healed":0.0,"max_hp_gain":0.0,"max_hp_loss":0.0,"gold_gain":0.0,"event_name":"Back to Basics","player_choice":"Elegance","floor":22.0,"gold_loss":0.0,"damage_taken":0.0},{"damage_healed":0,"gold_gain":0,"player_choice":"Fought Bandits","damage_taken":0,"max_hp_gain":0,"max_hp_loss":0,"event_name":"Masked Bandits","floor":24,"gold_loss":0},{"damage_healed":0,"gold_gain":0,"player_choice":"Opened","damage_taken":0,"relics_obtained":["Darkstone Periapt"],"max_hp_gain":0,"max_hp_loss":0,"event_name":"The Mausoleum","floor":28,"gold_loss":0}],"is_beta":true,"boss_relics":[{"not_picked":["Velvet Choker","Ectoplasm"],"picked":"Astrolabe"}],"items_purged_floors":[20],"is_endless":false,"potions_floor_spawned":[1,2,18,19,29,30],"killed_by":"Champ","ascension_level":11}}