{"host":"w36evy4uyf1bcavi","time":1609624572,"event":{"mods":["Act Like it!","Aspiration","BaseMod","Conspire","Hallownest","Jedi Mod","Minty Spire (QoL Compilation)","Replay The Spire","Spicy Shops","StSLib","The Hayseed","The Hierophant"],"gold_per_floor":[111,111,111,126,137,172,192,219,219,48,48,78,96,96,96,200,200,219,246,246,246,246,246,278,296,321,339,339,350,381,71,71,166,166,184,233,79,79,89,120,146,158,158,158,188,203,238,258,258,258,258,258,29,63,63],"floor_reached":56,"playtime":6476,"items_purged":["ReplayTheSpireMod:Doomed"],"score":1503,"play_id":"7369fc08-d286-4127-a8da-0acaae69b658","local_time":"20210103055612","is_ascension_mode":true,"campfire_choices":[{"floor":11,"key":"REST"},{"floor":15,"key":"REST"},{"floor":23,"key":"RECALL"},{"floor":32,"key":"DIG"},{"floor":49,"key":"REST"},{"floor":52,"key":"REST"}],"circlet_count":0,"master_deck":["TheSimpletonMod:Haymaker","TheSimpletonMod:ReapAndSow","TheSimpletonMod:Squash","Injury","TheSimpletonMod:Swelter","TheSimpletonMod:Germinate","TheSimpletonMod:Sunseed","TheSimpletonMod:PestManagement","TheSimpletonMod:VolatileFumes+1","TheSimpletonMod:Squash+1","TheSimpletonMod:DoubleDigging+1","TheSimpletonMod:ToughenUp","TheSimpletonMod:TakeHeart+1","TheSimpletonMod:Artichokes+1","TheSimpletonMod:Swelter","TheSimpletonMod:FlashPasteurize+1","TheSimpletonMod:Fertilaser","TheSimpletonMod:Potatoes+1","TheSimpletonMod:SaladShooter","TheSimpletonMod:VolatileFumes+1","TheSimpletonMod:Rototilling","TheSimpletonMod:SoilSample","Shame","TheSimpletonMod:SpiceUp+1","TheSimpletonMod:CloseScrape","TheSimpletonMod:ErosionControl+1","TheSimpletonMod:Fecundity+1","Transmutation+1","TheSimpletonMod:OnionBloom+1","TheSimpletonMod:Squash+1","TheSimpletonMod:Aerate+1","TheSimpletonMod:FlashPasteurize+1","TheSimpletonMod:VineRipen+1","TheSimpletonMod:Thresh+1","TheSimpletonMod:SoilSample+1","TheSimpletonMod:Thresh+1","TheSimpletonMod:ResistantStrain+1","TheSimpletonMod:DoubleDigging+1"],"relics":["TheSimpletonMod:SpudOfTheInnocent","TheSimpletonMod:NightSoil","TheSimpletonMod:TheHarvester","Frozen Egg 2","conspire:DecoderRing","Pantograph","conspire:Flyswatter","Golden Egg","conspire:DeflatedDodgeball","Replay:Wax Seal","Replay:Grab Bag","SlaversCollar","Fusion Hammer","Pandora\u0027s Box","WristBlade","Red Mask","Pocketwatch","StoneCalendar","MealTicket","Replay:Mystery Machine","aspiration:Lifesprig","Oddly Smooth Stone","Strawberry","conspire:RoyalGoblet","Turnip","PreservedInsect","aspiration:FetidBarrel","Question Card","TungstenRod","TheSimpletonMod:HornOfPlenty","Potion Belt","ReplayTheSpireMod:CursedCoin","ReplayFunnel","Bottled Flame"],"acts_visited":["Exordium","TheCity","TheBeyond","TheEnding"],"potions_floor_usage":[8,8,12,19,29,30,35,45,55,55],"damage_taken":[{"damage":11,"enemies":"Jaw Worm","floor":1,"turns":5},{"damage":1,"enemies":"2 Louse","floor":4,"turns":4},{"damage":5,"enemies":"Small Slimes","floor":5,"turns":4},{"damage":41,"enemies":"3 Sentries","floor":6,"turns":9},{"damage":14,"enemies":"Blue Slaver","floor":7,"turns":4},{"damage":17,"enemies":"Gremlin Nob","floor":8,"turns":4},{"damage":25,"enemies":"3 Sentries","floor":12,"turns":11},{"damage":7,"enemies":"3 Louse","floor":13,"turns":5},{"damage":19,"enemies":"Hexaghost","floor":16,"turns":16},{"damage":11,"enemies":"3 Byrds","floor":18,"turns":4},{"damage":18,"enemies":"Masked Bandits","floor":19,"turns":5},{"damage":32,"enemies":"Book of Stabbing","floor":24,"turns":7},{"damage":0,"enemies":"Chosen","floor":25,"turns":4},{"damage":7,"enemies":"Snake Plant","floor":27,"turns":5},{"damage":25,"enemies":"3 Cultists","floor":29,"turns":4},{"damage":0,"enemies":"Slavers","floor":30,"turns":1},{"damage":6,"enemies":"Pondfish","floor":33,"turns":7},{"damage":2,"enemies":"Orb Walker","floor":35,"turns":3},{"damage":25,"enemies":"2 Orb Walkers","floor":36,"turns":6},{"damage":6,"enemies":"3 Shapes","floor":39,"turns":4},{"damage":3,"enemies":"R_Hoarder","floor":40,"turns":6},{"damage":12,"enemies":"Nemesis","floor":41,"turns":5},{"damage":38,"enemies":"3 Darklings","floor":42,"turns":5},{"damage":0,"enemies":"R_Hoarder","floor":45,"turns":6},{"damage":0,"enemies":"Maw","floor":46,"turns":7},{"damage":0,"enemies":"Nemesis","floor":47,"turns":7},{"damage":0,"enemies":"Transient","floor":48,"turns":5},{"damage":64,"enemies":"Time Eater","floor":50,"turns":10},{"damage":0,"enemies":"Shield and Spear","floor":54,"turns":5},{"damage":24,"enemies":"The Heart","floor":55,"turns":7}],"seed_played":"-3696679340167162871","potions_obtained":[{"floor":5,"key":"AttackPotion"},{"floor":7,"key":"Energy Potion"},{"floor":8,"key":"SkillPotion"},{"floor":13,"key":"Fire Potion"},{"floor":18,"key":"SteroidPotion"},{"floor":25,"key":"LiquidBronze"},{"floor":29,"key":"jedi:wingpotion"},{"floor":30,"key":"jedi:mysterypotion"},{"floor":36,"key":"FearPotion"},{"floor":39,"key":"Adrenaline Potion"},{"floor":41,"key":"jedi:StrikingPotion"},{"floor":54,"key":"Venom Potion"}],"is_trial":false,"path_per_floor":["M","?","?","M","M","E","M","E","T","$","R","E","M","?","R","B",null,"M","?","?","?","T","R","E","M","T","M","?","M","E","$","R","B",null,"M","?","$","?","M","E","E","M","T","?","E","M","E","M","R","B",null,"R","$","E","B",null],"character_chosen":"THE_SIMPLETON","items_purchased":["Golden Egg","TheSimpletonMod:Squash+1","aspiration:Lifesprig","Oddly Smooth Stone","PreservedInsect","TheSimpletonMod:ResistantStrain+1","ReplayTheSpireMod:CursedCoin","ReplayFunnel"],"campfire_rested":4,"item_purchase_floors":[10,10,31,31,37,53,53,53],"current_hp_per_floor":[61,70,70,73,72,35,25,12,12,12,38,17,10,7,33,43,89,87,74,74,74,74,74,46,51,51,44,44,33,37,52,59,87,96,96,80,95,95,90,87,79,45,45,45,64,73,78,87,96,46,96,96,96,96,72],"gold":63,"neow_bonus":"TWENTY_PERCENT_HP_BONUS","is_daily":false,"chose_seed":false,"campfire_upgraded":0,"win_rate":0.0,"timestamp":1609624572,"path_taken":["M","?","?","M","M","E","M","E","T","$","R","E","?","?","R","BOSS","M","?","?","?","?","R","E","M","T","?","?","M","E","$","R","BOSS","M","?","$","?","M","E","E","M","T","?","E","M","E","?","R","BOSS","R","$","E","BOSS"],"items_purchased_type":["Relic","Card","Relic","Relic","Relic","Card","Relic","Relic"],"build_version":"2020-12-22","purchased_purges":1,"victory":true,"max_hp_per_floor":[89,89,89,89,89,89,89,89,89,89,89,89,89,89,89,89,89,89,89,89,89,89,89,89,89,89,89,89,89,89,89,96,96,96,96,96,96,96,96,96,96,96,96,96,96,96,96,96,96,96,96,96,96,96,96],"card_choices":[{"not_picked":["TheSimpletonMod:ToughenUp","TheSimpletonMod:SlashAndBurn"],"picked":"TheSimpletonMod:Squash","floor":1},{"not_picked":["TheSimpletonMod:SaladShooter","TheSimpletonMod:Mulch"],"picked":"TheSimpletonMod:Swelter","floor":4},{"not_picked":["TheSimpletonMod:Ferment","TheSimpletonMod:CullingStrike"],"picked":"TheSimpletonMod:Germinate","floor":5},{"not_picked":["TheSimpletonMod:OnionBloom","TheSimpletonMod:Pruning"],"picked":"TheSimpletonMod:Sunseed","floor":6},{"not_picked":["TheSimpletonMod:StockTheCellar","TheSimpletonMod:Ferment"],"picked":"TheSimpletonMod:PestManagement","floor":7},{"not_picked":["TheSimpletonMod:ToughenUp","TheSimpletonMod:BumperCrop"],"picked":"TheSimpletonMod:VolatileFumes+1","floor":8},{"not_picked":["TheSimpletonMod:ControlledBurn","TheSimpletonMod:Innovate"],"picked":"TheSimpletonMod:DoubleDigging","floor":12},{"not_picked":["TheSimpletonMod:SpiceUp","TheSimpletonMod:Sunseed"],"picked":"TheSimpletonMod:ToughenUp","floor":13},{"not_picked":["TheSimpletonMod:FanTheFlames","TheSimpletonMod:FlashPasteurize"],"picked":"TheSimpletonMod:TakeHeart","floor":16},{"not_picked":["TheSimpletonMod:CropRotation","TheSimpletonMod:SaladShooter"],"picked":"TheSimpletonMod:CullingStrike+1","floor":18},{"not_picked":["TheSimpletonMod:CropRotation","TheSimpletonMod:BumperCrop"],"picked":"TheSimpletonMod:SoilSample","floor":19},{"not_picked":["TheSimpletonMod:Sunchoke","TheSimpletonMod:Mulch"],"picked":"TheSimpletonMod:SpiceUp+1","floor":24},{"not_picked":["TheSimpletonMod:KeenEdge","TheSimpletonMod:SpiceUp","TheSimpletonMod:SeedCoat"],"picked":"SKIP","floor":25},{"not_picked":["TheSimpletonMod:Rototilling","TheSimpletonMod:PestManagement+1"],"picked":"TheSimpletonMod:CloseScrape","floor":27},{"not_picked":["TheSimpletonMod:CloseScrape+1","TheSimpletonMod:KeenEdge","TheSimpletonMod:PestManagement+1"],"picked":"SKIP","floor":29},{"not_picked":["TheSimpletonMod:PestManagement","TheSimpletonMod:Swelter"],"picked":"TheSimpletonMod:ErosionControl","floor":30},{"not_picked":["TheSimpletonMod:FanTheFlames","TheSimpletonMod:CropDiversity"],"picked":"TheSimpletonMod:Fecundity+1","floor":33},{"not_picked":["TheSimpletonMod:Sunchoke","TheSimpletonMod:Aerate","TheSimpletonMod:ToughenUp"],"picked":"SKIP","floor":35},{"not_picked":["Madness","jedi:RedIncense"],"picked":"Transmutation","floor":38},{"not_picked":["TheSimpletonMod:SlashAndBurn+1","TheSimpletonMod:ToughenUp"],"picked":"TheSimpletonMod:OnionBloom+1","floor":39},{"not_picked":["TheSimpletonMod:PestManagement","TheSimpletonMod:BumperCrop"],"picked":"TheSimpletonMod:Squash+1","floor":40},{"not_picked":["TheSimpletonMod:SaladShooter+1","TheSimpletonMod:SeedCoat"],"picked":"TheSimpletonMod:Aerate+1","floor":41},{"not_picked":["TheSimpletonMod:Innovate+1","TheSimpletonMod:Germinate","TheSimpletonMod:SeedCoat+1"],"picked":"TheSimpletonMod:FlashPasteurize","floor":42},{"not_picked":["TheSimpletonMod:Pruning+1","TheSimpletonMod:DoubleBarrel","TheSimpletonMod:CloseScrape+1"],"picked":"TheSimpletonMod:VineRipen+1","floor":45},{"not_picked":["TheSimpletonMod:SeedCoat","TheSimpletonMod:Squash+1","TheSimpletonMod:Sunchoke"],"picked":"TheSimpletonMod:Thresh+1","floor":46},{"not_picked":["TheSimpletonMod:CullingStrike","TheSimpletonMod:KeenEdge+1","TheSimpletonMod:SpiceUp+1"],"picked":"TheSimpletonMod:SoilSample+1","floor":47},{"not_picked":["TheSimpletonMod:CloseScrape+1","TheSimpletonMod:Innovate","TheSimpletonMod:Mulch+1"],"picked":"TheSimpletonMod:Thresh+1","floor":48},{"not_picked":["TheSimpletonMod:PestManagement+1","TheSimpletonMod:CloseScrape+1","TheSimpletonMod:VineRipen"],"picked":"TheSimpletonMod:DoubleDigging","floor":54}],"player_experience":431082,"relics_obtained":[{"floor":6,"key":"conspire:DecoderRing"},{"floor":8,"key":"Pantograph"},{"floor":9,"key":"conspire:Flyswatter"},{"floor":12,"key":"conspire:DeflatedDodgeball"},{"floor":19,"key":"Red Mask"},{"floor":24,"key":"StoneCalendar"},{"floor":26,"key":"MealTicket"},{"floor":30,"key":"Replay:Mystery Machine"},{"floor":32,"key":"Strawberry"},{"floor":36,"key":"Turnip"},{"floor":40,"key":"aspiration:FetidBarrel"},{"floor":41,"key":"Question Card"},{"floor":43,"key":"TungstenRod"},{"floor":45,"key":"TheSimpletonMod:HornOfPlenty"},{"floor":47,"key":"Potion Belt"},{"floor":54,"key":"Bottled Flame"}],"event_choices":[{"damage_healed":0,"gold_gain":0,"player_choice":"Success","damage_taken":3,"relics_obtained":["Replay:Wax Seal"],"max_hp_gain":0,"max_hp_loss":0,"event_name":"Scrap Ooze","floor":14,"gold_loss":0},{"damage_healed":0,"gold_gain":0,"player_choice":"Fought Bandits","damage_taken":0,"max_hp_gain":0,"max_hp_loss":0,"event_name":"Masked Bandits","floor":19,"gold_loss":0},{"damage_healed":0,"gold_gain":0,"player_choice":"Ignored","damage_taken":0,"max_hp_gain":0,"max_hp_loss":0,"event_name":"Ghosts","floor":20,"gold_loss":0},{"damage_healed":0,"gold_gain":0,"player_choice":"Stole Relic","damage_taken":0,"relics_obtained":["Pocketwatch"],"max_hp_gain":0,"max_hp_loss":0,"event_name":"Addict","floor":21,"gold_loss":0,"cards_obtained":["Shame"]},{"damage_healed":0,"gold_gain":0,"player_choice":"Leave","damage_taken":0,"max_hp_gain":0,"max_hp_loss":0,"event_name":"conspire:Investor","floor":28,"gold_loss":0},{"damage_healed":0,"gold_gain":0,"player_choice":"Fight","damage_taken":0,"max_hp_gain":0,"max_hp_loss":0,"event_name":"Mysterious Sphere","floor":36,"gold_loss":0},{"damage_healed":0,"gold_gain":0,"player_choice":"Memory 1","damage_taken":0,"max_hp_gain":0,"max_hp_loss":0,"event_name":"SensoryStone","floor":38,"gold_loss":0},{"cards_removed":["TheSimpletonMod:CullingStrike"],"damage_healed":0,"gold_gain":0,"player_choice":"Removed Attack","damage_taken":0,"max_hp_gain":0,"max_hp_loss":0,"event_name":"Falling","floor":44,"gold_loss":0}],"is_beta":false,"boss_relics":[{"not_picked":["Astrolabe","SacredBark"],"picked":"Replay:Grab Bag"},{"not_picked":["ChewingGum","jedi:hotpepper"],"picked":"SlaversCollar"},{"not_picked":["Busted Crown","Velvet Choker"],"picked":"Fusion Hammer"},{"not_picked":["Runic Pyramid","Kintsugi"],"picked":"Pandora\u0027s Box"},{"not_picked":["conspire:SpecialSausage","conspire:RunicOctahedron"],"picked":"WristBlade"},{"not_picked":["Painkiller Herb","Replay:Wanted Poster"],"picked":"conspire:RoyalGoblet"}],"items_purged_floors":[53],"is_endless":false,"potions_floor_spawned":[5,7,8,13,18,25,29,30,36,39,41,46,54],"ascension_level":1}}