{"host":"p08oqmr389b4tgxi","time":1609587576,"event":{"mods":["Act Like it!","BaseMod","CapriCore","Colored Powertips","Gensokyo","Minty Spire (QoL Compilation)","Relic Stats","StSLib","The Immortal","The Marked","UnlockEverythingMod","Yakumo Yukari mod"],"gold_per_floor":[136,156,172,188,198,198,227,227,227,227,241,251,176,502,502,600,600,617,617,717,314,325,352,352,384,384,384,384,416,426,262,262,365,365,376,388,388,238,283,283,317,317,365,393,409,409,409,418,418,418,418,418,160,191,191],"floor_reached":56,"playtime":3912,"items_purged":["AT_purpleEX","AT_purpleEX","AT_purpleEX","AT_purpleEX","GluttonyofRealm_purpleEX"],"score":1707,"play_id":"d1f4f894-2119-46ec-808e-6d15fe2dfd26","local_time":"20210102193936","is_ascension_mode":true,"campfire_choices":[{"data":"OmniscientAndOmnipotent_Monster_purple","floor":6.0,"key":"SMITH"},{"data":"Fantasy_PerpetualMotionMachine_purple","floor":8.0,"key":"SMITH"},{"data":"Observe_purple_2","floor":10.0,"key":"SMITH"},{"data":"SharpContractionReality_purple","floor":15.0,"key":"SMITH"},{"data":"StretchesForeverDream_purple","floor":24,"key":"SMITH"},{"data":"ContainerChange_purple","floor":27,"key":"SMITH"},{"data":"RuleDissolution_purple","floor":32,"key":"SMITH"},{"floor":40,"key":"RECALL"},{"data":"CommonSense_AntiCommonSense_purple","floor":42,"key":"SMITH"},{"data":"PurpleNeedle_purple","floor":46,"key":"SMITH"},{"data":"Gensokyo:HouraiInAPot","floor":49,"key":"SMITH"},{"data":"WeekHit_purple","floor":52,"key":"SMITH"}],"circlet_count":0,"master_deck":["Observe_purple_1","OmniscientAndOmnipotent_Monster_purple+1","ButterflyHabitatTemple_purple","PurpleNeedle_purple+1","Fantasy_PerpetualMotionMachine_purple+1","Fantasy_PerpetualMotionMachine_purple","ContainerChange_purple+1","SharpContractionReality_purple+1","SharpContractionReality_purple+1","StretchesForeverDream_purple+1","RuleDissolution_purple+1","StateErode_purple+1","DimensionStaggered_purple+1","Line_surface_state_purple+1","WeekHit_purple+1","CommonSense_AntiCommonSense_purple+1","Gensokyo:HouraiInAPot+1","Finesse"],"relics":["Boundary_crack","Memoryfragments_purpleEX","NeowsBlessing","StrikeDummy","Gambling Chip","Old Coin","Black Star","CaptainsWheel","Ginger","Lantern","Oddly Smooth Stone","Dead Branch","Ornamental Fan","Tiny Chest","Regal Pillow","InkBottle","Matryoshka","Pear","Empty Cage","Juzu Bracelet","Centennial Puzzle","Bottled Lightning","CeramicFish","Happy Flower","Letter Opener","Pocketwatch","Blue Candle","Bottled Flame"],"acts_visited":["Exordium","Gensokyo:Gensokyo","Gensokyo:Gensokyoer","TheEnding"],"potions_floor_usage":[48,48,48,48],"damage_taken":[{"damage":0.0,"enemies":"Gensokyo:Python","floor":1.0,"turns":1.0},{"damage":0.0,"enemies":"Gensokyo:3_Fairies","floor":2.0,"turns":1.0},{"damage":0.0,"enemies":"Gensokyo:2_Kodama","floor":3.0,"turns":1.0},{"damage":0.0,"enemies":"Gensokyo:LivingMonolith","floor":4.0,"turns":3.0},{"damage":11.0,"enemies":"Gensokyo:2_Rabbits","floor":5.0,"turns":5.0},{"damage":25.0,"enemies":"Gensokyo:Mamizou","floor":7.0,"turns":9.0},{"damage":2.0,"enemies":"Gensokyo:Python_and_Kodama","floor":11.0,"turns":4.0},{"damage":15.0,"enemies":"Gensokyo:3_Kodama","floor":12.0,"turns":4.0},{"damage":19.0,"enemies":"Gensokyo:Aya","floor":14.0,"turns":7.0},{"damage":0.0,"enemies":"Gensokyo:Reimu","floor":16.0,"turns":14.0},{"damage":20.0,"enemies":"Gensokyo:2_Gloops","floor":18.0,"turns":6.0},{"damage":3,"enemies":"Gensokyo:2_Gloops","floor":20,"turns":9},{"damage":0,"enemies":"Gensokyo:Chomper","floor":22,"turns":4},{"damage":25,"enemies":"Gensokyo:Tenshi","floor":23,"turns":7},{"damage":10,"enemies":"Gensokyo:Koishi","floor":25,"turns":4},{"damage":0,"enemies":"Gensokyo:Reisen","floor":29,"turns":4},{"damage":0,"enemies":"Gensokyo:Slime_Group","floor":30,"turns":3},{"damage":0,"enemies":"Gensokyo:Eiki","floor":33,"turns":6},{"damage":2,"enemies":"Gensokyo:AncientGuardian","floor":35,"turns":4},{"damage":0,"enemies":"Gensokyo:3_Boulders","floor":36,"turns":5},{"damage":29,"enemies":"Gensokyo:Marisa","floor":41,"turns":4},{"damage":0,"enemies":"Gensokyo:Doremy","floor":44,"turns":4},{"damage":0,"enemies":"Gensokyo:Sharpion","floor":45,"turns":4},{"damage":18,"enemies":"Gensokyo:Sharpion","floor":48,"turns":10},{"damage":0,"enemies":"Gensokyo:Scarlet_Devils","floor":50,"turns":6},{"damage":0,"enemies":"Shield and Spear","floor":54,"turns":4},{"damage":4,"enemies":"The Heart","floor":55,"turns":7}],"seed_played":"-5396629669678927183","potions_obtained":[{"floor":7.0,"key":"Energy Potion"},{"floor":12.0,"key":"Dexterity Potion"},{"floor":14.0,"key":"Strength Potion"},{"floor":18.0,"key":"Weak Potion"},{"floor":41,"key":"EntropicBrew"},{"floor":54,"key":"LiquidMemories"}],"is_trial":false,"path_per_floor":["M","M","M","M","M","R","E","R","T","R","M","M","$","E","R","B",null,"M","?","?","$","M","E","R","E","T","R","?","E","M","$","R","B",null,"M","M","?","$","T","R","E","R","T","E","M","R","?","?","R","B",null,"R","$","E","B",null],"character_chosen":"Youkari","items_purchased":["Lantern","Oddly Smooth Stone","CommonSense_AntiCommonSense_purple","Finesse"],"campfire_rested":0,"item_purchase_floors":[21,21,31,53],"current_hp_per_floor":[70,70,70,70,61,61,40,40,40,40,40,29,29,14,14,16,70,54,54,54,54,57,33,33,23,23,23,23,34,41,41,41,52,83,83,86,86,86,86,86,59,59,59,63,68,68,68,68,68,72,86,86,86,86,86],"gold":191,"neow_bonus":"THREE_ENEMY_KILL","is_daily":false,"chose_seed":false,"campfire_upgraded":11,"win_rate":0.0,"timestamp":1609587576,"path_taken":["M","M","M","M","M","R","E","R","T","R","M","M","?","E","R","BOSS","M","?","?","$","?","E","R","E","T","R","?","E","M","?","R","BOSS","M","M","?","$","?","R","E","R","T","E","M","R","?","?","R","BOSS","R","$","E","BOSS"],"items_purchased_type":["Relic","Relic","Card","Card"],"build_version":"2020-12-22","purchased_purges":5,"victory":true,"max_hp_per_floor":[70,70,70,70,70,70,70,70,70,70,70,70,70,70,70,70,70,70,70,70,70,70,70,70,70,70,70,70,80,83,83,83,83,83,83,86,86,86,86,86,86,86,86,86,86,86,86,86,86,86,86,86,86,86,86],"relic_stats":{"Regal Pillow":0,"Happy Flower":[11],"counters":[27,140],"Dead Branch":[47],"CeramicFish":18,"Blue Candle":[0],"Juzu Bracelet":2,"Ginger":[13],"Letter Opener":[125],"Centennial Puzzle":[6],"Ornamental Fan":[168],"Gambling Chip":[108],"Tiny Chest":1,"Black Star":6,"obtain_stats":[{"Lantern":21,"Regal Pillow":25,"CeramicFish":43,"Juzu Bracelet":39,"Ginger":20,"Empty Cage":34,"Old Coin":14,"Frozen Eye":25,"Centennial Puzzle":41,"Matryoshka":29,"Gambling Chip":9,"Tiny Chest":25,"InkBottle":26,"Pear":29,"NeowsBlessing":0,"Happy Flower":43,"Dead Branch":23,"Blue Candle":54,"Oddly Smooth Stone":21,"Boundary_crack":0,"Letter Opener":44,"CaptainsWheel":20,"Bottled Flame":54,"Ornamental Fan":23,"Black Star":17,"Bottled Lightning":41,"StrikeDummy":7,"Memoryfragments_purpleEX":0,"Pocketwatch":44},{"Lantern":12,"Regal Pillow":15,"CeramicFish":21,"Juzu Bracelet":20,"Ginger":12,"Empty Cage":18,"Old Coin":9,"Frozen Eye":14,"Centennial Puzzle":21,"Matryoshka":16,"Gambling Chip":6,"Tiny Chest":15,"InkBottle":15,"Pear":16,"NeowsBlessing":0,"Happy Flower":21,"Dead Branch":14,"Blue Candle":26,"Oddly Smooth Stone":12,"Boundary_crack":0,"Letter Opener":22,"CaptainsWheel":12,"Bottled Flame":26,"Ornamental Fan":14,"Black Star":10,"Bottled Lightning":21,"StrikeDummy":6,"Memoryfragments_purpleEX":0,"Pocketwatch":22},{"Lantern":64,"Regal Pillow":79,"CeramicFish":105,"Juzu Bracelet":101,"Ginger":64,"Empty Cage":92,"Old Coin":35,"Frozen Eye":75,"Centennial Puzzle":105,"Matryoshka":83,"Gambling Chip":20,"Tiny Chest":79,"InkBottle":79,"Pear":83,"NeowsBlessing":0,"Happy Flower":105,"Dead Branch":75,"Blue Candle":133,"Oddly Smooth Stone":64,"Boundary_crack":0,"Letter Opener":109,"CaptainsWheel":64,"Bottled Flame":133,"Ornamental Fan":75,"Black Star":49,"Bottled Lightning":105,"StrikeDummy":20,"Memoryfragments_purpleEX":0,"Pocketwatch":109}],"InkBottle":[41],"Pocketwatch":[3]},"card_choices":[{"not_picked":["Shallow_ocean_purpleEX","Worldmountain_purple"],"picked":"OmniscientAndOmnipotent_Monster_purple","floor":1.0},{"not_picked":["Boundary_DreamRealityDamnation_purple","DimensionStaggered_purple"],"picked":"ButterflyHabitatTemple_purple","floor":2.0},{"not_picked":["Charmbait_purple","ExistenceContinue_purple"],"picked":"PurpleNeedle_purple","floor":3.0},{"not_picked":["ButterflyHabitatTemple_purple","StateErode_purple"],"picked":"Fantasy_PerpetualMotionMachine_purple","floor":4.0},{"not_picked":["StateDuplicate_purple","Umbrella_purple","Line_surface_state_purple"],"picked":"SKIP","floor":5.0},{"not_picked":["Price_of_realm_purpleEX","Photoelasticity_Doppler_Effect_purple","WatchEChange_purple"],"picked":"SKIP","floor":7.0},{"not_picked":["Shallow_ocean_purpleEX","OmniscientAndOmnipotent_Monster_purple"],"picked":"Fantasy_PerpetualMotionMachine_purple","floor":11.0},{"not_picked":["StateErode_purple","StateDuplicate_purple"],"picked":"ContainerChange_purple","floor":12.0},{"not_picked":["ProofOfUnderstanding_purple","WatchEChange_purple"],"picked":"SharpContractionReality_purple","floor":14.0},{"not_picked":["WasteWire_Metro_purple","ContainerChange_purple"],"picked":"GluttonyofRealm_purpleEX","floor":16.0},{"not_picked":["WeekHit_purple","AdvanceAttack_purple"],"picked":"SharpContractionReality_purple+1","floor":18.0},{"not_picked":["DarkRealmRedLine_purple+1","Bait_Toxicbait_purple"],"picked":"RuleDissolution_purple","floor":20},{"not_picked":["Charmbait_purple","StateErode_purple+1","Erosivefilter_purple"],"picked":"SKIP","floor":22},{"not_picked":["Charmbait_purple","Erosivefilter_purple"],"picked":"StateErode_purple+1","floor":22},{"not_picked":["Shallow_ocean_purpleEX","StretchesForeverDream_purple","Charmbait_purple"],"picked":"SKIP","floor":23},{"not_picked":["Nest_LightFlightworm_purple+1","Boundary_LifeAndDeath_purple"],"picked":"DimensionStaggered_purple+1","floor":25},{"not_picked":["Mirror_FourBoundary_purple","MeetDecomposer_purple"],"picked":"Line_surface_state_purple+1","floor":29},{"not_picked":["MNeedle_purple","Worldmountain_purple"],"picked":"WeekHit_purple","floor":30},{"not_picked":["StateDuplicate_purple+1","Fantasy_PerpetualMotionMachine_purple","WingOfChimera_purple+1"],"picked":"SKIP","floor":35},{"not_picked":["RuleDissolution_purple+1","Extrememeaning_purpleEX","StretchesForeverDream_purple+1"],"picked":"SKIP","floor":36},{"not_picked":["Nest_LightFlightworm_purple+1","WingOfChimera_purple+1","Mirror_Drifter_purple+1"],"picked":"SKIP","floor":41},{"not_picked":["MNeedle_purple+1","Charmbait_purple","Umbrella_purple"],"picked":"SKIP","floor":44},{"not_picked":["RuleDissolution_purple","Charmbait_purple","Photoelasticity_Doppler_Effect_purple"],"picked":"SKIP","floor":45},{"not_picked":["Gensokyo:RainbowDanmaku","Gensokyo:MorningStar"],"picked":"Gensokyo:HouraiInAPot","floor":48},{"not_picked":["SharpContractionReality_purple+1","EighthInstrument_OneDividesIntoTwo_purple","AdvanceAttack_purple"],"picked":"SKIP","floor":54}],"player_experience":18048,"relics_obtained":[{"floor":7.0,"key":"StrikeDummy"},{"floor":9.0,"key":"Gambling Chip"},{"floor":14.0,"key":"Old Coin"},{"floor":20,"key":"CaptainsWheel"},{"floor":20,"key":"Ginger"},{"floor":23,"key":"Dead Branch"},{"floor":23,"key":"Ornamental Fan"},{"floor":25,"key":"Tiny Chest"},{"floor":25,"key":"Regal Pillow"},{"floor":26,"key":"InkBottle"},{"floor":29,"key":"Matryoshka"},{"floor":29,"key":"Pear"},{"floor":39,"key":"Juzu Bracelet"},{"floor":41,"key":"Centennial Puzzle"},{"floor":41,"key":"Bottled Lightning"},{"floor":43,"key":"CeramicFish"},{"floor":43,"key":"Happy Flower"},{"floor":44,"key":"Letter Opener"},{"floor":44,"key":"Pocketwatch"},{"floor":54,"key":"Blue Candle"},{"floor":54,"key":"Bottled Flame"}],"event_choices":[],"is_beta":false,"boss_relics":[{"not_picked":["Runic Dome","Pandora\u0027s Box"],"picked":"Black Star"},{"not_picked":["Runic Pyramid","Snecko Eye"],"picked":"Empty Cage"}],"items_purged_floors":[13,21,31,38,53],"is_endless":false,"potions_floor_spawned":[2,7,12,14,18,25,29,30,41,45,54],"ascension_level":2}}