{"host":"7qf1todfnxspvw7w","time":1609624653,"event":{"mods":["AchievementEnabler","BaseMod","Block Reminder","Colored Powertips","Disable Question Mark Monsters","Displayed Cursed Tome","Googly Eyes","Minty Spire (QoL Compilation)","Relic Stats","Reorder Act Four","SacredBarkPlus","Shop Mod","StSLib","Uncapped"],"gold_per_floor":[109,209,223,239,255,255,275,275,275,286,286,300,329,72,72,168,168,180,107,127,127,140,140,158,158,158,192,13,27,27,43,43,138,138,157,177,23,23,23],"floor_reached":38,"playtime":1111,"items_purged":["Strike_B"],"score":400,"play_id":"09bb1371-59f9-400c-81f8-a26977e37643","local_time":"20210103005733","is_ascension_mode":false,"campfire_choices":[{"floor":6,"key":"REST"},{"data":"Electrodynamics","floor":8,"key":"SMITH"},{"data":"Loop","floor":15,"key":"SMITH"},{"data":"White Noise","floor":23,"key":"SMITH"},{"floor":25,"key":"REST"},{"floor":30,"key":"REST"},{"floor":32,"key":"REST"}],"circlet_count":0,"master_deck":["Strike_B","Strike_B","Defend_B","Defend_B","Defend_B","Defend_B","Zap+1","Dualcast","Coolheaded","Defragment","Sweeping Beam","Electrodynamics+1","Self Repair","Conserve Battery","Redo","Loop+1","Melter","CurseOfTheBell","Leap","Redo","Capacitor","Cold Snap+1","White Noise+1","Conserve Battery+1","Seek","Hologram","Mayhem","White Noise","Go for the Eyes+1","Buffer","Consume","Capacitor"],"relics":["Cracked Core","Akabeko","Boot","Lee\u0027s Waffle","Calling Bell","PreservedInsect","Mercury Hourglass","Prayer Wheel","Kunai","Meat on the Bone","SlaversCollar"],"acts_visited":["Exordium","TheCity","TheBeyond"],"potions_floor_usage":[],"damage_taken":[{"damage":6,"enemies":"Cultist","floor":1,"turns":3},{"damage":6,"enemies":"Jaw Worm","floor":3,"turns":2},{"damage":0,"enemies":"2 Louse","floor":4,"turns":2},{"damage":29,"enemies":"Gremlin Gang","floor":5,"turns":4},{"damage":8,"enemies":"Red Slaver","floor":7,"turns":4},{"damage":0,"enemies":"Blue Slaver","floor":10,"turns":3},{"damage":12,"enemies":"2 Fungi Beasts","floor":12,"turns":2},{"damage":16,"enemies":"Lagavulin","floor":13,"turns":6},{"damage":30,"enemies":"Slime Boss","floor":16,"turns":5},{"damage":15,"enemies":"3 Byrds","floor":18,"turns":3},{"damage":11,"enemies":"Shell Parasite","floor":20,"turns":6},{"damage":19,"enemies":"3 Cultists","floor":22,"turns":4},{"damage":9,"enemies":"Sentry and Sphere","floor":24,"turns":3},{"damage":19,"enemies":"Gremlin Leader","floor":27,"turns":4},{"damage":22,"enemies":"Snecko","floor":29,"turns":4},{"damage":29,"enemies":"Snake Plant","floor":31,"turns":4},{"damage":41,"enemies":"Collector","floor":33,"turns":10},{"damage":17,"enemies":"3 Shapes","floor":35,"turns":3},{"damage":50,"enemies":"3 Darklings","floor":36,"turns":6},{"damage":37,"enemies":"Sphere and 2 Shapes","floor":38,"turns":3}],"seed_played":"-3265770130656967952","potions_obtained":[{"floor":4,"key":"LiquidMemories"},{"floor":12,"key":"Regen Potion"},{"floor":13,"key":"SmokeBomb"}],"is_trial":false,"path_per_floor":["M","?","M","M","M","R","M","R","T","M","?","M","E","$","R","B",null,"M","$","M","?","M","R","M","R","T","E","$","M","R","M","R","B",null,"M","M","$","M"],"character_chosen":"DEFECT","items_purchased":["Loop","Lee\u0027s Waffle","Melter","Capacitor","Mayhem","Capacitor"],"campfire_rested":4,"item_purchase_floors":[14,14,14,19,28,37],"current_hp_per_floor":[69,69,63,63,34,56,48,48,48,48,41,36,27,82,82,59,82,74,74,70,70,58,58,49,73,73,61,61,51,75,53,77,55,82,65,34,34,0,0],"gold":23,"neow_bonus":"UPGRADE_CARD","is_daily":false,"chose_seed":false,"campfire_upgraded":3,"win_rate":0.0,"timestamp":1609624653,"path_taken":["M","?","?","?","M","R","M","R","T","M","?","M","E","$","R","BOSS","M","$","M","?","?","R","M","R","T","E","?","M","R","?","R","BOSS","M","M","$","M"],"items_purchased_type":["Card","Relic","Card","Card","Card","Card"],"build_version":"2020-12-22","purchased_purges":1,"victory":false,"max_hp_per_floor":[75,75,75,75,75,75,75,75,75,75,75,75,75,82,82,82,82,82,82,82,82,82,82,82,82,82,82,82,82,82,82,82,82,82,82,82,82,82,82],"relic_stats":{"Lee\u0027s Waffle":55,"counters":[20,81],"Prayer Wheel":8,"PreservedInsect":44,"Kunai":[1],"Boot":[16],"obtain_stats":[{"Calling Bell":17,"SlaversCollar":34,"Lee\u0027s Waffle":14,"Prayer Wheel":17,"PreservedInsect":17,"Kunai":26,"Cracked Core":0,"Boot":13,"Akabeko":9,"Mercury Hourglass":17,"Meat on the Bone":27},{"Calling Bell":9,"SlaversCollar":17,"Lee\u0027s Waffle":8,"Prayer Wheel":9,"PreservedInsect":9,"Kunai":13,"Cracked Core":0,"Boot":8,"Akabeko":5,"Mercury Hourglass":9,"Meat on the Bone":14},{"Calling Bell":31,"SlaversCollar":69,"Lee\u0027s Waffle":26,"Prayer Wheel":31,"PreservedInsect":31,"Kunai":47,"Cracked Core":0,"Boot":26,"Akabeko":15,"Mercury Hourglass":31,"Meat on the Bone":51}],"Mercury Hourglass":[246],"Meat on the Bone":36},"card_choices":[{"not_picked":["Beam Cell","Redo"],"picked":"Streamline","floor":1},{"not_picked":["Go for the Eyes","Steam"],"picked":"Coolheaded","floor":3},{"not_picked":["Rebound","Beam Cell"],"picked":"Defragment","floor":4},{"not_picked":["Blizzard","Barrage"],"picked":"Sweeping Beam","floor":5},{"not_picked":["Gash","Hologram"],"picked":"Electrodynamics","floor":7},{"not_picked":["Rebound","Rip and Tear"],"picked":"Self Repair","floor":10},{"not_picked":["Streamline","Go for the Eyes"],"picked":"Conserve Battery","floor":12},{"not_picked":["Cold Snap","Double Energy"],"picked":"Redo","floor":13},{"not_picked":["Darkness+1","Auto Shields+1"],"picked":"Leap","floor":18},{"not_picked":["Cold Snap","Core Surge"],"picked":"Redo","floor":18},{"not_picked":["Sunder","Gash"],"picked":"Cold Snap+1","floor":20},{"not_picked":["Coolheaded+1","Rip and Tear","Darkness"],"picked":"SKIP","floor":20},{"not_picked":["Sunder","Glacier"],"picked":"White Noise","floor":22},{"not_picked":["Gash","Barrage+1"],"picked":"Conserve Battery+1","floor":22},{"not_picked":["Go for the Eyes","Steam+1"],"picked":"Seek","floor":24},{"not_picked":["Sweeping Beam+1","Double Energy+1","Streamline"],"picked":"SKIP","floor":24},{"not_picked":["Stack","Redo"],"picked":"Hologram","floor":27},{"not_picked":["Hologram","Sweeping Beam+1"],"picked":"White Noise","floor":29},{"not_picked":["Ball Lightning","Barrage","Storm"],"picked":"SKIP","floor":29},{"not_picked":["Leap+1","Conserve Battery+1"],"picked":"Go for the Eyes+1","floor":31},{"not_picked":["Rebound+1","Stack","Ball Lightning"],"picked":"SKIP","floor":31},{"not_picked":["Core Surge","Hyperbeam"],"picked":"Buffer","floor":33},{"not_picked":["Turbo","Streamline"],"picked":"Consume","floor":35},{"not_picked":["Darkness+1","Streamline+1","Cold Snap"],"picked":"SKIP","floor":35},{"not_picked":["Streamline+1","Reprogram","Heatsinks"],"picked":"SKIP","floor":36},{"not_picked":["Conserve Battery","Sunder","Amplify"],"picked":"SKIP","floor":36}],"player_experience":472617,"relics_obtained":[{"floor":9,"key":"Akabeko"},{"floor":13,"key":"Boot"},{"floor":17,"key":"PreservedInsect"},{"floor":17,"key":"Mercury Hourglass"},{"floor":17,"key":"Prayer Wheel"},{"floor":26,"key":"Kunai"},{"floor":27,"key":"Meat on the Bone"}],"event_choices":[{"damage_healed":0,"gold_gain":100,"player_choice":"Pray","damage_taken":0,"max_hp_gain":0,"max_hp_loss":0,"event_name":"Golden Shrine","floor":2,"gold_loss":0},{"cards_removed":["Strike_B"],"damage_healed":0,"gold_gain":0,"player_choice":"Card Removal","damage_taken":7,"max_hp_gain":0,"max_hp_loss":0,"event_name":"Golden Wing","floor":11,"gold_loss":0},{"cards_removed":["Streamline"],"damage_healed":0,"gold_gain":0,"player_choice":"Purged","damage_taken":0,"max_hp_gain":0,"max_hp_loss":0,"event_name":"Purifier","floor":21,"gold_loss":0}],"is_beta":false,"boss_relics":[{"not_picked":["Velvet Choker","SacredBark"],"picked":"Calling Bell"},{"not_picked":["Fusion Hammer","Snecko Eye"],"picked":"SlaversCollar"}],"items_purged_floors":[37],"is_endless":false,"potions_floor_spawned":[4,12,13,16,18,24,31,35,36],"killed_by":"Sphere and 2 Shapes","ascension_level":0}}