{"host":"i0avyit1s6jb1siw","time":1609574752,"event":{"mods":["BaseMod","DeckTracker","Dota2Spire","Highlight Path","Minty Spire (QoL Compilation)","Quick Restart","Replay The Spire","StSLib","SuperFastMode"],"gold_per_floor":[112,112,112,135,135,176,176,203,203,224,224,260,280,280,280,369,369,388,388,409,430,183,183,183,183],"floor_reached":24,"playtime":363,"items_purged":["Strike_P"],"score":558,"play_id":"3152351b-e959-4ee3-99c1-26c86b90da5e","local_time":"20210102090552","is_ascension_mode":true,"campfire_choices":[{"data":"Eruption","floor":7.0,"key":"SMITH"},{"data":"WheelKick","floor":11.0,"key":"SMITH"},{"data":"Strike_P","floor":15.0,"key":"PURGE"},{"data":"Tantrum","floor":23,"key":"SMITH"}],"circlet_count":0,"master_deck":["AscendersBane","Strike_P","Strike_P","Defend_P","Defend_P","Defend_P","Defend_P","Eruption+1","Vigilance+1","Replay:BluntJabs","WheelKick+1","FollowUp","FearNoEvil","Tantrum+1","ThirdEye+1"],"relics":["PureWater","War Paint","Golden Idol","Simple Rune","Omamori","Pen Nib","Blood Vial","Onion Ring","Snecko Eye","Dota2Spire:Vanguard"],"acts_visited":["Exordium","TheCity"],"potions_floor_usage":[],"damage_taken":[{"damage":0.0,"enemies":"Cultist","floor":1.0,"turns":2.0},{"damage":0.0,"enemies":"Jaw Worm","floor":4.0,"turns":3.0},{"damage":0.0,"enemies":"Gremlin Nob","floor":6.0,"turns":2.0},{"damage":0.0,"enemies":"2 Louse","floor":10.0,"turns":2.0},{"damage":27.0,"enemies":"3 Sentries","floor":12.0,"turns":4.0},{"damage":0.0,"enemies":"Exordium Wildlife","floor":13.0,"turns":3.0},{"damage":0,"enemies":"Slime Boss","floor":16,"turns":6},{"damage":12,"enemies":"3 Byrds","floor":18,"turns":3},{"damage":0,"enemies":"Spheric Guardian","floor":20,"turns":2},{"damage":7,"enemies":"Snake Plant","floor":21,"turns":2},{"damage":74,"enemies":"Slavers","floor":24,"turns":4}],"seed_played":"-749140002044245360","potions_obtained":[{"floor":1.0,"key":"DistilledChaos"},{"floor":4.0,"key":"Venom Potion"},{"floor":13.0,"key":"BlessingOfTheForge"},{"floor":14.0,"key":"Fruit Juice"},{"floor":14.0,"key":"Weak Potion"}],"is_trial":false,"path_per_floor":["M","?","?","M","?","E","R","T","T","M","R","E","M","?","R","B",null,"M","?","M","M","$","R","E"],"character_chosen":"WATCHER","items_purchased":["Dota2Spire:Vanguard"],"campfire_rested":0,"item_purchase_floors":[22],"current_hp_per_floor":[61,66,66,66,48,48,48,48,48,50,50,25,27,32,32,34,62,52,52,54,49,49,49,0,0],"gold":183,"neow_bonus":"RANDOM_COMMON_RELIC","is_daily":false,"chose_seed":false,"campfire_upgraded":3,"win_rate":0.0,"timestamp":1609574752,"path_taken":["M","?","?","?","?","E","R","?","T","M","R","E","M","?","R","BOSS","M","?","M","M","$","R","E"],"items_purchased_type":["Relic"],"build_version":"2020-12-22","purchased_purges":1,"victory":false,"max_hp_per_floor":[68,73,66,66,66,66,66,66,66,66,66,66,66,71,71,71,71,71,71,71,71,71,71,71,71],"card_choices":[{"not_picked":["Wireheading","Vengeance"],"picked":"Replay:BluntJabs","floor":1.0},{"not_picked":["Wireheading","Replay:DivineShield"],"picked":"WheelKick","floor":4.0},{"not_picked":["Replay:ManipulateFuture","Replay:AtTheReady","Weave"],"picked":"SKIP","floor":6.0},{"not_picked":["PathToVictory","Crescendo","Study"],"picked":"SKIP","floor":10.0},{"not_picked":["DevaForm","Crescendo","Judgement"],"picked":"SKIP","floor":12.0},{"not_picked":["Prostrate","JustLucky"],"picked":"FollowUp","floor":13.0},{"not_picked":["Replay:AtTheReady","ForeignInfluence"],"picked":"FearNoEvil","floor":18},{"not_picked":["WaveOfTheHand","Replay:ManipulateFuture"],"picked":"ThirdEye+1","floor":20},{"not_picked":["Collect","Halt","PathToVictory"],"picked":"SKIP","floor":21}],"player_experience":2158615,"relics_obtained":[{"floor":6.0,"key":"Omamori"},{"floor":8.0,"key":"Pen Nib"},{"floor":9.0,"key":"Blood Vial"},{"floor":12.0,"key":"Onion Ring"}],"event_choices":[{"damage_healed":0.0,"max_hp_gain":5.0,"max_hp_loss":0.0,"gold_gain":0.0,"event_name":"Big Fish","player_choice":"Donut","floor":2.0,"gold_loss":0.0,"damage_taken":0.0},{"damage_healed":0.0,"max_hp_gain":0.0,"max_hp_loss":7.0,"gold_gain":0.0,"event_name":"Golden Idol","player_choice":"Lose Max HP","floor":3.0,"gold_loss":0.0,"damage_taken":0.0,"relics_obtained":["Golden Idol"]},{"damage_healed":0.0,"max_hp_gain":0.0,"max_hp_loss":0.0,"gold_gain":0.0,"event_name":"Scrap Ooze","player_choice":"Success","floor":5.0,"gold_loss":0.0,"damage_taken":18.0,"relics_obtained":["Simple Rune"]},{"damage_healed":0.0,"max_hp_gain":0.0,"max_hp_loss":0.0,"gold_gain":0.0,"event_name":"Lab","player_choice":"Got Potions","floor":14.0,"gold_loss":0.0,"damage_taken":0.0},{"damage_healed":0,"gold_gain":0,"player_choice":"Read","damage_taken":0,"max_hp_gain":0,"max_hp_loss":0,"event_name":"The Library","floor":19,"gold_loss":0,"cards_obtained":["Tantrum"]}],"is_beta":false,"boss_relics":[{"not_picked":["Philosopher\u0027s Stone","Kintsugi"],"picked":"Snecko Eye"}],"items_purged_floors":[22],"is_endless":false,"potions_floor_spawned":[1,4,13,21],"killed_by":"Slavers","ascension_level":20}}