{"host":"pgqkv8mh62pnrbci","time":1609603444,"event":{"mods":["2.2 Compatiblity","AchievementEnabler","BaseMod","Custom Start","DeckTracker","Minty Spire (QoL Compilation)","StSLib","SuperFastMode"],"gold_per_floor":[115,127,127,141,154,154,165,185,212,223,258,258,108,127,127,200,200,215,28,39,39,49,49,80,80,80,80,90,190,215,215,215,289,289,306,95,120,133,150,180,192,247,274,274,300,250,250,260,260,260],"floor_reached":51,"playtime":2132,"items_purged":["Strike_P","Defend_P","Defend_P","Normality"],"score":1852,"play_id":"3ed56dd3-fad3-45ed-b271-eac89d0671bb","local_time":"20210103010404","is_ascension_mode":true,"campfire_choices":[{"data":"Eruption","floor":6.0,"key":"SMITH"},{"floor":12.0,"key":"REST"},{"data":"Tantrum","floor":15.0,"key":"SMITH"},{"data":"Adaptation","floor":23.0,"key":"SMITH"},{"data":"Scrawl","floor":25.0,"key":"SMITH"},{"data":"Scrawl","floor":32.0,"key":"SMITH"},{"data":"Adaptation","floor":44.0,"key":"SMITH"},{"data":"Vault","floor":49,"key":"SMITH"}],"circlet_count":0,"master_deck":["AscendersBane","Eruption+1","Vigilance","LikeWater+1","BowlingBash+1","Tantrum+1","Halt","Wallop","Scrawl+1","EmptyFist","InnerPeace","DeusExMachina","Adaptation+1","MentalFortress","Scrawl+1","DeusExMachina","Adaptation+1","Vault+1"],"relics":["Astrolabe","Dream Catcher","Damaru","VioletLotus","Bag of Marbles","Oddly Smooth Stone","Bronze Scales","Calipers","Kunai","Question Card","Cursed Key","FossilizedHelix","Lantern","StoneCalendar","Smiling Mask"],"acts_visited":["TheCity","TheBeyond"],"potions_floor_usage":[],"damage_taken":[{"damage":0.0,"enemies":"Cultist","floor":1.0,"turns":4.0},{"damage":11.0,"enemies":"Small Slimes","floor":2.0,"turns":2.0},{"damage":5.0,"enemies":"2 Louse","floor":4.0,"turns":4.0},{"damage":0.0,"enemies":"2 Fungi Beasts","floor":5.0,"turns":4.0},{"damage":16.0,"enemies":"Large Slime","floor":7.0,"turns":4.0},{"damage":8.0,"enemies":"3 Louse","floor":8.0,"turns":3.0},{"damage":13.0,"enemies":"Blue Slaver","floor":10.0,"turns":3.0},{"damage":0.0,"enemies":"3 Sentries","floor":11.0,"turns":3.0},{"damage":0.0,"enemies":"Exordium Wildlife","floor":14.0,"turns":2.0},{"damage":2.0,"enemies":"Hexaghost","floor":16.0,"turns":9.0},{"damage":16.0,"enemies":"Shell Parasite","floor":18.0,"turns":3.0},{"damage":0.0,"enemies":"3 Byrds","floor":20.0,"turns":3.0},{"damage":0.0,"enemies":"3 Cultists","floor":22.0,"turns":2.0},{"damage":21.0,"enemies":"Slavers","floor":24.0,"turns":4.0},{"damage":0.0,"enemies":"Cultist and Chosen","floor":28.0,"turns":4.0},{"damage":0.0,"enemies":"Colosseum Slavers","floor":29.0,"turns":2.0},{"damage":0.0,"enemies":"Colosseum Nobs","floor":29.0,"turns":3.0},{"damage":0.0,"enemies":"Gremlin Leader","floor":30.0,"turns":4.0},{"damage":0.0,"enemies":"Champ","floor":33.0,"turns":4.0},{"damage":0.0,"enemies":"3 Shapes","floor":35.0,"turns":3.0},{"damage":0.0,"enemies":"Mind Bloom Boss Battle","floor":37.0,"turns":1.0},{"damage":0.0,"enemies":"3 Darklings","floor":38.0,"turns":1.0},{"damage":0.0,"enemies":"Transient","floor":39.0,"turns":1.0},{"damage":0.0,"enemies":"Reptomancer","floor":40.0,"turns":1.0},{"damage":0.0,"enemies":"Maw","floor":41.0,"turns":1.0},{"damage":0.0,"enemies":"2 Orb Walkers","floor":42.0,"turns":1.0},{"damage":0.0,"enemies":"Giant Head","floor":45.0,"turns":6.0},{"damage":0,"enemies":"3 Darklings","floor":48,"turns":2},{"damage":0,"enemies":"Donu and Deca","floor":50,"turns":1}],"seed_played":"-413124695030686503","potions_obtained":[{"floor":1.0,"key":"GamblersBrew"},{"floor":5.0,"key":"SteroidPotion"},{"floor":7.0,"key":"StancePotion"},{"floor":14.0,"key":"SteroidPotion"},{"floor":16.0,"key":"Explosive Potion"},{"floor":18.0,"key":"FairyPotion"},{"floor":24.0,"key":"Regen Potion"},{"floor":38.0,"key":"FearPotion"},{"floor":48,"key":"SteroidPotion"}],"is_trial":false,"path_per_floor":["M","M","?","M","M","R","M","M","T","M","E","R","$","M","R","B",null,"M","$","M","?","M","R","E","R","T","$","M","?","E","?","R","B",null,"M","$","?","M","M","E","M","?","T","R","E","$","?","M","R","B",null],"character_chosen":"WATCHER","items_purchased":["InnerPeace","Adaptation","Adaptation"],"campfire_rested":1,"item_purchase_floors":[13,19,36],"current_hp_per_floor":[61,50,43,38,38,38,22,14,14,1,1,21,21,21,21,19,56,40,40,40,40,40,40,19,19,19,19,31,31,31,31,31,31,59,59,59,59,59,59,59,59,59,59,59,59,59,59,59,59,59],"gold":260,"neow_bonus":"BOSS_RELIC","is_daily":false,"chose_seed":false,"campfire_upgraded":7,"win_rate":0.0,"timestamp":1609603444,"path_taken":["M","M","?","M","M","R","M","M","T","M","E","R","$","M","R","BOSS","M","$","M","?","?","R","E","R","T","$","M","?","E","?","R","BOSS","M","$","?","M","M","E","M","?","T","R","E","$","?","M","R","BOSS"],"items_purchased_type":["Card","Card","Card"],"build_version":"2020-12-22","purchased_purges":4,"victory":true,"max_hp_per_floor":[68,68,68,68,68,68,68,68,68,68,68,68,68,68,68,68,68,68,68,68,68,68,68,68,68,68,68,68,68,68,68,68,68,68,68,68,68,68,68,68,68,68,68,68,68,68,68,68,68,68],"card_choices":[{"not_picked":["ClearTheMind","Conclude"],"picked":"Tantrum","floor":1.0},{"not_picked":["ThirdEye","Indignation","CrushJoints"],"picked":"SKIP","floor":2.0},{"not_picked":["ThirdEye","CutThroughFate","Evaluate"],"picked":"SKIP","floor":4.0},{"not_picked":["Fasting2","FollowUp","ThirdEye"],"picked":"SKIP","floor":5.0},{"not_picked":["Weave","PathToVictory"],"picked":"Halt","floor":7.0},{"not_picked":["DeceiveReality","Crescendo"],"picked":"Wallop","floor":8.0},{"not_picked":["CrushJoints","Evaluate","Crescendo"],"picked":"SKIP","floor":10.0},{"not_picked":["Prostrate","CutThroughFate"],"picked":"Scrawl","floor":11.0},{"not_picked":["Consecrate","Halt"],"picked":"EmptyFist","floor":12.0},{"not_picked":["Prostrate","CarveReality","Nirvana"],"picked":"SKIP","floor":14.0},{"not_picked":["ConjureBlade","Wish"],"picked":"DeusExMachina","floor":16.0},{"not_picked":["FollowUp","Wireheading","Sanctity"],"picked":"SKIP","floor":18.0},{"not_picked":["InnerPeace","SashWhip+1","EmptyFist"],"picked":"SKIP","floor":20.0},{"not_picked":["Protect","Prostrate"],"picked":"MentalFortress","floor":22.0},{"not_picked":["Protect","EmptyFist+1","Crescendo"],"picked":"SKIP","floor":24.0},{"not_picked":["Meditate","BowlingBash","Consecrate"],"picked":"SKIP","floor":28.0},{"not_picked":["Evaluate","Pray"],"picked":"Scrawl","floor":30.0},{"not_picked":["Ragnarok","Establishment","MasterReality"],"picked":"DeusExMachina","floor":33.0},{"not_picked":["Halt","ThirdEye","FlyingSleeves","CutThroughFate"],"picked":"SKIP","floor":35.0},{"not_picked":["Weave","Wireheading","PathToVictory","CrushJoints"],"picked":"SKIP","floor":38.0},{"not_picked":["Evaluate","Omniscience","SandsOfTime+1","FlyingSleeves"],"picked":"SKIP","floor":39.0},{"not_picked":["JustLucky+1","Consecrate","Prostrate","Crescendo"],"picked":"SKIP","floor":40.0},{"not_picked":["JustLucky+1","Consecrate","Prostrate","Crescendo"],"picked":"SKIP","floor":40.0},{"not_picked":["FlyingSleeves+1","BattleHymn","Evaluate+1","Perseverance"],"picked":"SKIP","floor":41.0},{"not_picked":["PathToVictory","Crescendo","Meditate"],"picked":"Vault","floor":45.0},{"not_picked":["EmptyFist","PathToVictory","CutThroughFate","FollowUp+1"],"picked":"SKIP","floor":48},{"not_picked":["EmptyFist","PathToVictory","CutThroughFate","FollowUp+1"],"picked":"SKIP","floor":48}],"player_experience":586613,"relics_obtained":[{"floor":9.0,"key":"Dream Catcher"},{"floor":11.0,"key":"Damaru"},{"floor":24.0,"key":"Oddly Smooth Stone"},{"floor":26.0,"key":"Bronze Scales"},{"floor":29.0,"key":"Calipers"},{"floor":29.0,"key":"Kunai"},{"floor":30.0,"key":"Question Card"},{"floor":37.0,"key":"FossilizedHelix"},{"floor":40.0,"key":"Lantern"},{"floor":42.0,"key":"StoneCalendar"},{"floor":45.0,"key":"Smiling Mask"}],"event_choices":[{"cards_removed":["Defend_P"],"damage_healed":0.0,"max_hp_gain":0.0,"max_hp_loss":0.0,"gold_gain":0.0,"event_name":"Golden Wing","player_choice":"Card Removal","floor":3.0,"gold_loss":0.0,"damage_taken":7.0},{"cards_removed":["Wireheading"],"damage_healed":0.0,"max_hp_gain":0.0,"max_hp_loss":0.0,"gold_gain":0.0,"event_name":"WeMeetAgain","player_choice":"Gave Card","floor":21.0,"gold_loss":0.0,"damage_taken":0.0,"relics_obtained":["Bag of Marbles"]},{"damage_healed":0.0,"max_hp_gain":0.0,"max_hp_loss":0.0,"gold_gain":0.0,"event_name":"Colosseum","player_choice":"Fight","floor":29.0,"gold_loss":0.0,"damage_taken":0.0},{"damage_healed":0.0,"max_hp_gain":0.0,"max_hp_loss":0.0,"gold_gain":0.0,"event_name":"Colosseum","player_choice":"Fought Nobs","floor":29.0,"gold_loss":0.0,"damage_taken":0.0},{"cards_removed":["Strike_P"],"damage_healed":0.0,"max_hp_gain":0.0,"max_hp_loss":0.0,"gold_gain":0.0,"event_name":"Back to Basics","player_choice":"Elegance","floor":31.0,"gold_loss":0.0,"damage_taken":0.0},{"damage_healed":0.0,"max_hp_gain":0.0,"max_hp_loss":0.0,"gold_gain":0.0,"event_name":"MindBloom","player_choice":"Fight","floor":37.0,"gold_loss":0.0,"damage_taken":0.0},{"damage_healed":0.0,"max_hp_gain":0.0,"max_hp_loss":0.0,"gold_gain":0.0,"event_name":"Mysterious Sphere","player_choice":"Fight","floor":42.0,"gold_loss":0.0,"damage_taken":0.0},{"damage_healed":0.0,"max_hp_gain":0.0,"max_hp_loss":0.0,"gold_gain":0.0,"event_name":"Tomb of Lord Red Mask","player_choice":"Ignored","floor":47.0,"gold_loss":0.0,"damage_taken":0.0}],"is_beta":false,"boss_relics":[{"not_picked":["Black Star","Runic Pyramid"],"picked":"VioletLotus"},{"not_picked":["Philosopher\u0027s Stone","Velvet Choker"],"picked":"Cursed Key"}],"items_purged_floors":[13,19,36,46],"is_endless":false,"potions_floor_spawned":[1,5,7,14,16,18,24,29,38,40,41,42,48],"ascension_level":19}}