{"host":"bczg3e1yq3rp3pkk","time":1609600468,"event":{"mods":["BaseMod","Hermit","Marisa£®ÏF”Í°°ƒß¿Ì…≥£©","Minty Spire (QoL Compilation)","Quick Restart","Replay The Spire","StSLib","The Runesmith","The Servant 0.9.4","vexMod"],"gold_per_floor":[109,109,120,130,141,171,190,218,268,23,34,34,44,57,57,157,157,72,92,92,106,106,31,43,43,68,68,86,106,122,142,142,142,142],"floor_reached":33,"playtime":2470,"items_purged":["hermit:Strike_Hermit"],"score":285,"play_id":"2a0cd185-98c1-4050-83a3-1c373ae3fb6c","local_time":"20210102231428","is_ascension_mode":false,"campfire_choices":[{"data":"hermit:Combo","floor":12.0,"key":"SMITH"},{"floor":15.0,"key":"REST"},{"floor":27.0,"key":"REST"},{"floor":32.0,"key":"REST"}],"circlet_count":0,"master_deck":["hermit:Strike_Hermit+1","hermit:Strike_Hermit+1","hermit:Defend_Hermit+1","hermit:Defend_Hermit+1","hermit:Defend_Hermit+1","hermit:Snapshot","hermit:Covet","hermit:Misfire","hermit:LowProfile","hermit:Combo+1","hermit:CursedWeapon","hermit:Deadeye","hermit:Dive","hermit:TakeCover","hermit:Quickdraw","Apotheosis","hermit:Roughhouse","CurseOfTheBell","hermit:WideOpen+1","hermit:Glare","Iron Wave","hermit:Malice","hermit:BigShot+1","hermit:ShadowCloak+1","hermit:Reprieve"],"relics":["hermit:Momento","Replay:Wax Seal","Replay:Bottled Flurry","ReplayTheSpireMod:Lightbulb","Pet Ghost","Calling Bell","Bag of Preparation","Frozen Egg 2","Unceasing Top","Snack Pack","Boot"],"acts_visited":["Exordium","TheCity"],"potions_floor_usage":[33],"damage_taken":[{"damage":1.0,"enemies":"Jaw Worm","floor":1.0,"turns":3.0},{"damage":1.0,"enemies":"Cultist","floor":3.0,"turns":3.0},{"damage":5.0,"enemies":"Small Slimes","floor":4.0,"turns":5.0},{"damage":1.0,"enemies":"Red Slaver","floor":5.0,"turns":4.0},{"damage":21.0,"enemies":"Lagavulin","floor":6.0,"turns":7.0},{"damage":2.0,"enemies":"Lots of Slimes","floor":7.0,"turns":3.0},{"damage":19.0,"enemies":"Gremlin Nob","floor":8.0,"turns":4.0},{"damage":7.0,"enemies":"Exordium Thugs","floor":11.0,"turns":4.0},{"damage":2.0,"enemies":"Blue Slaver","floor":14.0,"turns":1.0},{"damage":20.0,"enemies":"Slime Boss","floor":16.0,"turns":12.0},{"damage":15.0,"enemies":"Chosen","floor":18.0,"turns":5.0},{"damage":22.0,"enemies":"Spheric Guardian","floor":19.0,"turns":4.0},{"damage":12.0,"enemies":"3 Cultists","floor":21.0,"turns":7.0},{"damage":29.0,"enemies":"Book of Stabbing","floor":23.0,"turns":7.0},{"damage":2.0,"enemies":"Centurion and Healer","floor":24.0,"turns":4.0},{"damage":2.0,"enemies":"Snake Plant","floor":28.0,"turns":1.0},{"damage":3.0,"enemies":"Cultist and Chosen","floor":29.0,"turns":5.0},{"damage":17.0,"enemies":"Sentry and Sphere","floor":30.0,"turns":4.0},{"damage":2.0,"enemies":"Snecko","floor":31.0,"turns":3.0},{"damage":46,"enemies":"Pondfish","floor":33,"turns":8}],"seed_played":"-2529540347038967503","potions_obtained":[{"floor":3.0,"key":"EssenceOfSteel"},{"floor":5.0,"key":"Explosive Potion"},{"floor":6.0,"key":"Swift Potion"},{"floor":23.0,"key":"hermit:BlackBile"},{"floor":29.0,"key":"Reflective Coating"},{"floor":31.0,"key":"SkillPotion"}],"is_trial":false,"path_per_floor":["M","?","M","M","M","E","M","E","T","$","M","R","$","M","R","B",null,"M","M","?","M","?","E","M","$","T","R","M","M","M","M","R","B"],"character_chosen":"HERMIT","items_purchased":["Pet Ghost","hermit:Quickdraw","Apotheosis"],"campfire_rested":3,"item_purchase_floors":[10,10,13],"current_hp_per_floor":[81,81,80,75,74,53,51,32,32,32,25,25,25,23,47,27,82,67,45,45,33,33,4,4,4,4,28,28,27,12,18,42,0,0],"gold":142,"neow_bonus":"TEN_PERCENT_HP_BONUS","is_daily":false,"chose_seed":false,"campfire_upgraded":1,"win_rate":0.0,"timestamp":1609600468,"path_taken":["M","?","M","M","?","E","M","E","T","$","M","R","?","M","R","BOSS","M","M","?","M","?","E","M","$","T","R","M","M","M","M","R","BOSS"],"items_purchased_type":["Relic","Card","Card"],"build_version":"2020-12-22","purchased_purges":1,"victory":false,"max_hp_per_floor":[82,82,82,82,82,82,82,82,82,82,82,82,82,82,82,82,82,82,82,82,82,82,82,82,82,82,82,82,82,82,82,82,82,82],"card_choices":[{"not_picked":["hermit:LowProfile","hermit:Quickdraw"],"picked":"hermit:Misfire","floor":1.0},{"not_picked":["hermit:Roulette","hermit:ItchyTrigger"],"picked":"hermit:LowProfile","floor":3.0},{"not_picked":["hermit:Gestalt","hermit:WideOpen"],"picked":"hermit:Combo","floor":4.0},{"not_picked":["hermit:LuckOfTheDraw","hermit:Shortfuse"],"picked":"hermit:CursedWeapon","floor":5.0},{"not_picked":["hermit:HighCaliber","hermit:FromBeyond"],"picked":"hermit:Deadeye","floor":6.0},{"not_picked":["hermit:Ricochet","hermit:TrackingShot"],"picked":"hermit:Dive","floor":7.0},{"not_picked":["hermit:Roulette","hermit:CursedWeapon"],"picked":"hermit:TakeCover","floor":8.0},{"not_picked":["hermit:Coalescence","hermit:PistolWhip","hermit:Manifest"],"picked":"SKIP","floor":11.0},{"not_picked":["hermit:DeadMansHand","hermit:LoneWolf","hermit:Glare"],"picked":"SKIP","floor":14.0},{"not_picked":["hermit:Reprieve","hermit:Adapt"],"picked":"hermit:Roughhouse","floor":16.0},{"not_picked":["hermit:Feint","hermit:Deadeye"],"picked":"hermit:WideOpen+1","floor":18.0},{"not_picked":["hermit:BodyArmor","hermit:Desperado+1"],"picked":"hermit:Glare","floor":19.0},{"not_picked":["hermit:Desperado","hermit:CursedWeapon","hermit:Combo+1"],"picked":"SKIP","floor":21.0},{"not_picked":["hermit:Horror+1","hermit:CalledShot"],"picked":"hermit:Malice","floor":23.0},{"not_picked":["hermit:PistolWhip","hermit:Snipe"],"picked":"hermit:BigShot+1","floor":24.0},{"not_picked":["hermit:TakeCover","hermit:SprayPray","hermit:LoneWolf"],"picked":"SKIP","floor":28.0},{"not_picked":["hermit:SprayPray","hermit:Roulette"],"picked":"hermit:ShadowCloak+1","floor":29.0},{"not_picked":["hermit:ItchyTrigger+1","hermit:Glare"],"picked":"hermit:Reprieve","floor":30.0},{"not_picked":["hermit:NoHoldsBarred","hermit:TakeAim+1","hermit:Shortfuse"],"picked":"SKIP","floor":31.0}],"player_experience":320562,"relics_obtained":[{"floor":6.0,"key":"Replay:Wax Seal"},{"floor":8.0,"key":"Replay:Bottled Flurry"},{"floor":9.0,"key":"ReplayTheSpireMod:Lightbulb"},{"floor":17.0,"key":"Bag of Preparation"},{"floor":17.0,"key":"Frozen Egg 2"},{"floor":17.0,"key":"Unceasing Top"},{"floor":23.0,"key":"Snack Pack"},{"floor":26.0,"key":"Boot"}],"event_choices":[{"cards_removed":["hermit:Strike_Hermit"],"damage_healed":0.0,"max_hp_gain":0.0,"max_hp_loss":0.0,"gold_gain":0.0,"event_name":"Bonfire Elementals","player_choice":"Offered Basic","floor":2.0,"gold_loss":0.0,"damage_taken":0.0},{"damage_healed":0.0,"max_hp_gain":0.0,"max_hp_loss":0.0,"gold_gain":0.0,"event_name":"Back to Basics","player_choice":"Simplicity","floor":20.0,"gold_loss":0.0,"damage_taken":0.0,"cards_upgraded":["hermit:Strike_Hermit","hermit:Strike_Hermit","hermit:Defend_Hermit","hermit:Defend_Hermit","hermit:Defend_Hermit","hermit:Defend_Hermit"]},{"cards_removed":["hermit:Defend_Hermit"],"damage_healed":0.0,"max_hp_gain":0.0,"max_hp_loss":0.0,"gold_gain":0.0,"event_name":"NoteForYourself","player_choice":"Took Card","floor":22.0,"gold_loss":0.0,"damage_taken":0.0,"cards_obtained":["Iron Wave"]}],"is_beta":false,"boss_relics":[{"not_picked":["Runic Pyramid","Pandora\u0027s Box"],"picked":"Calling Bell"}],"items_purged_floors":[10],"is_endless":false,"potions_floor_spawned":[3,5,6,23,29,31],"killed_by":"Pondfish","ascension_level":0}}