{"host":"350rh84kbmtekt58","time":1609550565,"event":{"mods":["AchievementEnabler","Act Like it!","BaseMod","Better Synergies","Block Reminder","CapriCore","Challenge The Spire","Colored Map","Colored Powertips","Communication Mod","Downfall","Energized Spire","Friendly Minions","GifTheSpireLib","Highlight Path","Minty Spire (QoL Compilation)","Quick Restart","Replay The Spire","Shop Mod","StSLib","The Animator","The Disciple","The Immortal","The Marked","The Runesmith","The Servant 0.9.4","The Wild Card","Transform Curses","yUi"],"gold_per_floor":[109,109,384,395,61,90,107,107,107],"floor_reached":8,"playtime":775,"items_purged":["Regret"],"score":56,"play_id":"f7d0b407-ce90-4131-ba37-a33303e7b581","local_time":"20210101192245","is_ascension_mode":false,"campfire_choices":[],"circlet_count":0,"master_deck":["Strike_S","Strike_S","Strike_S","Strike_S+1","Defend_S","Defend_S","Defend_S","Defend_S","KidneyShot","Exchange","Discovery+1","Potential","Rearm","Duplication","FanOfKnives"],"relics":["Uniform","Frozen Egg 2","Gremlin Food"],"acts_visited":["Exordium"],"potions_floor_usage":[6,8],"damage_taken":[{"damage":0,"enemies":"2 Louse","floor":1,"turns":3},{"damage":0,"enemies":"Jaw Worm","floor":4,"turns":5},{"damage":23,"enemies":"Gremlin Nob","floor":6,"turns":4},{"damage":6,"enemies":"Cultist","floor":7,"turns":4},{"damage":25,"enemies":"Lagavulin","floor":8,"turns":6}],"seed_played":"4941395976315374350","potions_obtained":[{"floor":1,"key":"DistilledChaos"},{"floor":4,"key":"Elixir"}],"is_trial":false,"path_per_floor":["M","?","?","M","$","E","M","E"],"character_chosen":"THE_SERVANT","items_purchased":["Frozen Egg 2"],"campfire_rested":0,"item_purchase_floors":[5],"current_hp_per_floor":[65,52,52,52,52,29,23,0,0],"gold":107,"neow_bonus":"RANDOM_COLORLESS","is_daily":false,"chose_seed":false,"campfire_upgraded":0,"win_rate":0.0,"timestamp":1609550565,"path_taken":["M","?","?","M","$","E","?","E"],"items_purchased_type":["Relic"],"build_version":"2020-12-22","purchased_purges":1,"victory":false,"max_hp_per_floor":[65,65,65,65,65,65,65,65,65],"card_choices":[{"not_picked":["Impatience","Replay:SS_fish_3"],"picked":"Discovery","floor":0},{"not_picked":["Spin","BottledTime"],"picked":"Potential","floor":1},{"not_picked":["Potential","Alleviate"],"picked":"Rearm","floor":4},{"not_picked":["Gouge","Collapse"],"picked":"Duplication","floor":6},{"not_picked":["TimeWarp","Rewind"],"picked":"FanOfKnives","floor":7}],"player_experience":185052,"relics_obtained":[{"floor":6,"key":"Gremlin Food"}],"event_choices":[{"damage_healed":0,"gold_gain":0,"player_choice":"Entered Light","damage_taken":13,"max_hp_gain":0,"max_hp_loss":0,"event_name":"Shining Light","floor":2,"gold_loss":0,"cards_upgraded":["Strike_S","Discovery"]},{"damage_healed":0,"gold_gain":275,"player_choice":"Desecrate","damage_taken":0,"max_hp_gain":0,"max_hp_loss":0,"event_name":"Golden Shrine","floor":3,"gold_loss":0,"cards_obtained":["Regret"]}],"is_beta":false,"boss_relics":[],"items_purged_floors":[5],"is_endless":false,"potions_floor_spawned":[1,4],"killed_by":"Lagavulin","ascension_level":0}}