{"host":"ek3xvuouaw6vk9if","time":1609562510,"event":{"mods":["BaseMod","BetterRewards","Minty Spire (QoL Compilation)","Permanent Neow","Quick Restart","Replay The Spire","StSLib","The Disciple"],"gold_per_floor":[360,360,7,113,131,165,183,183,235,223,235,284,67,32,32,143,143,177,0,0,29,51,83,83,117,171,197,218,218,218,218,218,220,220],"floor_reached":33,"playtime":3430,"items_purged":[],"score":273,"play_id":"29ceeafd-9008-485a-8fbc-29d4aae2e876","local_time":"20210101234150","is_ascension_mode":false,"campfire_choices":[{"data":"LockedPlans","floor":8,"key":"SMITH"},{"data":"Facsimile","floor":15,"key":"SMITH"},{"data":"LockedScales","floor":24,"key":"SMITH"},{"data":"LockedScales","floor":30,"key":"SMITH"},{"data":"LockedBell","floor":32,"key":"SMITH"}],"circlet_count":0,"master_deck":["Strike_Br","Defend_Br","Defend_Br","Defend_Br","SecondHand","PatternShift","LockedOrichalcum+1","LockedBlood+1","LockedScales","ExoVibe","HandsUpC","DaylightSavings","LockedPlans+1","ReapSow","LockedFlame","Engulf","Facsimile+1","LockedBell+1","Chronoelasticity","LockedMercury","LockedScales+1","TickedOff","Trip","LockedScales+1","Facsimile+1"],"relics":["Chronometer","Guide Book","Replay:Baseball","Replay:Bandana","MawBank","IceCream?","Anchor","Replay:Grab Bag","Busted Crown","HangingClock","Replay:Drink Me","Metronome","Enchiridion","Pear","Lantern"],"acts_visited":["Exordium","TheCity"],"potions_floor_usage":[6,6,33,33],"damage_taken":[{"damage":1,"enemies":"Jaw Worm","floor":1,"turns":6},{"damage":2,"enemies":"2 Louse","floor":5,"turns":5},{"damage":33,"enemies":"Lagavulin","floor":6,"turns":12},{"damage":4,"enemies":"Small Slimes","floor":7,"turns":5},{"damage":1,"enemies":"Looter","floor":10,"turns":4},{"damage":24,"enemies":"3 Sentries","floor":12,"turns":9},{"damage":35,"enemies":"Hexaghost","floor":16,"turns":13},{"damage":2,"enemies":"Shell Parasite","floor":18,"turns":5},{"damage":2,"enemies":"Spheric Guardian","floor":21,"turns":5},{"damage":9,"enemies":"Shelled Parasite and Fungi","floor":22,"turns":7},{"damage":3,"enemies":"Replay:Snechameleon","floor":23,"turns":6},{"damage":10,"enemies":"Centurion and Healer","floor":25,"turns":10},{"damage":0,"enemies":"3 Cultists","floor":27,"turns":4},{"damage":18,"enemies":"Snecko","floor":28,"turns":6},{"damage":74,"enemies":"Champ","floor":33,"turns":12}],"seed_played":"-1190024957147524853","potions_obtained":[{"floor":1,"key":"Energy Potion"},{"floor":5,"key":"Swift Potion"},{"floor":12,"key":"Swift Potion"},{"floor":25,"key":"Strength Potion"},{"floor":28,"key":"DuplicationPotion"}],"is_trial":false,"path_per_floor":["M","?","$","?","M","E","M","R","T","M","?","E","$","?","R","B",null,"M","$","?","M","M","E","R","M","T","M","M","$","R","?","R","B"],"character_chosen":"CHRONO_CLASS","items_purchased":["LockedBlood","Guide Book","Replay:Baseball","Facsimile","LockedBell","LockedScales","TickedOff","Trip"],"campfire_rested":0,"item_purchase_floors":[3,3,3,13,13,19,19,19],"current_hp_per_floor":[46,39,39,39,46,22,27,27,27,29,29,14,14,30,30,4,49,49,49,33,40,40,56,56,58,58,59,44,44,44,44,44,0,0],"gold":220,"neow_bonus":"TWO_FIFTY_GOLD","is_daily":false,"chose_seed":false,"campfire_upgraded":5,"win_rate":0.0,"timestamp":1609562510,"path_taken":["M","?","$","?","M","E","M","R","T","M","?","E","$","?","R","BOSS","M","$","?","M","M","E","R","M","T","M","M","$","R","?","R","BOSS"],"items_purchased_type":["Card","Relic","Relic","Card","Card","Card","Card","Card"],"build_version":"2020-12-22","purchased_purges":0,"victory":false,"max_hp_per_floor":[65,65,65,65,65,65,65,65,65,65,65,65,65,65,65,65,49,49,49,49,49,49,59,59,59,59,59,59,59,59,59,59,59,59],"card_choices":[{"not_picked":["EscortCommand","LockedAnchor"],"picked":"LockedOrichalcum","floor":1},{"not_picked":["BlueShift","Recurrance"],"picked":"LockedScales","floor":4},{"not_picked":["EscortCommand","Echoward"],"picked":"ExoVibe","floor":4},{"not_picked":["SlimeSpray","ReapSow"],"picked":"HandsUpC","floor":4},{"not_picked":["Cuckoo","LockedMedicine"],"picked":"DaylightSavings","floor":5},{"not_picked":["ExoVibe","AlternateTimeline"],"picked":"LockedPlans","floor":6},{"not_picked":["LockedAnchor","HandsUpB"],"picked":"ReapSow","floor":7},{"not_picked":["WatchCommand","ShortSighted"],"picked":"LockedFlame","floor":10},{"not_picked":["CrunchTime","BiteCommand"],"picked":"Engulf","floor":12},{"not_picked":["LockedBell","BackFourSeconds"],"picked":"Chronoelasticity","floor":16},{"not_picked":[],"picked":"LockedMercury","floor":18},{"not_picked":["ReapSow"],"picked":"SKIP","floor":21},{"not_picked":[],"picked":"LockedScales","floor":22},{"not_picked":["Parity"],"picked":"SKIP","floor":23},{"not_picked":["CrunchTime"],"picked":"SKIP","floor":25},{"not_picked":["BlueShift"],"picked":"SKIP","floor":27},{"not_picked":["Parity"],"picked":"SKIP","floor":28}],"player_experience":503120,"relics_obtained":[{"floor":6,"key":"Replay:Bandana"},{"floor":9,"key":"MawBank"},{"floor":12,"key":"Anchor"},{"floor":20,"key":"Enchiridion"},{"floor":23,"key":"Pear"},{"floor":26,"key":"Lantern"}],"event_choices":[{"cards_removed":["Strike_Br"],"damage_healed":0,"gold_gain":0,"player_choice":"Card Removal","damage_taken":7,"max_hp_gain":0,"max_hp_loss":0,"event_name":"Golden Wing","floor":2,"gold_loss":0},{"damage_healed":16,"gold_gain":0,"player_choice":"Healed","damage_taken":0,"max_hp_gain":0,"max_hp_loss":0,"event_name":"The Cleric","floor":14,"gold_loss":35},{"damage_healed":0,"gold_gain":0,"player_choice":"Obtained Book","damage_taken":16,"max_hp_gain":0,"max_hp_loss":0,"event_name":"Cursed Tome","floor":20,"gold_loss":0},{"damage_healed":0,"gold_gain":0,"player_choice":"Copied","damage_taken":0,"max_hp_gain":0,"max_hp_loss":0,"event_name":"Duplicator","floor":31,"gold_loss":0,"cards_obtained":["Facsimile"]}],"is_beta":false,"boss_relics":[{"not_picked":["Fusion Hammer","Replay:Wanted Poster"],"picked":"Replay:Grab Bag"},{"not_picked":["Velvet Choker","Abe\u0027s Treasure"],"picked":"Busted Crown"},{"not_picked":["Runic Dome","Coffee Dripper"],"picked":"HangingClock"},{"not_picked":["SacredBark","Astrolabe"],"picked":"Replay:Drink Me"},{"not_picked":["SlaversCollar","Pandora\u0027s Box"],"picked":"Metronome"}],"items_purged_floors":[],"is_endless":false,"potions_floor_spawned":[1,5,12,25,28],"killed_by":"Champ","ascension_level":0}}