{"host":"sav7uxregyirlf69","time":1609605693,"event":{"mods":["AchievementEnabler","BaseMod","Colored Map","DeckTracker","Hermit","Keyboard Shortcuts","Minty Spire (QoL Compilation)","READ ME - Guardian Mod","StSLib","SuperFastMode"],"gold_per_floor":[118,68,33,33,33,33,68,68,68,112,112,136,149,170,170,299,299,319,89,112,112,132,173,186,186,240,240,113,157,182,217,217,342,342,361,380,380,403,83,119,144,187,238,272,287,320,343,358,358,358,358],"floor_reached":50,"playtime":1596,"items_purged":["hermit:Strike_Hermit","Clumsy","hermit:Strike_Hermit"],"score":934,"play_id":"0e4f1220-79c3-41bb-a682-47b792558382","local_time":"20210103014133","is_ascension_mode":true,"campfire_choices":[{"data":"hermit:Combo","floor":6,"key":"SMITH"},{"data":"hermit:Manifest","floor":8,"key":"SMITH"},{"floor":11,"key":"REST"},{"data":"hermit:CalledShot","floor":15,"key":"SMITH"},{"data":"1","floor":25,"key":"LIFT"},{"data":"2","floor":27,"key":"LIFT"},{"floor":32,"key":"REST"},{"floor":49,"key":"RECALL"}],"circlet_count":0,"master_deck":["hermit:Defend_Hermit","hermit:Defend_Hermit","hermit:Defend_Hermit","hermit:Snapshot","hermit:Covet","hermit:Manifest+1","hermit:RoundhouseKick","hermit:Deadeye","hermit:Combo+1","hermit:Dive","hermit:CalledShot+1","hermit:Enervate","hermit:Determination","hermit:Snipe+1","hermit:EyeOfTheStorm","Clumsy","hermit:TakeAim+1","hermit:FlashPowder+1"],"relics":["hermit:ClaspedLocket","Golden Idol","Pear","StoneCalendar","Bag of Marbles","Cursed Key","Membership Card","Girya","ClockworkSouvenir","Singing Bowl","Vajra","Meat on the Bone","Gremlin Horn","Toy Ornithopter","Art of War","Regal Pillow","Frozen Egg 2","Happy Flower"],"acts_visited":["Exordium","TheCity","TheBeyond"],"potions_floor_usage":[16,20,23,31,46,48,48],"damage_taken":[{"damage":6,"enemies":"Jaw Worm","floor":1,"turns":4},{"damage":17,"enemies":"Lagavulin","floor":7,"turns":7},{"damage":10,"enemies":"3 Sentries","floor":10,"turns":4},{"damage":0,"enemies":"2 Louse","floor":12,"turns":1},{"damage":0,"enemies":"Cultist","floor":13,"turns":2},{"damage":0,"enemies":"Exordium Wildlife","floor":14,"turns":2},{"damage":12,"enemies":"Hexaghost","floor":16,"turns":12},{"damage":0,"enemies":"3 Byrds","floor":18,"turns":4},{"damage":12,"enemies":"Shell Parasite","floor":20,"turns":4},{"damage":3,"enemies":"Cultist and Chosen","floor":22,"turns":6},{"damage":3,"enemies":"Book of Stabbing","floor":23,"turns":5},{"damage":4,"enemies":"Snecko","floor":24,"turns":4},{"damage":5,"enemies":"Gremlin Leader","floor":29,"turns":3},{"damage":11,"enemies":"Snake Plant","floor":30,"turns":2},{"damage":10,"enemies":"Book of Stabbing","floor":31,"turns":4},{"damage":0,"enemies":"Collector","floor":33,"turns":5},{"damage":5,"enemies":"3 Shapes","floor":35,"turns":2},{"damage":3,"enemies":"Orb Walker","floor":36,"turns":3},{"damage":29,"enemies":"Writhing Mass","floor":38,"turns":5},{"damage":1,"enemies":"Nemesis","floor":40,"turns":3},{"damage":6,"enemies":"Jaw Worm Horde","floor":41,"turns":3},{"damage":0,"enemies":"Reptomancer","floor":42,"turns":3},{"damage":3,"enemies":"Giant Head","floor":44,"turns":6},{"damage":15,"enemies":"4 Shapes","floor":45,"turns":3},{"damage":33,"enemies":"Reptomancer","floor":46,"turns":3},{"damage":8,"enemies":"Maw","floor":47,"turns":6},{"damage":4,"enemies":"3 Darklings","floor":48,"turns":2},{"damage":74,"enemies":"Time Eater","floor":50,"turns":6}],"seed_played":"3729935123794293079","potions_obtained":[{"floor":1,"key":"Fire Potion"},{"floor":5,"key":"PowerPotion"},{"floor":5,"key":"Block Potion"},{"floor":16,"key":"Energy Potion"},{"floor":20,"key":"LiquidMemories"},{"floor":23,"key":"Fire Potion"},{"floor":31,"key":"Strength Potion"},{"floor":46,"key":"ColorlessPotion"},{"floor":48,"key":"DuplicationPotion"}],"is_trial":false,"path_per_floor":["M","?","$","?","?","R","E","R","T","E","R","M","M","M","R","B",null,"M","$","M","?","M","E","M","R","T","R","$","E","M","E","R","B",null,"M","M","?","M","$","E","M","E","T","E","M","E","M","M","R","B"],"character_chosen":"HERMIT","items_purchased":["hermit:Combo","Membership Card","hermit:Determination","ClockworkSouvenir","Meat on the Bone","Gremlin Horn"],"campfire_rested":2,"item_purchase_floors":[3,19,19,28,39,39],"current_hp_per_floor":[62,62,62,45,45,45,38,38,38,28,51,51,51,51,51,39,68,68,68,56,49,46,43,39,39,39,39,39,36,27,19,44,46,76,73,72,72,45,45,58,54,54,54,53,52,38,42,60,60,0,0],"gold":358,"neow_bonus":"TRANSFORM_TWO_CARDS","is_daily":false,"chose_seed":false,"campfire_upgraded":3,"win_rate":0.0,"timestamp":1609605693,"path_taken":["M","?","?","?","?","R","E","R","T","E","R","M","?","M","R","BOSS","M","$","M","?","M","E","?","R","T","R","?","E","M","E","R","BOSS","M","M","?","?","?","E","M","E","T","E","?","E","M","M","R","BOSS"],"items_purchased_type":["Card","Relic","Card","Relic","Relic","Relic"],"build_version":"2020-12-22","purchased_purges":3,"victory":false,"max_hp_per_floor":[68,68,68,68,68,68,78,78,78,78,78,78,78,78,78,78,78,78,78,78,78,78,78,78,78,78,78,78,80,82,84,84,86,86,88,90,90,92,92,94,96,96,96,98,100,102,102,102,102,102,102],"card_choices":[{"not_picked":["hermit:Glare","hermit:Malice"],"picked":"hermit:Deadeye","floor":1},{"not_picked":["hermit:GhostlyPresence","hermit:NoHoldsBarred"],"picked":"hermit:Dive","floor":7},{"not_picked":["hermit:Virtue","hermit:SprayPray","hermit:Shortfuse"],"picked":"SKIP","floor":10},{"not_picked":["hermit:Manifest","hermit:Ricochet","hermit:Misfire"],"picked":"SKIP","floor":12},{"not_picked":["hermit:Roulette","hermit:Manifest","hermit:LoneWolf"],"picked":"SKIP","floor":13},{"not_picked":["hermit:TakeCover","hermit:LowProfile"],"picked":"hermit:CalledShot","floor":14},{"not_picked":["hermit:Misfire+1","hermit:LuckOfTheDraw"],"picked":"hermit:Enervate","floor":18},{"not_picked":["hermit:CalledShot","hermit:Maintenance+1","hermit:HighCaliber"],"picked":"SKIP","floor":20},{"not_picked":["hermit:Dive","hermit:Quickdraw"],"picked":"hermit:Snipe+1","floor":22},{"not_picked":["hermit:SprayPray","hermit:LuckOfTheDraw","hermit:DeadMansHand"],"picked":"SKIP","floor":23},{"not_picked":["hermit:Ricochet","hermit:ItchyTrigger+1","hermit:HighCaliber"],"picked":"SKIP","floor":24},{"not_picked":["hermit:DeadMansHand+1","hermit:ItchyTrigger","hermit:SprayPray"],"picked":"Singing Bowl","floor":29},{"not_picked":["hermit:Cheat","hermit:GhostlyPresence","hermit:Dive+1"],"picked":"Singing Bowl","floor":30},{"not_picked":["hermit:Cheat+1","hermit:Glare","hermit:TrackingShot"],"picked":"Singing Bowl","floor":31},{"not_picked":["hermit:EternalForm","hermit:Dissolve","hermit:Roughhouse"],"picked":"Singing Bowl","floor":33},{"not_picked":["hermit:Ricochet+1","hermit:Brawl+1","hermit:PistolWhip+1"],"picked":"Singing Bowl","floor":35},{"not_picked":["hermit:Ricochet+1","hermit:FullyLoaded+1","hermit:Manifest"],"picked":"Singing Bowl","floor":36},{"not_picked":["hermit:NoHoldsBarred+1","hermit:Roulette+1","hermit:Coalescence"],"picked":"Singing Bowl","floor":38},{"not_picked":["hermit:Headshot","hermit:WideOpen","hermit:Roulette"],"picked":"Singing Bowl","floor":40},{"not_picked":["hermit:CalledShot","hermit:LuckOfTheDraw+1","hermit:TakeCover"],"picked":"Singing Bowl","floor":41},{"not_picked":["hermit:SprayPray","hermit:TakeAim+1"],"picked":"hermit:EyeOfTheStorm","floor":42},{"not_picked":["hermit:Brawl+1","hermit:DeadOrAlive","hermit:Headshot+1"],"picked":"Singing Bowl","floor":44},{"not_picked":["hermit:Virtue+1","hermit:Quickdraw","hermit:BodyArmor+1"],"picked":"Singing Bowl","floor":45},{"not_picked":["hermit:Maintenance","hermit:WideOpen+1","hermit:Deadeye+1"],"picked":"Singing Bowl","floor":46},{"not_picked":["hermit:Malice","hermit:BodyArmor+1"],"picked":"hermit:TakeAim+1","floor":47},{"not_picked":["hermit:CalledShot","hermit:TrackingShot+1"],"picked":"hermit:FlashPowder+1","floor":48}],"player_experience":1140219,"relics_obtained":[{"floor":7,"key":"Pear"},{"floor":9,"key":"StoneCalendar"},{"floor":10,"key":"Bag of Marbles"},{"floor":23,"key":"Girya"},{"floor":29,"key":"Singing Bowl"},{"floor":31,"key":"Vajra"},{"floor":40,"key":"Toy Ornithopter"},{"floor":42,"key":"Art of War"},{"floor":43,"key":"Regal Pillow"},{"floor":44,"key":"Frozen Egg 2"},{"floor":46,"key":"Happy Flower"}],"event_choices":[{"cards_removed":["hermit:Strike_Hermit"],"damage_healed":0,"gold_gain":0,"player_choice":"Card Removal","damage_taken":0,"max_hp_gain":0,"max_hp_loss":0,"event_name":"The Cleric","floor":2,"gold_loss":50},{"damage_healed":0,"gold_gain":0,"player_choice":"Take Damage","damage_taken":17,"relics_obtained":["Golden Idol"],"max_hp_gain":0,"max_hp_loss":0,"event_name":"Golden Idol","floor":4,"gold_loss":0},{"damage_healed":0,"gold_gain":0,"player_choice":"Got Potions","damage_taken":0,"max_hp_gain":0,"max_hp_loss":0,"event_name":"Lab","floor":5,"gold_loss":0},{"damage_healed":0,"gold_gain":0,"player_choice":"Damaged","damage_taken":7,"max_hp_gain":0,"max_hp_loss":0,"event_name":"Wheel of Change","floor":21,"gold_loss":0},{"damage_healed":0,"gold_gain":0,"player_choice":"Relic","damage_taken":0,"max_hp_gain":0,"max_hp_loss":0,"event_name":"Wheel of Change","floor":37,"gold_loss":0}],"is_beta":false,"boss_relics":[{"not_picked":["Fusion Hammer","SacredBark"],"picked":"Cursed Key"},{"not_picked":["Tiny House","Sozu"],"picked":"hermit:ClaspedLocket"}],"items_purged_floors":[19,28,39],"is_endless":false,"potions_floor_spawned":[1,10,16,20,22,23,29,31,35,36,45,46,47,48],"killed_by":"Time Eater","ascension_level":5}}