{"host":"i317trlt96c3w9hm","time":1609569511,"event":{"mods":["2.2 Compatiblity","AchievementEnabler","BaseMod","Better Note","CapriCore","Colored Powertips","GifTheSpireLib","Highlight Path","Minty Spire (QoL Compilation)","StSLib","Yakumo Yukari mod"],"gold_per_floor":[140,140,140,155,3,34,34,45,92,121,133,147,166,201,201,298,348,366,366,379,394,406,440,440,460,460,460,494,494,519,319,319,429,429,456,480,541,600,600,625,644,644,644,669,691,691,713,739,739,739,739,739,77,109,109],"floor_reached":56,"playtime":4850,"items_purged":["AT_purpleEX","AT_purpleEX"],"score":1468,"play_id":"85b8c7a1-0cc8-48c7-8725-a37a84e81b27","local_time":"20210102143831","is_ascension_mode":true,"campfire_choices":[{"data":"Mirror_WaveAndshot_purple","floor":7.0,"key":"SMITH"},{"data":"Mirror_TwoAndThreeElementRealm_purple","floor":15.0,"key":"SMITH"},{"data":"Know_ledgeAbilityRealm_purple","floor":24.0,"key":"SMITH"},{"data":"Boundary_ObjectiveBoundary_purple","floor":29.0,"key":"SMITH"},{"data":"MeetDecomposer_purple","floor":32.0,"key":"SMITH"},{"floor":46.0,"key":"RECALL"},{"floor":49.0,"key":"DIG"},{"floor":52.0,"key":"DIG"}],"circlet_count":0,"master_deck":["AT_purpleEX","Defend_purpleEX+1","Defend_purpleEX","Defend_purpleEX","Observe_purple_1","Observe_purple_2","DimensionStaggered_purple","StateErode_purple","CommonSense_AntiCommonSense_purple","Mirror_WaveAndshot_purple+1","AdvanceAttack_purple","Charmbait_purple","Mirror_TwoAndThreeElementRealm_purple+1","MeetDecomposer_purple+1","OpenedBox_purple","Boundary_ObjectiveBoundary_purple+1","Know_ledgeAbilityRealm_purple+1","Charmbait_purple+1","Anti_communist_purple","MNeedle_purple","WangLiang_OokamiKakushi_purple","EighthInstrument_OneDividesIntoTwo_purple","Monsters_DoubleDeathButterfly_purple+1","Mirror_WaveAndshot_purple+1","WatchEChange_purple+1","EighthInstrument_OneDividesIntoTwo_purple+1","DarkRealmRedLine_purple","Yakumo_Ran_purple+1","WingOfChimera_purple+1","Boundary_DreamRealityDamnation_purple+1","Fantasy_PerpetualMotionMachine_purple+1"],"relics":["Boundary_crack","Memoryfragments_purpleEX","NeowsBlessing","Art of War","Bag of Marbles","Antimatter_spacedebris","Frozen Egg 2","Omamori","Tiny House","Ice Cream","Shovel","Toxic Egg 2","Darkstone Periapt","Ornamental Fan","CeramicFish","Coffee Dripper","CaptainsWheel","Torii","MealTicket","Shuriken","Letter Opener","Centennial Puzzle","ThegodofHakurei_purpleEX","Bottled Lightning","ClockworkSouvenir","Akabeko","Eternal Feather"],"acts_visited":["Exordium","TheCity","TheBeyond","TheEnding"],"potions_floor_usage":[55,55,55,55,55],"damage_taken":[{"damage":0.0,"enemies":"Small Slimes","floor":1.0,"turns":1.0},{"damage":0.0,"enemies":"Jaw Worm","floor":4.0,"turns":2.0},{"damage":18.0,"enemies":"Lagavulin","floor":6.0,"turns":1.0},{"damage":2.0,"enemies":"Cultist","floor":8.0,"turns":5.0},{"damage":27.0,"enemies":"Gremlin Nob","floor":10.0,"turns":4.0},{"damage":1.0,"enemies":"Large Slime","floor":11.0,"turns":5.0},{"damage":2.0,"enemies":"Gremlin Gang","floor":12.0,"turns":2.0},{"damage":5.0,"enemies":"Red Slaver","floor":13.0,"turns":2.0},{"damage":13.0,"enemies":"Lagavulin","floor":14.0,"turns":5.0},{"damage":4.0,"enemies":"The Guardian","floor":16.0,"turns":11.0},{"damage":2.0,"enemies":"Chosen","floor":18.0,"turns":2.0},{"damage":5.0,"enemies":"3 Byrds","floor":20.0,"turns":3.0},{"damage":11.0,"enemies":"Shelled Parasite and Fungi","floor":21.0,"turns":3.0},{"damage":2.0,"enemies":"Chosen and Byrds","floor":22.0,"turns":3.0},{"damage":28.0,"enemies":"Book of Stabbing","floor":23.0,"turns":2.0},{"damage":0.0,"enemies":"Sentry and Sphere","floor":25.0,"turns":4.0},{"damage":38.0,"enemies":"Slavers","floor":28.0,"turns":4.0},{"damage":0.0,"enemies":"Gremlin Leader","floor":30.0,"turns":3.0},{"damage":14.0,"enemies":"Champ","floor":33.0,"turns":4.0},{"damage":17.0,"enemies":"3 Shapes","floor":35.0,"turns":3.0},{"damage":11.0,"enemies":"3 Darklings","floor":36.0,"turns":4.0},{"damage":33.0,"enemies":"2 Orb Walkers","floor":37.0,"turns":4.0},{"damage":0.0,"enemies":"Mind Bloom Boss Battle","floor":38.0,"turns":2.0},{"damage":9.0,"enemies":"Giant Head","floor":40.0,"turns":4.0},{"damage":0.0,"enemies":"Sphere and 2 Shapes","floor":41.0,"turns":3.0},{"damage":0.0,"enemies":"Nemesis","floor":44.0,"turns":3.0},{"damage":24.0,"enemies":"Writhing Mass","floor":45.0,"turns":2.0},{"damage":18.0,"enemies":"3 Darklings","floor":47.0,"turns":4.0},{"damage":16.0,"enemies":"Spire Growth","floor":48.0,"turns":3.0},{"damage":41.0,"enemies":"Time Eater","floor":50.0,"turns":3.0},{"damage":2.0,"enemies":"Shield and Spear","floor":54.0,"turns":3.0},{"damage":54,"enemies":"The Heart","floor":55,"turns":5}],"seed_played":"3169287929986585270","potions_obtained":[{"floor":1.0,"key":"SteroidPotion"},{"floor":6.0,"key":"SmokeBomb"},{"floor":11.0,"key":"ColorlessPotion"},{"floor":13.0,"key":"SpeedPotion"},{"floor":17.0,"key":"SkillPotion"},{"floor":20.0,"key":"Regen Potion"},{"floor":30.0,"key":"Ancient Potion"},{"floor":35.0,"key":"SneckoOil"},{"floor":37.0,"key":"Energy Potion"},{"floor":54.0,"key":"EntropicBrew"}],"is_trial":false,"path_per_floor":["M","?","?","M","$","E","R","M","T","E","M","M","M","E","R","B",null,"M","?","M","M","M","E","R","M","T","?","E","R","E","?","R","B",null,"M","M","?","?","?","E","M","T","T","E","M","R","M","M","R","B",null,"R","$","E","B",null],"character_chosen":"Youkari","items_purchased":["CommonSense_AntiCommonSense_purple","Bottled Lightning","ClockworkSouvenir","Akabeko"],"campfire_rested":0,"item_purchase_floors":[5,53,53,53],"current_hp_per_floor":[70,63,56,59,59,41,41,44,44,22,26,32,43,35,35,32,75,75,75,74,75,75,54,54,58,58,58,53,53,53,53,53,41,75,66,61,68,71,71,74,75,75,75,75,75,75,75,71,71,58,75,75,75,75,26],"gold":109,"neow_bonus":"THREE_ENEMY_KILL","is_daily":false,"chose_seed":false,"campfire_upgraded":5,"win_rate":0.0,"timestamp":1609569511,"path_taken":["M","?","?","M","?","E","R","M","T","E","M","M","M","E","R","BOSS","M","?","?","M","?","E","R","M","T","?","E","R","E","?","R","BOSS","M","?","?","?","?","E","M","?","T","E","M","R","M","M","R","BOSS","R","$","E","BOSS"],"items_purchased_type":["Card","Relic","Relic","Relic"],"build_version":"2020-12-22","purchased_purges":2,"victory":true,"max_hp_per_floor":[70,70,70,70,70,70,70,70,70,70,70,70,70,70,70,70,75,75,75,75,75,75,75,75,75,75,75,75,75,75,75,75,75,75,75,75,75,75,75,75,75,75,75,75,75,75,75,75,75,75,75,75,75,75,75],"card_choices":[{"not_picked":["Mirror_FormAndEmptin_purple","StateDuplicate_purple"],"picked":"DimensionStaggered_purple","floor":1.0},{"not_picked":["Shallow_ocean_purpleEX","Bait_Toxicbait_purple"],"picked":"StateErode_purple","floor":4.0},{"not_picked":["WatchEChange_purple","CommonSense_AntiCommonSense_purple"],"picked":"Mirror_WaveAndshot_purple","floor":6.0},{"not_picked":["Extrememeaning_purpleEX","Nest_LightFlightworm_purple"],"picked":"AdvanceAttack_purple","floor":8.0},{"not_picked":["OmniscientAndOmnipotent_Monster_purple","Worldmountain_purple"],"picked":"Charmbait_purple","floor":10.0},{"not_picked":["OmniscientAndOmnipotent_Monster_purple","Shallow_ocean_purpleEX"],"picked":"Mirror_TwoAndThreeElementRealm_purple","floor":11.0},{"not_picked":["Umbrella_purple","Shallow_ocean_purpleEX"],"picked":"MeetDecomposer_purple","floor":12.0},{"not_picked":["SharpContractionReality_purple","Line_surface_state_purple"],"picked":"OpenedBox_purple","floor":13.0},{"not_picked":["DimensionStaggered_purple","MeetDecomposer_purple"],"picked":"Boundary_ObjectiveBoundary_purple","floor":14.0},{"not_picked":["UniverseChoice_purple+1","Mirror_TwoAndThreeElementRealm_purple"],"picked":"Know_ledgeAbilityRealm_purple","floor":16.0},{"not_picked":["Line_surface_state_purple","WeekHit_purple"],"picked":"RuleDissolution_purple","floor":17.0},{"not_picked":["Worldmountain_purple","Line_surface_state_purple"],"picked":"Charmbait_purple+1","floor":18.0},{"not_picked":["Boundary_of_Extermination_purpleEX+1","MeetDecomposer_purple"],"picked":"Anti_communist_purple","floor":20.0},{"not_picked":["MeetDecomposer_purple","SharpContractionReality_purple","SfantasyHide_purple"],"picked":"SKIP","floor":21.0},{"not_picked":["Worldmountain_purple","StateDuplicate_purple"],"picked":"MNeedle_purple","floor":22.0},{"not_picked":["Boundary_DynamicStaticEquilibrium_purple","Extrememeaning_purpleEX+1","Yakumo_Ran_purple"],"picked":"SKIP","floor":23.0},{"not_picked":["Mirror_Drifter_purple","RuptureOfTimeAndSpace_purple","SfantasyHide_purple"],"picked":"SKIP","floor":25.0},{"not_picked":["MNeedle_purple+1","OmniscientAndOmnipotent_Monster_purple"],"picked":"WangLiang_OokamiKakushi_purple","floor":28.0},{"not_picked":["Realm_recovery_purpleEX+1","RuleDissolution_purple+1"],"picked":"EighthInstrument_OneDividesIntoTwo_purple","floor":30.0},{"not_picked":["Price_of_realm_purpleEX+1","LoveAcrossDimensions_purple+1"],"picked":"Monsters_DoubleDeathButterfly_purple+1","floor":33.0},{"not_picked":["Worldmountain_purple+1","Charmbait_purple+1"],"picked":"Mirror_WaveAndshot_purple+1","floor":35.0},{"not_picked":["ExistenceContinue_purple","Umbrella_purple"],"picked":"WatchEChange_purple+1","floor":36.0},{"not_picked":["Photoelasticity_Doppler_Effect_purple+1","DimensionStaggered_purple+1"],"picked":"EighthInstrument_OneDividesIntoTwo_purple+1","floor":37.0},{"not_picked":["EighthInstrument_OneDividesIntoTwo_purple","Nest_LightFlightworm_purple"],"picked":"DarkRealmRedLine_purple","floor":38.0},{"not_picked":["StateErode_purple","ExistenceContinue_purple+1","DimensionStaggered_purple+1"],"picked":"SKIP","floor":40.0},{"not_picked":["Worldmountain_purple","AdvanceAttack_purple"],"picked":"Yakumo_Ran_purple+1","floor":41.0},{"not_picked":["DimensionStaggered_purple+1","Worldmountain_purple+1","Boundary_ObjectiveBoundary_purple+1"],"picked":"SKIP","floor":44.0},{"not_picked":["Boundary_ObjectiveBoundary_purple+1","MonsterNeedle_purple+1"],"picked":"WingOfChimera_purple+1","floor":45.0},{"not_picked":["Charmbait_purple","Erosivefilter_purple+1"],"picked":"Boundary_DreamRealityDamnation_purple+1","floor":47.0},{"not_picked":["RuleDissolution_purple+1","Mirror_TwoAndThreeElementRealm_purple+1"],"picked":"Fantasy_PerpetualMotionMachine_purple+1","floor":48.0},{"not_picked":["Worldmountain_purple","Mirror_FormAndEmptin_purple+1","WorldDissolvedintheRealm_purple"],"picked":"SKIP","floor":54.0}],"player_experience":24046,"relics_obtained":[{"floor":6.0,"key":"Bag of Marbles"},{"floor":9.0,"key":"Antimatter_spacedebris"},{"floor":10.0,"key":"Frozen Egg 2"},{"floor":14.0,"key":"Omamori"},{"floor":23.0,"key":"Shovel"},{"floor":26.0,"key":"Toxic Egg 2"},{"floor":28.0,"key":"Darkstone Periapt"},{"floor":30.0,"key":"Ornamental Fan"},{"floor":37.0,"key":"CaptainsWheel"},{"floor":38.0,"key":"Torii"},{"floor":40.0,"key":"MealTicket"},{"floor":42.0,"key":"Shuriken"},{"floor":44.0,"key":"Letter Opener"},{"floor":49.0,"key":"Centennial Puzzle"},{"floor":52.0,"key":"ThegodofHakurei_purpleEX"},{"floor":54.0,"key":"Eternal Feather"}],"event_choices":[{"damage_healed":0.0,"max_hp_gain":0.0,"max_hp_loss":0.0,"gold_gain":0.0,"event_name":"Scrap Ooze","player_choice":"Success","floor":2.0,"gold_loss":0.0,"damage_taken":7.0,"relics_obtained":["Art of War"]},{"cards_removed":["AT_purpleEX"],"damage_healed":0.0,"max_hp_gain":0.0,"max_hp_loss":0.0,"gold_gain":0.0,"event_name":"Golden Wing","player_choice":"Card Removal","floor":3.0,"gold_loss":0.0,"damage_taken":7.0},{"cards_removed":["RuleDissolution_purple"],"damage_healed":0.0,"max_hp_gain":0.0,"max_hp_loss":0.0,"gold_gain":0.0,"event_name":"WeMeetAgain","player_choice":"Gave Card","floor":19.0,"gold_loss":0.0,"damage_taken":0.0,"relics_obtained":["Ice Cream"]},{"cards_removed":["Mirror_TwoAndThreeElementRealm_purple"],"damage_healed":0.0,"max_hp_gain":0.0,"max_hp_loss":0.0,"gold_gain":0.0,"event_name":"betterNote:BetterNote","player_choice":"Give","floor":27.0,"gold_loss":0.0,"damage_taken":0.0,"cards_obtained":["Boundary_of_Extermination_purpleEX"]},{"damage_healed":0.0,"max_hp_gain":0.0,"max_hp_loss":0.0,"gold_gain":0.0,"event_name":"Mysterious Sphere","player_choice":"Fight","floor":37.0,"gold_loss":0.0,"damage_taken":0.0},{"damage_healed":0.0,"max_hp_gain":0.0,"max_hp_loss":0.0,"gold_gain":0.0,"event_name":"MindBloom","player_choice":"Fight","floor":38.0,"gold_loss":0.0,"damage_taken":0.0},{"cards_removed":["Defend_purpleEX"],"damage_healed":0.0,"max_hp_gain":0.0,"max_hp_loss":0.0,"gold_gain":0.0,"event_name":"Falling","player_choice":"Removed Skill","floor":39.0,"gold_loss":0.0,"damage_taken":0.0}],"is_beta":false,"boss_relics":[{"not_picked":["Fusion Hammer","Runic Dome"],"picked":"Tiny House"},{"not_picked":["Empty Cage","Snecko Eye"],"picked":"Coffee Dripper"}],"items_purged_floors":[5,53],"is_endless":false,"potions_floor_spawned":[1,6,11,13,20,22,30,33,35,37,41,44,45,47,54],"ascension_level":1}}