{"host":"57rcrwhzj4x4jlaj","time":1609593560,"event":{"mods":["2.2 Compatiblity","BaseMod","BetterRewards","Colored Map","Conspire","Dota2Spire","Downfall","Energized Spire","Grow up Mod","Hermit","Hubris","Infinite Spire","Marisa????????","Minty Spire (QoL Compilation)","Relic Filter","Relic Stats","Remilia??????","Replay The Spire","Shop Mod","StSLib","SuperFastMode","Td1madao Mod","The Accelerator","The Bug Knight","The Exalted","The Jungle","The Marked","[IsaacMod]????","vexMod"],"gold_per_floor":[114,114,126,201,212,212,243,169,169,188,188,199,199,217,217,314,314,325,339,352,363,383,383,415,415,415,415,435,460,471,471,471,570,570,589,609,629,682,705,735,735,767,767,787,817,835,835,0,0,0],"floor_reached":51,"playtime":1379,"items_purged":["Strike_MRS","Strike_MRS"],"score":1295,"play_id":"e6df2f37-bdc8-4164-ac9f-c0c88acfebcb","local_time":"20210102201920","is_ascension_mode":true,"campfire_choices":[{"data":"MeteoricShower","floor":6,"key":"SMITH"},{"data":"EscapeVelocity","floor":11,"key":"SMITH"},{"data":"WitchLeyline","floor":13,"key":"SMITH"},{"data":"ShootingEcho","floor":15,"key":"SMITH"},{"data":"SuperNova","floor":23,"key":"SMITH"},{"data":"WitchLeyline","floor":25,"key":"SMITH"},{"data":"WitchLeyline","floor":27,"key":"SMITH"},{"floor":32,"key":"REST"},{"floor":41,"key":"REST"},{"floor":47,"key":"DIG"},{"floor":49,"key":"REST"}],"circlet_count":0,"master_deck":["Strike_MRS+1","Defend_MRS","Defend_MRS","Defend_MRS","Defend_MRS","UpSweep+1","WitchLeyline+1","ShootingEcho+1","WitchLeyline+1","ShootingEcho+1","MeteoricShower+1","Orbital+1","EscapeVelocity+1","WitchLeyline+1","Acceleration+1","SuperNova+1","SuperPerseids+1","SuperPerseids+1"],"relics":["MiniHakkero","HushsDoor","BelialBook","Membership Card","Toxic Egg 2","Whetstone","infinitespire:Lucky Rock","Tiny Chest","Empty Cage","BookOfRevelations","infinitespire:EmpoweringShard","Bromod:ArcaneMomentum","hubris:TerracottaHorce","Dota2Spire:Satanic","Dota2Spire:PhaseBoots","Replay:Multitool","Nunchaku","Pantograph","ReplayTheSpireMod:Lightbulb","Bag of Preparation","Red Mask"],"acts_visited":["Exordium","TheCity","TheBeyond"],"potions_floor_usage":[10,50],"damage_taken":[{"damage":0,"enemies":"Small Slimes","floor":1,"turns":2},{"damage":9,"enemies":"Jaw Worm","floor":3,"turns":3},{"damage":0,"enemies":"2 Louse","floor":5,"turns":2},{"damage":27,"enemies":"Lagavulin","floor":7,"turns":4},{"damage":13,"enemies":"Red Slaver","floor":10,"turns":4},{"damage":13,"enemies":"Blue Slaver","floor":12,"turns":2},{"damage":0,"enemies":"Large Slime","floor":14,"turns":2},{"damage":63,"enemies":"The Guardian","floor":16,"turns":5},{"damage":11,"enemies":"2 Thieves","floor":18,"turns":2},{"damage":11,"enemies":"Spheric Guardian","floor":19,"turns":3},{"damage":17,"enemies":"conspire:HollyBat","floor":20,"turns":4},{"damage":56,"enemies":"Shelled Parasite and Fungi","floor":21,"turns":4},{"damage":19,"enemies":"Snake Plant","floor":22,"turns":2},{"damage":0,"enemies":"Gremlin Leader","floor":24,"turns":2},{"damage":6,"enemies":"3 Cultists","floor":28,"turns":3},{"damage":26,"enemies":"HollowMod:Nosk","floor":29,"turns":3},{"damage":29,"enemies":"Centurion and Healer","floor":30,"turns":3},{"damage":58,"enemies":"conspire:MysteriousRune","floor":33,"turns":4},{"damage":35,"enemies":"3 Shapes","floor":35,"turns":2},{"damage":0,"enemies":"3 Darklings","floor":36,"turns":2},{"damage":13,"enemies":"Spire Growth","floor":37,"turns":3},{"damage":16,"enemies":"2 Orb Walkers","floor":38,"turns":2},{"damage":15,"enemies":"Giant Head","floor":40,"turns":3},{"damage":47,"enemies":"Reptomancer","floor":42,"turns":3},{"damage":0,"enemies":"Jaw Worm Horde","floor":44,"turns":2},{"damage":21,"enemies":"Nemesis","floor":45,"turns":3},{"damage":0,"enemies":"3 Darklings","floor":46,"turns":2},{"damage":30,"enemies":"Time Eater","floor":50,"turns":4}],"seed_played":"-9117498432741805727","potions_obtained":[{"floor":3,"key":"SkillPotion"},{"floor":5,"key":"LiquidBronze"},{"floor":7,"key":"Swift Potion"},{"floor":12,"key":"Dota2Spire:HealingSalve"}],"is_trial":false,"path_per_floor":["M","?","M","?","M","R","E","$","T","M","R","M","R","M","R","B",null,"M","M","M","M","M","R","E","R","T","R","M","E","M","?","R","B",null,"M","M","M","?","T","E","R","E","T","M","E","M","R","?","R","B",null],"character_chosen":"MARISA","items_purchased":["WitchLeyline","ShootingEcho","WitchLeyline","Membership Card","Toxic Egg 2","ShootingEcho+1","infinitespire:Lucky Rock"],"campfire_rested":3,"item_purchase_floors":[0,0,0,0,0,0,8],"current_hp_per_floor":[95,105,106,105,115,125,108,118,128,125,135,132,142,152,162,109,221,220,219,212,166,157,167,177,187,197,207,211,195,176,186,314,266,388,363,373,370,364,374,369,495,458,468,478,467,477,487,497,575,555],"gold":0,"neow_bonus":"","is_daily":false,"chose_seed":false,"campfire_upgraded":7,"win_rate":0.0,"timestamp":1609593560,"path_taken":["M","?","M","?","?","R","E","?","T","M","R","M","R","M","R","BOSS","M","M","M","M","M","R","E","R","T","R","M","E","M","?","R","BOSS","M","M","?","?","?","E","R","E","T","M","E","M","R","?","R","BOSS"],"items_purchased_type":["Card","Card","Card","Relic","Relic","Card","Relic"],"build_version":"2020-12-22","purchased_purges":2,"victory":true,"max_hp_per_floor":[95,105,115,125,135,145,155,165,175,185,195,205,215,225,235,245,255,265,275,285,295,305,315,325,335,345,355,365,375,385,395,405,415,425,435,445,455,465,475,485,495,505,515,525,535,545,555,565,575,585],"relic_stats":{"Nunchaku":[3],"counters":[233,971],"Pantograph":0,"Tiny Chest":2,"Bag of Preparation":[2],"Whetstone":["UpSweep","Strike_MRS"],"obtain_stats":[{"Whetstone":7,"BFFS":0,"hubris:TerracottaHorce":34,"Replay:Wanted Poster":17,"Dota2Spire:Satanic":38,"Void":11,"Toxic Egg 2":0,"KeepersGift":0,"HollowMod:QueensCombRelic":10,"MerchantsRug":13,"ReplayTheSpireMod:CursedCoin":13,"BelialBook":17,"BookOfRevelations":24,"Eternal Feather":6,"Pen Nib":43,"vexMod:PaidLearning":0,"Letter Opener":9,"Bottled Flame":44,"energizedSpire:NeverEndingSparkler":17,"Shuriken":42,"Bromod:ArcaneEnergize":38,"hubris:TenFootPole":9,"infinitespire:EmpoweringShard":26,"MiniHakkero":0,"HushsDoor":0,"vexMod:BigBerry":51,"Dota2Spire:PhaseBoots":39,"ReplayFunnel":6,"AmplifyWand":11,"Bromod:ArcaneVictory":29,"Replay:Multitool":25,"Juzu Bracelet":26,"Bag of Preparation":47,"Empty Cage":17,"Replay:Bandana":24,"Nunchaku":42,"hubris:Icosahedron":5,"Pantograph":43,"Tiny Chest":23,"Red Mask":48,"BewitchedHakkero":34,"SimpleLauncher":22,"Golden Idol":3,"infinitespire:Lucky Rock":14,"hubris:Towel":7,"Bromod:ArcaneMomentum":29,"Pondfish Scales":13,"vexMod:BarristanHead":38,"Membership Card":12,"ReplayTheSpireMod:Lightbulb":47},{"Whetstone":209,"BFFS":169,"hubris:TerracottaHorce":223,"Replay:Wanted Poster":177,"Dota2Spire:Satanic":227,"Void":185,"Toxic Egg 2":205,"KeepersGift":169,"HollowMod:QueensCombRelic":184,"MerchantsRug":186,"ReplayTheSpireMod:CursedCoin":186,"BelialBook":177,"BookOfRevelations":219,"Eternal Feather":172,"Pen Nib":201,"vexMod:PaidLearning":177,"Letter Opener":183,"Bottled Flame":201,"energizedSpire:NeverEndingSparkler":187,"Shuriken":201,"Bromod:ArcaneEnergize":198,"hubris:TenFootPole":173,"infinitespire:EmpoweringShard":219,"MiniHakkero":0,"HushsDoor":169,"vexMod:BigBerry":204,"Dota2Spire:PhaseBoots":227,"ReplayFunnel":183,"AmplifyWand":185,"Bromod:ArcaneVictory":194,"Replay:Multitool":192,"Juzu Bracelet":192,"Bag of Preparation":232,"Empty Cage":213,"Replay:Bandana":191,"Nunchaku":229,"hubris:Icosahedron":171,"Pantograph":229,"Tiny Chest":191,"Red Mask":232,"BewitchedHakkero":195,"SimpleLauncher":190,"Golden Idol":170,"infinitespire:Lucky Rock":176,"hubris:Towel":183,"Bromod:ArcaneMomentum":221,"Pondfish Scales":186,"vexMod:BarristanHead":198,"Membership Card":186,"ReplayTheSpireMod:Lightbulb":203},{"Whetstone":902,"BFFS":701,"hubris:TerracottaHorce":945,"Replay:Wanted Poster":744,"Dota2Spire:Satanic":954,"Void":771,"Toxic Egg 2":891,"KeepersGift":701,"HollowMod:QueensCombRelic":766,"MerchantsRug":778,"ReplayTheSpireMod:CursedCoin":778,"BelialBook":744,"BookOfRevelations":932,"Eternal Feather":717,"Pen Nib":871,"vexMod:PaidLearning":744,"Letter Opener":762,"Bottled Flame":871,"energizedSpire:NeverEndingSparkler":787,"Shuriken":869,"Bromod:ArcaneEnergize":856,"hubris:TenFootPole":721,"infinitespire:EmpoweringShard":932,"MiniHakkero":0,"HushsDoor":701,"vexMod:BigBerry":889,"Dota2Spire:PhaseBoots":954,"ReplayFunnel":762,"AmplifyWand":767,"Bromod:ArcaneVictory":832,"Replay:Multitool":824,"Juzu Bracelet":824,"Bag of Preparation":967,"Empty Cage":915,"Replay:Bandana":806,"Nunchaku":960,"hubris:Icosahedron":708,"Pantograph":960,"Tiny Chest":806,"Red Mask":967,"BewitchedHakkero":840,"SimpleLauncher":802,"Golden Idol":704,"infinitespire:Lucky Rock":733,"hubris:Towel":762,"Bromod:ArcaneMomentum":938,"Pondfish Scales":778,"vexMod:BarristanHead":856,"Membership Card":778,"ReplayTheSpireMod:Lightbulb":883}]},"card_choices":[{"not_picked":[],"picked":"ChaosCard","floor":0},{"not_picked":["6A","EventHorizon"],"picked":"MeteoricShower","floor":1},{"not_picked":["EnergyRecoil+1","DragonMeteor"],"picked":"Orbital+1","floor":3},{"not_picked":["UnstableBomb","DarkMatter+1","FairyDestructionRay"],"picked":"SKIP","floor":5},{"not_picked":["AsteroidBelt+1","DoubleSpark"],"picked":"EscapeVelocity","floor":7},{"not_picked":["BlazeAway+1","StarBarrage"],"picked":"WitchLeyline","floor":10},{"not_picked":["LuminesStrike","FinalSpark"],"picked":"Acceleration+1","floor":12},{"not_picked":["DC","6A","DarkMatter+1"],"picked":"SKIP","floor":14},{"not_picked":["StarDustReverie+1","ManaRampage+1"],"picked":"SuperNova","floor":16},{"not_picked":["DoubleSpark","PropBag+1","SprinkleStarSeal+1"],"picked":"SKIP","floor":18},{"not_picked":["MagicAbsorber+1","Acceleration+1","LuminesStrike"],"picked":"SKIP","floor":19},{"not_picked":["WitchLeyline","OortCloud","OrrerysSun"],"picked":"SKIP","floor":20},{"not_picked":["MagicChant+1","ShootingEcho"],"picked":"SuperPerseids+1","floor":21},{"not_picked":["MagicAbsorber+1","WitchOfGreed","LuminesStrike"],"picked":"SKIP","floor":22},{"not_picked":["ShootingEcho","DeepEcoloBomb","OneTimeOff+1"],"picked":"SKIP","floor":24},{"not_picked":["SporeBomb+1","AsteroidBelt+1","Orbital+1"],"picked":"SKIP","floor":28},{"not_picked":["EnergyFlow+1","GravityBeat+1","SatelliteIllusion"],"picked":"SKIP","floor":29},{"not_picked":["AsteroidBelt+1","SporeBomb+1","IllusionStar+1"],"picked":"SKIP","floor":30},{"not_picked":["EnergyFlow+1","EventHorizon","6A+1"],"picked":"SKIP","floor":35},{"not_picked":["MilkyWay+1","ManaConvection+1","6A+1"],"picked":"SKIP","floor":36},{"not_picked":["DC+1","6A","ChargeUpSpray"],"picked":"SKIP","floor":37},{"not_picked":["MilkyWay+1","UnstableBomb+1","ShootingEcho"],"picked":"SKIP","floor":40},{"not_picked":["MagicChant+1","UnstableBomb+1"],"picked":"SuperPerseids+1","floor":42},{"not_picked":["DoubleSpark+1","WitchOfGreed","PropBag+1"],"picked":"SKIP","floor":44},{"not_picked":["WitchOfGreed+1","PropBag+1","Occultation+1"],"picked":"SKIP","floor":45},{"not_picked":["IllusionStar+1","Acceleration+1","MeteoricShower"],"picked":"SKIP","floor":46}],"player_experience":682889,"relics_obtained":[{"floor":7,"key":"Whetstone"},{"floor":9,"key":"Tiny Chest"},{"floor":24,"key":"BookOfRevelations"},{"floor":26,"key":"infinitespire:EmpoweringShard"},{"floor":29,"key":"Bromod:ArcaneMomentum"},{"floor":38,"key":"Dota2Spire:Satanic"},{"floor":39,"key":"Dota2Spire:PhaseBoots"},{"floor":40,"key":"Replay:Multitool"},{"floor":42,"key":"Nunchaku"},{"floor":43,"key":"Pantograph"},{"floor":45,"key":"ReplayTheSpireMod:Lightbulb"},{"floor":47,"key":"Bag of Preparation"}],"event_choices":[{"damage_healed":0,"gold_gain":0,"player_choice":"Leave","damage_taken":0,"max_hp_gain":0,"max_hp_loss":0,"event_name":"conspire:Investor","floor":2,"gold_loss":0},{"damage_healed":0,"gold_gain":75,"player_choice":"Gather Gold","damage_taken":11,"max_hp_gain":0,"max_hp_loss":0,"event_name":"World of Goop","floor":4,"gold_loss":0},{"damage_healed":0,"gold_gain":0,"player_choice":"Fight","damage_taken":0,"max_hp_gain":0,"max_hp_loss":0,"event_name":"Mysterious Sphere","floor":38,"gold_loss":0},{"damage_healed":0,"gold_gain":0,"player_choice":"Paid","damage_taken":0,"relics_obtained":["Red Mask"],"max_hp_gain":0,"max_hp_loss":0,"event_name":"Tomb of Lord Red Mask","floor":48,"gold_loss":835}],"is_beta":false,"boss_relics":[{"not_picked":["hubris:CrackedHourglass","energizedSpire:MagnifyingGlass"],"picked":"Empty Cage"},{"not_picked":[]},{"not_picked":["energizedSpire:OgreHead","Runic Dome"],"picked":"hubris:TerracottaHorce"},{"not_picked":[]}],"items_purged_floors":[0,0],"is_endless":false,"potions_floor_spawned":[3,5,7,12,18,24,29,30,33,35,36,37,42],"ascension_level":5}}