{"host":"0c61l48zxvai1g68","time":1609581043,"event":{"mods":["2.2 Compatiblity","Act Like it!","Arknights The Spire","BaseMod","Challenge The Spire","Hallownest","HololiveMod","KinomotoSakuraMod(木之本樱)","KomeijiMod","Luminous","Minty Spire (QoL Compilation)","MostiFishMod","Prisma Mod","Quick Restart","Replay The Spire","RumiaBox-露米娅的神秘盒子","StSLib","The Alterego","The Animator","UnlockEverythingMod","Waifu the Spire","WarShipGirlsR/战舰少女R mod","Yakumo Yukari mod","【功能Mod】混沌之环修复补丁","【遗物卡牌】REMEMod"],"gold_per_floor":[119,119,119,132,150,182,182,34,80,80,93,93,109,152,152,266,266,290,319,319,319,319,319,345,345,387,287,310,334,343,364,364,387,387,500,500,519,546,546,546],"floor_reached":39,"playtime":1827,"items_purged":[],"score":411,"play_id":"d90d64a0-ca47-41f6-8029-a0dbf5ea6423","local_time":"20210102175043","is_ascension_mode":false,"campfire_choices":[{"floor":7.0,"key":"REST"},{"floor":10.0,"key":"REST"},{"floor":15.0,"key":"REST"},{"data":"ats:Very Hot Blade","floor":25,"key":"SMITH"},{"floor":32,"key":"REST"},{"data":"ats:Calcification","floor":34,"key":"SMITH"}],"circlet_count":0,"master_deck":["ats:Strike C","ats:Strike S","ats:Strike V","ats:Armor Crushing Shot","ats:Defend","ats:Defend","ats:Defend","ats:Defend","ats:Emotion Absorption","ats:Dogmatic Field","ats:Healing Drone","ats:Explosion Area Strengthen","ats:Leaping Hammer","ats:Very Hot Blade+1","ats:Assault Order","ats:Revitalization","ats:Rat Pack","ats:Roar Of Ursus","ats:Charging Defense","ats:Steam Pump+1","ats:Sunburst+1","ats:Calcification+1","ats:Calcification","ats:Calcification","ats:Poison Spread","ats:Revitalization","ats:Very Hot Blade+1","ats:Volcano","ats:Soul Absorption+1","ats:Consecutive Shot Auto+1"],"relics":["ats:Sanity","DaveBox","REME_ComplimentaryCards","NeowsBlessing","SynthV","SynthV:TestCard","ats:Originium","PreservedInsect","Strange Spoon","Akabeko","CeramicFish","SoulBox","ats:Military Tradition","Anchor","Busted Crown"],"acts_visited":["Exordium","TheCity","Hallownest:KingdomsEdge"],"potions_floor_usage":[],"damage_taken":[{"damage":0.0,"enemies":"Small Slimes","floor":1.0,"turns":1.0},{"damage":0.0,"enemies":"Cultist","floor":4.0,"turns":1.0},{"damage":0.0,"enemies":"Jaw Worm","floor":5.0,"turns":1.0},{"damage":70.0,"enemies":"Gremlin Nob","floor":6.0,"turns":7.0},{"damage":5.0,"enemies":"Lots of Slimes","floor":11.0,"turns":2.0},{"damage":11.0,"enemies":"Large Slime","floor":13.0,"turns":6.0},{"damage":25.0,"enemies":"Lagavulin","floor":14.0,"turns":4.0},{"damage":10,"enemies":"Slime Boss","floor":16,"turns":9},{"damage":48,"enemies":"3 Byrds","floor":18,"turns":8},{"damage":0,"enemies":"Shell Parasite","floor":19,"turns":10},{"damage":0,"enemies":"3 Cultists","floor":24,"turns":7},{"damage":1,"enemies":"Book of Stabbing","floor":26,"turns":7},{"damage":26,"enemies":"Snake Plant","floor":29,"turns":5},{"damage":23,"enemies":"Shelled Parasite and Fungi","floor":31,"turns":11},{"damage":0,"enemies":"3 Cultists","floor":33,"turns":4},{"damage":24,"enemies":"Champ","floor":35,"turns":24},{"damage":11,"enemies":"Hallownest:3_Siblings","floor":37,"turns":4},{"damage":26,"enemies":"Hallownest:2_Littles","floor":38,"turns":11},{"damage":85,"enemies":"Hallownest:monsterPrimalAspid","floor":39,"turns":5}],"seed_played":"5566438613929527722","potions_obtained":[{"floor":4.0,"key":"Energy Potion"},{"floor":5.0,"key":"CalmPotion"},{"floor":14.0,"key":"AttackPotion"},{"floor":33,"key":"Milkshake"}],"is_trial":false,"path_per_floor":["M","?","?","M","M","E","R","$","T","R","M","?","M","E","R","B",null,"M","M","PTL","PTL","?","?","M","R","E","$","T","M","?","M","R","M","R","B",null,"M","M","M"],"character_chosen":"DOCTOR_CLASS","items_purchased":["Strange Spoon","ats:Calcification"],"campfire_rested":4,"item_purchase_floors":[8,27],"current_hp_per_floor":[72,72,72,72,72,11,32,32,32,53,54,69,67,49,70,63,72,33,60,60,60,60,60,72,72,72,72,72,47,47,56,72,72,72,72,72,64,72,0,0],"gold":546,"neow_bonus":"THREE_ENEMY_KILL","is_daily":false,"chose_seed":false,"campfire_upgraded":2,"win_rate":0.0,"timestamp":1609581043,"path_taken":["M","?","?","?","M","E","R","$","T","R","M","?","M","E","R","BOSS","M","M","PTL","PTL","?","?","M","R","E","$","T","?","?","M","R","M","R","BOSS","M","M","?"],"items_purchased_type":["Relic","Card"],"build_version":"2020-12-22","purchased_purges":0,"victory":false,"max_hp_per_floor":[72,72,72,72,72,72,72,72,72,72,72,72,72,72,72,72,72,72,72,72,72,72,72,72,72,72,72,72,72,72,72,72,72,72,72,72,72,72,72,72],"card_choices":[{"not_picked":["ats:Song Of Battle","ats:Red Shift"],"picked":"ats:Healing Drone","floor":1.0},{"not_picked":["ats:Directed Diagnosis","ats:Childhood Dance","ats:Guardian Obelisk","ats:Thermite Blade"],"picked":"ats:Explosion Area Strengthen","floor":4.0},{"not_picked":["ats:Blood Oath","ats:Shell Defense","ats:Childhood Dance","ats:LN2 Cannon"],"picked":"ats:Leaping Hammer","floor":5.0},{"not_picked":["ats:Shell Defense","ats:Leaping Hammer","ats:Powerful Strike","ats:Shadow Raid"],"picked":"ats:Very Hot Blade","floor":6.0},{"not_picked":["ats:Apocalypse","ats:Powerful Strike","ats:Closed Bolt Burst Fire","ats:Flexible Camouflage"],"picked":"ats:Assault Order","floor":11.0},{"not_picked":["ats:Powerful Strike","ats:Explosion Area Strengthen","ats:Poison Spread","ats:Durian"],"picked":"ats:Revitalization","floor":13.0},{"not_picked":["ats:Cat Scratch","ats:Steam Pump","ats:Childhood Dance","ats:Hammer On"],"picked":"ats:Rat Pack","floor":14.0},{"not_picked":["ats:Fractured Body","ats:Echo Reverb","ats:Ambush","ats:Soul Rend"],"picked":"ats:Roar Of Ursus","floor":16},{"not_picked":["ats:Childhood Dance","ats:Hammer On","ats:Shadow Raid","ats:Very Hot Blade"],"picked":"ats:Burning Ground+1","floor":18},{"not_picked":["ats:Explosion Area Strengthen","ats:Part Time Job","ats:Poison Spread+1","ats:Chain Hook"],"picked":"ats:Charging Defense","floor":19},{"not_picked":["ats:Thermite Blade","ats:Collapsing Strike","ats:Flexible Camouflage","ats:Apocalypse"],"picked":"ats:Steam Pump+1","floor":24},{"not_picked":["ats:Shadow Raid","ats:Shell Defense","ats:Steam Pump+1","ats:Apocalypse+1"],"picked":"ats:Sunburst+1","floor":26},{"not_picked":["ats:Consecutive Shot Auto+1","ats:Flexible Camouflage+1","ats:Closed Bolt Burst Fire","ats:Powerful Strike"],"picked":"ats:Calcification","floor":29},{"not_picked":["ats:Flexible Camouflage","ats:Demon Strength","ats:Explosion Area Strengthen","ats:Cat Scratch+1"],"picked":"ats:Revitalization","floor":31},{"not_picked":["ats:Apocalypse","ats:Shell Defense+1","ats:Leaping Hammer","ats:Mental Burst"],"picked":"ats:Very Hot Blade+1","floor":33},{"not_picked":["ats:Calcification","ats:Soul Rend","ats:Durian","ats:True Silver Slash"],"picked":"ats:Volcano","floor":35},{"not_picked":["ats:Flexible Camouflage+1","ats:Powerful Strike"],"picked":"ats:Soul Absorption+1","floor":37},{"not_picked":["ats:Closed Bolt Burst Fire+1","ats:Hook Shot"],"picked":"ats:Consecutive Shot Auto+1","floor":38}],"player_experience":131163,"relics_obtained":[{"floor":1.0,"key":"SynthV:TestCard"},{"floor":6.0,"key":"ats:Originium"},{"floor":6.0,"key":"PreservedInsect"},{"floor":9.0,"key":"Akabeko"},{"floor":14.0,"key":"ats:Originium"},{"floor":14.0,"key":"CeramicFish"},{"floor":26,"key":"ats:Originium"},{"floor":26,"key":"Anchor"}],"event_choices":[{"damage_healed":0.0,"max_hp_gain":0.0,"max_hp_loss":0.0,"gold_gain":0.0,"event_name":"The Woman in Blue","player_choice":"Bought 0 Potions","floor":3.0,"gold_loss":0.0,"damage_taken":0.0},{"damage_healed":0,"gold_gain":0,"player_choice":"Ignored","damage_taken":0,"max_hp_gain":0,"max_hp_loss":0,"event_name":"Beggar","floor":22,"gold_loss":0},{"cards_removed":["ats:Burning Ground"],"damage_healed":0,"gold_gain":0,"player_choice":"Gave Card","damage_taken":0,"relics_obtained":["ats:Military Tradition"],"max_hp_gain":0,"max_hp_loss":0,"event_name":"WeMeetAgain","floor":23,"gold_loss":0},{"damage_healed":0,"gold_gain":0,"cards_transformed":["ats:Strike G"],"player_choice":"Transformed","damage_taken":0,"max_hp_gain":0,"max_hp_loss":0,"event_name":"Transmorgrifier","floor":30,"gold_loss":0,"cards_obtained":["ats:Poison Spread"]}],"is_beta":false,"boss_relics":[{"not_picked":["Replay:Drink Me","DiscerningMonocle"],"picked":"SoulBox"},{"not_picked":["ats:Omniscience","Replay:Bronze Core"],"picked":"Busted Crown"}],"items_purged_floors":[],"is_endless":false,"potions_floor_spawned":[4,5,14,18,29,33,37],"killed_by":"Hallownest:monsterPrimalAspid","ascension_level":0}}