{"host":"4w8ocelhatf0iefc","time":1609594555,"event":{"mods":["AchievementEnabler","Act Like it!","Aspiration","BaseMod","Colored Map","Colored Powertips","Downfall","GifTheSpireLib","Hubris","Infinite Spire","Minty Spire (QoL Compilation)","Replay The Spire","StSLib","The Necromancer"],"gold_per_floor":[119,132,132,143,155,155,215,215,215,215,319,330,365,379,379,489,489,513,530,530,544,560,560,573,573,573,591,613,613,633,652,652,765,765,779,804,868,868,868,868,891,943,970,970,970,996,996,1006,1006,1026],"floor_reached":51,"playtime":2514,"items_purged":["Guardian:Aged"],"score":730,"play_id":"1608a347-8809-42fe-a00f-3c57c0de1cae","local_time":"20210102213555","is_ascension_mode":false,"campfire_choices":[{"data":"Negative_Energy_Burst","floor":6,"key":"SMITH"},{"data":"Corrupt","floor":8,"key":"SMITH"},{"data":"Negative_Energy_Arrows","floor":10,"key":"SMITH"},{"data":"Negative_Energy_Javelin","floor":15,"key":"SMITH"},{"data":"Cloudkill","floor":23,"key":"SMITH"},{"data":"Slay_Living","floor":32,"key":"SMITH"},{"data":"Skeleton_Dragon","floor":40,"key":"SMITH"},{"floor":45,"key":"REST"},{"floor":49,"key":"DIG"}],"circlet_count":0,"master_deck":["Strike_W","Strike_W","Strike_W","Strike_W","Defend_W+1","Defend_W+1","Defend_W+1","Defend_W+1","Negative_Energy_Arrows+1","Bone_Wall","Plague_Bolt","Negative_Energy_Burst+1","Stop_Heart","Corrupt+1","Bone_Armor","Skeleton_Dragon+1","Negative_Energy_Sphere","Negative_Energy_Javelin+1","Cloudkill+1","Slay_Living+1","Siphon_Strength+1","infinitespire:Starlight","Epidemic+1","Vampiric_Strike","Negative_Energy_Shield","Shackles_Of_Pain+1","Bone_Shift+1","Necrotic_Claws","Pandemic+1","Summon_Vampire_Lady+1","CurseOfTheBell","Toxic_Smoke_Screen","Life_Drain+1","hubris:Wrath","Negative_Energy_Bomb","Whirlwind_of_Bones+1"],"relics":["Vampire_Amulet","ReplayTheSpireMod:Ring of Addiction","ReplayTheSpireMod:Ring of Collecting","hubris:EmptyBottle","Potion Belt","Oddly Smooth Stone","Ring of Misfortune","ReplayTheSpireMod:Lightbulb","Ring of Greed","infinitespire:Midas Blood","MealTicket","ReplayFunnel","SlaversCollar","infinitespire:Lucky Rock","Ring of Searing","Happy Flower","hubris:Icosahedron","Calling Bell","Lantern","Ginger","Replay:Bottled Eggs","Gambling Chip","hubris:AstralHammer","Toy Ornithopter","Ring of Panic","hubris:Towel","Blood Vial"],"acts_visited":["Exordium","TheCity","TheBeyond"],"potions_floor_usage":[4,5,5,7,7,13,16,16,16,16,16,19,19,21,22,22,22,24,28,33,33,33,37,37,41,42,50,50,50,50],"damage_taken":[{"damage":2,"enemies":"Small Slimes","floor":1,"turns":4},{"damage":1,"enemies":"2 Louse","floor":2,"turns":3},{"damage":1,"enemies":"Jaw Worm","floor":4,"turns":2},{"damage":8,"enemies":"Exordium Wildlife","floor":5,"turns":2},{"damage":1,"enemies":"3 Sentries","floor":7,"turns":3},{"damage":0,"enemies":"Gremlin Gang","floor":12,"turns":2},{"damage":2,"enemies":"3 Sentries","floor":13,"turns":6},{"damage":0,"enemies":"Large Slime","floor":14,"turns":4},{"damage":28,"enemies":"Fading Forest","floor":16,"turns":11},{"damage":6,"enemies":"Chosen","floor":18,"turns":5},{"damage":0,"enemies":"3 Byrds","floor":19,"turns":2},{"damage":10,"enemies":"Cultist and Chosen","floor":21,"turns":6},{"damage":8,"enemies":"Sentry and Sphere","floor":22,"turns":4},{"damage":1,"enemies":"Snake Plant","floor":24,"turns":5},{"damage":19,"enemies":"Snecko","floor":27,"turns":4},{"damage":22,"enemies":"Shelled Parasite and Fungi","floor":28,"turns":3},{"damage":20,"enemies":"Snake Plant","floor":30,"turns":3},{"damage":15,"enemies":"Centurion and Healer","floor":31,"turns":6},{"damage":55,"enemies":"Automaton","floor":33,"turns":7},{"damage":10,"enemies":"3 Shapes","floor":35,"turns":3},{"damage":31,"enemies":"Orb Walker","floor":36,"turns":4},{"damage":17,"enemies":"Mind Bloom Boss Battle","floor":37,"turns":5},{"damage":32,"enemies":"Sphere and 2 Shapes","floor":41,"turns":3},{"damage":31,"enemies":"2 Orb Walkers","floor":42,"turns":4},{"damage":22,"enemies":"Writhing Mass","floor":46,"turns":4},{"damage":0,"enemies":"Transient","floor":48,"turns":5},{"damage":67,"enemies":"Replay:Hell Engine","floor":50,"turns":9}],"seed_played":"155903830140496342","potions_obtained":[{"floor":2,"key":"ColorlessPotion"},{"floor":3,"key":"Elixir"},{"floor":3,"key":"Swift Potion"},{"floor":3,"key":"FearPotion"},{"floor":4,"key":"Explosive Potion"},{"floor":7,"key":"Block Potion"},{"floor":13,"key":"Guardian:BlockOnCardUsePotion"},{"floor":16,"key":"Explosive Potion"},{"floor":19,"key":"Adrenaline Potion"},{"floor":22,"key":"DuplicationPotion"},{"floor":27,"key":"FearPotion"},{"floor":30,"key":"BlessingOfTheForge"},{"floor":35,"key":"Explosive Potion"},{"floor":36,"key":"champ:CounterPotion"},{"floor":41,"key":"EssenceOfSteel"},{"floor":48,"key":"Fire Potion"}],"is_trial":false,"path_per_floor":["M","M","?","M","M","R","?","R","T","R","T","M","E","M","R_BF","B",null,"M","M","AVR","M","M","R","M","?","T","M","M","?","M","M","R","B",null,"M","M","?","?","?","R","M","?","T","?","R","M","?","M","R_BF","B",null],"character_chosen":"NECROMANCER","items_purchased":[],"campfire_rested":1,"item_purchase_floors":[],"current_hp_per_floor":[82,82,82,82,76,76,81,81,81,81,80,80,80,80,80,56,80,76,80,80,80,74,74,80,80,80,73,65,65,57,58,58,19,76,72,46,53,72,72,72,47,33,33,33,54,43,43,63,63,50],"gold":1026,"neow_bonus":"TEN_PERCENT_HP_BONUS","is_daily":false,"chose_seed":false,"campfire_upgraded":7,"win_rate":0.0,"timestamp":1609594555,"path_taken":["M","M","?","M","M","R","?","R","T","R","?","M","E","?","R_BF","BOSS","M","M","AVR","M","?","R","M","?","T","M","M","?","?","M","R","BOSS","M","M","?","?","?","R","M","?","T","?","R","?","?","M","R_BF","BOSS"],"items_purchased_type":[],"build_version":"2020-12-22","purchased_purges":1,"victory":true,"max_hp_per_floor":[82,82,82,82,82,82,82,82,82,82,80,80,80,80,80,80,80,80,80,80,80,80,80,80,80,80,80,78,78,78,78,76,76,76,76,76,74,74,74,74,72,72,72,72,72,70,70,70,68,68],"card_choices":[{"not_picked":["Negative_Energy_Mist","Death_Coil"],"picked":"Plague_Bolt","floor":1},{"not_picked":["Bone_Spikes","Thousand_Bone_Knives"],"picked":"Negative_Energy_Burst","floor":2},{"not_picked":["Bone_Spikes","Bone_Armor"],"picked":"Stop_Heart","floor":4},{"not_picked":["Bone_Prison","Strike_from_Beyond"],"picked":"Corrupt","floor":5},{"not_picked":["Bone_Spikes","Siphon_Strength"],"picked":"Bone_Armor","floor":7},{"not_picked":["Blood_Curse","Bone_Armor"],"picked":"Skeleton_Dragon","floor":12},{"not_picked":["Stop_Heart","Blood_Curse"],"picked":"Negative_Energy_Sphere","floor":13},{"not_picked":["Bone_Armor","Blood_Curse"],"picked":"Negative_Energy_Javelin","floor":14},{"not_picked":["Blood_Wake","Skeleton_Dragon"],"picked":"Cloudkill","floor":16},{"not_picked":["Bone_Bullets","Death_March_Dance"],"picked":"Slay_Living","floor":18},{"not_picked":["Chill_Blood","Bones_to_Steel"],"picked":"Siphon_Strength+1","floor":19},{"not_picked":["Strike_from_Beyond","Scare"],"picked":"Epidemic+1","floor":21},{"not_picked":["Bone_Shift","Blood_Is_Power+1"],"picked":"Vampiric_Strike","floor":22},{"not_picked":["Vampiric_Strike","Epidemic"],"picked":"Negative_Energy_Shield","floor":24},{"not_picked":["Negative_Energy_Javelin","Bone_Spikes"],"picked":"Shackles_Of_Pain+1","floor":27},{"not_picked":["Shackles_Of_Pain","Negative_Energy_Shield"],"picked":"Bone_Shift+1","floor":28},{"not_picked":["Skeleton_Dragon","Death_Coil"],"picked":"Necrotic_Claws","floor":30},{"not_picked":["Negative_Energy_Javelin","Necromantic_Selection+1"],"picked":"Pandemic+1","floor":31},{"not_picked":["Requiem","Summon_Death_Knight"],"picked":"Summon_Vampire_Lady","floor":33},{"not_picked":["Death_Knell","Negative_Energy_Javelin+1"],"picked":"Toxic_Smoke_Screen","floor":35},{"not_picked":["Death_March_Dance+1","Whirlwind_of_Bones"],"picked":"Life_Drain+1","floor":36},{"not_picked":["Blood_Curse","Bone_Armor","Bone_Shift+1"],"picked":"SKIP","floor":41},{"not_picked":["Life_Drain+1","Chill_Blood"],"picked":"Negative_Energy_Bomb","floor":42},{"not_picked":["Bone_Shift","Toxic_Smoke_Screen","Vampiric_Strike"],"picked":"SKIP","floor":46},{"not_picked":["Strike_from_Beyond","Consume_Illness"],"picked":"Whirlwind_of_Bones+1","floor":48}],"player_experience":510322,"relics_obtained":[{"floor":3,"key":"ReplayTheSpireMod:Ring of Addiction"},{"floor":3,"key":"ReplayTheSpireMod:Ring of Collecting"},{"floor":3,"key":"hubris:EmptyBottle"},{"floor":3,"key":"Potion Belt"},{"floor":7,"key":"Oddly Smooth Stone"},{"floor":9,"key":"Ring of Misfortune"},{"floor":9,"key":"ReplayTheSpireMod:Lightbulb"},{"floor":11,"key":"Ring of Greed"},{"floor":11,"key":"infinitespire:Midas Blood"},{"floor":11,"key":"MealTicket"},{"floor":13,"key":"ReplayFunnel"},{"floor":26,"key":"Ring of Searing"},{"floor":26,"key":"Happy Flower"},{"floor":34,"key":"Lantern"},{"floor":34,"key":"Ginger"},{"floor":34,"key":"Replay:Bottled Eggs"},{"floor":37,"key":"Gambling Chip"},{"floor":42,"key":"hubris:AstralHammer"},{"floor":43,"key":"Toy Ornithopter"},{"floor":43,"key":"Ring of Panic"},{"floor":49,"key":"Blood Vial"}],"event_choices":[{"damage_healed":0,"gold_gain":0,"player_choice":"Searched \u00271\u0027 times","damage_taken":0,"max_hp_gain":0,"max_hp_loss":0,"event_name":"Dead Adventurer","floor":7,"gold_loss":0},{"damage_healed":0,"gold_gain":0,"player_choice":"Ignored","damage_taken":0,"max_hp_gain":0,"max_hp_loss":0,"event_name":"Ghosts","floor":25,"gold_loss":0},{"damage_healed":0,"gold_gain":0,"player_choice":"Fight","damage_taken":0,"max_hp_gain":0,"max_hp_loss":0,"event_name":"MindBloom","floor":37,"gold_loss":0},{"damage_healed":19,"gold_gain":0,"player_choice":"Writhe","damage_taken":0,"max_hp_gain":0,"max_hp_loss":0,"event_name":"Winding Halls","floor":38,"gold_loss":0,"cards_obtained":["Writhe"]},{"damage_healed":0,"gold_gain":0,"player_choice":"Fight","damage_taken":0,"max_hp_gain":0,"max_hp_loss":0,"event_name":"Mysterious Sphere","floor":42,"gold_loss":0},{"cards_removed":["sneckomod:Bewildered","Writhe","hubris:Despair","Injury"],"damage_healed":0,"gold_gain":0,"player_choice":"Removed Curses","damage_taken":0,"max_hp_gain":0,"max_hp_loss":0,"event_name":"Fountain of Cleansing","floor":44,"gold_loss":0}],"is_beta":false,"boss_relics":[{"not_picked":["Cursed Key","aspiration:FutureDiary"],"picked":"SlaversCollar"},{"not_picked":["Ring of Chaos","hubris:BlackHole"],"picked":"Calling Bell"}],"items_purged_floors":[20],"is_endless":false,"potions_floor_spawned":[2,4,7,13,16,19,22,27,30,35,36,41,48],"ascension_level":0}}