{"host":"v9ordiuf4xzdpttp","time":1609566420,"event":{"mods":["AchievementEnabler","Act Like it!","AlwaysNeverKeys","Aspiration","BaseMod","Better Third Choice","Better Vampires","BetterRewards","Colored Map","Conspire","Dio Mod","Downfall","Energized Spire","Gold Saver","GungeonMod","Hubris","Infinite Spire","Marked Mod","Melee Mod","Minty Spire (QoL Compilation)","Pale of the Ancients","Remove Card Discount Mod","Replay The Spire","SOS???????","Shop Mod","Small Relic Pack","Spicy Shops","StSLib","The Bladedancer","The Bug Knight","The Construct","The Hayseed","The Runesmith","The Servant 0.9.4","The Wild Card","??????REMEMod"],"gold_per_floor":[1027,1027,1027,1090,1090,1165,31,31,31,56,56,56,56,73,175,203,203,305,305,322,397,101,142,152,217,217,217],"floor_reached":26,"playtime":1367,"items_purged":["Attack_b","Defend_Dante","Stinger"],"score":466,"play_id":"41727c4c-cc1f-4f98-a96f-4e702cfe53ed","local_time":"20210102004700","is_ascension_mode":true,"campfire_choices":[{"floor":13,"key":"REST"},{"floor":17,"key":"REST"}],"circlet_count":0,"master_deck":["Attack_a","Attack_a","Shoot","Shoot","Provocation","Defend_Dante","Defend_Dante+1","Defend_Dante","Redorb","Poison Darts","Doubleshoot","theWildCard:Scathach","EbonyIvory","Doubleshoot","Chargeshoot","Dash2","Chargeshoot","Chargeshoot2","Rebellion","Royaldefend","Airtrick","Royaldefend","Demonreform"],"relics":["SSS","Combocheck","REME_ComplimentaryCards","Replay:Kaleidoscope","MerchantsRug","Gambling Chip","ClockworkSouvenir","hubris:PeanutButter","DemoMod:GnawedKey","infinitespire:Satchel","HollowMod:StagPassRelic","DemoMod:WhiteGuonStone","aspiration:SecretTechniqueScroll","Replay:Mystery Machine","Girya","DemoMod:GlassGuonStoneRelic","Peace Pipe"],"acts_visited":["TheCity"],"potions_floor_usage":[15,16],"damage_taken":[{"damage":0.0,"enemies":"Small Slimes","floor":1.0,"turns":3.0},{"damage":3.0,"enemies":"2 Louse","floor":4.0,"turns":3.0},{"damage":41.0,"enemies":"3 Sentries","floor":6.0,"turns":7.0},{"damage":0.0,"enemies":"Gremlin Nob","floor":10.0,"turns":3.0},{"damage":0,"enemies":"Jaw Worm","floor":14,"turns":1},{"damage":3,"enemies":"3 Sentries","floor":15,"turns":4},{"damage":0,"enemies":"3 Louse","floor":16,"turns":3},{"damage":0,"enemies":"Slime Boss","floor":18,"turns":3},{"damage":0,"enemies":"Shell Parasite","floor":20,"turns":4},{"damage":0,"enemies":"conspire:FuzzyDice","floor":23,"turns":4},{"damage":4,"enemies":"Centurion and Healer","floor":24,"turns":3},{"damage":0,"enemies":"REME_1_Revenger","floor":25,"turns":4},{"damage":0,"enemies":"Cultist and Chosen","floor":26,"turns":1}],"seed_played":"8310757913233030221","potions_obtained":[{"floor":1.0,"key":"Elixir"},{"floor":10.0,"key":"REME_GoldPotion"},{"floor":18,"key":"Explosive Potion"},{"floor":21,"key":"EntropicBrew"}],"is_trial":false,"path_per_floor":["M","?","?","M","?","E","$","PTL","PTL","E","T","?","R","M","E","M","R","B",null,"M","?","$","M","M","E","M"],"character_chosen":"DANTE","items_purchased":["EbonyIvory","Doubleshoot","Chargeshoot","Dash2","MerchantsRug","Gambling Chip","ClockworkSouvenir","hubris:PeanutButter","DemoMod:GnawedKey","Girya"],"campfire_rested":2,"item_purchase_floors":[7,7,7,7,7,7,7,7,7,22],"current_hp_per_floor":[80,80,80,77,77,36,36,36,36,36,36,29,53,53,50,50,74,74,80,80,48,48,48,59,71,71,71],"gold":217,"neow_bonus":"","is_daily":false,"chose_seed":false,"campfire_upgraded":0,"win_rate":0.0,"timestamp":1609566420,"path_taken":["M","?","?","M","?","E","$","PTL","PTL","E","T","?","R","M","E","?","R","BOSS","M","?","$","M","M","E","?"],"items_purchased_type":["Card","Card","Card","Card","Relic","Relic","Relic","Relic","Relic","Relic"],"build_version":"2020-12-22","purchased_purges":3,"victory":false,"max_hp_per_floor":[80,80,80,80,80,80,80,80,80,80,80,80,80,80,80,80,80,80,80,80,80,80,80,80,80,80,80],"card_choices":[{"not_picked":["Fullhouse","Weaponupgrade","Millionkick"],"picked":"SKIP","floor":1.0},{"not_picked":["Millionstab","Goldorb"],"picked":"Doubleshoot","floor":4.0},{"not_picked":["DT","Ecstasy"],"picked":"Stinger","floor":6.0},{"not_picked":["BeastUppercut","Demonreform"],"picked":"Chargeshoot","floor":10.0},{"not_picked":["Fullhouse","VitalstarM"],"picked":"Chargeshoot2","floor":14},{"not_picked":["Holywater","Lucifer"],"picked":"Rebellion","floor":15},{"not_picked":["Chargeshoot","Gunstinger"],"picked":"Royaldefend","floor":16},{"not_picked":["VitalstarL","DevilstarL"],"picked":"Airtrick","floor":18},{"not_picked":["Swordmaster","Whiteorb"],"picked":"Royaldefend","floor":20},{"not_picked":["Lucifer","Chargeshoot2"],"picked":"Demonreform","floor":23},{"not_picked":["GilgameshcomboA","Splesh","Swordmaster"],"picked":"SKIP","floor":24},{"not_picked":["Stinger","VitalstarS","CoyoteA+1"],"picked":"SKIP","floor":25}],"player_experience":230778,"relics_obtained":[{"floor":6.0,"key":"Replay:Kaleidoscope"},{"floor":10.0,"key":"infinitespire:Satchel"},{"floor":11,"key":"HollowMod:StagPassRelic"},{"floor":15,"key":"DemoMod:WhiteGuonStone"},{"floor":21,"key":"Replay:Mystery Machine"},{"floor":25,"key":"Peace Pipe"}],"event_choices":[{"damage_healed":0,"gold_gain":0,"player_choice":"LEAVE","damage_taken":7,"max_hp_gain":0,"max_hp_loss":0,"event_name":"betterThird:BetterScrap","floor":12,"gold_loss":0,"cards_obtained":["All For One"]}],"is_beta":false,"boss_relics":[{"not_picked":["Coffee Dripper","construct:WeddingRing"],"picked":"aspiration:SecretTechniqueScroll"}],"items_purged_floors":[7,7,22],"is_endless":false,"potions_floor_spawned":[1,10,18,20,23,24],"killed_by":"Cultist and Chosen","ascension_level":1}}