{"host":"5iqr6jnxsq1ojyp4","time":1609552377,"event":{"mods":["AchievementEnabler","BaseMod","Better Altar","Better Match","Better Note","Better Sensory Stone","Better Skull","Better Third Choice","BetterRewards","Block Reminder","CCEM","Colored Map","Colored Powertips","Downfall","Googly Eyes","Highlight Path","Minty Spire (QoL Compilation)","Permanent Neow","Quick Restart","Rare Cards Sparkle","Relic Stats","Replay The Spire","StSLib","Unceasing Turn Reminder"],"gold_per_floor":[0,16,16,34,44,72,97,97,97,123,123,150,150,161,187,297,397,397,418,427,436,465,574,597,597,597,597,597],"floor_reached":26,"playtime":2236,"items_purged":[],"score":227,"play_id":"7d2f5646-6426-480a-bbe6-2b155811dedd","local_time":"20210101175257","is_ascension_mode":true,"campfire_choices":[{"data":"Slimebound:TagTeam","floor":1.0,"key":"SMITH"},{"floor":8.0,"key":"REST"},{"floor":11.0,"key":"REST"},{"floor":13.0,"key":"REST"},{"data":"Slimebound:RallyTheTroops","floor":18,"key":"SMITH"}],"circlet_count":0,"master_deck":["Slimebound:Strike_Slimebound","Slimebound:Strike_Slimebound","Slimebound:Strike_Slimebound","Slimebound:Tackle","Slimebound:Defend_Slimebound","Slimebound:Defend_Slimebound","Slimebound:Defend_Slimebound","Slimebound:Defend_Slimebound","Slimebound:Split","Slimebound:CorrosiveSpit","Slimebound:TagTeam+1","Slimebound:AcidTongue","Pain","Slimebound:LeechEnergy","Slimebound:RejuvenatingLick","Slimebound:Prepare","Slimebound:SplitBruiser","Slimebound:RallyTheTroops+1","Slimebound:SplitLeeching","Slimebound:FirmFortitude","Writhe","Slimebound:RollThrough+1","Slimebound:Repurpose+1"],"relics":["Slimebound:AbsorbEndCombat","WarpedTongs","Orichalcum","CeramicFish","CCEMRelics:JestersCrown","Replay:Wanted Poster","White Beast Statue","Thread and Needle","CCEMRelics:DerglesHeadphones","downfall:RedIOU"],"acts_visited":["Exordium","TheCity"],"potions_floor_usage":[16,16,23,23,23,26],"damage_taken":[{"damage":5.0,"enemies":"Cultist","floor":2.0,"turns":3.0},{"damage":5.0,"enemies":"2 Louse","floor":4.0,"turns":2.0},{"damage":7.0,"enemies":"Small Slimes","floor":5.0,"turns":2.0},{"damage":60.0,"enemies":"Gremlin Nob","floor":6.0,"turns":5.0},{"damage":26.0,"enemies":"3 Sentries","floor":10.0,"turns":8.0},{"damage":15.0,"enemies":"2 Fungi Beasts","floor":12.0,"turns":2.0},{"damage":14.0,"enemies":"Blue Slaver","floor":14.0,"turns":3.0},{"damage":18.0,"enemies":"Gremlin Gang","floor":15.0,"turns":5.0},{"damage":64,"enemies":"downfall:Silent","floor":16,"turns":8},{"damage":24,"enemies":"3 Byrds","floor":19,"turns":5},{"damage":0,"enemies":"Chosen","floor":20,"turns":1},{"damage":37,"enemies":"Centurion and Healer","floor":22,"turns":4},{"damage":23,"enemies":"downfall:Watcher","floor":23,"turns":5},{"damage":58,"enemies":"Gremlin Leader","floor":26,"turns":4}],"seed_played":"4858748610643078914","potions_obtained":[{"floor":5.0,"key":"Elixir"},{"floor":10.0,"key":"Slimebound:SlimyTonguePotion"},{"floor":12.0,"key":"SkillPotion"},{"floor":16,"key":"SteroidPotion"},{"floor":19,"key":"Swift Potion"},{"floor":22,"key":"DuplicationPotion"},{"floor":23,"key":"Weak Potion"}],"is_trial":false,"path_per_floor":["R","M","?","M","M","E","T","R","?","E","R","M","R","M","M","B",null,"R","M","M","?","M","?","T","?","E"],"character_chosen":"SLIMEBOUND","items_purchased":[],"campfire_rested":3,"item_purchase_floors":[],"current_hp_per_floor":[60,59,59,60,57,12,12,30,30,14,32,31,49,45,45,19,60,60,60,60,60,44,43,43,43,0,0,0],"gold":597,"neow_bonus":"THREE_RARE_CARDS","is_daily":false,"chose_seed":false,"campfire_upgraded":2,"win_rate":0.0,"timestamp":1609552377,"path_taken":["R","M","?","?","?","E","T","R","?","E","R","M","R","M","M","BOSS","R","M","M","?","M","?","T","?","E"],"items_purchased_type":[],"build_version":"2020-12-22","purchased_purges":0,"victory":false,"max_hp_per_floor":[60,60,60,60,60,60,60,60,60,60,60,60,60,60,60,60,60,60,60,60,60,60,60,60,60,60,60,60],"relic_stats":{"counters":[14,56],"CeramicFish":72,"Orichalcum":[36],"obtain_stats":[{"Replay:Wanted Poster":17,"downfall:BrokenWingStatue":9,"CeramicFish":7,"CCEMRelics:Pendulum":24,"Thread and Needle":23,"downfall:RedIOU":25,"Slimebound:AbsorbEndCombat":0,"Orichalcum":6,"CCEMRelics:JestersCrown":10,"White Beast Statue":21,"WarpedTongs":3,"CCEMRelics:DerglesHeadphones":23},{"Replay:Wanted Poster":9,"downfall:BrokenWingStatue":4,"CeramicFish":4,"CCEMRelics:Pendulum":13,"Thread and Needle":13,"downfall:RedIOU":13,"Slimebound:AbsorbEndCombat":0,"Orichalcum":4,"CCEMRelics:JestersCrown":5,"White Beast Statue":11,"WarpedTongs":1,"CCEMRelics:DerglesHeadphones":13},{"Replay:Wanted Poster":37,"downfall:BrokenWingStatue":12,"CeramicFish":12,"CCEMRelics:Pendulum":52,"Thread and Needle":52,"downfall:RedIOU":52,"Slimebound:AbsorbEndCombat":0,"Orichalcum":12,"CCEMRelics:JestersCrown":19,"White Beast Statue":43,"WarpedTongs":3,"CCEMRelics:DerglesHeadphones":52}],"WarpedTongs":[51]},"card_choices":[{"not_picked":["Slimebound:WasteNot","Slimebound:DouseInSlime"],"picked":"Slimebound:TagTeam","floor":0.0},{"not_picked":["Slimebound:GrowthPunch","Slimebound:ComboTackle"],"picked":"Slimebound:AcidTongue","floor":2.0},{"not_picked":["Slimebound:GoopSpray","Slimebound:ComboTackle","Slimebound:LivingWall"],"picked":"SKIP","floor":4.0},{"not_picked":["Slimebound:Schlurp","Slimebound:ForwardTackle"],"picked":"Slimebound:LeechEnergy","floor":5.0},{"not_picked":["Slimebound:Equalize","Slimebound:GoopSpray"],"picked":"Slimebound:RejuvenatingLick","floor":6.0},{"not_picked":["Slimebound:DivideAndConquer","Slimebound:LivingWall","Slimebound:MegaLick"],"picked":"SKIP","floor":10.0},{"not_picked":["Slimebound:ViciousTackle","Slimebound:Replication"],"picked":"Slimebound:Prepare","floor":12.0},{"not_picked":["Slimebound:WasteNot","Slimebound:ServeAndProtect","Slimebound:PressTheAttack"],"picked":"SKIP","floor":14.0},{"not_picked":["Slimebound:Repurpose","Slimebound:SlimeBrawl"],"picked":"Slimebound:SplitBruiser","floor":15.0},{"not_picked":["Slimebound:CheckThePlaybook","Slimebound:MinionMaster"],"picked":"Slimebound:RallyTheTroops","floor":16},{"not_picked":["Slimebound:SplitAcid","Slimebound:ItLooksTasty"],"picked":"Slimebound:SplitLeeching","floor":19},{"not_picked":["Slimebound:SplitMire","Slimebound:RejuvenatingLick"],"picked":"Slimebound:FirmFortitude","floor":20},{"not_picked":["Slimebound:SpikyOuterGoop","Slimebound:LeechingTouch"],"picked":"Slimebound:RollThrough+1","floor":22},{"not_picked":["Slimebound:SamplingLick","Slimebound:ServeAndProtect+1"],"picked":"Slimebound:Repurpose+1","floor":23}],"player_experience":294606,"relics_obtained":[{"floor":6.0,"key":"Orichalcum"},{"floor":7.0,"key":"CeramicFish"},{"floor":10.0,"key":"CCEMRelics:JestersCrown"},{"floor":23,"key":"Thread and Needle"},{"floor":23,"key":"CCEMRelics:DerglesHeadphones"},{"floor":24,"key":"CCEMRelics:Pendulum"}],"event_choices":[{"damage_healed":0.0,"max_hp_gain":0.0,"max_hp_loss":0.0,"gold_gain":0.0,"event_name":"Accursed Blacksmith","player_choice":"Rummage","floor":3.0,"gold_loss":0.0,"damage_taken":0.0,"relics_obtained":["WarpedTongs"],"cards_obtained":["Pain"]}],"is_beta":false,"boss_relics":[{"not_picked":["Coffee Dripper","Replay:Drink Me"],"picked":"Replay:Wanted Poster"}],"items_purged_floors":[],"is_endless":false,"potions_floor_spawned":[5,10,12,16,19,22,23],"killed_by":"Gremlin Leader","ascension_level":1}}