{"host":"rmsq46plbpwfbxcc","time":1609572556,"event":{"mods":["AchievementEnabler","BaseMod","Colored Map","Colored Powertips","DeckTracker","KOR Keyword Fix","Minty Spire (QoL Compilation)","Permanent Neow","Quick Restart","SuperFastMode"],"gold_per_floor":[109,129,54,68,22,22,46,46,46,80,96,96,129,47,47,148,148,158,176,176,176,31,65,65,95,95,108,108,121,138,149,149,251,251,261,58,69,115,115,149,162,162,162,174,199,249,284,296,296,296,296],"floor_reached":50,"playtime":1697,"items_purged":["Defend_G","Defend_G"],"score":816,"play_id":"d7dceb51-66a6-495a-8e6e-26636b4d5a23","local_time":"20210102162916","is_ascension_mode":true,"campfire_choices":[{"data":"Blade Dance","floor":6.0,"key":"SMITH"},{"data":"Cloak And Dagger","floor":8.0,"key":"SMITH"},{"data":"Neutralize","floor":15.0,"key":"SMITH"},{"data":"Cloak And Dagger","floor":24.0,"key":"SMITH"},{"data":"Adrenaline","floor":28.0,"key":"SMITH"},{"data":"Well Laid Plans","floor":32.0,"key":"SMITH"},{"data":"Tactician","floor":42,"key":"SMITH"},{"floor":49,"key":"RECALL"}],"circlet_count":0,"master_deck":["Strike_G","Strike_G","Defend_G","Defend_G","Defend_G","Survivor","Neutralize+1","Cloak And Dagger+1","Cloak And Dagger+1","Blade Dance+1","Blur","Slice","Flash of Steel","Adrenaline+1","Adrenaline","Tactician+1","Acrobatics","Leg Sweep+1","Well Laid Plans+1","Choke+1","Parasite","Noxious Fumes+1","Adrenaline","Blur+1","Caltrops+1","Finisher+1"],"relics":["WristBlade","Odd Mushroom","Paper Crane","Akabeko","StrikeDummy","Empty Cage","Lantern","Snake Skull","Mercury Hourglass","Gremlin Horn","Sozu","Membership Card","Pocketwatch","Frozen Egg 2","Ancient Tea Set","Du-Vu Doll","Vajra"],"acts_visited":["Exordium","TheCity","TheBeyond"],"potions_floor_usage":[],"damage_taken":[{"damage":0.0,"enemies":"Cultist","floor":1.0,"turns":4.0},{"damage":6.0,"enemies":"Jaw Worm","floor":2.0,"turns":5.0},{"damage":0.0,"enemies":"Small Slimes","floor":4.0,"turns":3.0},{"damage":3.0,"enemies":"The Mushroom Lair","floor":7.0,"turns":4.0},{"damage":4.0,"enemies":"3 Sentries","floor":10.0,"turns":4.0},{"damage":0.0,"enemies":"Blue Slaver","floor":11.0,"turns":2.0},{"damage":16.0,"enemies":"Lagavulin","floor":13.0,"turns":5.0},{"damage":0.0,"enemies":"Slime Boss","floor":16.0,"turns":8.0},{"damage":3.0,"enemies":"Shell Parasite","floor":18.0,"turns":3.0},{"damage":0.0,"enemies":"Spheric Guardian","floor":19.0,"turns":2.0},{"damage":0.0,"enemies":"Gremlin Leader","floor":23.0,"turns":4.0},{"damage":16.0,"enemies":"Slavers","floor":25.0,"turns":6.0},{"damage":10.0,"enemies":"Shelled Parasite and Fungi","floor":27.0,"turns":2.0},{"damage":0.0,"enemies":"Snecko","floor":29.0,"turns":3.0},{"damage":2.0,"enemies":"Snake Plant","floor":30.0,"turns":3.0},{"damage":0.0,"enemies":"Shelled Parasite and Fungi","floor":31.0,"turns":4.0},{"damage":13.0,"enemies":"Collector","floor":33.0,"turns":10.0},{"damage":0,"enemies":"3 Darklings","floor":35,"turns":3},{"damage":0,"enemies":"Orb Walker","floor":37,"turns":2},{"damage":7,"enemies":"2 Orb Walkers","floor":38,"turns":4},{"damage":0,"enemies":"Reptomancer","floor":40,"turns":5},{"damage":18,"enemies":"Writhing Mass","floor":41,"turns":4},{"damage":0,"enemies":"Sphere and 2 Shapes","floor":44,"turns":3},{"damage":11,"enemies":"Nemesis","floor":45,"turns":7},{"damage":0,"enemies":"Mind Bloom Boss Battle","floor":46,"turns":5},{"damage":18,"enemies":"Giant Head","floor":47,"turns":8},{"damage":13,"enemies":"Jaw Worm Horde","floor":48,"turns":3},{"damage":51,"enemies":"Donu and Deca","floor":50,"turns":4}],"seed_played":"-3429755207448418483","potions_obtained":[{"floor":2.0,"key":"SmokeBomb"},{"floor":10.0,"key":"LiquidBronze"},{"floor":16.0,"key":"Swift Potion"},{"floor":18.0,"key":"Poison Potion"},{"floor":23.0,"key":"FairyPotion"},{"floor":25.0,"key":"AttackPotion"}],"is_trial":false,"path_per_floor":["M","M","$","M","$","R","?","R","T","E","M","?","E","$","R","B",null,"M","M","?","?","$","E","R","E","T","M","R","M","M","M","R","B",null,"M","$","M","?","?","E","M","R","T","M","E","?","E","M","R","B"],"character_chosen":"THE_SILENT","items_purchased":["Blade Dance","Flash of Steel","Lantern","Membership Card"],"campfire_rested":0,"item_purchase_floors":[5,14,22,36],"current_hp_per_floor":[70,64,64,64,64,64,61,61,61,57,57,57,41,41,41,41,70,67,67,54,54,54,54,54,38,38,28,28,28,26,26,26,13,75,75,75,75,68,68,68,50,50,50,50,39,39,21,8,8,0,0],"gold":296,"neow_bonus":"BOSS_RELIC","is_daily":false,"chose_seed":false,"campfire_upgraded":7,"win_rate":0.0,"timestamp":1609572556,"path_taken":["M","?","$","M","$","R","?","R","T","E","M","?","E","?","R","BOSS","M","M","?","?","$","E","R","E","T","M","R","M","?","M","R","BOSS","M","$","M","?","?","E","M","R","T","M","E","?","E","M","R","BOSS"],"items_purchased_type":["Card","Card","Relic","Relic"],"build_version":"2020-12-22","purchased_purges":2,"victory":false,"max_hp_per_floor":[70,70,70,70,70,70,70,70,70,70,70,70,70,70,70,70,70,70,70,75,75,75,75,75,75,75,75,75,75,75,75,75,75,75,75,75,75,75,75,75,75,75,75,75,75,75,75,75,75,75,75],"card_choices":[{"not_picked":["Bane","Backflip","Dagger Throw"],"picked":"SKIP","floor":1.0},{"not_picked":["Acrobatics","Skewer"],"picked":"Cloak And Dagger","floor":2.0},{"not_picked":["Leg Sweep","Flying Knee"],"picked":"Cloak And Dagger","floor":4.0},{"not_picked":["Underhanded Strike","Blade Dance","Bane"],"picked":"SKIP","floor":10.0},{"not_picked":["Dagger Spray","Deflect"],"picked":"Blur","floor":11.0},{"not_picked":["Underhanded Strike","Noxious Fumes"],"picked":"Slice","floor":13.0},{"not_picked":["Storm of Steel","Die Die Die"],"picked":"Adrenaline","floor":16.0},{"not_picked":["Underhanded Strike","Dagger Throw","Acrobatics"],"picked":"SKIP","floor":18.0},{"not_picked":["Infinite Blades","Outmaneuver","Flying Knee"],"picked":"SKIP","floor":19.0},{"not_picked":["Predator","Cloak And Dagger"],"picked":"Tactician","floor":23.0},{"not_picked":["Catalyst","Flechettes","Grand Finale"],"picked":"SKIP","floor":25.0},{"not_picked":["Caltrops","Dagger Spray+1","Flying Knee+1"],"picked":"SKIP","floor":27.0},{"not_picked":["Dodge and Roll+1","Sucker Punch"],"picked":"Acrobatics","floor":29.0},{"not_picked":["Noxious Fumes","Deflect+1"],"picked":"Leg Sweep+1","floor":30.0},{"not_picked":["Quick Slash","Underhanded Strike"],"picked":"Well Laid Plans","floor":31.0},{"not_picked":["Quick Slash+1","All Out Attack","Blade Dance+1"],"picked":"SKIP","floor":35},{"not_picked":["Outmaneuver+1","Dagger Spray+1","Quick Slash+1"],"picked":"SKIP","floor":37},{"not_picked":["Distraction","Dagger Spray+1"],"picked":"Choke+1","floor":40},{"not_picked":["Backstab","Distraction"],"picked":"Noxious Fumes+1","floor":41},{"not_picked":["Flying Knee+1","Sucker Punch+1","Masterful Stab+1"],"picked":"SKIP","floor":44},{"not_picked":["Choke","PiercingWail"],"picked":"Adrenaline","floor":45},{"not_picked":["Deflect+1","Blade Dance+1"],"picked":"Blur+1","floor":46},{"not_picked":["Expertise","Underhanded Strike+1"],"picked":"Caltrops+1","floor":47},{"not_picked":["Catalyst+1","Outmaneuver+1"],"picked":"Finisher+1","floor":48}],"player_experience":643167,"relics_obtained":[{"floor":7.0,"key":"Odd Mushroom"},{"floor":9.0,"key":"Paper Crane"},{"floor":10.0,"key":"Akabeko"},{"floor":13.0,"key":"StrikeDummy"},{"floor":23.0,"key":"Snake Skull"},{"floor":25.0,"key":"Mercury Hourglass"},{"floor":26.0,"key":"Gremlin Horn"},{"floor":38,"key":"Pocketwatch"},{"floor":40,"key":"Frozen Egg 2"},{"floor":45,"key":"Ancient Tea Set"},{"floor":46,"key":"Du-Vu Doll"},{"floor":47,"key":"Vajra"}],"event_choices":[{"damage_healed":0.0,"max_hp_gain":0.0,"max_hp_loss":0.0,"gold_gain":0.0,"event_name":"Mushrooms","player_choice":"Fought Mushrooms","floor":7.0,"gold_loss":0.0,"damage_taken":0.0},{"damage_healed":0.0,"max_hp_gain":0.0,"max_hp_loss":0.0,"gold_gain":0.0,"event_name":"Liars Game","player_choice":"Ignored","floor":12.0,"gold_loss":0.0,"damage_taken":0.0},{"damage_healed":0.0,"max_hp_gain":5.0,"max_hp_loss":0.0,"gold_gain":0.0,"event_name":"Forgotten Altar","player_choice":"Shed Blood","floor":20.0,"gold_loss":0.0,"damage_taken":18.0},{"damage_healed":0.0,"max_hp_gain":0.0,"max_hp_loss":0.0,"gold_gain":0.0,"event_name":"Duplicator","player_choice":"Copied","floor":21.0,"gold_loss":0.0,"damage_taken":0.0,"cards_obtained":["Adrenaline"]},{"damage_healed":0,"gold_gain":0,"player_choice":"Fight","damage_taken":0,"max_hp_gain":0,"max_hp_loss":0,"event_name":"Mysterious Sphere","floor":38,"gold_loss":0},{"cards_removed":["Strike_G"],"damage_healed":0,"gold_gain":0,"player_choice":"Removed Attack","damage_taken":0,"max_hp_gain":0,"max_hp_loss":0,"event_name":"Falling","floor":39,"gold_loss":0},{"damage_healed":0,"gold_gain":0,"player_choice":"Fight","damage_taken":0,"max_hp_gain":0,"max_hp_loss":0,"event_name":"MindBloom","floor":46,"gold_loss":0}],"is_beta":false,"boss_relics":[{"not_picked":["Tiny House","Velvet Choker"],"picked":"Empty Cage"},{"not_picked":["Runic Dome","Pandora\u0027s Box"],"picked":"Sozu"}],"items_purged_floors":[3,36],"is_endless":false,"potions_floor_spawned":[2,10,16,18,23,25,38,40,44,46,47],"killed_by":"Donu and Deca","ascension_level":4}}