{"host":"csp9nt53rootlkah","time":1609572423,"event":{"mods":["Act Like it!","BaseMod","Colored Powertips","Friendly Minions","Gensokyo","Highlight Path","Minty Spire (QoL Compilation)","Quick Restart","Replay The Spire","StSLib","TestMod","The Bug Knight","The Factory","The Jungle","UnlockEverythingMod","¡¾ÒÅÎï¿¨ÅÆ¡¿REMEMod"],"gold_per_floor":[109,125,125,145,70,70,182,208,261,273,285,285,285,316,316,414,414,434,349,367,379,32,32,61,90,90,90,90,108,119,131,131,232,232,243,285,298,313,329,329,341,341,341,355,390,26,26,40,40,40],"floor_reached":51,"playtime":3308,"items_purged":["HollowMod:NailStrikeStart","HollowMod:QuickDashStart","HollowMod:NailStrikeStart"],"score":813,"play_id":"b81fb432-a854-4dea-9aa3-391aecb0f8de","local_time":"20210102152703","is_ascension_mode":false,"campfire_choices":[{"data":"REME_Flogging","floor":6.0,"key":"SMITH"},{"data":"HollowMod:RecoilStrike","floor":13.0,"key":"SMITH"},{"data":"HollowMod:FocusHealStart","floor":15.0,"key":"SMITH"},{"data":"HollowMod:theNailsmith","floor":23.0,"key":"SMITH"},{"data":"HollowMod:AwokenDreamNail","floor":27.0,"key":"SMITH"},{"floor":32.0,"key":"DIG"},{"data":"HollowMod:SlysStrikes","floor":40.0,"key":"SMITH"},{"data":"Pot Of Greed","floor":42.0,"key":"SMITH"},{"data":"Pot Of Greed","floor":47,"key":"SMITH"},{"data":"HollowMod:DoubleDash","floor":49,"key":"SMITH"}],"circlet_count":0,"master_deck":["HollowMod:QuickDashStart","HollowMod:FocusHealStart+1","HollowMod:PogoStrike","REME_Flogging+1","HollowMod:RecoilStrike+1","HollowMod:CornifersMapStart","HollowMod:PerfectDash","Pot Of Greed+1","Pot Of Greed+1","HollowMod:theNailsmith+1","HollowMod:AwokenDreamNail+1","HollowMod:DoubleDash+1","HollowMod:SoulShaman+1","HollowMod:RecoilStrike+1","HollowMod:SlysStrikes+1","HollowMod:PerfectDash+1","HollowMod:CloakDash+1","HollowMod:HuntersJournal+1","Specialist"],"relics":["HollowMod:VesselMask","testmod-TestBox","REME_ComplimentaryCards","testmod-CasingShield","NeowsBlessing","Grinning Jar","Bag of Marbles","REME_LimitBreaker","Philosopher\u0027s Stone","Mirror","Question Card","testmod-RealStoneCalender","Red Mask","testmod-ArcanaOfDestiny","testmod-TurbochargingSystem","Empty Cage","testmod-Justice","CeramicFish","BargainBundle","testmod-Antiphasic"],"acts_visited":["Exordium","TheCity","TheBeyond"],"potions_floor_usage":[50],"damage_taken":[{"damage":0.0,"enemies":"Cultist","floor":1.0,"turns":1.0},{"damage":0.0,"enemies":"Jaw Worm","floor":2.0,"turns":1.0},{"damage":0.0,"enemies":"2 Louse","floor":4.0,"turns":1.0},{"damage":7.0,"enemies":"Lagavulin","floor":8.0,"turns":6.0},{"damage":8.0,"enemies":"Exordium Wildlife","floor":10.0,"turns":3.0},{"damage":2.0,"enemies":"Large Slime","floor":11.0,"turns":3.0},{"damage":16.0,"enemies":"HollowMod:MossKnight","floor":14.0,"turns":5.0},{"damage":1.0,"enemies":"The Guardian","floor":16.0,"turns":7.0},{"damage":0.0,"enemies":"3 Byrds","floor":18.0,"turns":3.0},{"damage":3.0,"enemies":"HollowMod:HuskSentry","floor":20.0,"turns":4.0},{"damage":1.0,"enemies":"Chosen and Byrds","floor":21.0,"turns":4.0},{"damage":20.0,"enemies":"Slavers","floor":24.0,"turns":4.0},{"damage":0.0,"enemies":"Masked Bandits","floor":25.0,"turns":3.0},{"damage":0.0,"enemies":"Snake Plant","floor":29.0,"turns":2.0},{"damage":0.0,"enemies":"Shelled Parasite and Fungi","floor":30.0,"turns":2.0},{"damage":25.0,"enemies":"Centurion and Healer","floor":31.0,"turns":3.0},{"damage":0.0,"enemies":"HollowMod:NKGrimm","floor":33.0,"turns":4.0},{"damage":9.0,"enemies":"3 Darklings","floor":35.0,"turns":3.0},{"damage":0.0,"enemies":"Orb Walker","floor":36.0,"turns":2.0},{"damage":6.0,"enemies":"Sphere and 2 Shapes","floor":37.0,"turns":3.0},{"damage":12.0,"enemies":"3 Darklings","floor":38.0,"turns":4.0},{"damage":5.0,"enemies":"4 Shapes","floor":39.0,"turns":4.0},{"damage":7.0,"enemies":"Sphere and 2 Shapes","floor":41.0,"turns":3.0},{"damage":2.0,"enemies":"Jaw Worm Horde","floor":44.0,"turns":2.0},{"damage":6.0,"enemies":"R_Hoarder","floor":45.0,"turns":4.0},{"damage":0,"enemies":"4 Shapes","floor":48,"turns":3},{"damage":0,"enemies":"HollowMod:Radiance","floor":50,"turns":4}],"seed_played":"-5031645372550416249","potions_obtained":[{"floor":1.0,"key":"FearPotion"},{"floor":8.0,"key":"Cursed Concoction"},{"floor":10.0,"key":"Explosive Potion"},{"floor":14.0,"key":"Elixir"},{"floor":25.0,"key":"Dexterity Potion"},{"floor":29.0,"key":"REME_GoldPotion"},{"floor":33.0,"key":"Energy Potion"},{"floor":36.0,"key":"testmod-TestPotion"},{"floor":44.0,"key":"PowerPotion"}],"is_trial":false,"path_per_floor":["M","M","?","M","$","R","?","E","T","M","M","?","R","E","R","B",null,"M","?","M","M","$","R","E","?","T","R","$","M","M","M","R","B",null,"M","M","M","M","M","R","M","R","T","M","E","$","R","M","R","B",null],"character_chosen":"THE_BUGKNIGHT","items_purchased":["Question Card","BargainBundle","Specialist","testmod-Antiphasic"],"campfire_rested":0,"item_purchase_floors":[22,46,46,46],"current_hp_per_floor":[75,75,75,75,75,75,57,50,50,48,52,52,52,48,48,59,75,75,75,72,74,74,74,64,74,74,74,74,75,75,50,50,60,75,67,67,67,55,60,60,63,63,63,67,61,61,61,67,67,75],"gold":40,"neow_bonus":"THREE_ENEMY_KILL","is_daily":false,"chose_seed":false,"campfire_upgraded":9,"win_rate":0.0,"timestamp":1609572423,"path_taken":["M","?","?","M","?","R","?","E","T","M","M","?","R","E","R","BOSS","M","?","M","M","$","R","E","?","T","R","$","M","?","M","R","BOSS","M","M","M","M","M","R","M","R","T","?","E","$","R","M","R","BOSS"],"items_purchased_type":["Relic","Relic","Card","Relic"],"build_version":"2020-12-22","purchased_purges":3,"victory":true,"max_hp_per_floor":[75,75,75,75,75,75,75,75,75,75,75,75,75,75,75,75,75,75,75,75,75,75,75,75,75,75,75,75,75,75,75,75,75,75,75,75,75,75,75,75,75,75,75,75,75,75,75,75,75,75],"card_choices":[{"not_picked":["HollowMod:FastStrike","HollowMod:CloakDash"],"picked":"HollowMod:RecoilStrike","floor":1.0},{"not_picked":["HollowMod:VengefulSpirit","HollowMod:CycloneSlash","HollowMod:NewLittleFool"],"picked":"SKIP","floor":2.0},{"not_picked":["HollowMod:CloakDash","HollowMod:ShadowDash","HollowMod:ShapeofUnn"],"picked":"SKIP","floor":4.0},{"not_picked":["HollowMod:Grubsong","HollowMod:ShapeofUnn"],"picked":"HollowMod:CornifersMapStart","floor":7.0},{"not_picked":["HollowMod:SoulSplash","HollowMod:InfectedAttack"],"picked":"HollowMod:PerfectDash","floor":7.0},{"not_picked":["HollowMod:RecoilStrike","HollowMod:WraithStrike","HollowMod:SharpenedNail"],"picked":"SKIP","floor":8.0},{"not_picked":["HollowMod:AbyssShriek","HollowMod:SoulEater","HollowMod:ShadowDash"],"picked":"SKIP","floor":10.0},{"not_picked":["HollowMod:WraithStrike","HollowMod:DoubleDash","HollowMod:DesolateDive"],"picked":"SKIP","floor":11.0},{"not_picked":["HollowMod:DoubleDash","HollowMod:BaldurShell"],"picked":"HollowMod:theNailsmith","floor":14.0},{"not_picked":["HollowMod:SoulMaster","HollowMod:NewInfectedGuardian"],"picked":"HollowMod:AwokenDreamNail","floor":16.0},{"not_picked":["HollowMod:LifebloodCocoon","HollowMod:WraithStrike+1"],"picked":"HollowMod:DoubleDash","floor":18.0},{"not_picked":["HollowMod:SoulVessel+1","HollowMod:RecoilStrike+1"],"picked":"HollowMod:SoulShaman+1","floor":20.0},{"not_picked":["HollowMod:MawleksShell","HollowMod:SoulStrike+1","HollowMod:DescendingDark"],"picked":"SKIP","floor":21.0},{"not_picked":["HollowMod:NewInfectedGuardian","HollowMod:GreatSlash","HollowMod:MonarchWings","HollowMod:CoiledNail+1"],"picked":"SKIP","floor":24.0},{"not_picked":["HollowMod:DreamGate","HollowMod:DescendingDark","HollowMod:SoulStrike"],"picked":"HollowMod:RecoilStrike+1","floor":29.0},{"not_picked":["HollowMod:CornifersMapStart","HollowMod:DescendingDark","HollowMod:SoulSplash","HollowMod:DungDefenderAura"],"picked":"SKIP","floor":30.0},{"not_picked":["HollowMod:InfectedCysts","HollowMod:CornifersMapStart","HollowMod:NewInfectedGuardian","HollowMod:SharpenedNail"],"picked":"SKIP","floor":31.0},{"not_picked":["HollowMod:AwokenDreamNail","HollowMod:HornetsHelp","HollowMod:Hiveblood"],"picked":"HollowMod:SlysStrikes","floor":33.0},{"not_picked":["HollowMod:NewGlowingWomb+1","HollowMod:DoubleDash","HollowMod:NewLittleFool","HollowMod:ShapeofUnn+1"],"picked":"SKIP","floor":35.0},{"not_picked":["HollowMod:SharpenedNail+1","HollowMod:BlackTendrils+1","HollowMod:HowlingWraiths","HollowMod:NewGlowingWomb+1"],"picked":"SKIP","floor":36.0},{"not_picked":["HollowMod:RecoilStrike","HollowMod:InfectedCysts","HollowMod:ShadowDash","HollowMod:CoiledNail"],"picked":"SKIP","floor":37.0},{"not_picked":["HollowMod:CrystalDash","HollowMod:InfectedCysts+1","HollowMod:ChannelNail+1"],"picked":"HollowMod:PerfectDash+1","floor":38.0},{"not_picked":["HollowMod:DashSlash+1","HollowMod:SiblingsSouls","HollowMod:SoulStrike"],"picked":"HollowMod:CloakDash+1","floor":39.0},{"not_picked":["HollowMod:CoiledNail","HollowMod:CrystalDash+1","HollowMod:SoulSplash","HollowMod:TaintedHusks"],"picked":"SKIP","floor":41.0},{"not_picked":["HollowMod:NewGlowingWomb","HollowMod:SiblingsShadow","HollowMod:DashSlash","HollowMod:GreatSlash"],"picked":"SKIP","floor":44.0},{"not_picked":["HollowMod:CornifersMapStart+1","HollowMod:SoulSplash","HollowMod:VengefulSpirit+1"],"picked":"HollowMod:HuntersJournal+1","floor":45.0},{"not_picked":["HollowMod:HornetsHelp","HollowMod:SiblingsSouls","HollowMod:InfectedAttack+1","HollowMod:NewLittleFool"],"picked":"SKIP","floor":48}],"player_experience":115836,"relics_obtained":[{"floor":8.0,"key":"Grinning Jar"},{"floor":9.0,"key":"Bag of Marbles"},{"floor":14.0,"key":"REME_LimitBreaker"},{"floor":24.0,"key":"testmod-RealStoneCalender"},{"floor":25.0,"key":"Red Mask"},{"floor":26.0,"key":"testmod-ArcanaOfDestiny"},{"floor":32.0,"key":"testmod-TurbochargingSystem"},{"floor":43.0,"key":"testmod-Justice"},{"floor":45.0,"key":"CeramicFish"}],"event_choices":[{"cards_removed":["HollowMod:NailStrikeStart"],"damage_healed":0.0,"max_hp_gain":0.0,"max_hp_loss":0.0,"gold_gain":0.0,"event_name":"Living Wall","player_choice":"Forget","floor":3.0,"gold_loss":0.0,"damage_taken":0.0},{"damage_healed":0.0,"max_hp_gain":0.0,"max_hp_loss":0.0,"gold_gain":0.0,"event_name":"Addict","player_choice":"Obtained Relic","floor":19.0,"gold_loss":85.0,"damage_taken":0.0,"relics_obtained":["Mirror"]},{"damage_healed":0.0,"max_hp_gain":0.0,"max_hp_loss":0.0,"gold_gain":0.0,"event_name":"Masked Bandits","player_choice":"Fought Bandits","floor":25.0,"gold_loss":0.0,"damage_taken":0.0}],"is_beta":false,"boss_relics":[{"not_picked":["testmod-BloodSacrificeSpiritualization","Ring of Chaos"],"picked":"Philosopher\u0027s Stone"},{"not_picked":["testmod-EnergyCheck","Tiny House"],"picked":"Empty Cage"}],"items_purged_floors":[5,22,46],"is_endless":false,"potions_floor_spawned":[1,8,10,14,25,29,31,33,35,36,44,45],"ascension_level":0}}