{"host":"a5zr8hf2yymwt50u","time":1609568813,"event":{"mods":["BaseMod","Colored Map","Minty Spire (QoL Compilation)","StSLib"],"gold_per_floor":[113,129,129,144,161,189,200,235,260,278,278,124,124,167,167,290,290,315,315,315,335,335,366,378,119,146,174,201,229,229,229],"floor_reached":30,"playtime":2082,"items_purged":["Clash"],"score":511,"play_id":"a770ed80-db7d-45a3-a261-fda2e0de7834","local_time":"20210102152653","is_ascension_mode":true,"campfire_choices":[{"data":"Havoc","floor":11,"key":"SMITH"},{"data":"Juggernaut","floor":15,"key":"SMITH"}],"circlet_count":0,"master_deck":["Iron Wave","Iron Wave","Iron Wave","Iron Wave","Iron Wave","Iron Wave","Iron Wave","Iron Wave","Iron Wave","Bash","Iron Wave","Cleave","Shrug It Off+1","Havoc+1","Iron Wave","Havoc+1","Clash","Thunderclap","Juggernaut+1","Iron Wave","Juggernaut","Flex","Feel No Pain","Power Through","Headbutt+1","Rage"],"relics":["Burning Blood","Happy Flower","Pen Nib","Paper Frog","Oddly Smooth Stone","Bloody Idol","Vajra","SlaversCollar","Tiny Chest","Membership Card","PreservedInsect","CeramicFish","War Paint","Bag of Marbles"],"acts_visited":["Exordium","TheCity"],"potions_floor_usage":[8,14,14,14,28],"damage_taken":[{"damage":1,"enemies":"Cultist","floor":1,"turns":3},{"damage":0,"enemies":"Jaw Worm","floor":2,"turns":4},{"damage":0,"enemies":"Small Slimes","floor":4,"turns":3},{"damage":0,"enemies":"Exordium Wildlife","floor":5,"turns":3},{"damage":10,"enemies":"3 Sentries","floor":6,"turns":8},{"damage":0,"enemies":"3 Louse","floor":7,"turns":3},{"damage":0,"enemies":"Lagavulin","floor":8,"turns":5},{"damage":0,"enemies":"Red Slaver","floor":10,"turns":3},{"damage":2,"enemies":"3 Sentries","floor":14,"turns":4},{"damage":4,"enemies":"Slime Boss","floor":16,"turns":7},{"damage":0,"enemies":"Chosen","floor":18,"turns":4},{"damage":15,"enemies":"Shell Parasite","floor":21,"turns":4},{"damage":34,"enemies":"Slavers","floor":23,"turns":4},{"damage":25,"enemies":"Snecko","floor":24,"turns":7},{"damage":0,"enemies":"Gremlin Leader","floor":27,"turns":5},{"damage":59,"enemies":"3 Cultists","floor":28,"turns":7},{"damage":33,"enemies":"Book of Stabbing","floor":29,"turns":4},{"damage":28,"enemies":"Cultist and Chosen","floor":30,"turns":5}],"seed_played":"-8007183093706022405","potions_obtained":[{"floor":2,"key":"PowerPotion"},{"floor":4,"key":"Block Potion"},{"floor":6,"key":"EssenceOfSteel"},{"floor":8,"key":"SkillPotion"},{"floor":14,"key":"FairyPotion"},{"floor":21,"key":"Ancient Potion"},{"floor":27,"key":"SkillPotion"}],"is_trial":false,"path_per_floor":["M","M","$","M","M","E","M","E","T","M","R","$","?","E","R","B",null,"M","?","?","M","?","E","M","$","T","E","M","E","M"],"character_chosen":"IRONCLAD","items_purchased":["Juggernaut","Membership Card","PreservedInsect"],"campfire_rested":0,"item_purchase_floors":[12,25,25],"current_hp_per_floor":[77,80,80,80,80,76,80,80,80,80,80,80,60,64,64,66,77,80,80,80,76,76,53,39,39,44,55,40,18,0,0],"gold":229,"neow_bonus":"RANDOM_COMMON_RELIC","is_daily":false,"chose_seed":false,"campfire_upgraded":2,"win_rate":0.0,"timestamp":1609568813,"path_taken":["M","M","?","M","M","E","M","E","T","M","R","?","?","E","R","BOSS","M","?","?","M","?","E","?","?","T","E","M","E","M"],"items_purchased_type":["Card","Relic","Relic"],"build_version":"2020-12-22","purchased_purges":1,"victory":false,"max_hp_per_floor":[80,80,80,80,80,80,80,80,80,80,80,80,80,80,80,80,80,80,80,80,80,80,80,80,80,80,80,80,80,80,80],"card_choices":[{"not_picked":["Rampage","Body Slam"],"picked":"Cleave","floor":1},{"not_picked":["Entrench","Ghostly Armor"],"picked":"Shrug It Off","floor":2},{"not_picked":["Body Slam","Havoc","Burning Pact"],"picked":"SKIP","floor":4},{"not_picked":["Body Slam","Burning Pact"],"picked":"Havoc","floor":4},{"not_picked":["Feel No Pain","Flex"],"picked":"Iron Wave","floor":5},{"not_picked":["Disarm","Shrug It Off"],"picked":"Havoc","floor":6},{"not_picked":["Evolve","Rampage"],"picked":"Clash","floor":7},{"not_picked":["Havoc","Wild Strike"],"picked":"Thunderclap","floor":8},{"not_picked":["Intimidate","Heavy Blade","Flex"],"picked":"SKIP","floor":10},{"not_picked":["Burning Pact","Clash"],"picked":"Iron Wave","floor":14},{"not_picked":["Bludgeon","Barricade"],"picked":"Juggernaut","floor":16},{"not_picked":["Havoc","Rampage","Heavy Blade"],"picked":"SKIP","floor":18},{"not_picked":["Flex","Second Wind"],"picked":"Clash","floor":21},{"not_picked":["Heavy Blade","Limit Break"],"picked":"Power Through","floor":23},{"not_picked":["Power Through","True Grit"],"picked":"Headbutt+1","floor":24},{"not_picked":["Clothesline","Spot Weakness","Headbutt"],"picked":"SKIP","floor":27},{"not_picked":["Clash+1","Flex"],"picked":"Rage","floor":28},{"not_picked":["Searing Blow+1","Brutality","Dual Wield"],"picked":"SKIP","floor":29}],"player_experience":246899,"relics_obtained":[{"floor":6,"key":"Pen Nib"},{"floor":8,"key":"Paper Frog"},{"floor":9,"key":"Oddly Smooth Stone"},{"floor":14,"key":"Vajra"},{"floor":23,"key":"Tiny Chest"},{"floor":26,"key":"CeramicFish"},{"floor":27,"key":"War Paint"},{"floor":29,"key":"Bag of Marbles"}],"event_choices":[{"damage_healed":0,"gold_gain":0,"player_choice":"Take Damage","damage_taken":20,"relics_obtained":["Golden Idol"],"max_hp_gain":0,"max_hp_loss":0,"event_name":"Golden Idol","floor":13,"gold_loss":0},{"damage_healed":0,"gold_gain":0,"player_choice":"Gave Idol","damage_taken":0,"relics_obtained":["Bloody Idol"],"max_hp_gain":0,"max_hp_loss":0,"event_name":"Forgotten Altar","floor":19,"relics_lost":["Golden Idol"],"gold_loss":0},{"damage_healed":0,"gold_gain":0,"player_choice":"Ignored","damage_taken":0,"max_hp_gain":0,"max_hp_loss":0,"event_name":"Vampires","floor":20,"gold_loss":0},{"damage_healed":0,"gold_gain":0,"player_choice":"2 cards matched","damage_taken":0,"max_hp_gain":0,"max_hp_loss":0,"event_name":"Match and Keep!","floor":22,"gold_loss":0,"cards_obtained":["Flex","Feel No Pain"]}],"is_beta":false,"boss_relics":[{"not_picked":["Cursed Key","Runic Pyramid"],"picked":"SlaversCollar"}],"items_purged_floors":[25],"is_endless":false,"potions_floor_spawned":[2,4,6,8,14,21,27],"killed_by":"Cultist and Chosen","ascension_level":7}}