{"host":"92108ef2q9tm8rod","time":1609550976,"event":{"mods":["BaseMod","Defuse TimeMaze Blight","Minty Spire (QoL Compilation)","StSLib","The Jungle"],"gold_per_floor":[111,131,131,148,166,166,166,166,166,166,182,213,213,227,227,329,329,348,348,360,282,297,297,297,297,297,324,335,335,335,369,369,473,473,489,489,509,509,525,525,558,558,585,585,611,611,611,611],"floor_reached":47,"playtime":2146,"items_purged":[],"score":671,"play_id":"9677a250-d22b-4646-a1f6-f27b5efa67c1","local_time":"20210102012936","daily_mods":["SealedDeck","Purple Cards","Heirloom","Flight"],"is_ascension_mode":false,"campfire_choices":[{"data":"LikeWater","floor":6,"key":"SMITH"},{"data":"ClearTheMind","floor":7,"key":"SMITH"},{"data":"Perseverance","floor":8,"key":"SMITH"},{"data":"BowlingBash","floor":10,"key":"SMITH"},{"data":"Cleave","floor":13,"key":"SMITH"},{"data":"FollowUp","floor":15,"key":"SMITH"},{"data":"LikeWater","floor":23,"key":"SMITH"},{"data":"Shrug It Off","floor":24,"key":"SMITH"},{"data":"Shrug It Off","floor":25,"key":"SMITH"},{"data":"ThirdEye","floor":30,"key":"SMITH"},{"data":"Thunderclap","floor":32,"key":"SMITH"},{"floor":40,"key":"REST"},{"floor":42,"key":"REST"},{"floor":46,"key":"REST"}],"circlet_count":0,"master_deck":["Thunderclap+1","Shrug It Off+1","ThirdEye+1","Cleave+1","Shrug It Off+1","BowlingBash+1","FollowUp+1","ClearTheMind+1","LikeWater+1","Perseverance+1","LikeWater+1"],"relics":["Black Blood","TungstenRod","Self Forming Clay","Blue Candle","Gremlin Horn","Sundial","Whetstone","Juzu Bracelet","Lantern"],"acts_visited":["Exordium","Exordium","TheBeyond"],"potions_floor_usage":[16,22,27,41,45,45],"damage_taken":[{"damage":0,"enemies":"Jaw Worm","floor":1,"turns":4},{"damage":0,"enemies":"Cultist","floor":2,"turns":4},{"damage":0,"enemies":"Small Slimes","floor":4,"turns":4},{"damage":0,"enemies":"Gremlin Gang","floor":5,"turns":4},{"damage":0,"enemies":"3 Louse","floor":11,"turns":3},{"damage":2,"enemies":"3 Sentries","floor":12,"turns":5},{"damage":0,"enemies":"Blue Slaver","floor":14,"turns":3},{"damage":0,"enemies":"Slime Boss","floor":16,"turns":7},{"damage":2,"enemies":"Shell Parasite","floor":18,"turns":4},{"damage":0,"enemies":"theJungle:MUSHROOMGANG","floor":20,"turns":3},{"damage":0,"enemies":"theJungle:2_Snecko_Cultists","floor":22,"turns":5},{"damage":0,"enemies":"theJungle:Cassacara","floor":27,"turns":6},{"damage":5,"enemies":"theJungle:2_Flameangoes","floor":28,"turns":9},{"damage":0,"enemies":"theJungle:MamaSnecko","floor":31,"turns":6},{"damage":0,"enemies":"theJungle:QueenSpyder","floor":33,"turns":7},{"damage":3,"enemies":"3 Darklings","floor":35,"turns":3},{"damage":0,"enemies":"Orb Walker","floor":37,"turns":4},{"damage":0,"enemies":"3 Darklings","floor":39,"turns":3},{"damage":22,"enemies":"Nemesis","floor":41,"turns":9},{"damage":77,"enemies":"Giant Head","floor":45,"turns":13},{"damage":18,"enemies":"Nemesis","floor":47,"turns":12}],"seed_played":"-5735306694781782843","potions_obtained":[{"floor":4,"key":"LiquidBronze"},{"floor":12,"key":"AttackPotion"},{"floor":16,"key":"ColorlessPotion"},{"floor":20,"key":"Explosive Potion"},{"floor":22,"key":"DuplicationPotion"},{"floor":27,"key":"BloodPotion"}],"is_trial":true,"path_per_floor":["M","M","?","M","M","R","R","R","T","R","M","E","R","M","R","B",null,"M","?","M","$","M","R","R","R","T","E","M","$","R","E","R","B",null,"M","$","M","?","M","R","E","R","T","$","E","R","E"],"character_chosen":"IRONCLAD","items_purchased":["LikeWater"],"campfire_rested":3,"item_purchase_floors":[21],"current_hp_per_floor":[80,80,80,80,80,80,80,80,80,80,80,80,80,80,80,80,80,80,80,80,80,80,80,80,80,80,80,80,80,80,80,80,80,80,80,80,80,80,80,80,70,80,80,80,31,55,37,37],"gold":611,"neow_bonus":"","is_daily":false,"chose_seed":false,"campfire_upgraded":11,"win_rate":0.0,"timestamp":1609550976,"path_taken":["M","M","?","M","?","R","R","R","T","R","M","E","R","M","R","BOSS","M","?","M","$","M","R","R","R","T","E","?","$","R","E","R","BOSS","M","$","M","?","M","R","E","R","T","$","E","R","E"],"items_purchased_type":["Card"],"build_version":"2020-12-22","purchased_purges":0,"victory":false,"max_hp_per_floor":[80,80,80,80,80,80,80,80,80,80,80,80,80,80,80,80,80,80,80,80,80,80,80,80,80,80,80,80,80,80,80,80,80,80,80,80,80,80,80,80,80,80,80,80,80,80,80,80],"card_choices":[{"not_picked":["Clothesline","Perfected Strike","Nirvana"],"picked":"SKIP","floor":1},{"not_picked":["Consecrate","Perfected Strike","Headbutt"],"picked":"SKIP","floor":2},{"not_picked":["Disarm","PathToVictory","Feed"],"picked":"SKIP","floor":4},{"not_picked":["Disarm","Ghostly Armor","Cleave"],"picked":"SKIP","floor":5},{"not_picked":["Perfected Strike","True Grit","CrushJoints"],"picked":"SKIP","floor":11},{"not_picked":["FlurryOfBlows","Headbutt","Bloodletting"],"picked":"SKIP","floor":12},{"not_picked":["Pummel","FollowUp","Shrug It Off"],"picked":"SKIP","floor":14},{"not_picked":["Perfected Strike","JustLucky","Tantrum"],"picked":"SKIP","floor":18},{"not_picked":["Flex","Evaluate","Sever Soul"],"picked":"SKIP","floor":20},{"not_picked":["Pray","SashWhip+1","Armaments"],"picked":"SKIP","floor":22},{"not_picked":["Uppercut+1","FlurryOfBlows","BowlingBash"],"picked":"SKIP","floor":27},{"not_picked":["Halt+1","Worship+1","JustLucky+1"],"picked":"SKIP","floor":28},{"not_picked":["Metallicize","Shrug It Off+1","Vault"],"picked":"SKIP","floor":31},{"not_picked":["Headbutt+1","Twin Strike+1","Weave"],"picked":"SKIP","floor":35},{"not_picked":["Infernal Blade+1","Sword Boomerang","Halt+1"],"picked":"SKIP","floor":37},{"not_picked":["BowlingBash+1","FollowUp","ThirdEye+1"],"picked":"SKIP","floor":39},{"not_picked":["Uppercut+1","ForeignInfluence+1","Entrench+1"],"picked":"SKIP","floor":41},{"not_picked":["Prostrate","Armaments+1","Entrench+1"],"picked":"SKIP","floor":45}],"player_experience":3231273,"relics_obtained":[{"floor":9,"key":"Self Forming Clay"},{"floor":12,"key":"Blue Candle"},{"floor":26,"key":"Gremlin Horn"},{"floor":27,"key":"Sundial"},{"floor":41,"key":"Whetstone"},{"floor":43,"key":"Juzu Bracelet"},{"floor":45,"key":"Lantern"}],"event_choices":[{"damage_healed":0,"gold_gain":0,"player_choice":"Ignored","damage_taken":0,"max_hp_gain":0,"max_hp_loss":0,"event_name":"NoteForYourself","floor":3,"gold_loss":0},{"damage_healed":0,"gold_gain":0,"player_choice":"Bought 0 Potions","damage_taken":0,"max_hp_gain":0,"max_hp_loss":0,"event_name":"The Woman in Blue","floor":19,"gold_loss":0},{"damage_healed":0,"gold_gain":0,"player_choice":"Memory 1","damage_taken":0,"max_hp_gain":0,"max_hp_loss":0,"event_name":"SensoryStone","floor":38,"gold_loss":0}],"is_beta":false,"boss_relics":[{"not_picked":["Astrolabe","Sozu","Fusion Hammer"]},{"not_picked":["Black Star","Mark of Pain"],"picked":"Black Blood"}],"items_purged_floors":[],"is_endless":false,"potions_floor_spawned":[4,12,16,20,22,27,31,35],"killed_by":"Nemesis","ascension_level":0}}