{"host":"sum4dy402bbv9y4o","time":1609560475,"event":{"mods":["Aspiration","BaseMod","Conspire","Highlight Path","Minty Spire (QoL Compilation)","StSLib"],"gold_per_floor":[11,38,38,56,69,69,103,103,103,119,133,173,173,201,201,288,288,258,258,285,305,79,113,113,123,148,160,203,224,258,293,305,400,412,451,479,198,217,0,0,0],"floor_reached":40,"playtime":2083,"items_purged":["Defend_B","Writhe"],"score":880,"play_id":"461e1151-7cdf-474c-9079-2fc981cf1469","local_time":"20210102070755","is_ascension_mode":true,"campfire_choices":[{"data":"Fission","floor":6,"key":"SMITH"},{"data":"Dualcast","floor":13,"key":"SMITH"},{"data":"Defragment","floor":15,"key":"SMITH"},{"data":"Echo Form","floor":24,"key":"SMITH"},{"data":"White Noise","floor":27,"key":"SMITH"},{"data":"Defragment","floor":32,"key":"SMITH"}],"circlet_count":0,"master_deck":["AscendersBane","Strike_B","Strike_B","Strike_B","Defend_B","Defend_B","Zap","Dualcast+1","Chaos","Fission+1","Auto Shields","Glacier","Self Repair","Melter","Barrage","Chill","White Noise+1","Defragment+1","Echo Form+1","conspire:Charge","Cold Snap","Melter","Doom and Gloom+1","Defragment+1","Buffer","Entrench","Metamorphosis"],"relics":["Cracked Core","Smiling Mask","Cables","Letter Opener","CeramicFish","aspiration:IroncladSkillbook","Ornamental Fan","Matryoshka","MawBank","Akabeko","Meat on the Bone","Blue Candle","Red Mask"],"acts_visited":["Exordium","TheCity","TheBeyond"],"potions_floor_usage":[7,12,16,21,23,23,28,33,38,38],"damage_taken":[{"damage":2,"enemies":"Cultist","floor":1,"turns":4},{"damage":4,"enemies":"Jaw Worm","floor":4,"turns":5},{"damage":9,"enemies":"Small Slimes","floor":5,"turns":3},{"damage":23,"enemies":"Lagavulin","floor":7,"turns":11},{"damage":0,"enemies":"Exordium Thugs","floor":10,"turns":5},{"damage":0,"enemies":"Red Slaver","floor":11,"turns":4},{"damage":5,"enemies":"3 Sentries","floor":12,"turns":5},{"damage":2,"enemies":"Exordium Wildlife","floor":14,"turns":2},{"damage":14,"enemies":"Slime Boss","floor":16,"turns":14},{"damage":11,"enemies":"2 Thieves","floor":18,"turns":4},{"damage":0,"enemies":"Spheric Guardian","floor":20,"turns":3},{"damage":33,"enemies":"Snake Plant","floor":21,"turns":5},{"damage":22,"enemies":"Gremlin Leader","floor":23,"turns":8},{"damage":0,"enemies":"3 Cultists","floor":25,"turns":5},{"damage":46,"enemies":"Book of Stabbing","floor":28,"turns":5},{"damage":19,"enemies":"Snecko","floor":30,"turns":5},{"damage":19,"enemies":"Shelled Parasite and Fungi","floor":31,"turns":5},{"damage":9,"enemies":"Collector","floor":33,"turns":10},{"damage":14,"enemies":"Orb Walker","floor":35,"turns":3},{"damage":1,"enemies":"3 Shapes","floor":36,"turns":7},{"damage":43,"enemies":"Maw","floor":38,"turns":11},{"damage":65,"enemies":"Giant Head","floor":40,"turns":6}],"seed_played":"4258867126303517656","potions_obtained":[{"floor":4,"key":"FocusPotion"},{"floor":5,"key":"GamblersBrew"},{"floor":10,"key":"GamblersBrew"},{"floor":12,"key":"SteroidPotion"},{"floor":18,"key":"AttackPotion"},{"floor":21,"key":"SmokeBomb"},{"floor":25,"key":"ColorlessPotion"},{"floor":31,"key":"SteroidPotion"},{"floor":35,"key":"FocusPotion"},{"floor":36,"key":"Fire Potion"}],"is_trial":false,"path_per_floor":["M","T","?","M","M","R","E","?","T","M","M","E","R","M","R","B",null,"M","?","M","M","$","E","R","M","T","R","E","?","M","M","R","B",null,"M","M","$","M","?","E"],"character_chosen":"DEFECT","items_purchased":["PowerPotion","AttackPotion","Melter","PowerPotion","Metamorphosis"],"campfire_rested":0,"item_purchase_floors":[22,22,22,37,37],"current_hp_per_floor":[62,62,62,58,49,49,33,33,33,40,47,42,42,40,40,33,62,62,62,71,56,56,52,52,63,63,63,35,35,39,43,43,57,68,65,71,71,58,58,0,0],"gold":0,"neow_bonus":"TRANSFORM_TWO_CARDS","is_daily":false,"chose_seed":false,"campfire_upgraded":6,"win_rate":0.0,"timestamp":1609560475,"path_taken":["M","?","?","?","M","R","E","?","T","M","M","E","R","M","R","BOSS","M","?","?","M","$","E","R","M","T","R","E","?","M","M","R","BOSS","M","M","$","M","?","E"],"items_purchased_type":["Potion","Potion","Card","Potion","Card"],"build_version":"2020-12-22","purchased_purges":2,"victory":false,"max_hp_per_floor":[71,71,71,71,71,71,71,71,71,71,71,71,71,71,71,71,71,71,71,71,71,71,71,71,71,71,71,71,71,71,71,71,71,71,71,71,71,71,71,71,71],"card_choices":[{"not_picked":["Go for the Eyes","Barrage"],"picked":"Auto Shields","floor":1},{"not_picked":["Go for the Eyes","Stack"],"picked":"Glacier","floor":4},{"not_picked":["Sweeping Beam","Beam Cell"],"picked":"Self Repair","floor":5},{"not_picked":["Go for the Eyes","Hologram"],"picked":"Melter","floor":7},{"not_picked":["Go for the Eyes","Rip and Tear"],"picked":"Barrage","floor":10},{"not_picked":["Leap","Recycle"],"picked":"Chill","floor":11},{"not_picked":["Storm","Gash"],"picked":"White Noise","floor":12},{"not_picked":["Melter","Hello World"],"picked":"Defragment","floor":14},{"not_picked":["Seek","Amplify"],"picked":"Echo Form","floor":16},{"not_picked":["Recycle","Havoc","Stack","Feel No Pain"],"picked":"SKIP","floor":18},{"not_picked":["Coolheaded","Steam","Seeing Red"],"picked":"conspire:Charge","floor":20},{"not_picked":["Wild Strike","Anger+1","Pommel Strike"],"picked":"Cold Snap","floor":21},{"not_picked":["Hyperbeam","Rebound","Hologram","Sweeping Beam"],"picked":"SKIP","floor":23},{"not_picked":["Uppercut","Clothesline","Pommel Strike","Cleave"],"picked":"SKIP","floor":25},{"not_picked":["Bludgeon","Rupture","Corruption","Armaments"],"picked":"SKIP","floor":28},{"not_picked":["Rebound","conspire:Rain","Glacier"],"picked":"Doom and Gloom+1","floor":30},{"not_picked":["Body Slam","Chill","Coolheaded"],"picked":"Defragment","floor":31},{"not_picked":["Rainbow","Thunder Strike","conspire:HitWhereItHurts"],"picked":"Buffer","floor":33},{"not_picked":["Stack+1","Consume+1","Clash"],"picked":"Entrench","floor":35},{"not_picked":["Glacier","Infernal Blade","Redo","Hello World"],"picked":"SKIP","floor":36},{"not_picked":["Double Energy","Beam Cell","Heavy Blade","aspiration:Polymerization"],"picked":"SKIP","floor":38}],"player_experience":2875986,"relics_obtained":[{"floor":2,"key":"Smiling Mask"},{"floor":7,"key":"Cables"},{"floor":9,"key":"Letter Opener"},{"floor":12,"key":"CeramicFish"},{"floor":23,"key":"Matryoshka"},{"floor":26,"key":"MawBank"},{"floor":26,"key":"Akabeko"},{"floor":28,"key":"Meat on the Bone"}],"event_choices":[{"damage_healed":0,"gold_gain":0,"player_choice":"0 cards matched","damage_taken":0,"max_hp_gain":0,"max_hp_loss":0,"event_name":"Match and Keep!","floor":8,"gold_loss":0,"cards_obtained":[]},{"damage_healed":0,"gold_gain":0,"player_choice":"Gave Potion","damage_taken":0,"relics_obtained":["Ornamental Fan"],"max_hp_gain":0,"max_hp_loss":0,"event_name":"WeMeetAgain","floor":19,"gold_loss":0},{"damage_healed":0,"gold_gain":0,"player_choice":"Opened","damage_taken":0,"relics_obtained":["Blue Candle"],"max_hp_gain":0,"max_hp_loss":0,"event_name":"The Mausoleum","floor":29,"gold_loss":0,"cards_obtained":["Writhe"]},{"damage_healed":0,"gold_gain":0,"player_choice":"Paid","damage_taken":0,"relics_obtained":["Red Mask"],"max_hp_gain":0,"max_hp_loss":0,"event_name":"Tomb of Lord Red Mask","floor":39,"gold_loss":217}],"is_beta":false,"boss_relics":[{"not_picked":["Coffee Dripper","FrozenCore"],"picked":"aspiration:IroncladSkillbook"},{"not_picked":["conspire:SeveredTorchhead","Sozu","conspire:RunicOctahedron"]}],"items_purged_floors":[22,37],"is_endless":false,"potions_floor_spawned":[4,5,10,12,18,21,25,31,35,36],"killed_by":"Giant Head","ascension_level":20}}