{"host":"p7j7o00jacnw7qzt","time":1609631662,"event":{"mods":["BaseMod","Colored Map","Colored Powertips","DeckTracker","Highlight Path","Minty Spire (QoL Compilation)","Relic Stats"],"gold_per_floor":[365,290,301,36,36,36,64,64,136,163,163,173,198,227,227,301,301,321,321,37,53,122,150,162,162,162,193,208,241,261,275,275,348,348,368,387,397,397,412,437,141,186,186,36,36,64,89,144,144,144,144,144],"floor_reached":51,"playtime":2516,"items_purged":["Strike_R","Strike_R","Strike_R+1","Hemokinesis+1"],"score":2137,"play_id":"1d6f0b70-d540-4ae4-8644-1b0519442347","local_time":"20210102185422","is_ascension_mode":true,"campfire_choices":[{"data":"Hemokinesis","floor":6.0,"key":"SMITH"},{"data":"Body Slam","floor":8.0,"key":"SMITH"},{"floor":11.0,"key":"RECALL"},{"data":"Dark Embrace","floor":15.0,"key":"SMITH"},{"data":"Battle Trance","floor":25.0,"key":"SMITH"},{"data":"Offering","floor":32.0,"key":"SMITH"},{"data":"1","floor":45,"key":"LIFT"},{"data":"2","floor":49,"key":"LIFT"}],"circlet_count":0,"master_deck":["AscendersBane","Defend_R","Defend_R","Defend_R","Defend_R","Bash","Body Slam+1","Offering+1","Blood for Blood+1","Dark Embrace+1","Hemokinesis+1","Battle Trance+1","Burning Pact+1","Seeing Red+1","Sentinel+1","Corruption","Entrench+1","Armaments+1","Flame Barrier+1","Warcry+1"],"relics":["Burning Blood","Boot","Bottled Lightning","Red Skull","Odd Mushroom","Gremlin Horn","Coffee Dripper","Toxic Egg 2","Mummified Hand","Calipers","Darkstone Periapt","Whetstone","Runic Cube","Bird Faced Urn","Lee\u0027s Waffle","Mango","Girya","Smiling Mask","Pocketwatch","Orichalcum"],"acts_visited":["Exordium","TheCity","TheBeyond"],"potions_floor_usage":[51,51],"damage_taken":[{"damage":7.0,"enemies":"Cultist","floor":1.0,"turns":4.0},{"damage":4.0,"enemies":"Small Slimes","floor":3.0,"turns":4.0},{"damage":8.0,"enemies":"Gremlin Nob","floor":7.0,"turns":2.0},{"damage":20.0,"enemies":"3 Sentries","floor":10.0,"turns":5.0},{"damage":2.0,"enemies":"2 Louse","floor":12.0,"turns":3.0},{"damage":8.0,"enemies":"The Mushroom Lair","floor":13.0,"turns":4.0},{"damage":8.0,"enemies":"Gremlin Nob","floor":14.0,"turns":2.0},{"damage":50.0,"enemies":"The Guardian","floor":16.0,"turns":11.0},{"damage":27.0,"enemies":"Spheric Guardian","floor":18.0,"turns":4.0},{"damage":11.0,"enemies":"2 Thieves","floor":21.0,"turns":2.0},{"damage":12.0,"enemies":"Gremlin Leader","floor":23.0,"turns":2.0},{"damage":8.0,"enemies":"Centurion and Healer","floor":24.0,"turns":3.0},{"damage":10.0,"enemies":"Book of Stabbing","floor":27.0,"turns":2.0},{"damage":10.0,"enemies":"3 Cultists","floor":28.0,"turns":2.0},{"damage":10.0,"enemies":"Slavers","floor":29.0,"turns":1.0},{"damage":10.0,"enemies":"Snake Plant","floor":30.0,"turns":1.0},{"damage":8.0,"enemies":"Sentry and Sphere","floor":31.0,"turns":3.0},{"damage":8.0,"enemies":"Collector","floor":33.0,"turns":2.0},{"damage":16,"enemies":"3 Shapes","floor":35,"turns":2},{"damage":8,"enemies":"3 Darklings","floor":36,"turns":3},{"damage":21,"enemies":"4 Shapes","floor":37,"turns":4},{"damage":8,"enemies":"Jaw Worm Horde","floor":39,"turns":3},{"damage":8,"enemies":"Giant Head","floor":40,"turns":3},{"damage":6,"enemies":"2 Orb Walkers","floor":42,"turns":2},{"damage":8,"enemies":"Reptomancer","floor":46,"turns":2},{"damage":6,"enemies":"Mind Bloom Boss Battle","floor":47,"turns":1},{"damage":10,"enemies":"Awakened One","floor":50,"turns":2},{"damage":14,"enemies":"Time Eater","floor":51,"turns":4}],"seed_played":"5725229517985271217","potions_obtained":[{"floor":1.0,"key":"Block Potion"},{"floor":3.0,"key":"LiquidBronze"},{"floor":10.0,"key":"ColorlessPotion"},{"floor":21.0,"key":"BloodPotion"},{"floor":27.0,"key":"HeartOfIron"},{"floor":28.0,"key":"AttackPotion"},{"floor":33.0,"key":"Dexterity Potion"},{"floor":46,"key":"Swift Potion"}],"is_trial":false,"path_per_floor":["M","$","M","$","?","R","E","R","T","E","R","M","?","E","R","B",null,"M","?","$","M","T","E","M","R","T","E","M","E","M","M","R","B",null,"M","M","M","?","M","E","$","?","T","$","R","E","?","T","R","B","B"],"character_chosen":"IRONCLAD","items_purchased":["Offering","Blood for Blood","Toxic Egg 2","Lee\u0027s Waffle"],"campfire_rested":0,"item_purchase_floors":[4,4,20,41],"current_hp_per_floor":[67,67,68,68,68,68,66,66,66,52,52,56,54,52,52,8,53,32,32,32,27,27,21,19,19,19,28,24,20,16,14,14,12,54,44,42,27,27,25,23,75,89,89,89,89,89,89,89,89,89,79,79],"gold":144,"neow_bonus":"TWO_FIFTY_GOLD","is_daily":false,"chose_seed":false,"campfire_upgraded":5,"win_rate":0.0,"timestamp":1609631662,"path_taken":["M","?","M","$","?","R","E","R","T","E","R","?","?","E","R","BOSS","M","?","$","M","?","E","M","R","T","E","M","E","M","M","R","BOSS","M","M","M","?","M","E","?","?","T","$","R","E","?","?","R","BOSS","BOSS"],"items_purchased_type":["Card","Card","Relic","Relic"],"build_version":"2020-12-22","purchased_purges":4,"victory":false,"max_hp_per_floor":[68,68,68,68,68,68,68,68,68,68,68,68,68,68,68,68,68,68,68,68,68,68,68,68,68,68,68,68,68,68,68,68,68,68,68,68,68,68,68,68,75,89,89,89,89,89,89,89,89,89,89,89],"relic_stats":{"Darkstone Periapt":0,"Lee\u0027s Waffle":52,"Gremlin Horn":[16,26],"counters":[28,83],"Whetstone":["Strike_R","Hemokinesis"],"Orichalcum":[0],"Boot":[1],"Smiling Mask":0,"Burning Blood":153,"Mummified Hand":[34],"Bird Faced Urn":[18],"obtain_stats":[{"Darkstone Periapt":27,"Girya":43,"Lee\u0027s Waffle":41,"Calipers":23,"Gremlin Horn":14,"Mango":42,"Whetstone":29,"Odd Mushroom":13,"Orichalcum":48,"Boot":7,"Smiling Mask":46,"Burning Blood":0,"Mummified Hand":22,"Bird Faced Urn":40,"Coffee Dripper":17,"Bottled Lightning":9,"Toxic Egg 2":20,"Red Skull":10,"Runic Cube":34,"Pocketwatch":47},{"Darkstone Periapt":13,"Girya":24,"Lee\u0027s Waffle":23,"Calipers":11,"Gremlin Horn":7,"Mango":24,"Whetstone":15,"Odd Mushroom":6,"Orichalcum":26,"Boot":3,"Smiling Mask":25,"Burning Blood":0,"Mummified Hand":10,"Bird Faced Urn":23,"Coffee Dripper":8,"Bottled Lightning":3,"Toxic Egg 2":9,"Red Skull":4,"Runic Cube":18,"Pocketwatch":26},{"Darkstone Periapt":48,"Girya":74,"Lee\u0027s Waffle":72,"Calipers":43,"Gremlin Horn":24,"Mango":74,"Whetstone":51,"Odd Mushroom":22,"Orichalcum":77,"Boot":10,"Smiling Mask":76,"Burning Blood":0,"Mummified Hand":41,"Bird Faced Urn":72,"Coffee Dripper":35,"Bottled Lightning":10,"Toxic Egg 2":39,"Red Skull":15,"Runic Cube":57,"Pocketwatch":77}],"Runic Cube":[21],"Pocketwatch":[0]},"card_choices":[{"not_picked":["Blood for Blood","Iron Wave"],"picked":"Body Slam","floor":1.0},{"not_picked":["Clothesline","Iron Wave"],"picked":"Hemokinesis","floor":3.0},{"not_picked":["Cleave","Anger","Power Through"],"picked":"SKIP","floor":7.0},{"not_picked":["Demon Form","Intimidate","Heavy Blade"],"picked":"SKIP","floor":10.0},{"not_picked":["Heavy Blade","Armaments","Iron Wave"],"picked":"SKIP","floor":12.0},{"not_picked":["Twin Strike","Infernal Blade"],"picked":"Dark Embrace","floor":14.0},{"not_picked":["Searing Blow","Dark Embrace","Dual Wield"],"picked":"SKIP","floor":18.0},{"not_picked":["Evolve","Sword Boomerang+1"],"picked":"Burning Pact+1","floor":21.0},{"not_picked":["Wild Strike","Dropkick"],"picked":"Seeing Red+1","floor":23.0},{"not_picked":["Body Slam","Clothesline"],"picked":"Sentinel+1","floor":24.0},{"not_picked":["Clash+1","Brutality"],"picked":"Corruption","floor":27.0},{"not_picked":["Rupture","Sword Boomerang","Anger"],"picked":"SKIP","floor":28.0},{"not_picked":["Spot Weakness+1","Clash"],"picked":"Entrench+1","floor":29.0},{"not_picked":["Rage+1","Twin Strike","Clothesline"],"picked":"SKIP","floor":30.0},{"not_picked":["Dual Wield+1","Clash"],"picked":"Armaments+1","floor":31.0},{"not_picked":["Twin Strike+1","Clash","Sever Soul"],"picked":"SKIP","floor":35},{"not_picked":["Sword Boomerang","Cleave","Body Slam+1"],"picked":"SKIP","floor":36},{"not_picked":["Seeing Red+1","Clothesline"],"picked":"Flame Barrier+1","floor":37},{"not_picked":["Twin Strike","Double Tap+1","Cleave+1"],"picked":"SKIP","floor":39},{"not_picked":["Heavy Blade","Iron Wave","Reaper"],"picked":"SKIP","floor":40},{"not_picked":["Clash","Power Through+1"],"picked":"Warcry+1","floor":42},{"not_picked":["Clash+1","Headbutt","Perfected Strike"],"picked":"SKIP","floor":46},{"not_picked":["Clash+1","Headbutt","Perfected Strike"],"picked":"SKIP","floor":46}],"player_experience":934863,"relics_obtained":[{"floor":7.0,"key":"Boot"},{"floor":9.0,"key":"Bottled Lightning"},{"floor":10.0,"key":"Red Skull"},{"floor":13.0,"key":"Odd Mushroom"},{"floor":14.0,"key":"Gremlin Horn"},{"floor":22.0,"key":"Mummified Hand"},{"floor":23.0,"key":"Calipers"},{"floor":27.0,"key":"Darkstone Periapt"},{"floor":29.0,"key":"Whetstone"},{"floor":40,"key":"Bird Faced Urn"},{"floor":42,"key":"Mango"},{"floor":43,"key":"Girya"},{"floor":46,"key":"Smiling Mask"},{"floor":47,"key":"Pocketwatch"},{"floor":48,"key":"Orichalcum"}],"event_choices":[{"damage_healed":0.0,"max_hp_gain":0.0,"max_hp_loss":0.0,"gold_gain":0.0,"event_name":"Accursed Blacksmith","player_choice":"Forge","floor":5.0,"gold_loss":0.0,"damage_taken":0.0,"cards_upgraded":["Blood for Blood"]},{"damage_healed":0.0,"max_hp_gain":0.0,"max_hp_loss":0.0,"gold_gain":0.0,"event_name":"Mushrooms","player_choice":"Fought Mushrooms","floor":13.0,"gold_loss":0.0,"damage_taken":0.0},{"damage_healed":0.0,"max_hp_gain":0.0,"max_hp_loss":0.0,"gold_gain":0.0,"cards_transformed":["Strike_R","Strike_R"],"event_name":"Drug Dealer","player_choice":"Became Test Subject","floor":19.0,"gold_loss":0.0,"damage_taken":0.0,"cards_obtained":["Hemokinesis","Battle Trance"]},{"damage_healed":0,"gold_gain":0,"player_choice":"Got Potions","damage_taken":0,"max_hp_gain":0,"max_hp_loss":0,"event_name":"Lab","floor":38,"gold_loss":0},{"damage_healed":0,"gold_gain":0,"player_choice":"Fight","damage_taken":0,"max_hp_gain":0,"max_hp_loss":0,"event_name":"Mysterious Sphere","floor":42,"gold_loss":0},{"damage_healed":0,"gold_gain":0,"player_choice":"Fight","damage_taken":0,"max_hp_gain":0,"max_hp_loss":0,"event_name":"MindBloom","floor":47,"gold_loss":0}],"is_beta":false,"boss_relics":[{"not_picked":["Astrolabe","Snecko Eye"],"picked":"Coffee Dripper"},{"not_picked":["Mark of Pain","SlaversCollar"],"picked":"Runic Cube"}],"items_purged_floors":[2,4,41,44],"is_endless":false,"potions_floor_spawned":[1,3,10,21,27,28,31,33,35,39,46,47],"killed_by":"Time Eater","ascension_level":20}}