{"host":"8srk5r1dwtmjotwd","time":1609551224,"event":{"mods":["AchievementEnabler","Act Like it!","BaseMod","Bestiary","Colored Map","Colored Powertips","Friendly Minions","GifTheSpireLib","Minty Spire (QoL Compilation)","Quick Restart","Rare Cards Sparkle","StSLib","SuperFastMode","everything is the same but u backflip on backflip","slay the spire mod where everything is the same but ironclad has a cowboy hat"],"gold_per_floor":[112,112,112,128,203,236,150,150,150,174,205,205,220,239,239,239,239],"floor_reached":16,"playtime":1007,"items_purged":[],"score":135,"play_id":"2659f6b2-cf46-4b80-8055-16ec9a730a32","local_time":"20210101203344","is_ascension_mode":false,"campfire_choices":[{"data":"Iron Wave","floor":12,"key":"SMITH"},{"data":"Second Wind","floor":15,"key":"SMITH"}],"circlet_count":0,"master_deck":["Strike_R","Strike_R","Strike_R","Strike_R","Strike_R","Defend_R","Defend_R","Defend_R","Defend_R","Bash","Iron Wave","Iron Wave+1","Heavy Blade","Bandage Up","Injury","Cleave","Second Wind+1","Armaments","Cleave"],"relics":["Burning Blood","NeowsBlessing","WingedGreaves","Golden Idol","Eternal Feather","Omamori"],"acts_visited":["Exordium"],"potions_floor_usage":[10,14,16,16],"damage_taken":[{"damage":0,"enemies":"2 Louse","floor":1,"turns":1},{"damage":0,"enemies":"Small Slimes","floor":4,"turns":1},{"damage":0,"enemies":"Gremlin Nob","floor":6,"turns":1},{"damage":0,"enemies":"Jaw Worm","floor":10,"turns":1},{"damage":39,"enemies":"3 Sentries","floor":11,"turns":7},{"damage":19,"enemies":"Exordium Wildlife","floor":13,"turns":5},{"damage":5,"enemies":"Looter","floor":14,"turns":4},{"damage":69,"enemies":"Hexaghost","floor":16,"turns":14}],"seed_played":"-577973209533850941","potions_obtained":[{"floor":4,"key":"SteroidPotion"},{"floor":11,"key":"ElixirPotion"},{"floor":13,"key":"SkillPotion"},{"floor":14,"key":"ColorlessPotion"}],"is_trial":false,"path_per_floor":["M","?","?","M","?","E","$","?","T","M","E","R","M","M","R","B"],"character_chosen":"IRONCLAD","items_purchased":["Bandage Up"],"campfire_rested":0,"item_purchase_floors":[7],"current_hp_per_floor":[80,80,80,80,69,75,75,75,75,80,51,60,51,56,65,0,0],"gold":239,"neow_bonus":"THREE_ENEMY_KILL","is_daily":false,"chose_seed":false,"campfire_upgraded":2,"win_rate":0.0,"timestamp":1609551224,"path_taken":["M","?","?","M","?","E","$","?","T","M","E","R","M","?","R","BOSS"],"items_purchased_type":["Card"],"build_version":"2020-12-22","purchased_purges":0,"victory":false,"max_hp_per_floor":[80,80,80,80,80,80,80,80,80,80,80,80,80,80,80,80,80],"card_choices":[{"not_picked":["Anger","Fire Breathing"],"picked":"Iron Wave","floor":1},{"not_picked":["Metallicize","Armaments"],"picked":"Iron Wave","floor":4},{"not_picked":["Brutality","Thunderclap"],"picked":"Heavy Blade","floor":6},{"not_picked":["Rupture","Clothesline"],"picked":"Cleave","floor":10},{"not_picked":["Clash","Reckless Charge"],"picked":"Second Wind","floor":11},{"not_picked":["Body Slam","True Grit"],"picked":"Armaments","floor":13},{"not_picked":["Pummel","Iron Wave"],"picked":"Cleave","floor":14}],"player_experience":37828,"relics_obtained":[{"floor":6,"key":"WingedGreaves"},{"floor":9,"key":"Eternal Feather"},{"floor":11,"key":"Omamori"}],"event_choices":[{"damage_healed":0,"gold_gain":0,"player_choice":"Ignored","damage_taken":0,"max_hp_gain":0,"max_hp_loss":0,"event_name":"Golden Wing","floor":2,"gold_loss":0},{"damage_healed":0,"gold_gain":0,"player_choice":"Leave","damage_taken":0,"max_hp_gain":0,"max_hp_loss":0,"event_name":"The Cleric","floor":3,"gold_loss":0},{"damage_healed":0,"gold_gain":75,"player_choice":"Gather Gold","damage_taken":11,"max_hp_gain":0,"max_hp_loss":0,"event_name":"World of Goop","floor":5,"gold_loss":0},{"damage_healed":0,"gold_gain":0,"player_choice":"Take Wound","damage_taken":0,"relics_obtained":["Golden Idol"],"max_hp_gain":0,"max_hp_loss":0,"event_name":"Golden Idol","floor":8,"gold_loss":0,"cards_obtained":["Injury"]}],"is_beta":false,"boss_relics":[],"items_purged_floors":[],"is_endless":false,"potions_floor_spawned":[4,11,13,14],"killed_by":"Hexaghost","ascension_level":0}}