{"host":"q4b0c643vtafhvqv","time":1609578848,"event":{"mods":["BaseMod","Colored Map","Colored Powertips","Minty Spire (QoL Compilation)","Quick Restart","StSLib","The Blue Laboratory","The Cursed","The Forsaken","The Marked"],"gold_per_floor":[415,428,441,460,475,475,503,503,554,587,587,359,370,405,405,505,505,521,151,151,168,179,210,210,235,235,267,281,313,313,323,323,425,425,443,443,443],"floor_reached":38,"playtime":1275,"items_purged":["Strike_R+1"],"score":966,"play_id":"d3030f4f-6fe2-4b02-ba83-ad68714280ff","local_time":"20210102171408","is_ascension_mode":true,"campfire_choices":[{"data":"Cleave","floor":6,"key":"SMITH"},{"data":"Juggernaut","floor":15,"key":"SMITH"},{"data":"Metallicize","floor":24,"key":"SMITH"},{"data":"Juggernaut","floor":32,"key":"SMITH"}],"circlet_count":0,"master_deck":["Strike_R+1","Strike_R+1","Defend_R+1","Defend_R+1","Defend_R+1","Bash+1","Cleave+1","Metallicize+1","Juggernaut+1","Metallicize","Barricade","Metallicize","Juggernaut+1","Metallicize","Juggernaut"],"relics":["Black Blood","theForsaken:Kindling","Red Skull","Darkstone Periapt","Lantern","Lee\u0027s Waffle","Gremlin Horn","Coffee Dripper","PreservedInsect","ClockworkSouvenir","Dream Catcher","theForsaken:HumbleEgg","Centennial Puzzle","TungstenRod","Meat on the Bone","Runic Cube"],"acts_visited":["Exordium","TheCity","TheBeyond"],"potions_floor_usage":[16,18,23,29,33,33,37,37],"damage_taken":[{"damage":3,"enemies":"Jaw Worm","floor":1,"turns":2},{"damage":0,"enemies":"2 Louse","floor":2,"turns":2},{"damage":0,"enemies":"Small Slimes","floor":3,"turns":2},{"damage":4,"enemies":"Blue Slaver","floor":4,"turns":2},{"damage":7,"enemies":"Looter","floor":5,"turns":3},{"damage":3,"enemies":"Gremlin Nob","floor":7,"turns":3},{"damage":9,"enemies":"3 Sentries","floor":10,"turns":5},{"damage":1,"enemies":"2 Fungi Beasts","floor":13,"turns":3},{"damage":0,"enemies":"Lagavulin","floor":14,"turns":5},{"damage":42,"enemies":"Hexaghost","floor":16,"turns":6},{"damage":0,"enemies":"Shell Parasite","floor":18,"turns":3},{"damage":0,"enemies":"Spheric Guardian","floor":21,"turns":4},{"damage":0,"enemies":"Chosen and Byrds","floor":22,"turns":4},{"damage":6,"enemies":"Gremlin Leader","floor":23,"turns":5},{"damage":19,"enemies":"Book of Stabbing","floor":25,"turns":4},{"damage":25,"enemies":"Slavers","floor":27,"turns":3},{"damage":11,"enemies":"Snake Plant","floor":28,"turns":4},{"damage":18,"enemies":"Gremlin Leader","floor":29,"turns":4},{"damage":0,"enemies":"Snecko","floor":31,"turns":4},{"damage":3,"enemies":"Automaton","floor":33,"turns":8},{"damage":4,"enemies":"3 Shapes","floor":35,"turns":5},{"damage":40,"enemies":"Donu and Deca","floor":37,"turns":8}],"seed_played":"-3375632801035005440","potions_obtained":[{"floor":2,"key":"SpeedPotion"},{"floor":5,"key":"Strength Potion"},{"floor":7,"key":"LiquidMemories"},{"floor":14,"key":"blueLaboratory:BottleOfRum"},{"floor":18,"key":"Weak Potion"},{"floor":21,"key":"BloodPotion"},{"floor":27,"key":"blueLaboratory:PhilterOfMotion"},{"floor":29,"key":"Energy Potion"},{"floor":31,"key":"Swift Potion"},{"floor":35,"key":"blueLaboratory:LimitlessPotion"}],"is_trial":false,"path_per_floor":["M","M","M","M","M","R","E","?","T","E","?","$","M","E","R","B",null,"M","$","?","M","M","E","R","E","T","E","M","E","?","M","R","B",null,"M","?","B",null],"character_chosen":"IRONCLAD","items_purchased":["Lee\u0027s Waffle","PreservedInsect","Metallicize","ClockworkSouvenir"],"campfire_rested":0,"item_purchase_floors":[12,19,19,19],"current_hp_per_floor":[80,80,80,80,80,80,80,80,80,80,77,87,87,87,87,57,87,87,87,87,87,87,87,87,80,80,67,68,79,79,87,87,87,87,87,87,59],"gold":443,"neow_bonus":"THREE_CARDS","is_daily":false,"chose_seed":false,"campfire_upgraded":4,"win_rate":0.0,"timestamp":1609578848,"path_taken":["M","M","M","M","M","R","E","?","T","E","?","$","M","E","R","BOSS","M","$","?","M","M","E","R","E","T","E","M","E","?","?","R","BOSS","M","?","BOSS"],"items_purchased_type":["Relic","Relic","Card","Relic"],"build_version":"2020-12-22","purchased_purges":1,"victory":true,"max_hp_per_floor":[80,80,80,80,80,80,80,80,80,80,80,87,87,87,87,87,87,87,87,87,87,87,87,87,87,87,87,87,87,87,87,87,87,87,87,87,87],"card_choices":[{"not_picked":["Sword Boomerang","Flex"],"picked":"Clash","floor":0.0},{"not_picked":["Bloodletting","Clash"],"picked":"Cleave","floor":1},{"not_picked":["Pommel Strike","Clash","Combust"],"picked":"SKIP","floor":2},{"not_picked":["Battle Trance","Iron Wave"],"picked":"Metallicize","floor":3},{"not_picked":["Uppercut","Entrench","Dark Embrace"],"picked":"SKIP","floor":4},{"not_picked":["Combust","Perfected Strike","Rampage"],"picked":"SKIP","floor":5},{"not_picked":["True Grit","Body Slam"],"picked":"Juggernaut","floor":7},{"not_picked":["Shrug It Off","Hemokinesis"],"picked":"Metallicize","floor":10},{"not_picked":["Clothesline","Anger","Seeing Red"],"picked":"SKIP","floor":13},{"not_picked":["Heavy Blade","Sword Boomerang","Anger"],"picked":"SKIP","floor":14},{"not_picked":["Double Tap","Reaper"],"picked":"Barricade","floor":16},{"not_picked":["Clothesline","Sword Boomerang","Headbutt"],"picked":"SKIP","floor":18},{"not_picked":["Flex","Headbutt","Iron Wave"],"picked":"SKIP","floor":21},{"not_picked":["Twin Strike","Seeing Red","Infernal Blade+1"],"picked":"SKIP","floor":22},{"not_picked":["Pummel","True Grit","Armaments+1"],"picked":"SKIP","floor":23},{"not_picked":["Blood for Blood","Headbutt+1","Sword Boomerang+1"],"picked":"SKIP","floor":25},{"not_picked":["Limit Break","Spot Weakness"],"picked":"Juggernaut","floor":27},{"not_picked":["Perfected Strike+1","Bloodletting","Cleave+1"],"picked":"SKIP","floor":28},{"not_picked":["Cleave+1","Carnage","Combust"],"picked":"SKIP","floor":29},{"not_picked":["Infernal Blade","Armaments+1","Dark Embrace"],"picked":"SKIP","floor":31},{"not_picked":["Barricade","Double Tap"],"picked":"Juggernaut","floor":33},{"not_picked":["Fire Breathing","Warcry+1","Thunderclap+1"],"picked":"SKIP","floor":35}],"player_experience":2409,"relics_obtained":[{"floor":7,"key":"theForsaken:Kindling"},{"floor":9,"key":"Red Skull"},{"floor":10,"key":"Darkstone Periapt"},{"floor":14,"key":"Gremlin Horn"},{"floor":23,"key":"Dream Catcher"},{"floor":25,"key":"theForsaken:HumbleEgg"},{"floor":26,"key":"Centennial Puzzle"},{"floor":27,"key":"TungstenRod"},{"floor":29,"key":"Meat on the Bone"}],"event_choices":[{"damage_healed":0,"gold_gain":0,"player_choice":"Success","damage_taken":3,"relics_obtained":["Lantern"],"max_hp_gain":0,"max_hp_loss":0,"event_name":"Scrap Ooze","floor":11,"gold_loss":0},{"damage_healed":0,"gold_gain":0,"player_choice":"Ignored","damage_taken":0,"max_hp_gain":0,"max_hp_loss":0,"event_name":"The Mausoleum","floor":20,"gold_loss":0},{"damage_healed":0,"gold_gain":0,"cards_transformed":["Strike_R"],"player_choice":"Transformed","damage_taken":0,"max_hp_gain":0,"max_hp_loss":0,"event_name":"Transmorgrifier","floor":30,"gold_loss":0,"cards_obtained":["Metallicize"]},{"damage_healed":0,"gold_gain":0,"player_choice":"Took Portal","damage_taken":0,"max_hp_gain":0,"max_hp_loss":0,"event_name":"SecretPortal","floor":36,"gold_loss":0}],"is_beta":false,"boss_relics":[{"not_picked":["Fusion Hammer","theForsaken:PaleLantern"],"picked":"Coffee Dripper"},{"not_picked":["Runic Dome","Cursed Key"],"picked":"Runic Cube"}],"items_purged_floors":[12],"is_endless":false,"potions_floor_spawned":[2,5,7,10,14,18,21,27,29,31,35],"ascension_level":1}}