{"host":"1c52r9kaxdyo25eq","time":1609572613,"event":{"mods":["AchievementEnabler","BaseMod","Minty Spire (QoL Compilation)","Rare Cards Sparkle","SuperFastMode","everything is the same but u backflip on backflip"],"gold_per_floor":[114,130,55,55,55,90,102,138,175,187,209,221,249,271,283,295,295],"floor_reached":16,"playtime":295,"items_purged":["Strike_G"],"score":250,"play_id":"2a92d2c3-c387-4a1d-932e-85cec8311082","local_time":"20210102163013","is_ascension_mode":true,"campfire_choices":[{"data":"Skewer","floor":7,"key":"SMITH"},{"data":"Footwork","floor":10,"key":"SMITH"},{"floor":15,"key":"REST"}],"circlet_count":0,"master_deck":["AscendersBane","Strike_G","Strike_G","Strike_G","Defend_G","Defend_G","Defend_G","Defend_G","Defend_G","Survivor","Neutralize","Skewer+1","Backflip","Tactician","Footwork+1","Decay","Reflex"],"relics":["Ring of the Snake","NeowsBlessing","MawBank","Odd Mushroom"],"acts_visited":["Exordium"],"potions_floor_usage":[16],"damage_taken":[{"damage":0,"enemies":"Jaw Worm","floor":1,"turns":1},{"damage":0,"enemies":"2 Louse","floor":2,"turns":1},{"damage":0,"enemies":"3 Sentries","floor":6,"turns":1},{"damage":9,"enemies":"The Mushroom Lair","floor":8,"turns":6},{"damage":10,"enemies":"Small Slimes","floor":11,"turns":3},{"damage":0,"enemies":"3 Louse","floor":13,"turns":5},{"damage":17,"enemies":"Lots of Slimes","floor":14,"turns":6},{"damage":31,"enemies":"The Guardian","floor":16,"turns":6}],"seed_played":"5438251280169971598","potions_obtained":[{"floor":2,"key":"GamblersBrew"},{"floor":8,"key":"Swift Potion"}],"is_trial":false,"path_per_floor":["M","M","$","?","?","E","R","?","T","R","M","?","M","M","R","B"],"character_chosen":"THE_SILENT","items_purchased":[],"campfire_rested":1,"item_purchase_floors":[],"current_hp_per_floor":[59,59,59,52,52,52,52,43,43,43,33,33,33,16,35,4,4],"gold":295,"neow_bonus":"THREE_ENEMY_KILL","is_daily":false,"chose_seed":false,"campfire_upgraded":2,"win_rate":0.0,"timestamp":1609572613,"path_taken":["M","M","$","?","?","E","R","?","T","R","M","?","M","?","R","BOSS"],"items_purchased_type":[],"build_version":"2020-12-22","purchased_purges":1,"victory":false,"max_hp_per_floor":[66,66,66,66,66,66,66,66,66,66,66,66,66,66,66,66,66],"card_choices":[{"not_picked":["Blade Dance","Flying Knee","Skewer"],"picked":"SKIP","floor":1},{"not_picked":["Blade Dance","Flying Knee"],"picked":"Skewer","floor":1},{"not_picked":["Cloak And Dagger","Leg Sweep"],"picked":"Backflip","floor":2},{"not_picked":["Deadly Poison","Leg Sweep"],"picked":"Tactician","floor":6},{"not_picked":["Outmaneuver","Dagger Spray"],"picked":"Footwork","floor":8},{"not_picked":["Flying Knee","Flechettes","Leg Sweep"],"picked":"SKIP","floor":11},{"not_picked":["Eviscerate","Terror"],"picked":"Reflex","floor":13},{"not_picked":["Footwork","Eviscerate","Noxious Fumes"],"picked":"SKIP","floor":14}],"player_experience":539125,"relics_obtained":[{"floor":6,"key":"MawBank"},{"floor":8,"key":"Odd Mushroom"}],"event_choices":[{"cards_removed":["Strike_G"],"damage_healed":0,"gold_gain":0,"player_choice":"Card Removal","damage_taken":7,"max_hp_gain":0,"max_hp_loss":0,"event_name":"Golden Wing","floor":4,"gold_loss":0},{"damage_healed":0,"gold_gain":0,"player_choice":"Leave","damage_taken":0,"max_hp_gain":0,"max_hp_loss":0,"event_name":"The Cleric","floor":5,"gold_loss":0},{"damage_healed":0,"gold_gain":0,"player_choice":"Fought Mushrooms","damage_taken":0,"max_hp_gain":0,"max_hp_loss":0,"event_name":"Mushrooms","floor":8,"gold_loss":0},{"damage_healed":0,"gold_gain":0,"player_choice":"Cursed","damage_taken":0,"max_hp_gain":0,"max_hp_loss":0,"event_name":"Wheel of Change","floor":12,"gold_loss":0,"cards_obtained":["Decay"]}],"is_beta":false,"boss_relics":[],"items_purged_floors":[3],"is_endless":false,"potions_floor_spawned":[2,8,11],"killed_by":"The Guardian","ascension_level":20}}