{"host":"r6da5kb9dzaaglw2","time":1609612154,"event":{"mods":["AchievementEnabler","BaseMod","Colored Powertips","Duelist Mod","GifTheSpireLib","Minty Spire (QoL Compilation)","StSLib"],"gold_per_floor":[138,151,151,151,151,170,208,208,262,281,281,317,335,335,335,455,455,410,215,215,215,215,215,215,215,215,215,215,215,215,215,215,215,215,215,215,66,66,66,66,66,66,66,66,66,66,66,66,66,66,66,66,66,66,66],"floor_reached":56,"playtime":6684,"items_purged":["Pain"],"score":1390,"play_id":"7c7fe1dd-506b-421b-9d12-39b23135fbc4","local_time":"20210102192914","is_ascension_mode":false,"campfire_choices":[{"data":"theDuelist:FluteKuriboh","floor":8.0,"key":"SMITH"},{"floor":11.0,"key":"RECALL"},{"data":"theDuelist:LightningRodLord","floor":15.0,"key":"SMITH"},{"data":"theDuelist:EarthquakeGiant","floor":32,"key":"SMITH"},{"data":"theDuelist:KamionTimelord","floor":44,"key":"SMITH"},{"data":"theDuelist:AmuletAmbition+1","floor":49,"key":"SMITH"},{"data":"theDuelist:AmuletAmbition+2","floor":52,"key":"SMITH"}],"circlet_count":0,"master_deck":["theDuelist:SpiritHarp","theDuelist:KamionTimelord+1","theDuelist:Sparks","theDuelist:Sparks+1","theDuelist:RainbowKuriboh+1","theDuelist:MillenniumShield","theDuelist:GiantSoldier","theDuelist:DeltaMagnet+1","theDuelist:LightningRodLord+1","theDuelist:CastleWalls","theDuelist:PowerWall+1","theDuelist:EarthquakeGiant+1","theDuelist:Tuningware","theDuelist:GiantSoldier","theDuelist:AssaultArmor+1","theDuelist:ScrapFactory","theDuelist:CastleWalls","theDuelist:BeaverWarrior","theDuelist:Eva","theDuelist:FluteKuriboh+1","theDuelist:AmuletAmbition+3","theDuelist:FinalFlame","theDuelist:CrossAttack","theDuelist:MagnumShield+2","theDuelist:KamionTimelord+1","theDuelist:ImperialOrder+1","theDuelist:ElectromagneticShield+1"],"relics":["theDuelist:MillenniumPuzzle","theDuelist:CardPoolRelic","theDuelist:CardPoolBasicRelic","theDuelist:BoosterPackPoolRelic","theDuelist:CardPoolAddRelic","theDuelist:CardPoolMinusRelic","theDuelist:CardPoolSaveRelic","theDuelist:CardPoolOptionsRelic","NeowsBlessing","Golden Idol","WarpedTongs","Boot","Smiling Mask","Meat on the Bone","Ectoplasm","Runic Capacitor","Molten Egg 2","MutagenicStrength","theDuelist:DuelistOrichalcum","theDuelist:GamblerChip","theDuelist:SummonAnchor","HornCleat","theDuelist:DuelistTeaSet","theDuelist:SolderToken","Question Card","Bronze Scales","Bag of Marbles"],"acts_visited":["Exordium","TheCity","TheBeyond","TheEnding"],"potions_floor_usage":[31,55,55,55],"damage_taken":[{"damage":0.0,"enemies":"Small Slimes","floor":1.0,"turns":1.0},{"damage":0.0,"enemies":"Jaw Worm","floor":2.0,"turns":1.0},{"damage":0.0,"enemies":"Cultist","floor":6.0,"turns":1.0},{"damage":13.0,"enemies":"Lagavulin","floor":7.0,"turns":9.0},{"damage":2.0,"enemies":"Large Slime","floor":10.0,"turns":3.0},{"damage":11.0,"enemies":"3 Sentries","floor":12.0,"turns":9.0},{"damage":1.0,"enemies":"2 Fungi Beasts","floor":13.0,"turns":4.0},{"damage":9.0,"enemies":"Slime Boss","floor":16.0,"turns":10.0},{"damage":4.0,"enemies":"2 Thieves","floor":18.0,"turns":3.0},{"damage":0.0,"enemies":"Shell Parasite","floor":22.0,"turns":1.0},{"damage":1.0,"enemies":"Slavers","floor":25.0,"turns":11.0},{"damage":0.0,"enemies":"Snake Plant","floor":27.0,"turns":4.0},{"damage":0,"enemies":"Snecko","floor":30,"turns":2},{"damage":0,"enemies":"Cultist and Chosen","floor":31,"turns":9},{"damage":0,"enemies":"Automaton","floor":33,"turns":14},{"damage":14,"enemies":"3 Shapes","floor":35,"turns":5},{"damage":0,"enemies":"3 Darklings","floor":38,"turns":4},{"damage":0,"enemies":"Maw","floor":39,"turns":8},{"damage":0,"enemies":"Nemesis","floor":40,"turns":5},{"damage":0,"enemies":"Spire Growth","floor":41,"turns":3},{"damage":0,"enemies":"Reptomancer","floor":42,"turns":5},{"damage":0,"enemies":"Jaw Worm Horde","floor":45,"turns":5},{"damage":0,"enemies":"Nemesis","floor":47,"turns":9},{"damage":19,"enemies":"Awakened One","floor":50,"turns":13},{"damage":1,"enemies":"Shield and Spear","floor":54,"turns":7},{"damage":15,"enemies":"The Heart","floor":55,"turns":10}],"seed_played":"-6889440826903492391","potions_obtained":[{"floor":7.0,"key":"theDuelist:SealedPack"},{"floor":12.0,"key":"theDuelist:BurningPotion"},{"floor":13.0,"key":"theDuelist:MayhemPotion"},{"floor":25.0,"key":"FocusPotion"},{"floor":31,"key":"theDuelist:ElectricPotion"}],"is_trial":false,"path_per_floor":["M","M","?","$","?","M","E","R","T","M","R","E","M","?","R","B",null,"M","$","?","?","M","$","?","E","T","M","?","?","M","M","R","B",null,"M","?","$","M","M","E","M","E","T","R","M","T","E","?","R","B",null,"R","$","E","B",null],"character_chosen":"THE_DUELIST","items_purchased":["Runic Capacitor","theDuelist:SummonAnchor"],"campfire_rested":0,"item_purchase_floors":[19,37],"current_hp_per_floor":[80,80,60,60,60,60,47,47,47,45,45,34,45,29,29,32,80,76,76,76,76,76,76,85,84,84,84,84,84,84,84,84,84,89,75,75,75,75,75,75,75,75,75,75,75,75,75,75,75,56,89,89,89,88,73],"gold":66,"neow_bonus":"THREE_ENEMY_KILL","is_daily":false,"chose_seed":false,"campfire_upgraded":6,"win_rate":0.0,"timestamp":1609612154,"path_taken":["M","M","?","$","?","M","E","R","T","M","R","E","?","?","R","BOSS","M","$","?","?","M","$","?","E","T","M","?","?","M","?","R","BOSS","M","?","$","?","M","E","M","E","T","R","?","?","E","?","R","BOSS","R","$","E","BOSS"],"items_purchased_type":["Relic","Relic"],"build_version":"2020-12-22","purchased_purges":1,"victory":true,"max_hp_per_floor":[80,80,80,80,80,80,80,80,80,80,80,80,80,80,80,80,80,80,80,80,80,80,80,89,89,89,89,89,89,89,89,89,89,89,89,89,89,89,89,89,89,89,89,89,89,89,89,89,89,89,89,89,89,89,89],"card_choices":[{"not_picked":["theDuelist:LightningVortex","theDuelist:OnslaughtFireKings","theDuelist:LegendHeart","theDuelist:ElectromagneticShield"],"picked":"theDuelist:CrossAttack","floor":1.0},{"not_picked":["theDuelist:MeteorDestruction","theDuelist:CombinationAttack","theDuelist:EgoBoost","theDuelist:BerserkerCrush"],"picked":"theDuelist:FluteKuriboh","floor":2.0},{"not_picked":["theDuelist:CoreBlaster","theDuelist:WhiteMagicalHat","theDuelist:Downbeat","theDuelist:ScrapFactory"],"picked":"theDuelist:Tuningware","floor":6.0},{"not_picked":["theDuelist:BattleguardKing","theDuelist:MudGolem","theDuelist:RainbowOverdragon","theDuelist:WingedKuriboh"],"picked":"theDuelist:LightningRodLord","floor":7.0},{"not_picked":["theDuelist:BattleguardKing","theDuelist:EvilswarmHeliotrope","theDuelist:PowerGiant","theDuelist:Hinotama"],"picked":"theDuelist:EarthquakeGiant","floor":10.0},{"not_picked":["theDuelist:GravityLash","theDuelist:Mathematician"],"picked":"theDuelist:AmuletAmbition","floor":12.0},{"not_picked":["theDuelist:SpellShatteringArrow","theDuelist:CoreBlaster","theDuelist:SwordDeepSeated","theDuelist:ScrapFactory","theDuelist:FuryFire"],"picked":"SKIP","floor":13.0},{"not_picked":["theDuelist:YamiForm","theDuelist:SevenCompleted","theDuelist:LightLaser","theDuelist:Mathematician"],"picked":"theDuelist:KamionTimelord","floor":16.0},{"not_picked":["theDuelist:RainbowNeos","theDuelist:HappyLover","theDuelist:Eva","theDuelist:RainbowOverdragon"],"picked":"theDuelist:RainbowKuriboh+1","floor":18.0},{"not_picked":["theDuelist:MiraculousDescent","theDuelist:ImperialOrder","theDuelist:CrystalRaigeki+1","theDuelist:PineappleBlast+1"],"picked":"theDuelist:PowerWall+1","floor":22.0},{"not_picked":["theDuelist:CoreBlaster+1","theDuelist:CombinationAttack+1","theDuelist:Invigoration","theDuelist:Wiretap"],"picked":"theDuelist:Eva","floor":25.0},{"not_picked":["theDuelist:Wildfire+1","theDuelist:SwordsConcealing+1"],"picked":"theDuelist:MillenniumShield","floor":27},{"not_picked":["theDuelist:Tuningware","theDuelist:FrontierWiseman","theDuelist:Graverobber+1","theDuelist:DeltaAttacker"],"picked":"theDuelist:AssaultArmor+1","floor":30},{"not_picked":["theDuelist:EvilswarmHeliotrope+1","theDuelist:Wiretap","theDuelist:Sangan+1","theDuelist:Hinotama+1","theDuelist:UltimateOffering"],"picked":"SKIP","floor":31},{"not_picked":["Blind+1","Chrysalis+1","Deep Breath+1","Discovery"],"picked":"SKIP","floor":35},{"not_picked":["theDuelist:LegendarySword+1","theDuelist:MeteorDestruction+1","theDuelist:Wiretap","theDuelist:ChaosSeed+2"],"picked":"theDuelist:MagnumShield+2","floor":38},{"not_picked":["theDuelist:GravityLash+1","theDuelist:InstantFusion+1"],"picked":"theDuelist:PineappleBlast+1","floor":39},{"not_picked":["theDuelist:Eva","theDuelist:HappyLover+1","theDuelist:RainbowNeos+1","theDuelist:RainbowOverdragon+1"],"picked":"theDuelist:KamionTimelord+1","floor":40},{"not_picked":["theDuelist:CoreBlaster+1","theDuelist:PowerWall+1","theDuelist:Eva","theDuelist:Invigoration","theDuelist:ScrapFactory"],"picked":"SKIP","floor":41},{"not_picked":["theDuelist:FuryFire+1","theDuelist:DarkBurningMagic+1","theDuelist:ElectromagneticShield","theDuelist:Electrowhip+1","theDuelist:VenomShot+1"],"picked":"SKIP","floor":42},{"not_picked":["theDuelist:MiraculousDescent+1","theDuelist:GravityAxe+1","theDuelist:WhiteHowling"],"picked":"theDuelist:ImperialOrder","floor":45},{"not_picked":["theDuelist:MiraculousDescent","theDuelist:ElectromagneticShield","theDuelist:Electrowhip","theDuelist:YamiForm"],"picked":"theDuelist:ImperialOrder+1","floor":47},{"not_picked":["theDuelist:Electrowhip+1","theDuelist:ImperialOrder+1","theDuelist:WhiteHowling+1","theDuelist:MiraculousDescent+1"],"picked":"theDuelist:ElectromagneticShield+1","floor":54}],"player_experience":428779,"relics_obtained":[{"floor":7.0,"key":"Boot"},{"floor":9.0,"key":"Smiling Mask"},{"floor":12.0,"key":"Meat on the Bone"},{"floor":25.0,"key":"theDuelist:DuelistOrichalcum"},{"floor":40,"key":"HornCleat"},{"floor":42,"key":"theDuelist:DuelistTeaSet"},{"floor":43,"key":"theDuelist:SolderToken"},{"floor":46,"key":"Question Card"},{"floor":47,"key":"Bronze Scales"},{"floor":54,"key":"Bag of Marbles"}],"event_choices":[{"damage_healed":0.0,"max_hp_gain":0.0,"max_hp_loss":0.0,"gold_gain":0.0,"event_name":"Golden Idol","player_choice":"Take Damage","floor":3.0,"gold_loss":0.0,"damage_taken":20.0,"relics_obtained":["Golden Idol"]},{"damage_healed":0.0,"max_hp_gain":0.0,"max_hp_loss":0.0,"gold_gain":0.0,"event_name":"Accursed Blacksmith","player_choice":"Rummage","floor":5.0,"gold_loss":0.0,"damage_taken":0.0,"relics_obtained":["WarpedTongs"],"cards_obtained":["Pain"]},{"damage_healed":0.0,"max_hp_gain":0.0,"max_hp_loss":0.0,"gold_gain":0.0,"event_name":"Shining Light","player_choice":"Entered Light","floor":14.0,"gold_loss":0.0,"damage_taken":16.0,"cards_upgraded":["theDuelist:Sparks","theDuelist:AmuletAmbition"]},{"damage_healed":0.0,"max_hp_gain":0.0,"max_hp_loss":0.0,"gold_gain":0.0,"event_name":"The Mausoleum","player_choice":"Opened","floor":20.0,"gold_loss":0.0,"damage_taken":0.0,"relics_obtained":["Molten Egg 2"]},{"damage_healed":0.0,"max_hp_gain":0.0,"max_hp_loss":0.0,"gold_gain":0.0,"event_name":"Drug Dealer","player_choice":"Inject Mutagens","floor":21.0,"gold_loss":0.0,"damage_taken":0.0,"relics_obtained":["MutagenicStrength"]},{"total_magic_score":67.0,"gold_gain":0.0,"duelist":true,"damage_taken":0.0,"relics_obtained":[],"points":13.0,"max_hp_gain":9.0,"max_hp_loss":0.0,"spent_points":{"magic":1.0,"greed":2.0,"war":0.0,"power":0.0,"hunger":4.0},"event_name":"Nameless Tomb","hunger_reward":4.0,"floor":24.0,"gold_loss":0.0,"cards_obtained":[]},{"damage_healed":0,"gold_gain":0,"player_choice":"Delta Electro","duelist":true,"damage_taken":0,"max_hp_gain":0,"max_hp_loss":0,"event_name":"Egyptian Village","floor":28,"gold_loss":0,"cards_obtained":["Delta Electromagnet Warrior"]},{"damage_healed":0,"gold_gain":200,"player_choice":"Gold","damage_taken":0,"max_hp_gain":0,"max_hp_loss":0,"event_name":"Wheel of Change","floor":29,"gold_loss":0},{"damage_healed":0,"gold_gain":0,"player_choice":"Traded Beaver Warrior for Spirit of the Harp","duelist":true,"damage_taken":0,"max_hp_gain":0,"max_hp_loss":0,"event_name":"Card Trader","floor":36,"gold_loss":0},{"cards_removed":["theDuelist:PineappleBlast"],"damage_healed":0,"gold_gain":0,"player_choice":"Removed Attack","damage_taken":0,"max_hp_gain":0,"max_hp_loss":0,"event_name":"Falling","floor":48,"gold_loss":0}],"is_beta":false,"boss_relics":[{"not_picked":["Tiny House","Fusion Hammer"],"picked":"Ectoplasm"},{"not_picked":["SlaversCollar","HoveringKite"],"picked":"theDuelist:GamblerChip"}],"items_purged_floors":[19],"is_endless":false,"potions_floor_spawned":[7,12,13,22,25,30,31,35,39,45,47],"ascension_level":0}}