{"host":"jm9833yuloeli2yd","time":1609626440,"event":{"mods":["AchievementEnabler","BaseMod","Better Altar","Better Match","Better Note","Better Sensory Stone","Better Skull","Better Third Choice","Better Vampires","BetterRewards","Colored Map","Colored Powertips","DeckTracker","Marked Mod","Minty Spire (QoL Compilation)","Permanent Neow","Quick Restart","StSLib","SuperFastMode"],"gold_per_floor":[114,134,54,106,106,136,136,167,194,214,214,225,225,300,300,300,300],"floor_reached":16,"playtime":303,"items_purged":[],"score":316,"play_id":"f522d8b1-a45d-4ba8-805a-2a3c335820eb","local_time":"20210102172720","is_ascension_mode":true,"campfire_choices":[{"floor":7.0,"key":"REST"},{"floor":11.0,"key":"REST"},{"data":"Buffer","floor":15.0,"key":"SMITH"}],"circlet_count":0,"master_deck":["AscendersBane","Strike_B","Strike_B","Strike_B","Strike_B","Defend_B","Defend_B","Defend_B","Defend_B","Zap","Dualcast","Core Surge","Self Repair","Ball Lightning+1","Compile Driver","Genetic Algorithm","Melter","Buffer+1","FTL","Hologram"],"relics":["Cracked Core","Bag of Preparation","Blood Vial","Potion Belt","Golden Idol"],"acts_visited":["Exordium"],"potions_floor_usage":[16,16],"damage_taken":[{"damage":0.0,"enemies":"2 Louse","floor":1.0,"turns":2.0},{"damage":12.0,"enemies":"Jaw Worm","floor":2.0,"turns":2.0},{"damage":29.0,"enemies":"Lagavulin","floor":6.0,"turns":6.0},{"damage":47.0,"enemies":"3 Sentries","floor":8.0,"turns":7.0},{"damage":3.0,"enemies":"Small Slimes","floor":10.0,"turns":3.0},{"damage":1.0,"enemies":"3 Louse","floor":12.0,"turns":3.0},{"damage":43,"enemies":"Hexaghost","floor":16,"turns":7}],"seed_played":"-4012073638426770735","potions_obtained":[{"floor":6.0,"key":"PotionOfCapacity"},{"floor":8.0,"key":"EssenceOfDarkness"},{"floor":12.0,"key":"Dexterity Potion"}],"is_trial":false,"path_per_floor":["M","M","$","?","?","E","R","E","T","M","R","M","?","?","R","B"],"character_chosen":"DEFECT","items_purchased":["Core Surge","Self Repair","Regen Potion","Genetic Algorithm"],"campfire_rested":2,"item_purchase_floors":[0,0,0,3],"current_hp_per_floor":[52,40,40,40,40,33,54,14,14,20,41,49,49,38,38,0,0],"gold":300,"neow_bonus":"","is_daily":false,"chose_seed":false,"campfire_upgraded":1,"win_rate":0.0,"timestamp":1609626440,"path_taken":["M","M","$","?","?","E","R","E","T","M","R","M","?","?","R","BOSS"],"items_purchased_type":["Card","Card","Potion","Card"],"build_version":"2020-12-22","purchased_purges":0,"victory":false,"max_hp_per_floor":[71,71,71,71,71,71,71,71,71,71,71,71,64,64,64,64,64],"card_choices":[{"not_picked":["Sweeping Beam","Turbo"],"picked":"Ball Lightning","floor":1.0},{"not_picked":["Turbo","Rebound"],"picked":"Compile Driver","floor":2.0},{"not_picked":["White Noise","Turbo"],"picked":"Melter","floor":6.0},{"not_picked":["Streamline","Go for the Eyes"],"picked":"Buffer","floor":8.0},{"not_picked":["Go for the Eyes","Sweeping Beam"],"picked":"FTL","floor":10.0},{"not_picked":["Conserve Battery","Darkness"],"picked":"Hologram","floor":12.0}],"player_experience":1242863,"relics_obtained":[{"floor":6.0,"key":"Bag of Preparation"},{"floor":8.0,"key":"Blood Vial"},{"floor":9.0,"key":"Potion Belt"}],"event_choices":[{"damage_healed":0.0,"max_hp_gain":0.0,"max_hp_loss":0.0,"gold_gain":52.0,"event_name":"Golden Wing","player_choice":"Gained Gold","floor":4.0,"gold_loss":0.0,"damage_taken":0.0},{"damage_healed":0.0,"max_hp_gain":0.0,"max_hp_loss":0.0,"gold_gain":0.0,"event_name":"Living Wall","player_choice":"Grow","floor":5.0,"gold_loss":0.0,"damage_taken":0.0,"cards_upgraded":["Ball Lightning"]},{"damage_healed":0.0,"max_hp_gain":0.0,"max_hp_loss":7.0,"gold_gain":0.0,"event_name":"Golden Idol","player_choice":"Lose Max HP","floor":13.0,"gold_loss":0.0,"damage_taken":0.0,"relics_obtained":["Golden Idol"]},{"damage_healed":0.0,"max_hp_gain":1.0,"max_hp_loss":0.0,"gold_gain":75.0,"event_name":"betterThird:BetterGoop","player_choice":"Gold","floor":14.0,"gold_loss":0.0,"damage_taken":11.0}],"is_beta":false,"boss_relics":[],"items_purged_floors":[],"is_endless":false,"potions_floor_spawned":[6,8,12],"killed_by":"Hexaghost","ascension_level":20}}