{"host":"31zwhwtym9x8cse5","time":1609569224,"event":{"mods":["ATMod(°¢èªMod)","Act Like it!","BaseMod","Dota2Spire","Faster Ascension Climbing","Gensokyo","Hallownest","Lobotomy","Minty Spire (QoL Compilation)","Quick Restart","Relic Stats","Replay The Spire","StSLib","The Poker Player","Youmu£¨»êÆÇÑýÃÎ£©","[IsaacMod]ÒÔÈö¼âËþ","¡¾ÒÅÎï¿¨ÅÆ¡¿REMEMod"],"gold_per_floor":[118,118,137,156,8,43,72,84,111,111,137,148,173,208,208,303,303,318,334,193,93,43,77,359,571,571,571,591,622,650,680,680,780,780,798,443,128,143,143,428,117,396,396,525,545,671,671,800,800,1002,1002,1018,1030,1047,1060,349,358,687,280,280,291,306,434,310,644,644,844,844],"floor_reached":67,"playtime":16869,"items_purged":["Strike_G","Defend_G+1","Strike_G","Defend_G+1","Strike_G","Strike_G","Defend_G","All Out Attack"],"score":1941,"play_id":"8bf82d7c-baa6-431a-9c13-3f99f25c6876","local_time":"20210102143344","daily_mods":["Vintage","Heirloom","Time Dilation","Flight","DeadlyEvents","Elite Swarm"],"is_ascension_mode":true,"campfire_choices":[{"data":"REME_GreenPollution","floor":10,"key":"SMITH"},{"data":"Adrenaline","floor":15,"key":"SMITH"},{"data":"REME_ShadowForm","floor":27,"key":"SMITH"},{"data":"Defend_G","floor":32,"key":"PURGE"},{"data":"Envenom","floor":47,"key":"SMITH"},{"data":"Adrenaline","floor":57,"key":"SMITH"},{"floor":66,"key":"DIG"}],"circlet_count":0,"master_deck":["Survivor","Neutralize","REME_GreenPollution+1","Adrenaline+1","AT_EssenceShift","REME_ShadowForm+1","Poison Darts","Adrenaline+1","Noxious Fumes","Envenom+1","ReplayTheSpireMod:Scrap Shanks+1"],"relics":["Ring of the Snake","AT_ATBox","REME_ComplimentaryCards","HushsDoor","TheBean","Byrd Skull","Leech","Dota2Spire:PowerTreads","Dota2Spire:BladeMail","Du-Vu Doll","SharpPlug","Boot","AT_EbonyIvory","Dota2Spire:LotusOrb","Tingsha","The Courier","Simple Rune","Philosopher\u0027s Stone","AT_ChloranthyRing","Mirror","Replay:Ringing Soul","Dota2Spire:AssaultCuirass","Counterbalance","Dota2Spire:PhaseBoots","Dota2Spire:UrnOfShadows","Omamori","DeadEye","ReplayTheSpireMod:Lightbulb","Coffee Dripper","Dota2Spire:MonkeyKingBar","Chemical X","REME_PuzzleBoxRelic","SteamSale","Snake Skull","ReplayTheSpireMod:Ring of Collecting","Ring of Hypnosis","Incense Burner","AT_TheCollector","REME_LimitBreaker","AT_Manta","Dota2Spire:BattleFury","ReplayTheSpireMod:Ring of Addiction","SacredBark","Potion Belt","Dota2Spire:HeartOfTarrasque","Dota2Spire:Satanic","Bag of Preparation","Dota2Spire:MagicBottle","Frozen Egg 2","Dota2Spire:Bloodstone","NineVolt","Strawberry","MealTicket","Onion Ring","CeramicFish","Dota2Spire:MaskOfMadness","Replay:PocketPolymizer","Pear","Replay:Baseball","Replay:Kaleidoscope","SatanicBible","Dota2Spire:OrchidMalevolence","Gremlin Horn","Replay:Multitool","Dota2Spire:AghanimScepter"],"acts_visited":["Exordium","Exordium","Gensokyo:Gensokyoer","Exordium"],"potions_floor_usage":[25,33,33,45,58,61],"damage_taken":[{"damage":18,"enemies":"Jaw Worm","floor":1,"turns":5},{"damage":0,"enemies":"2 Louse","floor":3,"turns":2},{"damage":2,"enemies":"Small Slimes","floor":4,"turns":3},{"damage":4,"enemies":"3 Sentries","floor":6,"turns":4},{"damage":10,"enemies":"Lagavulin","floor":7,"turns":5},{"damage":0,"enemies":"Blue Slaver","floor":8,"turns":3},{"damage":5,"enemies":"3 Sentries","floor":11,"turns":4},{"damage":0,"enemies":"3 Louse","floor":12,"turns":1},{"damage":7,"enemies":"Lagavulin","floor":13,"turns":4},{"damage":1,"enemies":"Replay:BlueRogue","floor":14,"turns":4},{"damage":27,"enemies":"Slime Boss","floor":16,"turns":9},{"damage":0,"enemies":"Gensokyo:CosmicMonolith","floor":18,"turns":2},{"damage":1,"enemies":"Gensokyo:AngelMirror","floor":19,"turns":2},{"damage":14,"enemies":"Gensokyo:Tenshi","floor":23,"turns":4},{"damage":9,"enemies":"Gensokyo:Koishi","floor":24,"turns":3},{"damage":0,"enemies":"Gensokyo:Reisen","floor":25,"turns":5},{"damage":8,"enemies":"Gensokyo:Wraith","floor":28,"turns":4},{"damage":13,"enemies":"Gensokyo:Koishi","floor":29,"turns":4},{"damage":0,"enemies":"Gensokyo:Reisen","floor":30,"turns":3},{"damage":0,"enemies":"Gensokyo:Tenshi","floor":31,"turns":2},{"damage":66,"enemies":"Gensokyo:Eternal_Rivals","floor":33,"turns":8},{"damage":0,"enemies":"Gensokyo:AncientGuardian","floor":35,"turns":4},{"damage":2,"enemies":"Gensokyo:3_Boulders","floor":38,"turns":4},{"damage":7,"enemies":"Gensokyo:Marisa","floor":40,"turns":4},{"damage":0,"enemies":"Gensokyo:Kasen","floor":42,"turns":4},{"damage":0,"enemies":"Gensokyo:Doremy","floor":44,"turns":1},{"damage":2,"enemies":"Gensokyo:4_Bats","floor":45,"turns":2},{"damage":0,"enemies":"Gensokyo:Kasen","floor":46,"turns":2},{"damage":0,"enemies":"Gensokyo:Marisa","floor":48,"turns":2},{"damage":23,"enemies":"Gensokyo:Yuyuko","floor":50,"turns":3},{"damage":0,"enemies":"2 Louse","floor":52,"turns":1},{"damage":0,"enemies":"Jaw Worm","floor":53,"turns":1},{"damage":0,"enemies":"Small Slimes","floor":54,"turns":1},{"damage":0,"enemies":"3 Louse","floor":55,"turns":1},{"damage":0,"enemies":"3 Sentries","floor":58,"turns":1},{"damage":0,"enemies":"Red Slaver","floor":61,"turns":1},{"damage":0,"enemies":"Looter","floor":62,"turns":1},{"damage":0,"enemies":"Gremlin Nob","floor":63,"turns":1},{"damage":0,"enemies":"3 Sentries","floor":65,"turns":2},{"damage":135,"enemies":"LittleHush","floor":67,"turns":6}],"seed_played":"-2786032088405391762","potions_obtained":[{"floor":1,"key":"Block Potion"},{"floor":3,"key":"Energy Potion"},{"floor":7,"key":"REME_GoldPotion"},{"floor":14,"key":"FairyPotion"},{"floor":28,"key":"FearPotion"},{"floor":33,"key":"SpeedPotion"},{"floor":38,"key":"Dota2Spire:HealingSalve"},{"floor":40,"key":"Dota2Spire:Clarity"},{"floor":43,"key":"Languid Potion"},{"floor":43,"key":"ColorlessPotion"},{"floor":48,"key":"ColorlessPotion"},{"floor":61,"key":"Elixir"},{"floor":62,"key":"FairyPotion"}],"is_trial":true,"path_per_floor":["M","?","M","M","$","E","E","M","T","R","E","M","E","E","R","B",null,"M","M","$","$","COS","E","E","E","T","R","M","E","E","E","R","B",null,"M","$","COS","M","?","E","$","E","T","E","M","E","R","E","R","B",null,"M","M","M","M","$","R","E","$","T","M","M","E","$","E","R","B"],"character_chosen":"THE_SILENT","items_purchased":["REME_GreenPollution","Noxious Fumes","Chemical X","REME_PuzzleBoxRelic","AT_TheCollector","REME_LimitBreaker","CeramicFish","Dota2Spire:MaskOfMadness","Replay:PocketPolymizer","Pear","Replay:Baseball","Replay:Kaleidoscope","Replay:Multitool"],"campfire_rested":0,"item_purchase_floors":[5,20,36,36,41,41,56,56,56,56,59,59,64],"current_hp_per_floor":[45,45,47,48,48,48,43,46,46,46,45,46,43,46,46,25,59,61,62,62,62,62,51,45,50,50,50,45,35,38,42,42,12,58,62,62,65,67,67,64,64,67,67,76,76,77,77,79,82,82,80,78,85,85,83,93,96,94,94,94,94,94,94,94,92,92,19,19],"gold":844,"neow_bonus":"","is_daily":false,"chose_seed":false,"campfire_upgraded":5,"win_rate":0.0,"timestamp":1609569224,"path_taken":["M","?","M","M","$","E","E","M","T","R","E","M","E","E","R","BOSS","M","M","$","$","COS","E","E","E","T","R","M","E","E","E","R","BOSS","M","$","COS","M","?","E","$","E","T","E","?","E","R","E","R","BOSS","M","M","M","M","$","R","E","$","T","M","M","E","$","E","R","BOSS"],"items_purchased_type":["Card","Card","Relic","Relic","Relic","Relic","Relic","Relic","Relic","Relic","Relic","Relic","Relic"],"build_version":"2020-12-22","purchased_purges":8,"victory":false,"max_hp_per_floor":[70,70,70,70,70,70,70,70,70,70,70,70,70,70,70,70,70,70,70,70,70,70,70,70,70,70,70,70,70,70,73,73,73,73,73,73,76,76,76,76,76,76,76,84,84,84,84,84,85,85,80,78,85,85,83,93,96,94,94,94,94,94,94,94,92,92,92,92],"relic_stats":{"Gremlin Horn":[3,3],"counters":[40,123],"CeramicFish":9,"Tingsha":[77],"MealTicket":0,"Snake Skull":[302],"Bag of Preparation":[26],"Chemical X":[35],"Boot":[54],"obtain_stats":[{"Dota2Spire:MaskOfMadness":56,"Dota2Spire:PowerTreads":3,"AT_ATBox":0,"NineVolt":52,"Gremlin Horn":62,"CeramicFish":56,"DeadEye":30,"Boot":8,"Leech":1,"SatanicBible":60,"Dota2Spire:MagicBottle":46,"Replay:Ringing Soul":23,"Dota2Spire:Satanic":44,"TheBean":0,"Strawberry":53,"Philosopher\u0027s Stone":17,"MealTicket":54,"Byrd Skull":0,"KeepersGift":0,"Dota2Spire:UrnOfShadows":28,"Pear":56,"Ring of Hypnosis":39,"AT_Manta":42,"Counterbalance":25,"ReplayTheSpireMod:Ring of Addiction":43,"Tingsha":12,"AT_EbonyIvory":9,"Dota2Spire:Bloodstone":51,"Dota2Spire:HeartOfTarrasque":44,"Replay:Kaleidoscope":59,"REME_LimitBreaker":41,"SteamSale":37,"Du-Vu Doll":6,"Replay:Baseball":59,"Dota2Spire:AghanimScepter":66,"AT_TheCollector":41,"ReplayTheSpireMod:Ring of Collecting":39,"Simple Rune":14,"Onion Ring":55,"HushsDoor":0,"Mirror":19,"Dota2Spire:MonkeyKingBar":35,"Dota2Spire:PhaseBoots":26,"Replay:PocketPolymizer":56,"SacredBark":43,"Dota2Spire:OrchidMalevolence":61,"SharpPlug":7,"Snake Skull":38,"Incense Burner":40,"Bag of Preparation":45,"Replay:Multitool":64,"Dota2Spire:LotusOrb":11,"Frozen Eye":24,"Dota2Spire:BladeMail":4,"Dota2Spire:AssaultCuirass":24,"Chemical X":36,"Ring of the Snake":0,"AT_ChloranthyRing":18,"Potion Belt":43,"The Courier":13,"Dota2Spire:BattleFury":43,"Omamori":29,"Frozen Egg 2":48,"Coffee Dripper":34,"REME_PuzzleBoxRelic":36,"ReplayTheSpireMod:Lightbulb":31,"REME_ComplimentaryCards":0},{"Dota2Spire:MaskOfMadness":34,"Dota2Spire:PowerTreads":2,"AT_ATBox":0,"NineVolt":31,"Gremlin Horn":37,"CeramicFish":34,"DeadEye":19,"Boot":6,"Leech":1,"SatanicBible":35,"Dota2Spire:MagicBottle":28,"Replay:Ringing Soul":14,"Dota2Spire:Satanic":26,"TheBean":0,"Strawberry":32,"Philosopher\u0027s Stone":11,"MealTicket":33,"Byrd Skull":0,"KeepersGift":0,"Dota2Spire:UrnOfShadows":17,"Pear":34,"Ring of Hypnosis":23,"AT_Manta":25,"Counterbalance":16,"ReplayTheSpireMod:Ring of Addiction":25,"Tingsha":8,"AT_EbonyIvory":6,"Dota2Spire:Bloodstone":30,"Dota2Spire:HeartOfTarrasque":26,"Replay:Kaleidoscope":35,"REME_LimitBreaker":24,"SteamSale":22,"Du-Vu Doll":4,"Replay:Baseball":35,"Dota2Spire:AghanimScepter":39,"AT_TheCollector":24,"ReplayTheSpireMod:Ring of Collecting":23,"Simple Rune":10,"Onion Ring":34,"HushsDoor":0,"Mirror":13,"Dota2Spire:MonkeyKingBar":22,"Dota2Spire:PhaseBoots":16,"Replay:PocketPolymizer":34,"SacredBark":25,"Dota2Spire:OrchidMalevolence":36,"SharpPlug":5,"Snake Skull":23,"Incense Burner":24,"Bag of Preparation":27,"Replay:Multitool":38,"Dota2Spire:LotusOrb":7,"Frozen Eye":14,"Dota2Spire:BladeMail":3,"Dota2Spire:AssaultCuirass":15,"Chemical X":22,"Ring of the Snake":0,"AT_ChloranthyRing":12,"Potion Belt":25,"The Courier":9,"Dota2Spire:BattleFury":25,"Omamori":18,"Frozen Egg 2":29,"Coffee Dripper":21,"REME_PuzzleBoxRelic":22,"ReplayTheSpireMod:Lightbulb":20,"REME_ComplimentaryCards":0},{"Dota2Spire:MaskOfMadness":111,"Dota2Spire:PowerTreads":7,"AT_ATBox":0,"NineVolt":108,"Gremlin Horn":114,"CeramicFish":111,"DeadEye":71,"Boot":22,"Leech":5,"SatanicBible":112,"Dota2Spire:MagicBottle":102,"Replay:Ringing Soul":52,"Dota2Spire:Satanic":98,"TheBean":0,"Strawberry":109,"Philosopher\u0027s Stone":44,"MealTicket":110,"Byrd Skull":0,"KeepersGift":0,"Dota2Spire:UrnOfShadows":64,"Pear":111,"Ring of Hypnosis":89,"AT_Manta":97,"Counterbalance":60,"ReplayTheSpireMod:Ring of Addiction":97,"Tingsha":27,"AT_EbonyIvory":22,"Dota2Spire:Bloodstone":107,"Dota2Spire:HeartOfTarrasque":98,"Replay:Kaleidoscope":112,"REME_LimitBreaker":93,"SteamSale":85,"Du-Vu Doll":14,"Replay:Baseball":112,"Dota2Spire:AghanimScepter":117,"AT_TheCollector":93,"ReplayTheSpireMod:Ring of Collecting":89,"Simple Rune":35,"Onion Ring":111,"HushsDoor":0,"Mirror":48,"Dota2Spire:MonkeyKingBar":85,"Dota2Spire:PhaseBoots":60,"Replay:PocketPolymizer":111,"SacredBark":97,"Dota2Spire:OrchidMalevolence":113,"SharpPlug":19,"Snake Skull":89,"Incense Burner":93,"Bag of Preparation":100,"Replay:Multitool":115,"Dota2Spire:LotusOrb":26,"Frozen Eye":52,"Dota2Spire:BladeMail":10,"Dota2Spire:AssaultCuirass":55,"Chemical X":85,"Ring of the Snake":0,"AT_ChloranthyRing":46,"Potion Belt":97,"The Courier":31,"Dota2Spire:BattleFury":97,"Omamori":68,"Frozen Egg 2":104,"Coffee Dripper":81,"REME_PuzzleBoxRelic":85,"ReplayTheSpireMod:Lightbulb":73,"REME_ComplimentaryCards":0}],"Ring of the Snake":[80]},"card_choices":[{"not_picked":["Bullet Time","Unload"],"picked":"Adrenaline","floor":6},{"not_picked":["Venomology","Atom Bomb"],"picked":"AT_EssenceShift","floor":7},{"not_picked":["ReplayTheSpireMod:Necrosis","Die Die Die","Glass Knife"],"picked":"SKIP","floor":11},{"not_picked":["Burst","REME_SpectralBlade"],"picked":"REME_ShadowForm","floor":13},{"not_picked":["Venomology","Night Terror"],"picked":"Poison Darts","floor":14},{"not_picked":["ReplayTheSpireMod:From All Sides","Phantasmal Killer"],"picked":"Adrenaline","floor":16},{"not_picked":["REME_SpectralBlade","REME_ShadowForm","AT_MyraUnstableElement"],"picked":"SKIP","floor":23},{"not_picked":["REME_SpectralBlade","REME_ShadowForm","AT_MyraUnstableElement"],"picked":"SKIP","floor":23},{"not_picked":["ReplayTheSpireMod:From All Sides","Bullet Time","Burst"],"picked":"SKIP","floor":24},{"not_picked":["Malaise","Bullet Time","ReplayTheSpireMod:From All Sides"],"picked":"SKIP","floor":25},{"not_picked":["After Image","Die Die Die","Night Terror"],"picked":"SKIP","floor":29},{"not_picked":["After Image","Wraith Form v2","Storm of Steel"],"picked":"SKIP","floor":30},{"not_picked":["ReplayTheSpireMod:From All Sides","Glass Knife"],"picked":"Envenom","floor":31},{"not_picked":["Slice+1","Acrobatics+1","Deflect+1"],"picked":"SKIP","floor":38},{"not_picked":["Slice+1","Acrobatics+1","Deflect+1"],"picked":"SKIP","floor":38},{"not_picked":["REME_GrazeFinale","AT_MyraUnstableElement","After Image"],"picked":"SKIP","floor":40},{"not_picked":["AT_KingSlayer","Atom Bomb","Grand Finale"],"picked":"SKIP","floor":42},{"not_picked":["REME_CopyPotion","Unload","REME_SpectralBlade"],"picked":"SKIP","floor":44},{"not_picked":["After Image","Wraith Form v2","Envenom"],"picked":"SKIP","floor":46},{"not_picked":["After Image+1","Tools of the Trade+1","Unload"],"picked":"SKIP","floor":48},{"not_picked":["Envenom+1","Doppelganger","Phantasmal Killer"],"picked":"SKIP","floor":58},{"not_picked":["Grand Finale","Atom Bomb","Burst"],"picked":"SKIP","floor":63},{"not_picked":["REME_GrazeFinale","Storm of Steel","Bullet Time"],"picked":"SKIP","floor":65}],"player_experience":90874,"relics_obtained":[{"floor":1,"key":"Leech"},{"floor":3,"key":"Dota2Spire:PowerTreads"},{"floor":4,"key":"Dota2Spire:BladeMail"},{"floor":6,"key":"Du-Vu Doll"},{"floor":7,"key":"SharpPlug"},{"floor":8,"key":"Boot"},{"floor":9,"key":"AT_EbonyIvory"},{"floor":11,"key":"Dota2Spire:LotusOrb"},{"floor":12,"key":"Tingsha"},{"floor":13,"key":"The Courier"},{"floor":14,"key":"Simple Rune"},{"floor":18,"key":"AT_ChloranthyRing"},{"floor":19,"key":"Mirror"},{"floor":23,"key":"Replay:Ringing Soul"},{"floor":24,"key":"Dota2Spire:AssaultCuirass"},{"floor":25,"key":"Counterbalance"},{"floor":26,"key":"Dota2Spire:PhaseBoots"},{"floor":28,"key":"Dota2Spire:UrnOfShadows"},{"floor":29,"key":"Omamori"},{"floor":30,"key":"DeadEye"},{"floor":31,"key":"ReplayTheSpireMod:Lightbulb"},{"floor":35,"key":"Dota2Spire:MonkeyKingBar"},{"floor":38,"key":"Snake Skull"},{"floor":39,"key":"ReplayTheSpireMod:Ring of Collecting"},{"floor":39,"key":"Ring of Hypnosis"},{"floor":40,"key":"Incense Burner"},{"floor":42,"key":"AT_Manta"},{"floor":43,"key":"Dota2Spire:BattleFury"},{"floor":43,"key":"ReplayTheSpireMod:Ring of Addiction"},{"floor":43,"key":"SacredBark"},{"floor":43,"key":"Potion Belt"},{"floor":44,"key":"Dota2Spire:Satanic"},{"floor":45,"key":"Bag of Preparation"},{"floor":46,"key":"Dota2Spire:MagicBottle"},{"floor":48,"key":"Frozen Egg 2"},{"floor":52,"key":"NineVolt"},{"floor":53,"key":"Strawberry"},{"floor":54,"key":"MealTicket"},{"floor":55,"key":"Onion Ring"},{"floor":60,"key":"SatanicBible"},{"floor":61,"key":"Dota2Spire:OrchidMalevolence"},{"floor":62,"key":"Gremlin Horn"},{"floor":66,"key":"Dota2Spire:AghanimScepter"}],"event_choices":[{"damage_healed":0,"gold_gain":0,"player_choice":"Ignored","damage_taken":0,"max_hp_gain":0,"max_hp_loss":0,"event_name":"Liars Game","floor":2,"gold_loss":0}],"is_beta":false,"boss_relics":[{"not_picked":["Astrolabe","REME_LowDesire"],"picked":"Philosopher\u0027s Stone"},{"not_picked":[]},{"not_picked":["Black Star","MagicMushroom"],"picked":"Coffee Dripper"},{"not_picked":[]},{"not_picked":["WristBlade","Tiny House"],"picked":"Dota2Spire:Bloodstone"},{"not_picked":[]}],"items_purged_floors":[5,20,21,36,41,51,56,59],"is_endless":true,"potions_floor_spawned":[1,3,7,8,14,18,24,28,30,33,38,40,48,50,52,54,61,62,65],"killed_by":"LittleHush","ascension_level":9}}