{"host":"3iouabftir4t7z56","time":1609599615,"event":{"mods":["2.2 Compatiblity","Act Like it!","BaseMod","Colored Map","Hallownest","Minty Spire (QoL Compilation)","StSLib","The Bug Knight"],"gold_per_floor":[113,38,38,49,66,66,66,66,66,81,96,113,144,154,154,154,154],"floor_reached":16,"playtime":891,"items_purged":[],"score":104,"play_id":"a6745b9a-2b17-43de-bfad-00e3c0dc7cd1","local_time":"20210102160015","is_ascension_mode":false,"campfire_choices":[{"data":"HollowMod:GreatSlash","floor":6,"key":"SMITH"},{"data":"HollowMod:SiblingsShadow","floor":8,"key":"SMITH"},{"floor":15,"key":"REST"}],"circlet_count":0,"master_deck":["HollowMod:NailStrikeStart","HollowMod:NailStrikeStart","HollowMod:NailStrikeStart","HollowMod:NailStrikeStart","HollowMod:QuickDashStart","HollowMod:QuickDashStart","HollowMod:QuickDashStart","HollowMod:QuickDashStart","HollowMod:PogoStrike","HollowMod:CoiledNail","HollowMod:GreatSlash+1","HollowMod:SiblingsShadow+1","HollowMod:VengefulVoid","HollowMod:VoidDash","HollowMod:SharpenedShadows"],"relics":["HollowMod:VesselMask","Hallownest:DreamNailRelic","Gremlin Horn"],"acts_visited":["Hallownest:Greenpath"],"potions_floor_usage":[10,16,16],"damage_taken":[{"damage":0,"enemies":"Hallownest:monsterHuskWarrior","floor":1,"turns":5},{"damage":4,"enemies":"Hallownest:monsterHuskGuard","floor":4,"turns":4},{"damage":0,"enemies":"Hallownest:2_MossCreeps","floor":5,"turns":4},{"damage":15,"enemies":"Hallownest:Guard_and_Warrior","floor":10,"turns":4},{"damage":6,"enemies":"Hallownest:Wandering_and_Horned","floor":11,"turns":3},{"damage":13,"enemies":"Hallownest:MossCreep_and_Mosskin","floor":12,"turns":4},{"damage":27,"enemies":"Hallownest:eliteCrystalGuardian","floor":13,"turns":5},{"damage":6,"enemies":"Hallownest:1_Baldur_1_Crawlid_1_Warrior","floor":14,"turns":3},{"damage":34,"enemies":"Hallownest:BossBrokenVessel","floor":16,"turns":9}],"seed_played":"-2976736208164152282","potions_obtained":[{"floor":1,"key":"Energy Potion"},{"floor":12,"key":"SpeedPotion"},{"floor":14,"key":"BlessingOfTheForge"}],"is_trial":false,"path_per_floor":["M","?","?","M","M","R","$","R","T","M","M","M","E","M","R","B"],"character_chosen":"THE_BUGKNIGHT","items_purchased":[],"campfire_rested":1,"item_purchase_floors":[],"current_hp_per_floor":[75,80,80,76,76,76,76,76,76,61,55,42,15,9,33,0,0],"gold":154,"neow_bonus":"TRANSFORM_CARD","is_daily":false,"chose_seed":false,"campfire_upgraded":2,"win_rate":0.0,"timestamp":1609599615,"path_taken":["M","?","?","M","M","R","$","R","T","M","M","M","E","?","R","BOSS"],"items_purchased_type":[],"build_version":"2020-12-22","purchased_purges":0,"victory":false,"max_hp_per_floor":[75,80,80,80,80,80,80,80,80,80,80,80,80,80,80,80,80],"card_choices":[{"not_picked":["HollowMod:VengefulVoid","HollowMod:InfectedCysts"],"picked":"HollowMod:GreatSlash","floor":1},{"not_picked":["HollowMod:SharpenedNail","HollowMod:SoulShaman"],"picked":"HollowMod:SiblingsShadow","floor":4},{"not_picked":["HollowMod:GoodIntentions","HollowMod:Grubsong","HollowMod:GreatSlash"],"picked":"SKIP","floor":5},{"not_picked":["HollowMod:LifebloodCocoon","HollowMod:InfectedCysts","HollowMod:GoodIntentions"],"picked":"SKIP","floor":10},{"not_picked":["HollowMod:Grubsong","HollowMod:SoulSplash","HollowMod:CloakDash"],"picked":"SKIP","floor":11},{"not_picked":["HollowMod:PureNailStrike","HollowMod:SoulEater"],"picked":"HollowMod:VengefulVoid","floor":12},{"not_picked":["HollowMod:HuntersJournal","HollowMod:SlysStrikes"],"picked":"HollowMod:VoidDash","floor":13},{"not_picked":["HollowMod:CoiledNail","HollowMod:GreatSlash"],"picked":"HollowMod:SharpenedShadows","floor":14}],"player_experience":581221,"relics_obtained":[{"floor":13,"key":"Gremlin Horn"}],"event_choices":[],"is_beta":false,"boss_relics":[],"items_purged_floors":[],"is_endless":false,"potions_floor_spawned":[1,12,14],"killed_by":"Hallownest:BossBrokenVessel","ascension_level":0}}