{"host":"qj91dvco5uhu9oti","time":1609594595,"event":{"mods":["BaseMod","Colored Map","Hermit","Keyboard Shortcuts","Minty Spire (QoL Compilation)","Permanent Neow","Relic Stats","StSLib","SuperFastMode","everything is the same but u backflip on backflip"],"gold_per_floor":[114,129,144,47,62,62,62],"floor_reached":6,"playtime":94,"items_purged":["Defend_B"],"score":38,"play_id":"53a6cd3b-bbc2-47c2-bc3d-7f02fb9429ee","local_time":"20210102223635","daily_mods":["Heirloom","Time Dilation","Lethality"],"is_ascension_mode":false,"campfire_choices":[],"circlet_count":0,"master_deck":["Strike_B","Strike_B","Strike_B","Strike_B","Defend_B","Defend_B","Defend_B","Zap","Dualcast","Sweeping Beam","Go for the Eyes","Cold Snap","Cold Snap","BootSequence"],"relics":["Cracked Core","WingedGreaves"],"acts_visited":["Exordium"],"potions_floor_usage":[],"damage_taken":[{"damage":0.0,"enemies":"Cultist","floor":1.0,"turns":2.0},{"damage":8.0,"enemies":"2 Louse","floor":2.0,"turns":2.0},{"damage":5.0,"enemies":"Jaw Worm","floor":3.0,"turns":2.0},{"damage":13.0,"enemies":"Exordium Thugs","floor":5.0,"turns":3.0},{"damage":0,"enemies":"3 Sentries","floor":6,"turns":1}],"seed_played":"-5051420239723459148","potions_obtained":[{"floor":1.0,"key":"SkillPotion"},{"floor":5,"key":"Energy Potion"}],"is_trial":false,"path_per_floor":["M","M","M","$","M","E"],"character_chosen":"DEFECT","items_purchased":["Cold Snap"],"campfire_rested":0,"item_purchase_floors":[4],"current_hp_per_floor":[75,67,62,62,49,49,49],"gold":62,"neow_bonus":"","is_daily":true,"chose_seed":false,"campfire_upgraded":0,"win_rate":0.0,"timestamp":1609594595,"path_taken":["M","M","M","$","?","E"],"items_purchased_type":["Card"],"build_version":"2020-12-22","purchased_purges":1,"victory":false,"max_hp_per_floor":[75,75,75,75,75,75,75],"relic_stats":{"counters":[5,10],"obtain_stats":[{"WingedGreaves":0,"Cracked Core":0},{"WingedGreaves":0,"Cracked Core":0},{"WingedGreaves":0,"Cracked Core":0}]},"card_choices":[{"not_picked":["Skim","Turbo"],"picked":"Sweeping Beam","floor":1.0},{"not_picked":["Darkness","Aggregate"],"picked":"Go for the Eyes","floor":2.0},{"not_picked":["Undo","Auto Shields"],"picked":"Cold Snap","floor":3.0},{"not_picked":["Compile Driver","Stack"],"picked":"BootSequence","floor":5}],"player_experience":330729,"relics_obtained":[],"event_choices":[],"is_beta":false,"boss_relics":[],"items_purged_floors":[4],"is_endless":false,"potions_floor_spawned":[1,5],"killed_by":"3 Sentries","ascension_level":0}}