{"host":"fawhrnsdtsa3msx1","time":1609600528,"event":{"mods":["AchievementEnabler","BaseMod","Colored Map","DeckTracker","Keyboard Shortcuts","Minty Spire (QoL Compilation)","Permanent Neow","Quick Restart","SuperFastMode"],"gold_per_floor":[109,34,48,65,65,65,92,92,117,144,70,152,132,146,146,242,242,252,252,252],"floor_reached":19,"playtime":575,"items_purged":["Strike_R"],"score":232,"play_id":"3a6f3a7b-4604-4856-961d-fafe344ae02f","local_time":"20210103001528","is_ascension_mode":true,"campfire_choices":[{"data":"Shrug It Off","floor":6,"key":"SMITH"},{"data":"Flex","floor":8,"key":"SMITH"},{"floor":15,"key":"REST"}],"circlet_count":0,"master_deck":["Bash+1","Shrug It Off+1","Twin Strike","Flex+1","Bloodletting","Pummel","Entrench","Sentinel","Body Slam","Feed","Ghostly Armor","Searing Blow","Heavy Blade","Warcry","Immolate","Second Wind","Body Slam"],"relics":["Burning Blood","Lantern","PreservedInsect","Darkstone Periapt","Pandora\u0027s Box"],"acts_visited":["Exordium","TheCity"],"potions_floor_usage":[10,16,16],"damage_taken":[{"damage":1,"enemies":"2 Louse","floor":1,"turns":2},{"damage":6,"enemies":"Cultist","floor":3,"turns":3},{"damage":12,"enemies":"Jaw Worm","floor":4,"turns":2},{"damage":50,"enemies":"Lagavulin","floor":7,"turns":6},{"damage":0,"enemies":"Gremlin Nob","floor":10,"turns":2},{"damage":14,"enemies":"Exordium Thugs","floor":13,"turns":4},{"damage":23,"enemies":"Lots of Slimes","floor":14,"turns":5},{"damage":32,"enemies":"Slime Boss","floor":16,"turns":10},{"damage":27,"enemies":"Chosen","floor":18,"turns":5},{"damage":69,"enemies":"Shell Parasite","floor":19,"turns":7}],"seed_played":"3372739234018976683","potions_obtained":[{"floor":3,"key":"SteroidPotion"},{"floor":7,"key":"EntropicBrew"}],"is_trial":false,"path_per_floor":["M","$","M","M","?","R","E","R","T","E","$","T","M","M","R","B",null,"M","M"],"character_chosen":"IRONCLAD","items_purchased":["Entrench"],"campfire_rested":1,"item_purchase_floors":[11],"current_hp_per_floor":[80,80,80,74,74,74,30,30,30,36,36,36,28,11,35,9,80,62,0,0],"gold":252,"neow_bonus":"UPGRADE_CARD","is_daily":false,"chose_seed":false,"campfire_upgraded":2,"win_rate":0.0,"timestamp":1609600528,"path_taken":["M","$","M","M","?","R","E","R","T","E","?","?","?","M","R","BOSS","M","?"],"items_purchased_type":["Card"],"build_version":"2020-12-22","purchased_purges":1,"victory":false,"max_hp_per_floor":[80,80,80,80,80,80,80,80,80,80,80,80,80,80,80,80,80,83,83,83],"card_choices":[{"not_picked":["Thunderclap","Rage"],"picked":"Shrug It Off","floor":1},{"not_picked":["Seeing Red","Rampage"],"picked":"Twin Strike","floor":3},{"not_picked":["Dark Embrace","Sword Boomerang"],"picked":"Flex","floor":4},{"not_picked":["Reaper","Wild Strike"],"picked":"Pummel","floor":7},{"not_picked":["Rage","Clash","Heavy Blade"],"picked":"SKIP","floor":10},{"not_picked":["Perfected Strike","Combust"],"picked":"Sentinel","floor":13},{"not_picked":["Inflame","Pummel"],"picked":"Body Slam","floor":14},{"not_picked":["Berserk","Juggernaut"],"picked":"Feed","floor":16},{"not_picked":["Thunderclap+1","Perfected Strike","Sever Soul"],"picked":"SKIP","floor":18}],"player_experience":138484,"relics_obtained":[{"floor":7,"key":"Lantern"},{"floor":9,"key":"PreservedInsect"},{"floor":10,"key":"Darkstone Periapt"}],"event_choices":[{"damage_healed":0,"gold_gain":0,"cards_transformed":["Strike_R"],"player_choice":"Transformed","damage_taken":0,"max_hp_gain":0,"max_hp_loss":0,"event_name":"Transmorgrifier","floor":5,"gold_loss":0,"cards_obtained":["Bloodletting"]}],"is_beta":false,"boss_relics":[{"not_picked":["Coffee Dripper","Runic Dome"],"picked":"Pandora\u0027s Box"}],"items_purged_floors":[2],"is_endless":false,"potions_floor_spawned":[3,7],"killed_by":"Shell Parasite","ascension_level":3}}