{"host":"bsr0q4vwro9gxce1","time":1609604982,"event":{"mods":["BaseMod","Colored Map","Keyboard Shortcuts","Minty Spire (QoL Compilation)","StSLib","SuperFastMode"],"gold_per_floor":[17,27,37,37,37,37,54,54,54,68,10,22,38,48,48,125,125,141,141,141],"floor_reached":19,"playtime":678,"items_purged":[],"score":326,"play_id":"fb0289a1-ddec-4584-8f92-5df28657ca6d","local_time":"20210103012942","is_ascension_mode":true,"campfire_choices":[{"data":"Wild Strike","floor":6,"key":"SMITH"},{"floor":8,"key":"REST"},{"data":"Fire Breathing","floor":15,"key":"SMITH"}],"circlet_count":0,"master_deck":["AscendersBane","Bash","Cleave","Flex","Wild Strike+1","Inflame","Shrug It Off","True Grit","Fire Breathing+1","Clothesline","Immolate","Rupture","Limit Break","Fiend Fire","Wild Strike","Rupture","Berserk"],"relics":["Burning Blood","Pantograph","Pandora\u0027s Box"],"acts_visited":["Exordium","TheCity"],"potions_floor_usage":[16,16],"damage_taken":[{"damage":17,"enemies":"Small Slimes","floor":1,"turns":4},{"damage":9,"enemies":"Jaw Worm","floor":2,"turns":4},{"damage":0,"enemies":"2 Louse","floor":3,"turns":3},{"damage":36,"enemies":"Exordium Thugs","floor":7,"turns":6},{"damage":17,"enemies":"3 Louse","floor":10,"turns":2},{"damage":4,"enemies":"2 Fungi Beasts","floor":12,"turns":4},{"damage":14,"enemies":"Exordium Thugs","floor":13,"turns":5},{"damage":7,"enemies":"3 Louse","floor":14,"turns":3},{"damage":27,"enemies":"Hexaghost","floor":16,"turns":9},{"damage":49,"enemies":"Shell Parasite","floor":18,"turns":7},{"damage":28,"enemies":"Spheric Guardian","floor":19,"turns":3}],"seed_played":"-4745818505538830972","potions_obtained":[{"floor":7,"key":"ColorlessPotion"},{"floor":10,"key":"FearPotion"},{"floor":12,"key":"LiquidMemories"}],"is_trial":false,"path_per_floor":["M","M","M","?","?","R","M","R","T","M","$","M","M","M","R","B",null,"M","M"],"character_chosen":"IRONCLAD","items_purchased":["True Grit"],"campfire_rested":1,"item_purchase_floors":[11],"current_hp_per_floor":[57,54,60,53,53,53,23,45,45,34,34,36,28,27,27,31,64,21,0,0],"gold":141,"neow_bonus":"REMOVE_TWO","is_daily":false,"chose_seed":false,"campfire_upgraded":2,"win_rate":0.0,"timestamp":1609604982,"path_taken":["M","M","M","?","?","R","M","R","T","M","?","M","M","M","R","BOSS","M","M"],"items_purchased_type":["Card"],"build_version":"2020-12-22","purchased_purges":0,"victory":false,"max_hp_per_floor":[75,75,75,75,75,75,75,75,75,75,75,75,75,75,75,75,75,75,75,75],"card_choices":[{"not_picked":["Heavy Blade","Clash"],"picked":"Cleave","floor":1},{"not_picked":["Reckless Charge","Havoc"],"picked":"Flex","floor":2},{"not_picked":["Shrug It Off","Body Slam"],"picked":"Wild Strike","floor":3},{"not_picked":["Dual Wield","Seeing Red"],"picked":"Inflame","floor":7},{"not_picked":["Perfected Strike","Cleave"],"picked":"Shrug It Off","floor":10},{"not_picked":["Rupture","Iron Wave","Thunderclap"],"picked":"SKIP","floor":12},{"not_picked":["Dark Embrace","Iron Wave"],"picked":"Fire Breathing","floor":13},{"not_picked":["Reckless Charge","Thunderclap"],"picked":"Clothesline","floor":14},{"not_picked":["Juggernaut","Reaper"],"picked":"Immolate","floor":16},{"not_picked":["Wild Strike","Infernal Blade","Clothesline"],"picked":"SKIP","floor":18}],"player_experience":1262716,"relics_obtained":[{"floor":9,"key":"Pantograph"}],"event_choices":[{"cards_removed":["Strike_R"],"damage_healed":0,"gold_gain":0,"player_choice":"Card Removal","damage_taken":7,"max_hp_gain":0,"max_hp_loss":0,"event_name":"Golden Wing","floor":4,"gold_loss":0},{"damage_healed":0,"gold_gain":0,"player_choice":"Leave","damage_taken":0,"max_hp_gain":0,"max_hp_loss":0,"event_name":"The Cleric","floor":5,"gold_loss":0}],"is_beta":false,"boss_relics":[{"not_picked":["Runic Dome","SacredBark"],"picked":"Pandora\u0027s Box"}],"items_purged_floors":[],"is_endless":false,"potions_floor_spawned":[7,10,12,14],"killed_by":"Spheric Guardian","ascension_level":20}}