{"host":"csp9nt53rootlkah","time":1609595643,"event":{"mods":["Act Like it!","BaseMod","Colored Powertips","Friendly Minions","Gensokyo","Highlight Path","Minty Spire (QoL Compilation)","Quick Restart","Replay The Spire","StSLib","TestMod","The Factory","The Jungle","The Marked","UnlockEverythingMod","【遗物卡牌】REMEMod"],"gold_per_floor":[110,110,35,135,135,135,162,162,162,162,88,119,144,174,174,284,284,308,308,308,349,549,571,571,599,670,318,318,340,371,371,371,400,400,412,412],"floor_reached":35,"playtime":1457,"items_purged":["Hallucinations","Pain","theMarked:Strike"],"score":361,"play_id":"e920d919-8cfb-4bef-9c60-8c5187dc0b38","local_time":"20210102215403","is_ascension_mode":false,"campfire_choices":[{"data":"Devotion","floor":6.0,"key":"SMITH"},{"data":"theMarked:SoldierOfQuellstein","floor":8.0,"key":"SMITH"},{"data":"theMarked:TwofoldDefense","floor":10.0,"key":"SMITH"},{"floor":15.0,"key":"DIG"},{"data":"theMarked:SoldierForm","floor":24,"key":"SMITH"},{"data":"theMarked:Parry","floor":28,"key":"SMITH"},{"floor":34,"key":"DIG"}],"circlet_count":0,"master_deck":["theMarked:Strike","theMarked:Strike","theMarked:Strike","theMarked:Strike","theMarked:Defend","theMarked:Defend","theMarked:Defend","theMarked:Defend","theMarked:SoldierOfQuellstein+1","Devotion+1","theMarked:TwofoldDefense+1","theMarked:Parry+1","theMarked:SwordAndMagic","theMarked:Electrocute","theMarked:SoldierForm+1","theMarked:EmpowerWeapon"],"relics":["theMarked:ArtifactOfAir","testmod-TestBox","REME_ComplimentaryCards","testmod-AssaultLearning","NeowsBlessing","ReplayTheSpireMod:Ring of Sloth","Ring of Misfortune","Gensokyo:LunaticRedEyes","Smiling Mask","testmod-Motorcycle","Replay:Bandana","Art of War","Bag of Marbles","Replay:Fungal Core","Red Mask","Letter Opener","ClockworkSouvenir","Omamori","Nunchaku"],"acts_visited":["Gensokyo:Gensokyo","TheCity"],"potions_floor_usage":[30,35],"damage_taken":[{"damage":0.0,"enemies":"Gensokyo:Python","floor":1.0,"turns":1.0},{"damage":0.0,"enemies":"Gensokyo:Aya","floor":7.0,"turns":1.0},{"damage":0.0,"enemies":"Gensokyo:Mamizou","floor":12.0,"turns":2.0},{"damage":0.0,"enemies":"Gensokyo:2_Kodama","floor":14.0,"turns":2.0},{"damage":0.0,"enemies":"Gensokyo:Reimu","floor":16.0,"turns":6.0},{"damage":0.0,"enemies":"Chosen","floor":18.0,"turns":4.0},{"damage":19.0,"enemies":"Masked Bandits","floor":21.0,"turns":6.0},{"damage":16,"enemies":"3 Byrds","floor":23,"turns":7},{"damage":16,"enemies":"Sentry and Sphere","floor":25,"turns":4},{"damage":0,"enemies":"Snake Plant","floor":29,"turns":3},{"damage":2,"enemies":"Centurion and Healer","floor":30,"turns":8},{"damage":4,"enemies":"Chosen and Byrds","floor":33,"turns":4},{"damage":15,"enemies":"Pondfish","floor":35,"turns":4}],"seed_played":"-5633297423021466073","potions_obtained":[{"floor":7.0,"key":"Energy Potion"},{"floor":14.0,"key":"Strength Potion"},{"floor":23,"key":"LiquidMemories"},{"floor":30,"key":"SkillPotion"},{"floor":33,"key":"BlessingOfTheForge"}],"is_trial":false,"path_per_floor":["M","?","$","?","?","R","E","R","T","R","$","E","T","M","R","B",null,"M","?","?","?","?","M","R","M","T","$","R","M","M","PTL","PTL","M","R","B"],"character_chosen":"THE_DEFAULT","items_purchased":["theMarked:Parry","ClockworkSouvenir","Omamori"],"campfire_rested":0,"item_purchase_floors":[11,27,27],"current_hp_per_floor":[70,70,70,70,70,70,70,70,70,70,70,70,70,70,70,70,70,70,70,70,51,51,35,35,19,19,19,19,19,17,17,17,13,13,0,0],"gold":412,"neow_bonus":"THREE_ENEMY_KILL","is_daily":false,"chose_seed":false,"campfire_upgraded":5,"win_rate":0.0,"timestamp":1609595643,"path_taken":["M","?","$","?","?","R","E","R","T","R","?","E","?","M","R","BOSS","M","?","?","?","?","M","R","?","T","?","R","M","?","PTL","PTL","M","R","BOSS"],"items_purchased_type":["Card","Relic","Relic"],"build_version":"2020-12-22","purchased_purges":3,"victory":false,"max_hp_per_floor":[70,70,70,70,70,70,70,70,70,70,70,70,70,70,70,70,70,70,70,70,70,70,70,70,70,70,70,70,70,70,70,70,70,70,70,70],"card_choices":[{"not_picked":["theMarked:LightningStrikesTwice","theMarked:HeightenedSenses","theMarked:WastefulAttack"],"picked":"SKIP","floor":1.0},{"not_picked":["theMarked:WastefulDefense","theMarked:Seal"],"picked":"theMarked:TwofoldDefense","floor":7.0},{"not_picked":["theMarked:BanishingStrike","theMarked:LightningStrikesTwice"],"picked":"theMarked:SwordAndMagic","floor":12.0},{"not_picked":["theMarked:Frustration","theMarked:TakeCover"],"picked":"theMarked:Electrocute","floor":14.0},{"not_picked":["theMarked:FavorableWinds","theMarked:SummonStrength"],"picked":"theMarked:SoldierForm","floor":16.0},{"not_picked":["theMarked:PowerFlow+1","theMarked:TwofoldDefense","theMarked:ReduceFriction"],"picked":"SKIP","floor":18.0},{"not_picked":["theMarked:EmpowerWeapon","theMarked:WastefulDefense","theMarked:CreepingChasm"],"picked":"SKIP","floor":23},{"not_picked":["theMarked:RogueSparks","theMarked:KeepCalmAndFightOn","theMarked:DeterminationOfTheMarked"],"picked":"SKIP","floor":25},{"not_picked":["theMarked:Defy","theMarked:Static","theMarked:TunnelVision"],"picked":"SKIP","floor":29},{"not_picked":["theMarked:ChainLightning","theMarked:Indomitable","theMarked:WastefulAttack"],"picked":"SKIP","floor":30},{"not_picked":["theMarked:Aftermath","theMarked:Parkour","theMarked:Panic"],"picked":"SKIP","floor":33}],"player_experience":115836,"relics_obtained":[{"floor":2.0,"key":"ReplayTheSpireMod:Ring of Sloth"},{"floor":2.0,"key":"Ring of Misfortune"},{"floor":7.0,"key":"Smiling Mask"},{"floor":9.0,"key":"testmod-Motorcycle"},{"floor":12.0,"key":"Replay:Bandana"},{"floor":13.0,"key":"Art of War"},{"floor":15.0,"key":"Bag of Marbles"},{"floor":21.0,"key":"Red Mask"},{"floor":26,"key":"Letter Opener"},{"floor":34,"key":"Nunchaku"}],"event_choices":[{"damage_healed":0.0,"max_hp_gain":0.0,"max_hp_loss":0.0,"gold_gain":0.0,"event_name":"给自己的盒子","player_choice":"Ignored","floor":19.0,"gold_loss":0.0,"damage_taken":0.0},{"damage_healed":0.0,"max_hp_gain":0.0,"max_hp_loss":0.0,"gold_gain":0.0,"event_name":"The Library","player_choice":"Read","floor":20.0,"gold_loss":0.0,"damage_taken":0.0,"cards_obtained":["theMarked:EmpowerWeapon"]},{"damage_healed":0.0,"max_hp_gain":0.0,"max_hp_loss":0.0,"gold_gain":0.0,"event_name":"Masked Bandits","player_choice":"Fought Bandits","floor":21.0,"gold_loss":0.0,"damage_taken":0.0},{"damage_healed":0.0,"max_hp_gain":0.0,"max_hp_loss":0.0,"gold_gain":200.0,"event_name":"Wheel of Change","player_choice":"Gold","floor":22.0,"gold_loss":0.0,"damage_taken":0.0}],"is_beta":false,"boss_relics":[{"not_picked":["Tiny House","testmod-EnergyCheck"],"picked":"Replay:Fungal Core"}],"items_purged_floors":[3,11,27],"is_endless":false,"potions_floor_spawned":[7,14,23,29,30,33],"killed_by":"Pondfish","ascension_level":0}}