{"host":"newqdrzxfhh2im9e","time":1609554738,"event":{"mods":["AchievementEnabler","BaseMod","BetterRewards","Block Reminder","Colored Map","Jorbs\u0027s Wanderer Trilogy","Minty Spire (QoL Compilation)","Rare Cards Sparkle","Shop Mod","StSLib"],"gold_per_floor":[110,15,35,51,51,51,77,77,103,103,103,122,139,157,157,157,157],"floor_reached":16,"playtime":1331,"items_purged":[],"score":128,"play_id":"b41cc99b-d89f-42b3-bc99-11c0a6dce477","local_time":"20210101183218","is_ascension_mode":true,"campfire_choices":[{"data":"Scrape","floor":6,"key":"SMITH"},{"data":"Thunder Strike","floor":8,"key":"SMITH"},{"data":"Hello World","floor":10,"key":"SMITH"},{"floor":15,"key":"REST"}],"circlet_count":0,"master_deck":["Strike_B","Strike_B","Strike_B","Strike_B","Defend_B","Defend_B","Defend_B+1","Defend_B","Zap","Dualcast","Hello World+1","Ball Lightning","Capacitor","Cold Snap+1","Scrape+1","Thunder Strike+1","Heatsinks","Chill","Cold Snap"],"relics":["Cracked Core","NeowsBlessing","Bronze Scales","Nunchaku"],"acts_visited":["Exordium"],"potions_floor_usage":[7,14],"damage_taken":[{"damage":0,"enemies":"Cultist","floor":1,"turns":1},{"damage":0,"enemies":"Jaw Worm","floor":3,"turns":1},{"damage":0,"enemies":"Small Slimes","floor":4,"turns":1},{"damage":26,"enemies":"Lagavulin","floor":7,"turns":5},{"damage":15,"enemies":"3 Louse","floor":12,"turns":3},{"damage":2,"enemies":"2 Fungi Beasts","floor":13,"turns":4},{"damage":0,"enemies":"Exordium Thugs","floor":14,"turns":4},{"damage":43,"enemies":"Slime Boss","floor":16,"turns":7}],"seed_played":"-6794452843833959725","potions_obtained":[{"floor":4,"key":"FearPotion"},{"floor":13,"key":"SkillPotion"}],"is_trial":false,"path_per_floor":["M","$","M","M","$","R","E","R","T","R","?","M","M","M","R","B"],"character_chosen":"DEFECT","items_purchased":["Ball Lightning","Capacitor"],"campfire_rested":1,"item_purchase_floors":[2,2],"current_hp_per_floor":[75,75,75,75,75,75,49,49,49,49,34,19,17,17,39,0,0],"gold":157,"neow_bonus":"THREE_ENEMY_KILL","is_daily":false,"chose_seed":false,"campfire_upgraded":3,"win_rate":0.0,"timestamp":1609554738,"path_taken":["M","?","?","M","$","R","E","R","T","R","?","M","M","M","R","BOSS"],"items_purchased_type":["Card","Card"],"build_version":"2020-12-22","purchased_purges":0,"victory":false,"max_hp_per_floor":[75,75,75,75,75,75,75,75,75,75,75,75,75,75,75,75,75],"card_choices":[{"not_picked":["Ball Lightning","Glacier"],"picked":"Hello World","floor":1},{"not_picked":["Hologram","Turbo"],"picked":"Cold Snap","floor":3},{"not_picked":["Go for the Eyes","Barrage"],"picked":"Scrape","floor":4},{"not_picked":["Auto Shields","Static Discharge"],"picked":"Thunder Strike","floor":7},{"not_picked":["Fusion","Coolheaded"],"picked":"Heatsinks","floor":12},{"not_picked":["Capacitor","Blizzard"],"picked":"Chill","floor":13},{"not_picked":["Compile Driver","Reinforced Body"],"picked":"Cold Snap","floor":14}],"player_experience":669650,"relics_obtained":[{"floor":7,"key":"Bronze Scales"},{"floor":9,"key":"Nunchaku"}],"event_choices":[{"damage_healed":0,"gold_gain":0,"player_choice":"Entered Light","damage_taken":15,"max_hp_gain":0,"max_hp_loss":0,"event_name":"Shining Light","floor":11,"gold_loss":0,"cards_upgraded":["Defend_B","Cold Snap"]}],"is_beta":false,"boss_relics":[],"items_purged_floors":[],"is_endless":false,"potions_floor_spawned":[4,13],"killed_by":"Slime Boss","ascension_level":5}}