{"host":"y89x8uui45kcjy42","time":1609587541,"event":{"mods":["2.2 Compatiblity","BaseMod","CapriCore","Colored Map","Colored Powertips","Custom Start","Friendly Minions","Keyboard Shortcuts","Minty Spire (QoL Compilation)","Relic Stats","Slay the Relics Exporter","StSLib","SuperFastMode"],"gold_per_floor":[110,121,136,154,79,79,34,34,34,46,68,80,108,132,144,156,156],"floor_reached":16,"playtime":277,"items_purged":["Strike_B"],"score":188,"play_id":"fdfa68a9-cc9e-4802-b900-69be095c58a0","local_time":"20210102203901","is_ascension_mode":true,"campfire_choices":[{"data":"Zap","floor":6,"key":"SMITH"},{"data":"Barrage","floor":8,"key":"SMITH"},{"data":"Dualcast","floor":10,"key":"SMITH"},{"data":"Ball Lightning","floor":15,"key":"SMITH"}],"circlet_count":0,"master_deck":["AscendersBane","Strike_B","Strike_B","Defend_B","Defend_B","Defend_B","Defend_B","Zap+1","Dualcast+1","Hologram","Barrage+1","Ball Lightning+1","Glacier","Self Repair"],"relics":["Cracked Core","NeowsBlessing","MawBank"],"acts_visited":["Exordium"],"potions_floor_usage":[16,16,16],"damage_taken":[{"damage":0,"enemies":"Jaw Worm","floor":1,"turns":1},{"damage":0,"enemies":"Small Slimes","floor":2,"turns":1},{"damage":0,"enemies":"2 Louse","floor":3,"turns":1},{"damage":21,"enemies":"Red Slaver","floor":4,"turns":4},{"damage":20,"enemies":"Gremlin Gang","floor":11,"turns":3},{"damage":0,"enemies":"Large Slime","floor":13,"turns":5},{"damage":8,"enemies":"Lots of Slimes","floor":14,"turns":4},{"damage":22,"enemies":"Hexaghost","floor":16,"turns":9}],"seed_played":"-5929951966872179964","potions_obtained":[{"floor":3,"key":"Ancient Potion"},{"floor":13,"key":"EntropicBrew"}],"is_trial":false,"path_per_floor":["M","M","M","M","$","R","?","R","T","R","M","?","M","M","R","B"],"character_chosen":"DEFECT","items_purchased":[],"campfire_rested":0,"item_purchase_floors":[],"current_hp_per_floor":[64,64,64,43,43,43,43,43,43,43,23,16,23,22,22,0,0],"gold":156,"neow_bonus":"THREE_ENEMY_KILL","is_daily":false,"chose_seed":false,"campfire_upgraded":4,"win_rate":0.0,"timestamp":1609587541,"path_taken":["M","M","M","M","$","R","?","R","T","R","M","?","M","M","R","BOSS"],"items_purchased_type":[],"build_version":"2020-12-22","purchased_purges":1,"victory":false,"max_hp_per_floor":[71,71,71,71,71,71,71,71,71,71,71,71,71,71,71,71,71],"relic_stats":{"counters":[8,28],"MawBank":84,"obtain_stats":[{"NeowsBlessing":0,"Cracked Core":0,"MawBank":9},{"NeowsBlessing":0,"Cracked Core":0,"MawBank":4},{"NeowsBlessing":0,"Cracked Core":0,"MawBank":7}]},"card_choices":[{"not_picked":["Static Discharge","Glacier"],"picked":"Hologram","floor":1},{"not_picked":["Conserve Battery","BootSequence"],"picked":"Barrage","floor":2},{"not_picked":["Static Discharge","Scrape"],"picked":"Ball Lightning","floor":3},{"not_picked":["Compile Driver","Streamline"],"picked":"Glacier","floor":4},{"not_picked":["Gash","Streamline"],"picked":"Self Repair","floor":11},{"not_picked":["Leap","Streamline","Reprogram"],"picked":"SKIP","floor":13},{"not_picked":["Streamline","Beam Cell","Glacier"],"picked":"SKIP","floor":14}],"player_experience":541841,"relics_obtained":[{"floor":9,"key":"MawBank"}],"event_choices":[{"damage_healed":0,"gold_gain":0,"player_choice":"Left Gold","damage_taken":0,"max_hp_gain":0,"max_hp_loss":0,"event_name":"World of Goop","floor":7,"gold_loss":45},{"cards_removed":["Strike_B"],"damage_healed":0,"gold_gain":0,"player_choice":"Card Removal","damage_taken":7,"max_hp_gain":0,"max_hp_loss":0,"event_name":"Golden Wing","floor":12,"gold_loss":0}],"is_beta":false,"boss_relics":[],"items_purged_floors":[5],"is_endless":false,"potions_floor_spawned":[3,13],"killed_by":"Hexaghost","ascension_level":20}}