{"host":"ek3xvuouaw6vk9if","time":1609558999,"event":{"mods":["BaseMod","BetterRewards","Minty Spire (QoL Compilation)","Permanent Neow","Quick Restart","Replay The Spire","StSLib","The Disciple"],"gold_per_floor":[117,130,145,155,169,169,202,202,202,218,218,105,105,123,123,220,220,235,205,223,235,110,110,129,129,129],"floor_reached":25,"playtime":2411,"items_purged":["Strike_R","Strike_Br"],"score":207,"play_id":"2b7d17ef-e780-4515-9119-1754f31d0048","local_time":"20210101224319","is_ascension_mode":false,"campfire_choices":[{"data":"ResonantCall","floor":6,"key":"SMITH"},{"data":"WindUp","floor":6,"key":"SMITH"},{"data":"ReapSow","floor":8,"key":"SMITH"},{"data":"ReapSow","floor":8,"key":"SMITH"},{"floor":11,"key":"REST"},{"data":"Echoward","floor":15,"key":"SMITH"},{"data":"ExoVibe","floor":15,"key":"SMITH"},{"floor":23,"key":"REST"}],"circlet_count":0,"master_deck":["Strike_Br","Strike_Br","Defend_Br","Defend_Br","Defend_Br","Defend_Br","SecondHand","PatternShift","ReapSow+14","LockedAnchor","WindUp+1","ResonantCall+1","ReapSow+7","Analog","CrunchTime+1","ExoVibe+7","FormalWear+1","Echoward+1","LockedLightning","BiteCommand+1","LockedThread","LockedWarPaint","CrunchTime+1"],"relics":["Chronometer","Replay:Arrowhead","Blue Doll","Replay:Bottled Snecko","Empty Cage"],"acts_visited":["Exordium","TheCity"],"potions_floor_usage":[7,10,16,16,25],"damage_taken":[{"damage":1,"enemies":"Cultist","floor":1,"turns":4},{"damage":1,"enemies":"Jaw Worm","floor":2,"turns":4},{"damage":0,"enemies":"2 Louse","floor":3,"turns":3},{"damage":8,"enemies":"Lots of Slimes","floor":4,"turns":5},{"damage":1,"enemies":"2 Fungi Beasts","floor":5,"turns":3},{"damage":34,"enemies":"Lagavulin","floor":7,"turns":8},{"damage":16,"enemies":"Exordium Thugs","floor":10,"turns":4},{"damage":9,"enemies":"3 Louse","floor":14,"turns":3},{"damage":2,"enemies":"Slime Boss","floor":16,"turns":9},{"damage":13,"enemies":"Spheric Guardian","floor":18,"turns":5},{"damage":23,"enemies":"3 Byrds","floor":20,"turns":6},{"damage":24,"enemies":"Snake Plant","floor":21,"turns":4},{"damage":10,"enemies":"Cultist and Chosen","floor":24,"turns":8},{"damage":17,"enemies":"Centurion and Healer","floor":25,"turns":2}],"seed_played":"-4261063141021803584","potions_obtained":[{"floor":3,"key":"Adrenaline Potion"},{"floor":4,"key":"Ancient Potion"},{"floor":10,"key":"EssenceOfSteel"},{"floor":14,"key":"Toxic Potion"},{"floor":19,"key":"Energy Potion"},{"floor":19,"key":"CultistPotion"},{"floor":21,"key":"ColorlessPotion"},{"floor":24,"key":"Strength Potion"}],"is_trial":false,"path_per_floor":["M","M","M","M","M","R","E","R","T","M","R","$","?","M","R","B",null,"M","?","M","M","$","R","M","M"],"character_chosen":"CHRONO_CLASS","items_purchased":["CrunchTime+1","ExoVibe","CrunchTime+1"],"campfire_rested":2,"item_purchase_floors":[12,12,22],"current_hp_per_floor":[64,63,63,55,54,54,20,20,20,4,23,23,23,14,14,12,65,52,52,29,5,5,24,14,0,0],"gold":129,"neow_bonus":"ONE_RARE_RELIC","is_daily":false,"chose_seed":false,"campfire_upgraded":6,"win_rate":0.0,"timestamp":1609558999,"path_taken":["M","M","?","M","?","R","E","R","T","M","R","$","?","M","R","BOSS","M","?","M","M","$","R","M","?"],"items_purchased_type":["Card","Card","Card"],"build_version":"2020-12-22","purchased_purges":2,"victory":false,"max_hp_per_floor":[65,65,65,65,65,65,65,65,65,65,65,65,65,65,65,65,65,65,65,65,65,65,65,65,65,65],"card_choices":[{"not_picked":["LockedMedicine","Engulf"],"picked":"ReapSow","floor":1},{"not_picked":["LockedAnchor","VestedLegacy"],"picked":"Accruing","floor":2},{"not_picked":["HandsUpC","HandsUpB"],"picked":"LockedAnchor","floor":3},{"not_picked":["LockedPlans","AlternateTimeline"],"picked":"WindUp","floor":4},{"not_picked":["ExoVibe","LockedOrichalcum"],"picked":"ResonantCall","floor":5},{"not_picked":["Break","LockedUrn"],"picked":"ReapSow","floor":7},{"not_picked":["OldTimer","LockedScales"],"picked":"Analog","floor":10},{"not_picked":["Tempo","Parity"],"picked":"Echoward","floor":14},{"not_picked":["OracleForm","Pendulum"],"picked":"LockedLightning","floor":16},{"not_picked":["Engulf","Accruing"],"picked":"BiteCommand+1","floor":18},{"not_picked":["HandsUpC","LockedUrn"],"picked":"LockedThread","floor":20},{"not_picked":["Engulf","Parity+1"],"picked":"LockedWarPaint","floor":21},{"not_picked":["HandsUpB","Tempo","Echoward"],"picked":"SKIP","floor":24}],"player_experience":503120,"relics_obtained":[{"floor":7,"key":"Blue Doll"},{"floor":9,"key":"Replay:Bottled Snecko"}],"event_choices":[{"damage_healed":0,"gold_gain":0,"player_choice":"Bought 2 Potions","damage_taken":0,"max_hp_gain":0,"max_hp_loss":0,"event_name":"The Woman in Blue","floor":19,"gold_loss":0}],"is_beta":false,"boss_relics":[{"not_picked":["Replay:Drink Me","Abe\u0027s Treasure"],"picked":"Empty Cage"}],"items_purged_floors":[12,22],"is_endless":false,"potions_floor_spawned":[3,4,10,14,21,24],"killed_by":"Centurion and Healer","ascension_level":0}}