{"host":"aibqmozag2xz7y1n","time":1609624226,"event":{"mods":["AchievementEnabler","BaseMod","Colored Map","Marisa????????","Minty Spire (QoL Compilation)","StSLib","The Servant 0.9.4"],"gold_per_floor":[115,127,127,302,312,312,312,312,339,162,178,195,212,223,223,223,223],"floor_reached":16,"playtime":827,"items_purged":["Normality"],"score":94,"play_id":"cec82fd2-15ed-4ab4-976a-588d19ab823a","local_time":"20210102225026","is_ascension_mode":false,"campfire_choices":[{"floor":6,"key":"REST"},{"floor":8,"key":"REST"},{"floor":15,"key":"REST"}],"circlet_count":0,"master_deck":["Strike_P","Strike_P","Strike_P","Strike_P+1","Defend_P","Defend_P","Defend_P","Defend_P+1","Eruption","Vigilance","Prostrate","Vengeance","Doubt","Swivel","Prostrate","EmptyFist","BowlingBash","Protect","WindmillStrike","JustLucky"],"relics":["PureWater","Ice Cream","Orichalcum","Potion Belt"],"acts_visited":["Exordium"],"potions_floor_usage":[1,14],"damage_taken":[{"damage":30,"enemies":"Small Slimes","floor":1,"turns":3},{"damage":2,"enemies":"Jaw Worm","floor":2,"turns":3},{"damage":4,"enemies":"Cultist","floor":5,"turns":4},{"damage":12,"enemies":"3 Louse","floor":11,"turns":7},{"damage":3,"enemies":"Blue Slaver","floor":12,"turns":6},{"damage":13,"enemies":"Exordium Thugs","floor":13,"turns":8},{"damage":1,"enemies":"Looter","floor":14,"turns":3},{"damage":76,"enemies":"Slime Boss","floor":16,"turns":7}],"seed_played":"3849978006513797378","potions_obtained":[{"floor":1,"key":"Fruit Juice"},{"floor":2,"key":"StancePotion"}],"is_trial":false,"path_per_floor":["M","M","?","?","M","R","?","R","T","$","M","M","M","M","R","B"],"character_chosen":"WATCHER","items_purchased":["Prostrate","EmptyFist"],"campfire_rested":3,"item_purchase_floors":[10,10],"current_hp_per_floor":[47,45,30,30,26,49,46,69,69,69,57,54,41,40,63,0,0],"gold":223,"neow_bonus":"ONE_RARE_RELIC","is_daily":false,"chose_seed":false,"campfire_upgraded":0,"win_rate":0.0,"timestamp":1609624226,"path_taken":["M","M","?","?","M","R","?","R","T","$","M","M","?","M","R","BOSS"],"items_purchased_type":["Card","Card"],"build_version":"2020-12-22","purchased_purges":1,"victory":false,"max_hp_per_floor":[77,77,77,77,77,77,77,77,77,77,77,77,77,77,77,77,77],"card_choices":[{"not_picked":["FlyingSleeves","Wallop"],"picked":"Prostrate","floor":1},{"not_picked":["Tantrum","Swivel"],"picked":"Vengeance","floor":2},{"not_picked":["PathToVictory","EmptyBody"],"picked":"Swivel","floor":5},{"not_picked":["ClearTheMind","Evaluate"],"picked":"BowlingBash","floor":11},{"not_picked":["CrushJoints","PathToVictory"],"picked":"Protect","floor":12},{"not_picked":["Halt","MasterReality"],"picked":"WindmillStrike","floor":13},{"not_picked":["PathToVictory","FollowUp"],"picked":"JustLucky","floor":14}],"player_experience":202401,"relics_obtained":[{"floor":9,"key":"Potion Belt"}],"event_choices":[{"damage_healed":0,"gold_gain":0,"player_choice":"Entered Light","damage_taken":15,"max_hp_gain":0,"max_hp_loss":0,"event_name":"Shining Light","floor":3,"gold_loss":0,"cards_upgraded":["Strike_P","Defend_P"]},{"damage_healed":0,"gold_gain":175,"player_choice":"AGREE","damage_taken":0,"max_hp_gain":0,"max_hp_loss":0,"event_name":"Liars Game","floor":4,"gold_loss":0,"cards_obtained":["Doubt"]},{"damage_healed":0,"gold_gain":0,"player_choice":"Success","damage_taken":3,"relics_obtained":["Orichalcum"],"max_hp_gain":0,"max_hp_loss":0,"event_name":"Scrap Ooze","floor":7,"gold_loss":0}],"is_beta":false,"boss_relics":[],"items_purged_floors":[10],"is_endless":false,"potions_floor_spawned":[1,2],"killed_by":"Slime Boss","ascension_level":0}}