{"host":"873t0y8ybyo38pfq","time":1609604947,"event":{"mods":["BaseMod","Bestiary","Colored Map","Colored Powertips","Highlight Path","Minty Spire (QoL Compilation)","Quick Restart","RNG Fix","Rare Cards Sparkle","Relic Stats","StSLib"],"gold_per_floor":[119,9,9,26,26,26,52,52,79,105,3,3,43,68,68,159,159,182,182,196,196,209,209,243,17,63,17,38,47,71,71,71],"floor_reached":31,"playtime":997,"items_purged":["Strike_B","Writhe"],"score":542,"play_id":"0518b401-9f92-4a9a-90d1-4b02ddea85e6","local_time":"20210102112907","is_ascension_mode":true,"campfire_choices":[{"data":"Apotheosis","floor":6,"key":"SMITH"},{"floor":8,"key":"REST"},{"floor":15,"key":"REST"},{"floor":23,"key":"REST"},{"floor":29,"key":"REST"}],"circlet_count":0,"master_deck":["AscendersBane","Strike_B+1","Strike_B+1","Strike_B","Defend_B","Defend_B","Defend_B","Defend_B","Zap","Dualcast","Apotheosis+1","Ball Lightning","Cold Snap","BootSequence","Electrodynamics","Rainbow","Coolheaded","Hologram","Fission","Chill","Redo","Doom and Gloom+1","Undo","Double Energy+1","Secret Technique","Consume+1","Defragment"],"relics":["Cracked Core","Molten Egg 2","The Courier","Dream Catcher","Bag of Marbles","Golden Idol","Pear","Nuclear Battery","Nunchaku","Whetstone","CeramicFish"],"acts_visited":["Exordium","TheCity"],"potions_floor_usage":[13,13,16,20,20,22,24,28],"damage_taken":[{"damage":7,"enemies":"2 Louse","floor":1,"turns":2},{"damage":7,"enemies":"Small Slimes","floor":4,"turns":3},{"damage":10,"enemies":"3 Sentries","floor":7,"turns":5},{"damage":49,"enemies":"Gremlin Nob","floor":10,"turns":6},{"damage":3,"enemies":"3 Sentries","floor":13,"turns":6},{"damage":0,"enemies":"Cultist","floor":14,"turns":2},{"damage":4,"enemies":"The Guardian","floor":16,"turns":9},{"damage":12,"enemies":"2 Thieves","floor":18,"turns":3},{"damage":0,"enemies":"Spheric Guardian","floor":20,"turns":3},{"damage":23,"enemies":"Cultist and Chosen","floor":22,"turns":6},{"damage":34,"enemies":"Gremlin Leader","floor":24,"turns":7},{"damage":0,"enemies":"Chosen and Byrds","floor":28,"turns":3},{"damage":22,"enemies":"3 Cultists","floor":30,"turns":6},{"damage":14,"enemies":"Book of Stabbing","floor":31,"turns":1}],"seed_played":"-6095398284686113840","potions_obtained":[{"floor":10,"key":"Strength Potion"},{"floor":13,"key":"Energy Potion"},{"floor":14,"key":"BlessingOfTheForge"},{"floor":16,"key":"Swift Potion"},{"floor":20,"key":"Block Potion"},{"floor":22,"key":"BlessingOfTheForge"}],"is_trial":false,"path_per_floor":["M","$","?","M","$","R","E","R","T","E","$","?","E","M","R","B",null,"M","?","M","?","M","R","E","$","T","$","M","R","M","E"],"character_chosen":"DEFECT","items_purchased":["Ball Lightning","Cold Snap","Explosive Potion","Secret Technique","Swift Potion"],"campfire_rested":4,"item_purchase_floors":[2,2,11,25,27],"current_hp_per_floor":[57,57,57,50,50,50,40,59,59,10,10,10,17,17,37,33,59,47,47,47,47,24,44,10,10,10,10,10,30,8,0,0],"gold":71,"neow_bonus":"RANDOM_COLORLESS_2","is_daily":false,"chose_seed":false,"campfire_upgraded":1,"win_rate":0.0,"timestamp":1609604947,"path_taken":["M","?","?","M","$","R","E","R","T","E","$","?","E","M","R","BOSS","M","?","M","?","M","R","E","$","T","$","M","R","M","E"],"items_purchased_type":["Card","Card","Potion","Card","Potion"],"build_version":"2020-12-22","purchased_purges":2,"victory":false,"max_hp_per_floor":[64,64,64,64,64,64,64,64,64,64,64,58,68,68,68,68,68,68,68,68,68,68,68,68,68,68,68,68,68,68,68,68],"relic_stats":{"Dream Catcher":3,"Nunchaku":[2],"counters":[14,62],"Golden Idol":56,"CeramicFish":18,"Whetstone":["Strike_B","Strike_B"],"obtain_stats":[{"Dream Catcher":9,"Nunchaku":21,"Pear":13,"Golden Idol":12,"CeramicFish":26,"Molten Egg 2":3,"The Courier":7,"Bag of Marbles":10,"Whetstone":24,"Cracked Core":0,"Nuclear Battery":17},{"Dream Catcher":3,"Nunchaku":9,"Pear":5,"Golden Idol":4,"CeramicFish":11,"Molten Egg 2":1,"The Courier":3,"Bag of Marbles":4,"Whetstone":11,"Cracked Core":0,"Nuclear Battery":7},{"Dream Catcher":10,"Nunchaku":39,"Pear":22,"Golden Idol":16,"CeramicFish":52,"Molten Egg 2":2,"The Courier":10,"Bag of Marbles":16,"Whetstone":52,"Cracked Core":0,"Nuclear Battery":33}]},"card_choices":[{"not_picked":["Chrysalis","Sadistic Nature"],"picked":"Apotheosis","floor":0},{"not_picked":["Streamline","Beam Cell"],"picked":"Chaos","floor":1},{"not_picked":["Steam Power","Storm"],"picked":"BootSequence","floor":4},{"not_picked":["Go for the Eyes+1","Stack","White Noise"],"picked":"SKIP","floor":7},{"not_picked":["Cold Snap+1","Hologram"],"picked":"Electrodynamics","floor":10},{"not_picked":["Redo","Compile Driver+1"],"picked":"Rainbow","floor":13},{"not_picked":["Barrage+1","Blizzard+1"],"picked":"Coolheaded","floor":14},{"not_picked":["Gash+1","Streamline+1"],"picked":"Hologram","floor":15},{"not_picked":["Electrodynamics","All For One+1"],"picked":"Fission","floor":16},{"not_picked":["Steam+1","Redo"],"picked":"Chill","floor":18},{"not_picked":["Cold Snap+1","Sweeping Beam+1"],"picked":"Redo","floor":20},{"not_picked":["Thunder Strike+1","Coolheaded"],"picked":"Doom and Gloom+1","floor":22},{"not_picked":["Redo","Double Energy"],"picked":"Undo","floor":23},{"not_picked":["Cold Snap+1","Beam Cell+1"],"picked":"Double Energy+1","floor":24},{"not_picked":["Cold Snap+1","Rebound+1","Redo"],"picked":"SKIP","floor":28},{"not_picked":["Cold Snap+1","Sweeping Beam+1"],"picked":"Consume+1","floor":29},{"not_picked":["Go for the Eyes+1","Stack+1"],"picked":"Defragment","floor":30}],"player_experience":1484609,"relics_obtained":[{"floor":7,"key":"The Courier"},{"floor":9,"key":"Dream Catcher"},{"floor":10,"key":"Bag of Marbles"},{"floor":13,"key":"Pear"},{"floor":24,"key":"Whetstone"},{"floor":26,"key":"CeramicFish"}],"event_choices":[{"cards_removed":["Chaos"],"damage_healed":0,"gold_gain":0,"player_choice":"Gave Card","damage_taken":0,"relics_obtained":["Molten Egg 2"],"max_hp_gain":0,"max_hp_loss":0,"event_name":"WeMeetAgain","floor":3,"gold_loss":0},{"damage_healed":0,"gold_gain":0,"player_choice":"Lose Max HP","damage_taken":0,"relics_obtained":["Golden Idol"],"max_hp_gain":0,"max_hp_loss":6,"event_name":"Golden Idol","floor":12,"gold_loss":0},{"damage_healed":0,"gold_gain":0,"player_choice":"Ignored","damage_taken":0,"max_hp_gain":0,"max_hp_loss":0,"event_name":"Cursed Tome","floor":19,"gold_loss":0},{"damage_healed":0,"gold_gain":0,"player_choice":"Opened","damage_taken":0,"relics_obtained":["Nunchaku"],"max_hp_gain":0,"max_hp_loss":0,"event_name":"The Mausoleum","floor":21,"gold_loss":0,"cards_obtained":["Writhe"]}],"is_beta":false,"boss_relics":[{"not_picked":["Black Star","Astrolabe"],"picked":"Nuclear Battery"}],"items_purged_floors":[11,25],"is_endless":false,"potions_floor_spawned":[10,13,14,16,20,22],"killed_by":"Book of Stabbing","ascension_level":20}}