{"host":"dhyczjm99amxd3qx","time":1609622800,"event":{"mods":["BaseMod","Colored Map","Googly Eyes","Highlight Path","Minty Spire (QoL Compilation)","Quick Restart","StSLib"],"gold_per_floor":[117,117,133,133,133,176,176,194,194,194,215,215,258,272,272,396,396,409,334,64,78,78,78,117,117,117,131,146,146,179,304,304,304,304],"floor_reached":33,"playtime":3308,"items_purged":["Defend_G"],"score":463,"play_id":"52674938-af47-40ef-9203-8ace861e8e85","local_time":"20210102162640","is_ascension_mode":true,"campfire_choices":[{"data":"Blade Dance","floor":7.0,"key":"SMITH"},{"data":"Tools of the Trade","floor":10.0,"key":"SMITH"},{"data":"Catalyst","floor":15,"key":"SMITH"},{"data":"Footwork","floor":23,"key":"SMITH"},{"data":"Malaise","floor":25,"key":"SMITH"},{"data":"Leg Sweep","floor":29,"key":"SMITH"},{"data":"Poisoned Stab","floor":32,"key":"SMITH"}],"circlet_count":0,"master_deck":["Strike_G","Strike_G","Strike_G","Strike_G","Defend_G","Defend_G","Defend_G","Defend_G","Survivor","Neutralize+1","Blade Dance+1","Poisoned Stab+1","Tools of the Trade+1","Footwork+1","Catalyst+1","Malaise+1","Blur+1","Leg Sweep+1","Prepared"],"relics":["Ring of the Snake","NeowsBlessing","Golden Idol","White Beast Statue","Bronze Scales","PreservedInsect","Eternal Feather","WristBlade","Membership Card","Blood Vial","Regal Pillow","Bottled Flame","Lantern","Lizard Tail","Bottled Tornado"],"acts_visited":["Exordium","TheCity"],"potions_floor_usage":[11,11,13,16,18,18,24,30,31,31,33,33],"damage_taken":[{"damage":0.0,"enemies":"Cultist","floor":1.0,"turns":1.0},{"damage":0.0,"enemies":"Jaw Worm","floor":3.0,"turns":1.0},{"damage":0.0,"enemies":"Gremlin Nob","floor":6.0,"turns":1.0},{"damage":0.0,"enemies":"2 Louse","floor":8.0,"turns":2.0},{"damage":0,"enemies":"Exordium Wildlife","floor":11,"turns":4},{"damage":0,"enemies":"Lagavulin","floor":13,"turns":3},{"damage":3,"enemies":"Looter","floor":14,"turns":3},{"damage":21,"enemies":"Hexaghost","floor":16,"turns":10},{"damage":31,"enemies":"2 Thieves","floor":18,"turns":5},{"damage":15,"enemies":"Spheric Guardian","floor":21,"turns":6},{"damage":1,"enemies":"Book of Stabbing","floor":24,"turns":5},{"damage":3,"enemies":"Snecko","floor":27,"turns":7},{"damage":1,"enemies":"3 Cultists","floor":28,"turns":6},{"damage":11,"enemies":"Gremlin Leader","floor":30,"turns":7},{"damage":0,"enemies":"Colosseum Slavers","floor":31,"turns":4},{"damage":0,"enemies":"Colosseum Nobs","floor":31,"turns":5},{"damage":97,"enemies":"Collector","floor":33,"turns":12}],"seed_played":"-5904306649179774310","potions_obtained":[{"floor":3.0,"key":"ColorlessPotion"},{"floor":6.0,"key":"EssenceOfSteel"},{"floor":8.0,"key":"Explosive Potion"},{"floor":11,"key":"AttackPotion"},{"floor":13,"key":"SmokeBomb"},{"floor":14,"key":"SneckoOil"},{"floor":16,"key":"SpeedPotion"},{"floor":18,"key":"SteroidPotion"},{"floor":21,"key":"Weak Potion"},{"floor":24,"key":"EssenceOfSteel"},{"floor":27,"key":"Ancient Potion"},{"floor":30,"key":"Energy Potion"},{"floor":31,"key":"GhostInAJar"}],"is_trial":false,"path_per_floor":["M","?","M","?","?","E","R","M","T","R","M","?","E","M","R","B",null,"M","?","$","M","?","R","E","R","T","M","M","R","E","?","R","B"],"character_chosen":"THE_SILENT","items_purchased":["Membership Card","Blood Vial"],"campfire_rested":0,"item_purchase_floors":[20,20],"current_hp_per_floor":[63,63,63,63,63,63,63,63,63,63,63,63,63,60,65,44,60,29,29,29,16,16,25,26,35,35,34,35,44,35,39,48,0,0],"gold":304,"neow_bonus":"THREE_ENEMY_KILL","is_daily":false,"chose_seed":false,"campfire_upgraded":7,"win_rate":0.0,"timestamp":1609622800,"path_taken":["M","?","M","?","?","E","R","?","T","R","M","?","E","?","R","BOSS","M","?","$","M","?","R","E","R","T","M","M","R","E","?","R","BOSS"],"items_purchased_type":["Relic","Relic"],"build_version":"2020-12-22","purchased_purges":1,"victory":false,"max_hp_per_floor":[70,65,65,65,65,65,65,65,65,65,65,65,65,65,65,65,65,65,65,65,65,65,65,65,65,65,65,65,65,65,65,65,65,65],"card_choices":[{"not_picked":["Dagger Spray","Flechettes"],"picked":"Blade Dance","floor":1.0},{"not_picked":["Dodge and Roll","Heel Hook"],"picked":"Poisoned Stab","floor":3.0},{"not_picked":["Dagger Spray","Sucker Punch"],"picked":"Tools of the Trade","floor":6.0},{"not_picked":["Tactician","Dagger Spray"],"picked":"Footwork","floor":8.0},{"not_picked":["Dodge and Roll","Bane","Acrobatics"],"picked":"SKIP","floor":11},{"not_picked":["Dodge and Roll","Poisoned Stab"],"picked":"Catalyst","floor":13},{"not_picked":["Slice","Skewer","Backstab"],"picked":"SKIP","floor":14},{"not_picked":["Envenom","After Image"],"picked":"Malaise","floor":16},{"not_picked":["Acrobatics","Deflect"],"picked":"Blur+1","floor":18},{"not_picked":["Cloak And Dagger","Blade Dance"],"picked":"Leg Sweep","floor":21},{"not_picked":["Slice+1","Quick Slash","Expertise"],"picked":"SKIP","floor":24},{"not_picked":["Setup","Predator","Expertise+1"],"picked":"SKIP","floor":27},{"not_picked":["Acrobatics+1","Sucker Punch","Grand Finale"],"picked":"SKIP","floor":28},{"not_picked":["Sucker Punch+1","Finisher","Dagger Throw"],"picked":"SKIP","floor":30},{"not_picked":["Tactician","Backstab"],"picked":"Prepared","floor":31}],"player_experience":285856,"relics_obtained":[{"floor":6.0,"key":"Bronze Scales"},{"floor":9.0,"key":"PreservedInsect"},{"floor":13,"key":"Eternal Feather"},{"floor":24,"key":"Regal Pillow"},{"floor":26,"key":"Bottled Flame"},{"floor":30,"key":"Lantern"},{"floor":31,"key":"Lizard Tail"},{"floor":31,"key":"Bottled Tornado"}],"event_choices":[{"damage_healed":0.0,"max_hp_gain":0.0,"max_hp_loss":5.0,"gold_gain":0.0,"event_name":"Golden Idol","player_choice":"Lose Max HP","floor":2.0,"gold_loss":0.0,"damage_taken":0.0,"relics_obtained":["Golden Idol"]},{"damage_healed":0.0,"max_hp_gain":0.0,"max_hp_loss":0.0,"gold_gain":0.0,"event_name":"Big Fish","player_choice":"Box","floor":4.0,"gold_loss":0.0,"damage_taken":0.0,"relics_obtained":["White Beast Statue"],"cards_obtained":["Regret"]},{"cards_removed":["Regret"],"damage_healed":0.0,"max_hp_gain":0.0,"max_hp_loss":0.0,"gold_gain":0.0,"event_name":"Living Wall","player_choice":"Forget","floor":5.0,"gold_loss":0.0,"damage_taken":0.0},{"damage_healed":0,"gold_gain":0,"player_choice":"Forge","damage_taken":0,"max_hp_gain":0,"max_hp_loss":0,"event_name":"Accursed Blacksmith","floor":12,"gold_loss":0,"cards_upgraded":["Neutralize"]},{"cards_removed":["Strike_G"],"damage_healed":0,"gold_gain":0,"player_choice":"Gave Gold","damage_taken":0,"max_hp_gain":0,"max_hp_loss":0,"event_name":"Beggar","floor":19,"gold_loss":75},{"damage_healed":0,"gold_gain":0,"player_choice":"Fight","damage_taken":0,"max_hp_gain":0,"max_hp_loss":0,"event_name":"Colosseum","floor":31,"gold_loss":0},{"damage_healed":0,"gold_gain":0,"player_choice":"Fought Nobs","damage_taken":0,"max_hp_gain":0,"max_hp_loss":0,"event_name":"Colosseum","floor":31,"gold_loss":0}],"is_beta":false,"boss_relics":[{"not_picked":["Runic Dome","Busted Crown"],"picked":"WristBlade"}],"items_purged_floors":[20],"is_endless":false,"potions_floor_spawned":[3,6,8,11,13,14,16,18,21,24,27,28,30,31,31],"killed_by":"Collector","ascension_level":7}}