{"host":"g1wmg2w41xhsnw8g","time":1609612585,"event":{"mods":["2.2 Compatiblity","Act Like it!","BaseMod","Better Altar","Better Match","Better Note","Better Sensory Stone","Better Skull","Better Third Choice","BetterRewards","Booster Modes","CapriCore","Clawfect","Colored Map","Colored Powertips","Curses Come First","Defuse TimeMaze Blight","Displayed Cursed Tome","Evolution","Friendly Minions","GifTheSpireLib","Googly Eyes","Gremlin Mod","Hubris","Infinite Spire","Minty Spire (QoL Compilation)","Red Circlet Mod","Relic Sorter","SCP261 Mod","Shop Mod","Spicy Shops","StSLib","The Sage","Transform Curses","Wandering Minibosses","????"],"gold_per_floor":[114,114,130,130,130,130,142,169,169,179,204,265,265,281,39,134,134,146,146,156,206,223,223,223,223],"floor_reached":24,"playtime":1352,"items_purged":[],"score":241,"play_id":"72933669-bc96-4ab5-8ba4-3070fcba9b64","local_time":"20210102133625","daily_mods":["Specialized","Heirloom","DeadlyEvents"],"is_ascension_mode":true,"campfire_choices":[{"data":"Gremlin:GremlinDance","floor":6,"key":"SMITH"},{"floor":13,"key":"REST"}],"circlet_count":0,"master_deck":["Gremlin:Strike","Gremlin:Strike","Gremlin:Strike","Gremlin:Strike","Gremlin:Defend","Gremlin:Defend","Gremlin:Defend","Gremlin:Defend","Gremlin:TagTeam","Gremlin:GremlinDance+1","Gremlin:AggressiveDefense","Gremlin:AggressiveDefense","Gremlin:AggressiveDefense","Gremlin:AggressiveDefense","Gremlin:AggressiveDefense","Gremlin:RageBreak+1","Gremlin:BulkUp","Gremlin:DaggerDance","Gremlin:Pinprick","Gremlin:GremlinMeal","Gremlin:Erupt","Gremlin:Patsy","Gremlin:Duplicate","Gremlin:BulkUp","Gremlin:Heckle","Gremlin:Jeer+1"],"relics":["Gremlin:GremlinKnob","hubris:Reverence","EVO:Axolotl","Calipers","Shuriken","infinitespire:ShieldingShard","InkBottle","Gremlin Horn","hubris:TinFlute","sagemod:Falmels_Amulet","wanderingMiniBosses:CarrionFlame","infinitespire:PuzzleCube"],"acts_visited":["Exordium","TheCity"],"potions_floor_usage":[3,11,14,16,24],"damage_taken":[{"damage":10,"enemies":"Small Slimes","floor":1,"turns":2},{"damage":0,"enemies":"Cultist","floor":3,"turns":2},{"damage":0,"enemies":"2 Louse","floor":7,"turns":2},{"damage":30,"enemies":"Gremlin Nob","floor":8,"turns":5},{"damage":19,"enemies":"Exordium Thugs","floor":10,"turns":6},{"damage":3,"enemies":"3 Sentries","floor":11,"turns":4},{"damage":13,"enemies":"Gremlin Nob","floor":12,"turns":3},{"damage":9,"enemies":"2 Fungi Beasts","floor":14,"turns":2},{"damage":24,"enemies":"Slime Boss","floor":16,"turns":6},{"damage":9,"enemies":"Chosen","floor":18,"turns":2},{"damage":1,"enemies":"3 Byrds","floor":20,"turns":6},{"damage":5,"enemies":"Cultist and Chosen","floor":22,"turns":3},{"damage":54,"enemies":"Gremlin Leader","floor":24,"turns":4}],"seed_played":"7733437848797758570","potions_obtained":[{"floor":1,"key":"DistilledChaos"},{"floor":10,"key":"BlessingOfTheForge"},{"floor":12,"key":"SCP261:BarrettColaPotion"},{"floor":14,"key":"SCP261:BarrettColaPotion"},{"floor":20,"key":"Dexterity Potion"},{"floor":22,"key":"SCP261:DietGhostPotion"}],"is_trial":true,"path_per_floor":["M","?","M","T","?","R","M","E","T","M","E","?","R","M","R","B",null,"M","?","M","T","M","R","E"],"character_chosen":"GREMLIN","items_purchased":["hubris:TinFlute"],"campfire_rested":1,"item_purchase_floors":[15],"current_hp_per_floor":[20,20,20,20,20,20,20,10,10,6,6,5,11,15,15,2,20,11,11,11,11,6,6,0,0],"gold":223,"neow_bonus":"","is_daily":false,"chose_seed":false,"campfire_upgraded":1,"win_rate":0.0,"timestamp":1609612585,"path_taken":["M","?","?","?","?","R","M","E","T","M","?","?","R","M","R","BOSS","M","?","M","?","M","R","E"],"items_purchased_type":["Relic"],"build_version":"2020-12-22","purchased_purges":0,"victory":false,"max_hp_per_floor":[20,20,20,20,20,20,20,20,20,20,20,20,20,20,20,20,20,20,20,20,20,20,19,19,19],"card_choices":[{"not_picked":["Gremlin:BubbleBarrier","Gremlin:Tadah"],"picked":"Gremlin:RageBreak","floor":1},{"not_picked":["Gremlin:Presto","Gremlin:Stupend"],"picked":"Gremlin:BulkUp","floor":3},{"not_picked":["Gremlin:Irritability","Gremlin:GremlinOffensive"],"picked":"Gremlin:DaggerDance","floor":7},{"not_picked":["Gremlin:IrksomeBlow","Gremlin:Patsy"],"picked":"Gremlin:Pinprick","floor":8},{"not_picked":["Gremlin:Patsy","Gremlin:BubbleBarrier"],"picked":"Gremlin:GremlinMeal","floor":10},{"not_picked":["Gremlin:BubbleBarrier","Gremlin:Revel"],"picked":"Gremlin:Erupt","floor":11},{"not_picked":["Gremlin:Whiz","Gremlin:TwistTheKnife"],"picked":"Gremlin:Patsy","floor":14},{"not_picked":["Gremlin:FlipOut","Gremlin:TargetWeakness"],"picked":"Gremlin:Duplicate","floor":16},{"not_picked":["Gremlin:Irritability","Gremlin:BubbleBarrier"],"picked":"Gremlin:BulkUp","floor":18},{"not_picked":["Gremlin:GremlinMeal","Gremlin:Enthusiasm"],"picked":"Gremlin:Heckle","floor":20},{"not_picked":["Gremlin:GremlinArms","Gremlin:RageBreak"],"picked":"Gremlin:Jeer+1","floor":22}],"player_experience":1189662,"relics_obtained":[{"floor":4,"key":"hubris:Reverence"},{"floor":8,"key":"Shuriken"},{"floor":9,"key":"infinitespire:ShieldingShard"},{"floor":11,"key":"InkBottle"},{"floor":12,"key":"Gremlin Horn"},{"floor":20,"key":"wanderingMiniBosses:CarrionFlame"},{"floor":21,"key":"infinitespire:PuzzleCube"}],"event_choices":[{"damage_healed":0,"gold_gain":0,"player_choice":"Full Heal","damage_taken":0,"max_hp_gain":0,"max_hp_loss":0,"event_name":"Wheel of Change","floor":2,"gold_loss":0},{"damage_healed":0,"gold_gain":0,"player_choice":"Upgraded","damage_taken":0,"max_hp_gain":0,"max_hp_loss":0,"event_name":"Upgrade Shrine","floor":5,"gold_loss":0,"cards_upgraded":["Gremlin:RageBreak"]},{"damage_healed":0,"gold_gain":0,"player_choice":"Searched \u00271\u0027 times","damage_taken":0,"max_hp_gain":0,"max_hp_loss":0,"event_name":"Dead Adventurer","floor":12,"gold_loss":0},{"damage_healed":0,"gold_gain":0,"player_choice":"Ignored","damage_taken":0,"max_hp_gain":0,"max_hp_loss":0,"event_name":"betterNote:BetterNote","floor":19,"gold_loss":0,"cards_obtained":["Electrodynamics"]}],"is_beta":false,"boss_relics":[{"not_picked":["Snecko Eye","hubris:TerracottaHorce"],"picked":"sagemod:Falmels_Amulet"}],"items_purged_floors":[],"is_endless":false,"potions_floor_spawned":[1,10,12,14,20,22],"killed_by":"Gremlin Leader","ascension_level":1}}