{"host":"28bpuzdckreop5i0","time":1609567650,"event":{"mods":["Act Like it!","Aspiration","BaseMod","Beaked The Cultist","Best Route Mod","BetterRewards","Challenge The Spire","Conspire","Defuse TimeMaze Blight","Downfall","Energized Spire","GifTheSpireLib","Googly Eyes","Hubris","Infinite Spire","Lobotomy","Mimic Mod","Minty Spire (QoL Compilation)","Relic Stats","Shop Mod","Spicy Shops","StSLib","Stuff the Spire","The Awakened One except there are too many feathers","The Construct","The Cursed","The Disciple","The Hierophant","The IronCluck","The Jungle","Thieving Mod","Transform Curses","Wandering Minibosses","slay the spire mod where everything is the same but ironclad has a cowboy hat"],"gold_per_floor":[109,143,143,31,44,44,57,57,84,104,115,147,157,176,176,176,176],"floor_reached":16,"playtime":15151,"items_purged":[],"score":104,"play_id":"00c66032-5cf6-45e0-88c6-fecf2e31f441","local_time":"20210102000730","is_ascension_mode":false,"campfire_choices":[{"data":"Noxious Fumes","floor":6,"key":"SMITH"},{"data":"Deadly Poison","floor":8,"key":"SMITH"},{"floor":15,"key":"REST"}],"circlet_count":0,"master_deck":["Strike_G","Strike_G","Strike_G","Strike_G","Defend_G","Defend_G","Defend_G","Defend_G+1","Defend_G","Survivor","Neutralize","Prepared","StuffTheSpire:Injection","StuffTheSpire:Repulse","Noxious Fumes+1","Deadly Poison+1","StuffTheSpire:ReptileScales","Crippling Poison","Adrenaline+1"],"relics":["Ring of the Snake","White Beast Statue","Membership Card","Orrery","conspire:TopHat","War Paint"],"acts_visited":["Exordium"],"potions_floor_usage":[11,12,14,16,16],"damage_taken":[{"damage":2,"enemies":"Small Slimes","floor":1,"turns":4},{"damage":10,"enemies":"conspire:MimicChest","floor":2,"turns":5},{"damage":1,"enemies":"2 Louse","floor":5,"turns":3},{"damage":6,"enemies":"Cultist","floor":7,"turns":5},{"damage":0,"enemies":"2 Fungi Beasts","floor":10,"turns":3},{"damage":13,"enemies":"3 Louse","floor":11,"turns":6},{"damage":18,"enemies":"Gremlin Nob","floor":12,"turns":5},{"damage":0,"enemies":"Gremlin Gang","floor":13,"turns":4},{"damage":7,"enemies":"Looter","floor":14,"turns":6},{"damage":39,"enemies":"Slime Boss","floor":16,"turns":5}],"seed_played":"2105072270442485608","potions_obtained":[{"floor":2,"key":"Strength Potion"},{"floor":5,"key":"Dexterity Potion"},{"floor":7,"key":"SkillPotion"},{"floor":10,"key":"Fire Potion"},{"floor":11,"key":"Guardian:BlockOnCardUsePotion"},{"floor":12,"key":"BlessingOfTheForge"},{"floor":14,"key":"infinitespire:BlackPotion"}],"is_trial":false,"path_per_floor":["M","?","?","$","M","R","M","R","T","M","M","E","M","M","R","B"],"character_chosen":"THE_SILENT","items_purchased":["Noxious Fumes","Orrery"],"campfire_rested":1,"item_purchase_floors":[4,4],"current_hp_per_floor":[68,58,58,58,57,57,51,51,51,51,38,20,20,13,34,0,0],"gold":176,"neow_bonus":"THREE_CARDS","is_daily":false,"chose_seed":false,"campfire_upgraded":2,"win_rate":0.0,"timestamp":1609567650,"path_taken":["M","?","?","$","M","R","M","R","T","?","M","E","M","M","R","BOSS"],"items_purchased_type":["Card","Relic"],"build_version":"2020-12-22","purchased_purges":0,"victory":false,"max_hp_per_floor":[70,70,70,70,70,70,70,70,70,70,70,70,70,70,70,70,70],"relic_stats":{"counters":[10,46],"War Paint":["Defend_G","Adrenaline"],"obtain_stats":[{"Orrery":4,"Membership Card":4,"War Paint":12,"White Beast Statue":2,"conspire:TopHat":9,"Ring of the Snake":0},{"Orrery":2,"Membership Card":2,"War Paint":7,"White Beast Statue":2,"conspire:TopHat":4,"Ring of the Snake":0},{"Orrery":9,"Membership Card":9,"War Paint":31,"White Beast Statue":9,"conspire:TopHat":17,"Ring of the Snake":0}],"Ring of the Snake":[20]},"card_choices":[{"not_picked":["Skewer","Bane"],"picked":"Prepared","floor":0},{"not_picked":["Acrobatics","Dodge and Roll"],"picked":"StuffTheSpire:Injection","floor":1},{"not_picked":["Terror","Backflip"],"picked":"Deadly Poison","floor":4},{"not_picked":["Prepared","Backflip"],"picked":"StuffTheSpire:ReptileScales","floor":4},{"not_picked":["Bane","Slice"],"picked":"Crippling Poison","floor":4},{"not_picked":["Bouncing Flask","StuffTheSpire:Injection"],"picked":"Adrenaline","floor":4},{"not_picked":["StuffTheSpire:Shiver","StuffTheSpire:Injection","Cloak And Dagger"],"picked":"SKIP","floor":5},{"not_picked":["Deflect","StuffTheSpire:Shiver","Cloak And Dagger"],"picked":"SKIP","floor":7},{"not_picked":["StuffTheSpire:Injection","Quick Slash","Flying Knee"],"picked":"SKIP","floor":10},{"not_picked":["StuffTheSpire:BumpUp","StuffTheSpire:FinalStruggle","StuffTheSpire:ClusterCrunch"],"picked":"SKIP","floor":11},{"not_picked":["StuffTheSpire:ClusterCrunch","Quick Slash","Backflip"],"picked":"SKIP","floor":12},{"not_picked":["Sucker Punch","Prepared","Cloak And Dagger"],"picked":"SKIP","floor":13},{"not_picked":["Expertise","StuffTheSpire:Sprint","hubris:SlightOfHand"],"picked":"SKIP","floor":14}],"player_experience":919773,"relics_obtained":[{"floor":2,"key":"White Beast Statue"},{"floor":9,"key":"conspire:TopHat"},{"floor":12,"key":"War Paint"}],"event_choices":[{"damage_healed":0,"gold_gain":0,"cards_transformed":["Strike_G"],"player_choice":"Transformed","damage_taken":0,"max_hp_gain":0,"max_hp_loss":0,"event_name":"Transmorgrifier","floor":3,"gold_loss":0,"cards_obtained":["StuffTheSpire:Repulse"]}],"is_beta":false,"boss_relics":[],"items_purged_floors":[],"is_endless":false,"potions_floor_spawned":[2,5,7,10,11,12,13,14],"killed_by":"Slime Boss","ascension_level":0}}