{"host":"1ijykob380qbj7yg","time":1609602211,"event":{"mods":["BaseMod","GifTheSpireLib","Hubris","Marisa£®ÏF”Í°°ƒß¿Ì…≥£©","Minty Spire (QoL Compilation)","StSLib","The Cursed","[IsaacMod]“‘»ˆº‚À˛"],"gold_per_floor":[117,133,11,21,21,21,49,67,91,91,108,108,123,150,150,245,245,255,255,255,255,62,62,120,120,120,171,185,60,80,93,93,218,218,237,237,249,298,311,311,342,342,342,342,397,104,104,117,117,142],"floor_reached":51,"playtime":2428,"items_purged":["TheCursedMod:Strike_TheCursed","TheCursedMod:Strike_TheCursed","TheCursedMod:Strike_TheCursed"],"score":1092,"play_id":"264e8d03-418d-4d87-9a3e-3c20ecdf76a8","local_time":"20210102234331","is_ascension_mode":true,"campfire_choices":[{"data":"TheCursedMod:CollectTribute","floor":6.0,"key":"SMITH"},{"data":"TheCursedMod:CursedRelics","floor":12.0,"key":"SMITH"},{"data":"TheCursedMod:DoubleShield","floor":15.0,"key":"SMITH"},{"data":"BettingIsNotGood","floor":23.0,"key":"SMITH"},{"floor":25.0,"key":"REST"},{"data":"TheCursedMod:VoidForm","floor":32.0,"key":"SMITH"},{"data":"TheCursedMod:CleanUpWorkshop","floor":40,"key":"SMITH"},{"floor":42,"key":"REST"},{"data":"TheCursedMod:Obscuration","floor":44,"key":"SMITH"},{"data":"TheCursedMod:SpitefulPray","floor":49,"key":"SMITH"}],"circlet_count":0,"master_deck":["TheCursedMod:Strike_TheCursed","TheCursedMod:Defend_TheCursed","TheCursedMod:Defend_TheCursed","TheCursedMod:Defend_TheCursed","TheCursedMod:Defend_TheCursed","TheCursedMod:CursedWand","TheCursedMod:CleanUpWorkshop+1","TheCursedMod:Dregs","TheCursedMod:CollectTribute+1","TheCursedMod:AbyssShockwave","TheCursedMod:Obscuration+1","TheCursedMod:FleshFromBone","Parasite","TheCursedMod:CursedRelics+1","TheCursedMod:DoubleShield+1","TheCursedMod:SpitefulPray+1","TheCursedMod:VoidForm+1","TheCursedMod:ReleasedStrength","BettingIsNotGood+1","TheCursedMod:CursedStaff+1","TheCursedMod:BlessingInDisguise","TheCursedMod:StunningStrike","TheCursedMod:DemonSword","TheCursedMod:SurpriseAttack+1"],"relics":["TheCursedMod:BlackMagic101","HushsDoor","GuppysPaw","hubris:GlazedTorus","Bag of Preparation","MoneyPower","YumHeart","MagicMushroom","Potion Belt","hubris:Towel","Boot","TheBible","Turnip","Philosopher\u0027s Stone","GuppysTail","hubris:Icosahedron","CatCart","MagicMushroom","BlankCard","Leech","Oddly Smooth Stone","hubris:HerbalPaste"],"acts_visited":["Exordium","TheCity","TheBeyond"],"potions_floor_usage":[38,41,50],"damage_taken":[{"damage":0.0,"enemies":"2 Louse","floor":1.0,"turns":3.0},{"damage":8.0,"enemies":"Jaw Worm","floor":2.0,"turns":4.0},{"damage":0.0,"enemies":"Small Slimes","floor":4.0,"turns":3.0},{"damage":18.0,"enemies":"3 Sentries","floor":7.0,"turns":5.0},{"damage":0.0,"enemies":"Exordium Thugs","floor":8.0,"turns":3.0},{"damage":0.0,"enemies":"Red Slaver","floor":11.0,"turns":4.0},{"damage":0.0,"enemies":"2 Fungi Beasts","floor":13.0,"turns":3.0},{"damage":26.0,"enemies":"Lagavulin","floor":14.0,"turns":6.0},{"damage":6.0,"enemies":"The Guardian","floor":16.0,"turns":13.0},{"damage":7.0,"enemies":"2 Thieves","floor":18.0,"turns":4.0},{"damage":44.0,"enemies":"Slavers","floor":24.0,"turns":4.0},{"damage":6.0,"enemies":"Gremlin Leader","floor":27.0,"turns":8.0},{"damage":8.0,"enemies":"Chosen","floor":28.0,"turns":3.0},{"damage":0.0,"enemies":"Shelled Parasite and Fungi","floor":30.0,"turns":2.0},{"damage":0.0,"enemies":"Chosen and Byrds","floor":31.0,"turns":3.0},{"damage":56.0,"enemies":"hubris:MusketHawk","floor":33.0,"turns":8.0},{"damage":0.0,"enemies":"3 Shapes","floor":35.0,"turns":3.0},{"damage":3.0,"enemies":"3 Darklings","floor":37.0,"turns":2.0},{"damage":2,"enemies":"Orin","floor":38,"turns":4},{"damage":9,"enemies":"Spire Growth","floor":39,"turns":4},{"damage":55,"enemies":"Reptomancer","floor":41,"turns":5},{"damage":0,"enemies":"2 Orb Walkers","floor":45,"turns":2},{"damage":6,"enemies":"4 Shapes","floor":48,"turns":3},{"damage":23,"enemies":"Time Eater","floor":50,"turns":6}],"seed_played":"1196721760654540107","potions_obtained":[{"floor":2.0,"key":"Regen Potion"},{"floor":8.0,"key":"Strength Potion"},{"floor":13.0,"key":"SmokeBomb"},{"floor":14.0,"key":"Weak Potion"},{"floor":16.0,"key":"Ancient Potion"},{"floor":27.0,"key":"FearPotion"},{"floor":31.0,"key":"SpeedPotion"},{"floor":35.0,"key":"EntropicBrew"},{"floor":41,"key":"BlessingOfTheForge"},{"floor":45,"key":"Swift Potion"},{"floor":48,"key":"DistilledChaos"}],"is_trial":false,"path_per_floor":["M","M","$","M","?","R","E","M","T","?","M","R","M","E","R","B",null,"M","$","?","?","$","R","E","R","T","E","M","$","M","M","R","B",null,"M","?","M","?","M","R","E","R","T","R","?","$","?","M","R","B",null],"character_chosen":"THE_CURSED","items_purchased":["TheCursedMod:Obscuration","BettingIsNotGood","GuppysTail","TheCursedMod:DemonSword","Oddly Smooth Stone","hubris:HerbalPaste"],"campfire_rested":2,"item_purchase_floors":[3,22,34,34,46,46],"current_hp_per_floor":[68,60,60,60,65,65,52,52,52,70,70,70,70,44,44,63,78,72,72,57,57,57,57,14,38,38,53,71,71,72,73,73,18,55,56,56,54,53,45,45,23,45,45,45,47,47,47,52,52,49],"gold":142,"neow_bonus":"ONE_RARE_RELIC","is_daily":false,"chose_seed":false,"campfire_upgraded":8,"win_rate":0.0,"timestamp":1609602211,"path_taken":["M","M","$","M","?","R","E","M","T","?","?","R","M","E","R","BOSS","M","$","?","?","$","R","E","R","T","E","?","$","M","M","R","BOSS","M","?","?","?","M","R","E","R","T","R","?","$","?","M","R","BOSS"],"items_purchased_type":["Card","Card","Relic","Card","Relic","Relic"],"build_version":"2020-12-22","purchased_purges":3,"victory":true,"max_hp_per_floor":[68,68,68,68,73,73,73,73,73,73,73,73,73,73,73,73,80,80,80,80,80,80,80,80,80,80,80,80,80,80,80,80,80,67,67,67,67,67,67,67,74,74,74,74,74,74,74,74,74,74],"card_choices":[{"not_picked":["TheCursedMod:RavingStaff","TheCursedMod:VitalStrike"],"picked":"TheCursedMod:CollectTribute","floor":1.0},{"not_picked":["TheCursedMod:Hemoplague","TheCursedMod:CircleOfWindfury"],"picked":"TheCursedMod:AbyssShockwave","floor":2.0},{"not_picked":["TheCursedMod:VitalStrike","TheCursedMod:CursedBoomerang"],"picked":"TheCursedMod:FleshFromBone","floor":4.0},{"not_picked":["TheCursedMod:SpitefulPray","TheCursedMod:CursedAmulet","TheCursedMod:Torture"],"picked":"SKIP","floor":7.0},{"not_picked":["TheCursedMod:Stigma","TheCursedMod:TroublousMinions","TheCursedMod:CircleOfAmplification"],"picked":"SKIP","floor":8.0},{"not_picked":["TheCursedMod:Obscuration","TheCursedMod:CursedMace"],"picked":"TheCursedMod:CursedRelics","floor":11.0},{"not_picked":["TheCursedMod:Obscuration","TheCursedMod:Stretching"],"picked":"TheCursedMod:DoubleShield","floor":13.0},{"not_picked":["TheCursedMod:WearCloak","TheCursedMod:DoubleShield"],"picked":"TheCursedMod:SpitefulPray","floor":14.0},{"not_picked":["TheCursedMod:CollectTribute","TheCursedMod:CursedRelics"],"picked":"TheCursedMod:VoidForm","floor":16.0},{"not_picked":["TheCursedMod:ReleasedKnowledge","TheCursedMod:WearCloak"],"picked":"TheCursedMod:ReleasedStrength","floor":18.0},{"not_picked":["TheCursedMod:SpitefulStrike","TheCursedMod:CursedShiv","TheCursedMod:Stigma"],"picked":"SKIP","floor":24.0},{"not_picked":["TheCursedMod:CursedArmor","TheCursedMod:FleshFromBone+1"],"picked":"TheCursedMod:CursedStaff+1","floor":27.0},{"not_picked":["TheCursedMod:HellsGateOpen","TheCursedMod:CursedShiv+1","TheCursedMod:Stretching"],"picked":"SKIP","floor":28.0},{"not_picked":["TheCursedMod:Wield+1","TheCursedMod:OutForBlood","TheCursedMod:RavingStaff"],"picked":"SKIP","floor":30.0},{"not_picked":["TheCursedMod:CircleOfBlood","TheCursedMod:CursedBoomerang"],"picked":"TheCursedMod:BlessingInDisguise","floor":31.0},{"not_picked":["TheCursedMod:OutForBlood","TheCursedMod:CircleOfAbyss"],"picked":"TheCursedMod:StunningStrike","floor":33.0},{"not_picked":["TheCursedMod:CircleOfFlame+1","TheCursedMod:CursedBoomerang","TheCursedMod:ManaBullet"],"picked":"SKIP","floor":35.0},{"not_picked":["TheCursedMod:PrepareRite+1","TheCursedMod:FleshFromBone","TheCursedMod:CircleOfCorruption"],"picked":"SKIP","floor":37.0},{"not_picked":["TheCursedMod:RapidMovement+1","TheCursedMod:Wield+1"],"picked":"TheCursedMod:SurpriseAttack+1","floor":38},{"not_picked":["TheCursedMod:CursedMace","TheCursedMod:TroublousMinions","TheCursedMod:SoulCrush+1"],"picked":"SKIP","floor":39},{"not_picked":["TheCursedMod:RavingStaff+1","TheCursedMod:SpitefulPlan","TheCursedMod:SurpriseAttack+1"],"picked":"SKIP","floor":41},{"not_picked":["TheCursedMod:VitalStrike","TheCursedMod:TacticalStrike","TheCursedMod:ReleasedStrength+1"],"picked":"SKIP","floor":48}],"player_experience":396820,"relics_obtained":[{"floor":7.0,"key":"Bag of Preparation"},{"floor":9.0,"key":"MoneyPower"},{"floor":14.0,"key":"YumHeart"},{"floor":24.0,"key":"Boot"},{"floor":26.0,"key":"TheBible"},{"floor":27.0,"key":"Turnip"},{"floor":38,"key":"CatCart"},{"floor":41,"key":"Diplopia"},{"floor":43,"key":"BlankCard"},{"floor":45,"key":"Leech"}],"event_choices":[{"damage_healed":0.0,"max_hp_gain":5.0,"max_hp_loss":0.0,"gold_gain":0.0,"event_name":"Big Fish","player_choice":"Donut","floor":5.0,"gold_loss":0.0,"damage_taken":0.0},{"damage_healed":18.0,"max_hp_gain":0.0,"max_hp_loss":0.0,"gold_gain":0.0,"event_name":"Mushrooms","player_choice":"Healed and dodged fight","floor":10.0,"gold_loss":0.0,"damage_taken":0.0,"cards_obtained":["Parasite"]},{"damage_healed":0,"gold_gain":0,"player_choice":"Fight","damage_taken":0,"max_hp_gain":0,"max_hp_loss":0,"event_name":"OrinTheCat","floor":38,"gold_loss":0},{"damage_healed":0,"gold_gain":0,"player_choice":"Fight","damage_taken":0,"max_hp_gain":0,"max_hp_loss":0,"event_name":"Mysterious Sphere","floor":45,"gold_loss":0}],"is_beta":false,"boss_relics":[{"not_picked":["Runic Pyramid","Pandora\u0027s Box"],"picked":"MagicMushroom"},{"not_picked":[]},{"not_picked":["Snecko Eye","Tiny House"],"picked":"Philosopher\u0027s Stone"},{"not_picked":[]}],"items_purged_floors":[3,22,29],"is_endless":false,"potions_floor_spawned":[2,8,13,14,16,27,31,35,41,45,48],"ascension_level":7}}