{"host":"ydujlihd8f5px9gp","time":1609600360,"event":{"mods":["AchievementEnabler","BaseMod","Block Reminder","Colored Map","Minty Spire (QoL Compilation)","ojb\u0027s Info Mod"],"gold_per_floor":[117,132,132,145,164,196,208,208,208,29,43,43,55,73,73,178,178,191,191,47,47,47],"floor_reached":21,"playtime":1463,"items_purged":[],"score":217,"play_id":"80d92ddc-bcc9-4f6c-ac11-64829dcbe518","local_time":"20210102131240","is_ascension_mode":true,"campfire_choices":[{"data":"Wallop","floor":12,"key":"SMITH"},{"floor":15,"key":"REST"}],"circlet_count":0,"master_deck":["Defend_P","Defend_P","Defend_P","Defend_P","Eruption","Vigilance","LikeWater","CutThroughFate","Meditate","Wallop+1","DevaForm+1","FollowUp","TalkToTheHand","Pray","FollowUp","Pray","Bite","Bite","Bite","Bite","Bite"],"relics":["PureWater","Damaru","White Beast Statue","Orichalcum","Snecko Eye","Potion Belt"],"acts_visited":["Exordium","TheCity"],"potions_floor_usage":[5,6,14,16,18,18],"damage_taken":[{"damage":2,"enemies":"Small Slimes","floor":1,"turns":4},{"damage":0,"enemies":"Cultist","floor":2,"turns":2},{"damage":0,"enemies":"2 Louse","floor":4,"turns":3},{"damage":2,"enemies":"Exordium Wildlife","floor":5,"turns":3},{"damage":13,"enemies":"3 Sentries","floor":6,"turns":11},{"damage":10,"enemies":"Lots of Slimes","floor":7,"turns":5},{"damage":8,"enemies":"Blue Slaver","floor":11,"turns":4},{"damage":23,"enemies":"Exordium Thugs","floor":13,"turns":7},{"damage":2,"enemies":"Large Slime","floor":14,"turns":4},{"damage":29,"enemies":"The Guardian","floor":16,"turns":7},{"damage":6,"enemies":"2 Thieves","floor":18,"turns":4},{"damage":17,"enemies":"Spheric Guardian","floor":21,"turns":4}],"seed_played":"2305885563680853790","potions_obtained":[{"floor":2,"key":"SneckoOil"},{"floor":5,"key":"Dexterity Potion"},{"floor":7,"key":"AttackPotion"},{"floor":11,"key":"DistilledChaos"},{"floor":13,"key":"Strength Potion"},{"floor":14,"key":"StancePotion"},{"floor":16,"key":"AttackPotion"},{"floor":18,"key":"FearPotion"}],"is_trial":false,"path_per_floor":["M","M","?","M","M","E","M","?","T","$","M","R","M","M","R","B",null,"M","?","$","M"],"character_chosen":"WATCHER","items_purchased":["TalkToTheHand","Orichalcum","Potion Belt"],"campfire_rested":1,"item_purchase_floors":[10,10,20],"current_hp_per_floor":[70,70,70,70,68,55,45,45,45,45,37,37,14,12,33,4,72,66,50,50,33,33],"gold":47,"neow_bonus":"THREE_CARDS","is_daily":false,"chose_seed":false,"campfire_upgraded":1,"win_rate":0.0,"timestamp":1609600360,"path_taken":["M","M","?","M","M","E","?","?","T","?","M","R","M","M","R","BOSS","M","?","$","M"],"items_purchased_type":["Card","Relic","Relic"],"build_version":"2020-12-22","purchased_purges":0,"victory":false,"max_hp_per_floor":[72,72,72,72,72,72,72,72,72,72,72,72,72,72,72,72,72,72,50,50,50,50],"card_choices":[{"not_picked":["DeceiveReality","WindmillStrike"],"picked":"LikeWater","floor":0},{"not_picked":["FlurryOfBlows","BowlingBash"],"picked":"CutThroughFate","floor":1},{"not_picked":["JustLucky","Protect"],"picked":"Prostrate","floor":2},{"not_picked":["EmptyBody","ClearTheMind"],"picked":"Wallop","floor":4},{"not_picked":["CrushJoints","FlurryOfBlows","Evaluate"],"picked":"SKIP","floor":5},{"not_picked":["Crescendo","CrushJoints"],"picked":"DevaForm","floor":6},{"not_picked":["ClearTheMind","BowlingBash"],"picked":"FollowUp","floor":7},{"not_picked":["SashWhip","Evaluate","BowlingBash"],"picked":"SKIP","floor":11},{"not_picked":["CutThroughFate","SignatureMove"],"picked":"Pray","floor":13},{"not_picked":["Tantrum","BowlingBash"],"picked":"FollowUp","floor":14},{"not_picked":["Crescendo","FollowUp"],"picked":"Pray","floor":18}],"player_experience":96619,"relics_obtained":[{"floor":6,"key":"Damaru"},{"floor":9,"key":"White Beast Statue"}],"event_choices":[{"damage_healed":0,"gold_gain":0,"cards_transformed":["Prostrate"],"player_choice":"Transformed","damage_taken":0,"max_hp_gain":0,"max_hp_loss":0,"event_name":"Transmorgrifier","floor":3,"gold_loss":0,"cards_obtained":["Meditate"]},{"damage_healed":0,"gold_gain":0,"player_choice":"Grow","damage_taken":0,"max_hp_gain":0,"max_hp_loss":0,"event_name":"Living Wall","floor":8,"gold_loss":0,"cards_upgraded":["DevaForm"]},{"damage_healed":0,"gold_gain":0,"player_choice":"Became a vampire","damage_taken":0,"max_hp_gain":0,"max_hp_loss":22,"event_name":"Vampires","floor":19,"gold_loss":0,"cards_obtained":["Bite","Bite","Bite","Bite","Bite"]}],"is_beta":false,"boss_relics":[{"not_picked":["Pandora\u0027s Box","SlaversCollar"],"picked":"Snecko Eye"}],"items_purged_floors":[],"is_endless":false,"potions_floor_spawned":[2,5,7,11,13,14,16,18],"killed_by":"Spheric Guardian","ascension_level":1}}