{"host":"n4fty02wqqi95laq","time":1609579531,"event":{"mods":["BaseMod","Highlight Path","Minty Spire (QoL Compilation)","Quick Restart","Rare Cards Sparkle","StSLib"],"gold_per_floor":[117,87,101,112,131,158,158,178,246,256,21,56,70,86,86,163,163,173,173,201,221,121,121,121,121,171,186,186,186,186],"floor_reached":29,"playtime":844,"items_purged":["Strike_G","Strike_G"],"score":524,"play_id":"03a177d6-6e2f-4cd4-b495-e8e52e259261","local_time":"20210102172531","is_ascension_mode":true,"campfire_choices":[{"data":"Tactician","floor":7.0,"key":"SMITH"},{"data":"Night Terror","floor":15.0,"key":"SMITH"},{"data":"Prostrate","floor":23,"key":"SMITH"}],"circlet_count":0,"master_deck":["AscendersBane","Strike_G","Defend_G","Defend_G","Defend_G","Defend_G","Survivor","Neutralize","Corpse Explosion+1","Eviscerate+1","Distraction+1","Tactician+1","Night Terror+1","Noxious Fumes","Prostrate+1","Second Wind","Sadistic Nature","Evaluate+1","InnerPeace","Doppelganger","Dual Wield+1"],"relics":["Kunai","PrismaticShard","Dead Branch","Snecko Eye","Red Mask","Bag of Preparation","Nloth\u0027s Gift"],"acts_visited":["Exordium","TheCity"],"potions_floor_usage":[],"damage_taken":[{"damage":0.0,"enemies":"Jaw Worm","floor":1.0,"turns":3.0},{"damage":0.0,"enemies":"Cultist","floor":3.0,"turns":3.0},{"damage":1.0,"enemies":"2 Louse","floor":4.0,"turns":3.0},{"damage":0.0,"enemies":"2 Fungi Beasts","floor":5.0,"turns":2.0},{"damage":2.0,"enemies":"3 Sentries","floor":6.0,"turns":2.0},{"damage":13.0,"enemies":"Lots of Slimes","floor":8.0,"turns":3.0},{"damage":14.0,"enemies":"Gremlin Gang","floor":10.0,"turns":3.0},{"damage":7.0,"enemies":"Lagavulin","floor":12.0,"turns":8.0},{"damage":0.0,"enemies":"Large Slime","floor":13.0,"turns":2.0},{"damage":0.0,"enemies":"3 Louse","floor":14.0,"turns":2.0},{"damage":20.0,"enemies":"Slime Boss","floor":16.0,"turns":5.0},{"damage":17.0,"enemies":"Chosen","floor":18.0,"turns":4.0},{"damage":0.0,"enemies":"Masked Bandits","floor":20.0,"turns":2.0},{"damage":20,"enemies":"2 Thieves","floor":21,"turns":3},{"damage":0,"enemies":"3 Cultists","floor":27,"turns":3},{"damage":14,"enemies":"Chosen and Byrds","floor":29,"turns":3}],"seed_played":"3492709113051202807","potions_obtained":[{"floor":2.0,"key":"LiquidMemories"},{"floor":2.0,"key":"EssenceOfSteel"},{"floor":4.0,"key":"Block Potion"},{"floor":5.0,"key":"LiquidMemories"},{"floor":6.0,"key":"BlessingOfTheForge"},{"floor":10.0,"key":"Weak Potion"},{"floor":14.0,"key":"LiquidMemories"},{"floor":16.0,"key":"Energy Potion"},{"floor":27,"key":"Swift Potion"}],"is_trial":false,"path_per_floor":["M","?","M","M","M","E","R","M","T","M","$","E","M","M","R","B",null,"M","?","?","M","$","R","?","$","T","M","?","M"],"character_chosen":"THE_SILENT","items_purchased":["PrismaticShard"],"campfire_rested":0,"item_purchase_floors":[11],"current_hp_per_floor":[59,59,59,58,58,56,56,43,43,29,29,22,22,22,22,2,50,33,33,33,13,13,13,13,13,13,13,13,0,0],"gold":186,"neow_bonus":"BOSS_RELIC","is_daily":false,"chose_seed":false,"campfire_upgraded":3,"win_rate":0.0,"timestamp":1609579531,"path_taken":["M","?","M","M","M","E","R","M","T","M","$","E","?","?","R","BOSS","M","?","?","M","$","R","?","$","T","?","?","?"],"items_purchased_type":["Relic"],"build_version":"2020-12-22","purchased_purges":2,"victory":false,"max_hp_per_floor":[66,66,66,66,66,66,66,66,66,66,66,66,66,66,66,66,66,66,66,66,66,66,66,66,66,66,66,66,66,66],"card_choices":[{"not_picked":["Flying Knee","Slice","Riddle With Holes"],"picked":"SKIP","floor":1.0},{"not_picked":["Dagger Spray","Heel Hook","Predator"],"picked":"SKIP","floor":3.0},{"not_picked":["Prepared","Riddle With Holes","Blade Dance"],"picked":"SKIP","floor":4.0},{"not_picked":["Bane","Slice"],"picked":"Tactician","floor":5.0},{"not_picked":["A Thousand Cuts","Deadly Poison"],"picked":"Night Terror","floor":6.0},{"not_picked":["Bane","Dagger Throw","Dagger Spray"],"picked":"SKIP","floor":8.0},{"not_picked":["Flying Knee","Outmaneuver","Blade Dance"],"picked":"SKIP","floor":10.0},{"not_picked":["EmptyMind","Rupture"],"picked":"Noxious Fumes","floor":12.0},{"not_picked":["SignatureMove","EmptyFist"],"picked":"Prostrate","floor":13.0},{"not_picked":["WreathOfFlame","PiercingWail"],"picked":"Second Wind","floor":14.0},{"not_picked":["Mayhem","Multi-Cast"],"picked":"Sadistic Nature","floor":16.0},{"not_picked":["Underhanded Strike","Sweeping Beam"],"picked":"Evaluate+1","floor":18.0},{"not_picked":["Poisoned Stab","Clash"],"picked":"InnerPeace","floor":21},{"not_picked":["Anger","Poisoned Stab"],"picked":"Dual Wield+1","floor":27}],"player_experience":646450,"relics_obtained":[{"floor":6.0,"key":"Kunai"},{"floor":12.0,"key":"Dead Branch"},{"floor":20.0,"key":"Red Mask"},{"floor":26,"key":"Bag of Preparation"}],"event_choices":[{"damage_healed":0.0,"max_hp_gain":0.0,"max_hp_loss":0.0,"gold_gain":0.0,"event_name":"The Woman in Blue","player_choice":"Bought 2 Potions","floor":2.0,"gold_loss":0.0,"damage_taken":0.0},{"damage_healed":0.0,"max_hp_gain":0.0,"max_hp_loss":0.0,"gold_gain":0.0,"event_name":"The Mausoleum","player_choice":"Ignored","floor":19.0,"gold_loss":0.0,"damage_taken":0.0},{"damage_healed":0.0,"max_hp_gain":0.0,"max_hp_loss":0.0,"gold_gain":0.0,"event_name":"Masked Bandits","player_choice":"Fought Bandits","floor":20.0,"gold_loss":0.0,"damage_taken":0.0},{"damage_healed":0,"gold_gain":0,"player_choice":"1 cards matched","damage_taken":0,"max_hp_gain":0,"max_hp_loss":0,"event_name":"Match and Keep!","floor":24,"gold_loss":0,"cards_obtained":["Doppelganger"]},{"damage_healed":0,"gold_gain":0,"player_choice":"Traded Relic","damage_taken":0,"relics_obtained":["Nloth\u0027s Gift"],"max_hp_gain":0,"max_hp_loss":0,"event_name":"N\u0027loth","floor":28,"relics_lost":["Astrolabe"],"gold_loss":0}],"is_beta":false,"boss_relics":[{"not_picked":["Fusion Hammer","SlaversCollar"],"picked":"Snecko Eye"}],"items_purged_floors":[11,22],"is_endless":false,"potions_floor_spawned":[4,5,6,10,14,16,27],"killed_by":"Chosen and Byrds","ascension_level":20}}