{"host":"nqsrckqog5ia9mbo","time":1609604256,"event":{"mods":["AchievementEnabler","BaseMod","Colored Map","Highlight Path","Minty Spire (QoL Compilation)"],"gold_per_floor":[210,230,230,230,250,267,267,297,297,297,311,321,352,352,352,453,453,464,379,83,65,79,79,111,111,111,131,149,174,174,74,74,178,178,190,190,65,85,103,132,132,144,167,182,182,194,205,240,240,240],"floor_reached":51,"playtime":5837,"items_purged":["Strike_B","Defend_B","Decay"],"score":811,"play_id":"161b32b6-bd91-4f59-86db-4c952b27af9b","local_time":"20210102171736","is_ascension_mode":false,"campfire_choices":[{"floor":10,"key":"REST"},{"floor":15,"key":"REST"},{"data":"1","floor":23,"key":"LIFT"},{"floor":25,"key":"REST"},{"data":"Defragment","floor":32,"key":"SMITH"},{"floor":41,"key":"REST"},{"data":"Defragment","floor":49,"key":"SMITH"}],"circlet_count":0,"master_deck":["Strike_B","Strike_B","Strike_B","Zap+1","Dualcast","Streamline","Redo","Cold Snap","Blizzard","Compile Driver","Streamline+1","Defragment","Go for the Eyes","Hologram","Glacier","Compile Driver+1","Leap","Cold Snap+1","Sweeping Beam","Defragment+1","Cold Snap+1","Loop+1","Coolheaded","Glacier","Parasite","Defragment+1","Glacier+1","Defragment+1"],"relics":["FrozenCore","Toy Ornithopter","Girya","Shuriken","Incense Burner","Centennial Puzzle","Lizard Tail","Bottled Flame","Pantograph","Empty Cage","Happy Flower","Lantern","Blood Vial"],"acts_visited":["Exordium","TheCity","TheBeyond"],"potions_floor_usage":[16,16,16,22,24,27,29,40],"damage_taken":[{"damage":6,"enemies":"Jaw Worm","floor":1,"turns":4},{"damage":0,"enemies":"Small Slimes","floor":2,"turns":4},{"damage":8,"enemies":"2 Louse","floor":5,"turns":4},{"damage":23,"enemies":"Gremlin Gang","floor":6,"turns":5},{"damage":16,"enemies":"Gremlin Nob","floor":8,"turns":4},{"damage":6,"enemies":"3 Louse","floor":11,"turns":3},{"damage":10,"enemies":"Looter","floor":12,"turns":2},{"damage":13,"enemies":"Lagavulin","floor":13,"turns":8},{"damage":24,"enemies":"Hexaghost","floor":16,"turns":10},{"damage":17,"enemies":"Spheric Guardian","floor":18,"turns":6},{"damage":0,"enemies":"2 Thieves","floor":21,"turns":5},{"damage":16,"enemies":"Centurion and Healer","floor":22,"turns":7},{"damage":47,"enemies":"Book of Stabbing","floor":24,"turns":10},{"damage":12,"enemies":"Chosen and Byrds","floor":27,"turns":8},{"damage":4,"enemies":"Snecko","floor":28,"turns":6},{"damage":9,"enemies":"Slavers","floor":29,"turns":9},{"damage":79,"enemies":"Automaton","floor":33,"turns":14},{"damage":5,"enemies":"Orb Walker","floor":35,"turns":6},{"damage":18,"enemies":"3 Darklings","floor":38,"turns":8},{"damage":3,"enemies":"4 Shapes","floor":39,"turns":13},{"damage":36,"enemies":"Reptomancer","floor":40,"turns":14},{"damage":3,"enemies":"Sphere and 2 Shapes","floor":42,"turns":10},{"damage":7,"enemies":"Spire Growth","floor":44,"turns":8},{"damage":8,"enemies":"Writhing Mass","floor":46,"turns":10},{"damage":7,"enemies":"4 Shapes","floor":47,"turns":7},{"damage":0,"enemies":"Nemesis","floor":48,"turns":13},{"damage":6,"enemies":"Donu and Deca","floor":50,"turns":19}],"seed_played":"5176331882013807047","potions_obtained":[{"floor":8,"key":"Block Potion"},{"floor":12,"key":"PotionOfCapacity"},{"floor":13,"key":"BlessingOfTheForge"},{"floor":16,"key":"Regen Potion"},{"floor":18,"key":"ColorlessPotion"},{"floor":22,"key":"Fruit Juice"},{"floor":24,"key":"FocusPotion"},{"floor":28,"key":"Fire Potion"},{"floor":38,"key":"FairyPotion"},{"floor":46,"key":"Dexterity Potion"},{"floor":47,"key":"SpeedPotion"},{"floor":48,"key":"SteroidPotion"}],"is_trial":false,"path_per_floor":["M","M","?","?","M","M","?","E","T","R","M","M","E","?","R","B",null,"M","?","$","M","M","R","E","R","T","M","M","E","?","$","R","B",null,"M","?","$","M","M","E","R","M","T","M","?","M","M","E","R","B",null],"character_chosen":"DEFECT","items_purchased":["Defragment","Go for the Eyes","Hologram","Glacier"],"campfire_rested":4,"item_purchase_floors":[20,20,20,20],"current_hp_per_floor":[69,69,74,62,54,31,31,15,15,39,33,23,10,10,34,25,80,63,63,63,63,57,57,27,52,52,45,41,37,37,37,37,42,85,80,80,80,62,59,28,53,50,50,43,85,77,70,70,70,79],"gold":240,"neow_bonus":"HUNDRED_GOLD","is_daily":false,"chose_seed":false,"campfire_upgraded":2,"win_rate":0.0,"timestamp":1609604256,"path_taken":["M","M","?","?","M","M","?","E","T","R","?","M","E","?","R","BOSS","M","?","$","M","M","R","E","R","T","M","M","E","?","$","R","BOSS","M","?","$","M","M","E","R","M","T","M","?","?","M","E","R","BOSS"],"items_purchased_type":["Card","Card","Card","Card"],"build_version":"2020-12-22","purchased_purges":3,"victory":true,"max_hp_per_floor":[75,75,80,80,80,80,80,80,80,80,80,80,80,80,80,80,80,80,80,80,80,85,85,85,85,85,85,85,85,85,85,85,85,85,85,85,85,85,85,85,85,85,85,85,85,85,85,85,85,85],"card_choices":[{"not_picked":["Barrage","Sweeping Beam"],"picked":"Streamline","floor":1},{"not_picked":["Barrage","Heatsinks"],"picked":"Redo","floor":2},{"not_picked":["Skim","BootSequence","Sweeping Beam"],"picked":"SKIP","floor":5},{"not_picked":["Rebound","Static Discharge"],"picked":"Cold Snap","floor":6},{"not_picked":["Scrape","Stack"],"picked":"Auto Shields","floor":8},{"not_picked":["FTL","Steam"],"picked":"Blizzard","floor":11},{"not_picked":["Static Discharge","Beam Cell","Rainbow"],"picked":"SKIP","floor":12},{"not_picked":["Sweeping Beam","Rebound"],"picked":"Compile Driver","floor":13},{"not_picked":["Aggregate","Melter+1"],"picked":"Streamline+1","floor":18},{"not_picked":["Streamline","Reprogram"],"picked":"Compile Driver+1","floor":21},{"not_picked":["Melter","Barrage"],"picked":"Leap","floor":22},{"not_picked":["Compile Driver","Scrape+1"],"picked":"Cold Snap+1","floor":24},{"not_picked":["Self Repair","Conserve Battery"],"picked":"Sweeping Beam","floor":27},{"not_picked":["Barrage","Biased Cognition","Sweeping Beam"],"picked":"SKIP","floor":28},{"not_picked":["Go for the Eyes","Chaos"],"picked":"Defragment","floor":29},{"not_picked":["Stack","Hologram+1"],"picked":"Cold Snap+1","floor":35},{"not_picked":["Rip and Tear+1","Hologram"],"picked":"Loop+1","floor":38},{"not_picked":["Steam+1","Beam Cell","Leap"],"picked":"SKIP","floor":39},{"not_picked":["Gash","Multi-Cast"],"picked":"Coolheaded","floor":40},{"not_picked":["Beam Cell+1","Hologram","Conserve Battery+1"],"picked":"SKIP","floor":42},{"not_picked":["Compile Driver+1","Tempest"],"picked":"Glacier","floor":44},{"not_picked":["Leap","Conserve Battery+1"],"picked":"Defragment+1","floor":46},{"not_picked":["BootSequence","Leap+1"],"picked":"Glacier+1","floor":47},{"not_picked":["Beam Cell","Skim+1"],"picked":"Defragment","floor":48}],"player_experience":78898,"relics_obtained":[{"floor":8,"key":"Girya"},{"floor":9,"key":"Shuriken"},{"floor":13,"key":"Incense Burner"},{"floor":24,"key":"Lizard Tail"},{"floor":26,"key":"Bottled Flame"},{"floor":29,"key":"Pantograph"},{"floor":40,"key":"Happy Flower"},{"floor":43,"key":"Lantern"},{"floor":48,"key":"Blood Vial"}],"event_choices":[{"damage_healed":0,"gold_gain":0,"player_choice":"Donut","damage_taken":0,"max_hp_gain":5,"max_hp_loss":0,"event_name":"Big Fish","floor":3,"gold_loss":0},{"damage_healed":0,"gold_gain":0,"player_choice":"Success","damage_taken":12,"relics_obtained":["Toy Ornithopter"],"max_hp_gain":0,"max_hp_loss":0,"event_name":"Scrap Ooze","floor":4,"gold_loss":0},{"cards_removed":["Defend_B"],"damage_healed":0,"gold_gain":0,"player_choice":"Purged","damage_taken":0,"max_hp_gain":0,"max_hp_loss":0,"event_name":"Purifier","floor":7,"gold_loss":0},{"damage_healed":0,"gold_gain":0,"player_choice":"Grow","damage_taken":0,"max_hp_gain":0,"max_hp_loss":0,"event_name":"Living Wall","floor":14,"gold_loss":0,"cards_upgraded":["Zap"]},{"damage_healed":0,"gold_gain":0,"player_choice":"Obtained Relic","damage_taken":0,"relics_obtained":["Centennial Puzzle"],"max_hp_gain":0,"max_hp_loss":0,"event_name":"Addict","floor":19,"gold_loss":85},{"damage_healed":0,"gold_gain":0,"player_choice":"Smashed Altar","damage_taken":0,"max_hp_gain":0,"max_hp_loss":0,"event_name":"Forgotten Altar","floor":30,"gold_loss":0,"cards_obtained":["Decay"]},{"damage_healed":0,"gold_gain":0,"player_choice":"Ignored","damage_taken":0,"max_hp_gain":0,"max_hp_loss":0,"event_name":"Tomb of Lord Red Mask","floor":36,"gold_loss":0},{"cards_removed":["Auto Shields"],"damage_healed":42,"gold_gain":0,"player_choice":"Offered Uncommon","damage_taken":0,"max_hp_gain":0,"max_hp_loss":0,"event_name":"Bonfire Elementals","floor":45,"gold_loss":0}],"is_beta":false,"boss_relics":[{"not_picked":["Calling Bell","Nuclear Battery"],"picked":"FrozenCore"},{"not_picked":["SacredBark","Runic Dome"],"picked":"Empty Cage"}],"items_purged_floors":[20,31,37],"is_endless":false,"potions_floor_spawned":[8,12,13,16,18,22,24,28,38,46,47,48],"ascension_level":0}}