{"host":"cmxkjr0hek4mqvmn","time":1609559165,"event":{"mods":["BaseMod","Beaked The Cultist","Better Match","Better Skull","Better Third Choice","BetterRewards","Clawfect","Colored Map","Displayed Cursed Tome","Duelist Mod","GifTheSpireLib","Hermit","Hubris","JesterMod","Mimic Mod","Minty Spire (QoL Compilation)","Quick Restart","Robot Space Explorer","StSLib","The Bladedancer","The Blue Laboratory","The Cursed","Thieving Mod","Waifu the Spire"],"gold_per_floor":[114,189,205,217,231,231,262,282,318,346,363,375,375,375,375,474,474,487,500,59,0,10,10,42,42,79,79,90,90,125,0,0,99,99,115,134,134,134],"floor_reached":37,"playtime":4033,"items_purged":[],"score":520,"play_id":"cbf23bfe-2fc6-4dd9-9a72-36839ad13b4b","local_time":"20210101224605","is_ascension_mode":true,"campfire_choices":[{"data":"Defragment","floor":6.0,"key":"SMITH"},{"data":"Capacitor","floor":15.0,"key":"SMITH"},{"floor":23.0,"key":"DIG"},{"floor":32.0,"key":"REST"}],"circlet_count":0,"master_deck":["Gash","Gash","Gash","Gash","Gash","Defend_B","Defend_B","Defend_B","Defend_B","Defend_B","Clawfect:ClawSnap","Defragment+1","Clawfect:ClawLightning","Chill","Machine Learning","Hologram","Clawfect:Clawrage","Clawfect:ClawLightning","Flex","Capacitor+1","Rainbow","Stack+1","Skim","Defragment+1","Clawfect:ClawAndGloom","Electrodynamics","Skim","Clawfect:ClawCell+1","Hologram","Clawfect:ClawCell","Clawfect:ClawingBeam","Immolate","Capacitor+1","Flex"],"relics":["Clawfect:DRClaw","MealTicket","hubris:DisguiseKit","Pen Nib","hubris:PeanutButter","Inserter","Shovel","Akabeko","Lizard Tail","hubris:BottledRain","hubris:Towel","Thread and Needle","Sozu"],"acts_visited":["Exordium","TheCity","TheBeyond"],"potions_floor_usage":[37],"damage_taken":[{"damage":0.0,"enemies":"2 Louse","floor":1.0,"turns":4.0},{"damage":6.0,"enemies":"Jaw Worm","floor":3.0,"turns":4.0},{"damage":0.0,"enemies":"Cultist","floor":4.0,"turns":5.0},{"damage":6.0,"enemies":"Blue Slaver","floor":5.0,"turns":4.0},{"damage":6.0,"enemies":"3 Sentries","floor":7.0,"turns":7.0},{"damage":2.0,"enemies":"Large Slime","floor":8.0,"turns":5.0},{"damage":0.0,"enemies":"Exordium Thugs","floor":9.0,"turns":6.0},{"damage":13.0,"enemies":"Gremlin Nob","floor":10.0,"turns":4.0},{"damage":14.0,"enemies":"Exordium Thugs","floor":11.0,"turns":3.0},{"damage":0.0,"enemies":"Blue Slaver","floor":12.0,"turns":3.0},{"damage":23.0,"enemies":"Slime Boss","floor":16.0,"turns":6.0},{"damage":8.0,"enemies":"Shell Parasite","floor":18.0,"turns":5.0},{"damage":0.0,"enemies":"Chosen","floor":19.0,"turns":4.0},{"damage":20.0,"enemies":"Centurion and Healer","floor":22.0,"turns":5.0},{"damage":25.0,"enemies":"Slavers","floor":24.0,"turns":4.0},{"damage":0.0,"enemies":"Cultist and Chosen","floor":26.0,"turns":6.0},{"damage":10.0,"enemies":"Cultist and Chosen","floor":28.0,"turns":4.0},{"damage":29.0,"enemies":"Book of Stabbing","floor":30.0,"turns":5.0},{"damage":0.0,"enemies":"Automaton","floor":33.0,"turns":6.0},{"damage":7.0,"enemies":"3 Darklings","floor":35.0,"turns":4.0},{"damage":13,"enemies":"3 Shapes","floor":36,"turns":5},{"damage":57,"enemies":"Sphere and 2 Shapes","floor":37,"turns":4}],"seed_played":"-5809970829806359414","potions_obtained":[{"floor":3.0,"key":"blueLaboratory:ConsumingVoid"},{"floor":5.0,"key":"Regen Potion"},{"floor":7.0,"key":"LiquidMemories"},{"floor":10.0,"key":"blueLaboratory:BottleOfRum"},{"floor":11.0,"key":"blueLaboratory:HorrorPotion"},{"floor":19.0,"key":"GamblersBrew"},{"floor":22.0,"key":"blueLaboratory:EmptyBottle"},{"floor":30.0,"key":"DistilledChaos"},{"floor":33.0,"key":"blueLaboratory:RememoryPotion"}],"is_trial":false,"path_per_floor":["M","?","M","M","M","R","E","M","MIM","E","M","M","?","?","R","B",null,"M","M","$","?","M","R","E","?","MIM","?","M","?","E","$","R","B",null,"M","M","M"],"character_chosen":"DEFECT","items_purchased":["Shovel","Defragment","Clawfect:ClawAndGloom","blueLaboratory:TeslaPotion","Clawfect:ClawingBeam"],"campfire_rested":1,"item_purchase_floors":[20,20,20,31,31],"current_hp_per_floor":[75,64,58,58,52,52,46,53,53,40,26,26,51,51,51,28,75,67,67,75,75,55,55,30,30,30,30,20,20,37,52,74,74,75,68,55,0,0],"gold":134,"neow_bonus":"RANDOM_COMMON_RELIC","is_daily":false,"chose_seed":false,"campfire_upgraded":2,"win_rate":0.0,"timestamp":1609559165,"path_taken":["M","?","M","M","M","R","E","M","MIM","E","M","?","?","?","R","BOSS","M","M","$","?","M","R","E","?","MIM","?","?","?","E","$","R","BOSS","M","M","M"],"items_purchased_type":["Relic","Card","Card","Potion","Card"],"build_version":"2020-12-22","purchased_purges":0,"victory":false,"max_hp_per_floor":[75,75,75,75,75,75,75,75,75,75,75,75,75,75,75,75,75,75,75,75,75,75,75,75,75,75,75,75,75,75,75,75,75,75,75,75,75,75],"card_choices":[{"not_picked":["Clawfect:ClawCell","Gash"],"picked":"Clawfect:ClawSnap","floor":1.0},{"not_picked":["Leap","Heatsinks"],"picked":"Defragment","floor":3.0},{"not_picked":["Clawfect:ClawpileDriver","Rebound"],"picked":"Clawfect:ClawLightning","floor":4.0},{"not_picked":["Clawfect:Clawrage","Hologram"],"picked":"Chill","floor":5.0},{"not_picked":["Biased Cognition","Glacier"],"picked":"Machine Learning","floor":7.0},{"not_picked":["Clawfect:ScrapingClaw","Clawfect:Clawline","Iron Wave"],"picked":"Hologram","floor":8.0},{"not_picked":["Clawfect:ClawCell","Redo","Shrug It Off"],"picked":"Clawfect:Clawrage","floor":9.0},{"not_picked":["Tempest","Double Energy","Havoc"],"picked":"Clawfect:ClawLightning","floor":10.0},{"not_picked":["Blizzard","Double Energy","Machine Learning"],"picked":"Flex","floor":11.0},{"not_picked":["Redo","Clawfect:ClawSnap","Bloodletting"],"picked":"Capacitor","floor":12.0},{"not_picked":["hubris:Prefetch","Multi-Cast","Reaper"],"picked":"Rainbow","floor":16.0},{"not_picked":["Sunder+1","Leap","Heavy Blade"],"picked":"Stack+1","floor":18.0},{"not_picked":["Leap","Clawfect:ClawForTheEyes","Shrug It Off"],"picked":"Skim","floor":19.0},{"not_picked":["Reinforced Body","Tempest","True Grit"],"picked":"Electrodynamics","floor":22.0},{"not_picked":["Clawfect:Clawline+1","Clawfect:ClawSnap","Heavy Blade"],"picked":"Skim","floor":24.0},{"not_picked":["Rebound","Turbo","Heavy Blade"],"picked":"Clawfect:ClawCell+1","floor":26.0},{"not_picked":["Undo","Steam Power","True Grit"],"picked":"Hologram","floor":28.0},{"not_picked":["Clawfect:Clawline+1","Coolheaded","Evolve"],"picked":"Clawfect:ClawCell","floor":30.0},{"not_picked":["Meteor Strike","hubris:SpecializedCircuitry","Hyperbeam"],"picked":"Immolate","floor":33.0},{"not_picked":["Stack+1","Hologram+1","Iron Wave"],"picked":"Capacitor+1","floor":35.0},{"not_picked":["Redo","White Noise","Clawfect:Clawter"],"picked":"Flex","floor":36}],"player_experience":558326,"relics_obtained":[{"floor":7.0,"key":"hubris:DisguiseKit"},{"floor":9.0,"key":"Pen Nib"},{"floor":10.0,"key":"hubris:PeanutButter"},{"floor":23.0,"key":"Akabeko"},{"floor":24.0,"key":"Lizard Tail"},{"floor":26.0,"key":"hubris:BottledRain"},{"floor":30.0,"key":"Thread and Needle"}],"event_choices":[{"damage_healed":0.0,"max_hp_gain":0.0,"max_hp_loss":0.0,"gold_gain":75.0,"event_name":"betterThird:BetterGoop","player_choice":"Gold","floor":2.0,"gold_loss":0.0,"damage_taken":11.0},{"damage_healed":25.0,"max_hp_gain":0.0,"max_hp_loss":0.0,"gold_gain":0.0,"event_name":"Big Fish","player_choice":"Banana","floor":13.0,"gold_loss":0.0,"damage_taken":0.0},{"damage_healed":0.0,"max_hp_gain":0.0,"max_hp_loss":0.0,"gold_gain":0.0,"event_name":"Golden Idol","player_choice":"Ignored","floor":14.0,"gold_loss":0.0,"damage_taken":0.0},{"damage_healed":0.0,"max_hp_gain":0.0,"max_hp_loss":0.0,"gold_gain":0.0,"event_name":"Masked Bandits","player_choice":"Paid Fearfully","floor":21.0,"gold_loss":59.0,"damage_taken":0.0},{"damage_healed":0.0,"max_hp_gain":0.0,"max_hp_loss":0.0,"gold_gain":0.0,"event_name":"Ghosts","player_choice":"Ignored","floor":25.0,"gold_loss":0.0,"damage_taken":0.0},{"damage_healed":0.0,"max_hp_gain":0.0,"max_hp_loss":0.0,"gold_gain":0.0,"event_name":"Upgrade Shrine","player_choice":"Upgraded","floor":27.0,"gold_loss":0.0,"damage_taken":0.0,"cards_upgraded":["Defragment"]}],"is_beta":false,"boss_relics":[{"not_picked":["Tiny House","Ectoplasm"],"picked":"Inserter"},{"not_picked":["beaked:MawFillet","SacredBark"],"picked":"Sozu"}],"items_purged_floors":[],"is_endless":false,"potions_floor_spawned":[3,5,7,10,11,12,19,22,30,33],"killed_by":"Sphere and 2 Shapes","ascension_level":1}}