{"host":"pletss163z7s8pvv","time":1609568084,"event":{"mods":["AchievementEnabler","BaseMod","Colored Map","Colored Powertips","Minty Spire (QoL Compilation)"],"gold_per_floor":[114,129,144,144,144,159,174,204,204,219,249,6,21,36,36,136,136,151,151,151,166,181,211,211,12,87,102,192,192,22,37,37,137,137,152,167,182,207,222,222,237,237,237,252,302,302,302,327,327,327,327],"floor_reached":50,"playtime":1285,"items_purged":[],"score":653,"play_id":"7104d25e-768a-4581-bb36-74cc6f3b1fa6","local_time":"20210102001444","daily_mods":["Insanity","Time Dilation","Binary"],"is_ascension_mode":false,"campfire_choices":[{"floor":15,"key":"REST"},{"floor":24,"key":"REST"},{"floor":29,"key":"REST"},{"data":"Limit Break","floor":32,"key":"SMITH"},{"floor":40,"key":"REST"},{"floor":42,"key":"REST"},{"floor":49,"key":"REST"}],"circlet_count":0,"master_deck":["Uppercut","Shrug It Off","Anger","Perfected Strike","Headbutt","Flame Barrier","Armaments","Sentinel","Heavy Blade","Havoc+1","Rage","Dropkick","Cleave","Havoc","Dark Embrace","Twin Strike","Battle Trance","Bloodletting","Twin Strike","Cleave","Inflame","True Grit","Burning Pact","Searing Blow","Spot Weakness","Bloodletting","Twin Strike","Twin Strike","Heavy Blade","True Grit","Warcry","True Grit","Cleave","Searing Blow","Shrug It Off","Body Slam","Thunderclap","Wild Strike","Havoc","Flex","Dual Wield","Wild Strike","Sentinel","Clothesline","Perfected Strike","Anger","Flex","Rampage","Warcry","Clash","Perfected Strike+1","Twin Strike","Cleave","Demon Form","Cleave","Perfected Strike","Sword Boomerang","Clash","Flex","Thunderclap","Metallicize","Iron Wave","Demon Form","Limit Break+1","Flash of Steel","Inflame","Flex","Sever Soul","Parasite","Writhe"],"relics":["Burning Blood","Kunai","Bag of Preparation","Pear","Happy Flower","Tiny Chest","Busted Crown","Smiling Mask","Shuriken","SlaversCollar","Strawberry","Ornamental Fan","Turnip","Bronze Scales"],"acts_visited":["Exordium","TheCity","TheBeyond"],"potions_floor_usage":[11,16,16,33,33,37,41,45],"damage_taken":[{"damage":0,"enemies":"Cultist","floor":1,"turns":3},{"damage":7,"enemies":"Jaw Worm","floor":2,"turns":3},{"damage":0,"enemies":"2 Louse","floor":3,"turns":2},{"damage":12,"enemies":"Blue Slaver","floor":6,"turns":2},{"damage":0,"enemies":"2 Fungi Beasts","floor":7,"turns":2},{"damage":9,"enemies":"Gremlin Nob","floor":8,"turns":3},{"damage":0,"enemies":"Lots of Slimes","floor":10,"turns":1},{"damage":13,"enemies":"Lagavulin","floor":11,"turns":4},{"damage":13,"enemies":"Looter","floor":13,"turns":2},{"damage":3,"enemies":"Blue Slaver","floor":14,"turns":1},{"damage":44,"enemies":"Hexaghost","floor":16,"turns":3},{"damage":9,"enemies":"2 Thieves","floor":18,"turns":3},{"damage":5,"enemies":"Shell Parasite","floor":21,"turns":2},{"damage":20,"enemies":"Centurion and Healer","floor":22,"turns":5},{"damage":33,"enemies":"Slavers","floor":23,"turns":4},{"damage":10,"enemies":"Sentry and Sphere","floor":27,"turns":3},{"damage":0,"enemies":"Snake Plant","floor":31,"turns":3},{"damage":25,"enemies":"Collector","floor":33,"turns":4},{"damage":21,"enemies":"Orb Walker","floor":35,"turns":3},{"damage":22,"enemies":"3 Darklings","floor":36,"turns":3},{"damage":27,"enemies":"Spire Growth","floor":37,"turns":4},{"damage":21,"enemies":"Transient","floor":39,"turns":5},{"damage":41,"enemies":"Sphere and 2 Shapes","floor":41,"turns":5},{"damage":20,"enemies":"Writhing Mass","floor":44,"turns":3},{"damage":22,"enemies":"Mind Bloom Boss Battle","floor":45,"turns":5},{"damage":104,"enemies":"Donu and Deca","floor":50,"turns":7}],"seed_played":"-4486375853315586652","potions_obtained":[{"floor":1,"key":"SmokeBomb"},{"floor":2,"key":"Weak Potion"},{"floor":6,"key":"Fire Potion"},{"floor":10,"key":"FearPotion"},{"floor":16,"key":"SneckoOil"},{"floor":21,"key":"DistilledChaos"},{"floor":22,"key":"Strength Potion"},{"floor":35,"key":"Block Potion"},{"floor":44,"key":"BloodPotion"}],"is_trial":false,"path_per_floor":["M","M","M","?","T","M","M","E","T","M","E","$","M","M","R","B",null,"M","?","?","M","M","E","R","$","T","M","?","R","$","M","R","B",null,"M","M","M","T","M","R","M","R","T","M","?","?","?","T","R","B"],"character_chosen":"IRONCLAD","items_purchased":["Tiny Chest","Flex","Thunderclap","Limit Break","BloodPotion","Inflame","Flex","Sever Soul"],"campfire_rested":6,"item_purchase_floors":[12,12,12,25,25,30,30,30],"current_hp_per_floor":[80,79,80,64,64,58,64,61,71,77,70,70,63,66,90,52,90,87,87,87,88,74,47,74,74,74,70,52,79,79,85,85,66,90,75,59,56,63,48,77,42,71,71,57,60,84,84,84,97,0,0],"gold":327,"neow_bonus":"","is_daily":true,"chose_seed":false,"campfire_upgraded":1,"win_rate":0.0,"timestamp":1609568084,"path_taken":["M","?","M","?","?","M","?","E","T","M","E","$","M","M","R","BOSS","M","?","?","M","M","E","R","$","T","M","?","R","$","M","R","BOSS","M","M","M","?","M","R","M","R","T","M","?","?","?","?","R","BOSS"],"items_purchased_type":["Relic","Card","Card","Card","Potion","Card","Card","Card"],"build_version":"2020-12-22","purchased_purges":0,"victory":false,"max_hp_per_floor":[80,80,80,80,80,80,80,80,90,90,90,90,90,90,90,90,90,90,90,90,90,90,90,90,90,90,90,90,90,90,90,90,90,90,90,90,90,97,97,97,97,97,97,97,97,97,97,97,97,97,97],"card_choices":[{"not_picked":["Warcry"],"picked":"Perfected Strike","floor":1},{"not_picked":["Sentinel"],"picked":"Twin Strike","floor":2},{"not_picked":["Headbutt"],"picked":"Cleave","floor":3},{"not_picked":["Clothesline"],"picked":"Demon Form","floor":6},{"not_picked":["Heavy Blade"],"picked":"Cleave","floor":7},{"not_picked":["Juggernaut"],"picked":"Perfected Strike","floor":8},{"not_picked":["Flex"],"picked":"Sword Boomerang","floor":10},{"not_picked":["Reaper"],"picked":"Clash","floor":11},{"not_picked":["True Grit"],"picked":"Metallicize","floor":13},{"not_picked":["Cleave"],"picked":"Iron Wave","floor":14},{"not_picked":["Juggernaut"],"picked":"Demon Form","floor":16}],"player_experience":405258,"relics_obtained":[{"floor":5,"key":"Kunai"},{"floor":8,"key":"Bag of Preparation"},{"floor":9,"key":"Pear"},{"floor":11,"key":"Happy Flower"},{"floor":23,"key":"Smiling Mask"},{"floor":26,"key":"Shuriken"},{"floor":38,"key":"Strawberry"},{"floor":43,"key":"Ornamental Fan"},{"floor":45,"key":"Turnip"},{"floor":48,"key":"Bronze Scales"}],"event_choices":[{"damage_healed":0,"gold_gain":0,"player_choice":"Entered Light","damage_taken":16,"max_hp_gain":0,"max_hp_loss":0,"event_name":"Shining Light","floor":4,"gold_loss":0,"cards_upgraded":["Perfected Strike","Havoc"]},{"damage_healed":0,"gold_gain":0,"player_choice":"Ignored","damage_taken":0,"max_hp_gain":0,"max_hp_loss":0,"event_name":"Beggar","floor":19,"gold_loss":0},{"damage_healed":0,"gold_gain":0,"player_choice":"Simplicity","damage_taken":0,"max_hp_gain":0,"max_hp_loss":0,"event_name":"Back to Basics","floor":20,"gold_loss":0,"cards_upgraded":[]},{"damage_healed":0,"gold_gain":90,"player_choice":"CARD GOLD ","damage_taken":18,"max_hp_gain":0,"max_hp_loss":0,"event_name":"Knowing Skull","floor":28,"potions_obtained":[],"gold_loss":0,"cards_obtained":["Flash of Steel"]},{"damage_healed":0,"gold_gain":0,"player_choice":"Fight","damage_taken":0,"max_hp_gain":0,"max_hp_loss":0,"event_name":"MindBloom","floor":45,"gold_loss":0},{"damage_healed":24,"gold_gain":0,"player_choice":"Writhe","damage_taken":0,"max_hp_gain":0,"max_hp_loss":0,"event_name":"Winding Halls","floor":46,"gold_loss":0,"cards_obtained":["Writhe"]},{"damage_healed":0,"gold_gain":0,"player_choice":"Memory 1","damage_taken":0,"max_hp_gain":0,"max_hp_loss":0,"event_name":"SensoryStone","floor":47,"gold_loss":0}],"is_beta":false,"boss_relics":[{"not_picked":["Cursed Key","Sozu"],"picked":"Busted Crown"},{"not_picked":["Calling Bell","Black Star"],"picked":"SlaversCollar"}],"items_purged_floors":[],"is_endless":false,"potions_floor_spawned":[1,2,6,10,16,21,22,35,44],"killed_by":"Donu and Deca","ascension_level":0}}