{"host":"baymyijz6sxaqj5s","time":1609589428,"event":{"mods":["AchievementEnabler","BaseMod","Colored Map","Colored Powertips","DeckTracker","Highlight Path","KOR Keyword Fix","Keyboard Shortcuts","Minty Spire (QoL Compilation)","Quick Restart","StSLib","SuperFastMode"],"gold_per_floor":[118,50,50,62,79,79,90,101,152,152,163,176,176,192,192,297,297,308,46,66,78,78,78],"floor_reached":22,"playtime":627,"items_purged":[],"score":182,"play_id":"9d883e48-eb10-4d7a-8bec-016c74dda9d0","local_time":"20210102211028","is_ascension_mode":false,"campfire_choices":[{"data":"Dualcast","floor":6,"key":"SMITH"},{"data":"Redo","floor":10,"key":"SMITH"},{"data":"Zap","floor":13,"key":"SMITH"},{"floor":15,"key":"REST"}],"circlet_count":0,"master_deck":["Strike_B","Strike_B","Strike_B","Defend_B","Defend_B","Defend_B","Defend_B","Zap+1","Dualcast+1","Redo+1","Chaos","Fusion","Doom and Gloom","Steam","Amplify","Stack","Darkness","Coolheaded","Compile Driver","Capacitor","Sweeping Beam","Capacitor","Leap+1"],"relics":["Cracked Core","Regal Pillow","Nuclear Battery","Lantern"],"acts_visited":["Exordium","TheCity"],"potions_floor_usage":[11,16,22],"damage_taken":[{"damage":1,"enemies":"Jaw Worm","floor":1,"turns":4},{"damage":6,"enemies":"Cultist","floor":4,"turns":3},{"damage":5,"enemies":"2 Louse","floor":5,"turns":2},{"damage":4,"enemies":"Looter","floor":7,"turns":3},{"damage":5,"enemies":"Large Slime","floor":8,"turns":6},{"damage":12,"enemies":"Exordium Wildlife","floor":11,"turns":3},{"damage":4,"enemies":"2 Fungi Beasts","floor":12,"turns":3},{"damage":11,"enemies":"Large Slime","floor":14,"turns":4},{"damage":23,"enemies":"The Guardian","floor":16,"turns":9},{"damage":12,"enemies":"Chosen","floor":18,"turns":6},{"damage":32,"enemies":"Spheric Guardian","floor":20,"turns":6},{"damage":42,"enemies":"Snake Plant","floor":21,"turns":5},{"damage":1,"enemies":"Chosen and Byrds","floor":22,"turns":1}],"seed_played":"326290514052968981","potions_obtained":[{"floor":1,"key":"BlessingOfTheForge"},{"floor":8,"key":"Fruit Juice"},{"floor":16,"key":"Fire Potion"},{"floor":20,"key":"Strength Potion"}],"is_trial":false,"path_per_floor":["M","$","?","M","M","R","M","M","T","R","M","M","R","M","R","B",null,"M","$","M","M","M"],"character_chosen":"DEFECT","items_purchased":["Chaos","Capacitor","Sweeping Beam","Lantern"],"campfire_rested":1,"item_purchase_floors":[2,19,19,19],"current_hp_per_floor":[81,81,81,75,70,70,66,61,61,61,54,50,50,39,80,57,87,75,75,43,1,0,0],"gold":78,"neow_bonus":"TEN_PERCENT_HP_BONUS","is_daily":false,"chose_seed":false,"campfire_upgraded":3,"win_rate":0.0,"timestamp":1609589428,"path_taken":["M","$","?","M","M","R","M","M","T","R","M","M","R","M","R","BOSS","M","$","?","M","M"],"items_purchased_type":["Card","Card","Card","Relic"],"build_version":"2020-12-22","purchased_purges":0,"victory":false,"max_hp_per_floor":[82,82,82,82,82,82,82,82,82,82,87,87,87,87,87,87,87,87,87,87,87,87,87],"card_choices":[{"not_picked":["Darkness","Coolheaded"],"picked":"Redo","floor":1},{"not_picked":["Sweeping Beam","Heatsinks"],"picked":"Doom and Gloom","floor":4},{"not_picked":["Go for the Eyes","Barrage"],"picked":"Steam","floor":5},{"not_picked":["Gash","Sweeping Beam"],"picked":"Amplify","floor":7},{"not_picked":["Cold Snap","Hologram"],"picked":"Stack","floor":8},{"not_picked":["Hologram","Hello World"],"picked":"Darkness","floor":11},{"not_picked":["Go for the Eyes","Stack"],"picked":"Coolheaded","floor":12},{"not_picked":["Force Field","Cold Snap"],"picked":"Compile Driver","floor":14},{"not_picked":["Streamline","Ball Lightning","Compile Driver"],"picked":"SKIP","floor":18},{"not_picked":["Loop","Aggregate"],"picked":"Capacitor","floor":20},{"not_picked":["Rebound","Compile Driver"],"picked":"Leap+1","floor":21}],"player_experience":284132,"relics_obtained":[{"floor":9,"key":"Regal Pillow"}],"event_choices":[{"damage_healed":0,"gold_gain":0,"cards_transformed":["Strike_B"],"player_choice":"Transformed","damage_taken":0,"max_hp_gain":0,"max_hp_loss":0,"event_name":"Transmorgrifier","floor":3,"gold_loss":0,"cards_obtained":["Fusion"]}],"is_beta":false,"boss_relics":[{"not_picked":["Sozu","Ectoplasm"],"picked":"Nuclear Battery"}],"items_purged_floors":[],"is_endless":false,"potions_floor_spawned":[1,8,16,20],"killed_by":"Chosen and Byrds","ascension_level":0}}