{"host":"6pgtslebjnyv5xmi","time":1609606623,"event":{"mods":["AchievementEnabler","BaseMod","Colored Map","Minty Spire (QoL Compilation)","Rare Cards Sparkle","StSLib","SuperFastMode","Td1madao Mod","everything is the same but u backflip on backflip"],"gold_per_floor":[111,131,231,245,71,71,87,87,87,13,33,208,226,226,226,327,327,314,314,414,424,349,349,349],"floor_reached":23,"playtime":699,"items_purged":["Doubt"],"score":290,"play_id":"2a572a5d-0b4a-4b13-897f-ee574ad019a4","local_time":"20210103015703","is_ascension_mode":true,"campfire_choices":[{"data":"Apotheosis","floor":6.0,"key":"SMITH"},{"data":"Dark Embrace","floor":8.0,"key":"SMITH"},{"data":"Uppercut","floor":15.0,"key":"SMITH"}],"circlet_count":0,"master_deck":["AscendersBane","Strike_R","Strike_R","Strike_R","Strike_R","Strike_R","Defend_R","Defend_R","Defend_R","Defend_R","Bash","Second Wind","Dark Embrace+1","Uppercut+1","Apotheosis+1","Disarm","Fiend Fire","Fire Breathing"],"relics":["Black Blood","NeowsBlessing","Kunai","Gremlin Horn","Enchiridion"],"acts_visited":["Exordium","TheCity"],"potions_floor_usage":[23],"damage_taken":[{"damage":0.0,"enemies":"2 Louse","floor":1.0,"turns":1.0},{"damage":0.0,"enemies":"Cultist","floor":2.0,"turns":1.0},{"damage":0.0,"enemies":"Jaw Worm","floor":4.0,"turns":1.0},{"damage":14.0,"enemies":"Red Slaver","floor":7.0,"turns":5.0},{"damage":4.0,"enemies":"2 Fungi Beasts","floor":11.0,"turns":4.0},{"damage":22.0,"enemies":"Exordium Wildlife","floor":13.0,"turns":7.0},{"damage":20.0,"enemies":"The Guardian","floor":16.0,"turns":13.0},{"damage":33.0,"enemies":"2 Thieves","floor":18.0,"turns":4.0},{"damage":21.0,"enemies":"Shell Parasite","floor":21.0,"turns":6.0},{"damage":37,"enemies":"Slavers","floor":23,"turns":2}],"seed_played":"8098365367685121297","potions_obtained":[{"floor":2.0,"key":"Regen Potion"},{"floor":11.0,"key":"Fruit Juice"},{"floor":13.0,"key":"FearPotion"},{"floor":16.0,"key":"DuplicationPotion"},{"floor":21.0,"key":"FearPotion"}],"is_trial":false,"path_per_floor":["M","M","?","M","$","R","M","R","T","$","M","?","M","?","R","B",null,"M","?","?","M","$","E"],"character_chosen":"IRONCLAD","items_purchased":["Apotheosis","Offering"],"campfire_rested":0,"item_purchase_floors":[5,10],"current_hp_per_floor":[78,80,80,80,80,80,72,72,72,72,74,74,63,63,63,64,80,59,43,43,34,34,0,0],"gold":349,"neow_bonus":"THREE_ENEMY_KILL","is_daily":false,"chose_seed":false,"campfire_upgraded":3,"win_rate":0.0,"timestamp":1609606623,"path_taken":["M","M","?","?","?","R","M","R","T","$","M","?","M","?","R","BOSS","M","?","?","?","$","E"],"items_purchased_type":["Card","Card"],"build_version":"2020-12-22","purchased_purges":1,"victory":false,"max_hp_per_floor":[80,80,80,80,80,80,80,80,80,80,80,80,85,85,85,85,85,85,85,85,85,85,85,85],"card_choices":[{"not_picked":["Headbutt","Twin Strike"],"picked":"Second Wind","floor":1.0},{"not_picked":["Cleave","Warcry"],"picked":"Dark Embrace","floor":2.0},{"not_picked":["Clothesline","Flex"],"picked":"Uppercut","floor":4.0},{"not_picked":["Anger","Entrench","Headbutt"],"picked":"SKIP","floor":7.0},{"not_picked":["Perfected Strike","Clothesline","Sword Boomerang"],"picked":"SKIP","floor":11.0},{"not_picked":["Sword Boomerang","Blood for Blood"],"picked":"Disarm","floor":13.0},{"not_picked":["Immolate","Reaper"],"picked":"Fiend Fire","floor":16.0},{"not_picked":["True Grit","Twin Strike","Heavy Blade"],"picked":"SKIP","floor":18.0},{"not_picked":["True Grit","Shrug It Off"],"picked":"Fire Breathing","floor":21.0}],"player_experience":650338,"relics_obtained":[{"floor":9.0,"key":"Kunai"},{"floor":19.0,"key":"Enchiridion"}],"event_choices":[{"damage_healed":0.0,"max_hp_gain":0.0,"max_hp_loss":0.0,"gold_gain":100.0,"event_name":"Wheel of Change","player_choice":"Gold","floor":3.0,"gold_loss":0.0,"damage_taken":0.0},{"damage_healed":0.0,"max_hp_gain":0.0,"max_hp_loss":0.0,"gold_gain":175.0,"event_name":"Liars Game","player_choice":"AGREE","floor":12.0,"gold_loss":0.0,"damage_taken":0.0,"cards_obtained":["Doubt"]},{"cards_removed":["Offering"],"damage_healed":0.0,"max_hp_gain":0.0,"max_hp_loss":0.0,"gold_gain":0.0,"event_name":"WeMeetAgain","player_choice":"Gave Card","floor":14.0,"gold_loss":0.0,"damage_taken":0.0,"relics_obtained":["Gremlin Horn"]},{"damage_healed":0.0,"max_hp_gain":0.0,"max_hp_loss":0.0,"gold_gain":0.0,"event_name":"Cursed Tome","player_choice":"Obtained Book","floor":19.0,"gold_loss":0.0,"damage_taken":16.0},{"damage_healed":0.0,"max_hp_gain":0.0,"max_hp_loss":0.0,"gold_gain":100.0,"event_name":"Golden Shrine","player_choice":"Pray","floor":20.0,"gold_loss":0.0,"damage_taken":0.0}],"is_beta":false,"boss_relics":[{"not_picked":["Astrolabe","Philosopher\u0027s Stone"],"picked":"Black Blood"}],"items_purged_floors":[22],"is_endless":false,"potions_floor_spawned":[2,11,13,16,21],"killed_by":"Slavers","ascension_level":12}}