{"host":"w9yruvs4bqht6bhw","time":1609621514,"event":{"mods":["BaseMod","Colored Powertips","Minty Spire (QoL Compilation)"],"gold_per_floor":[111,122,197,50,50,83,83,83,109,127,127,150,150,185,185,185,185],"floor_reached":16,"playtime":495,"items_purged":[],"score":146,"play_id":"13c27d79-f94b-4029-b9f9-ad5bca69786a","local_time":"20210102160514","is_ascension_mode":true,"campfire_choices":[{"floor":8,"key":"REST"},{"floor":11,"key":"REST"},{"floor":15,"key":"REST"}],"circlet_count":0,"master_deck":["Strike_R","Strike_R","Strike_R","Strike_R","Defend_R","Defend_R","Defend_R","Defend_R","Bash","Twin Strike","Juggernaut","Body Slam","Flame Barrier","Evolve","Anger","Flex"],"relics":["Burning Blood","Art of War","Orrery","Golden Idol","Vajra","Pen Nib","Oddly Smooth Stone"],"acts_visited":["Exordium"],"potions_floor_usage":[14],"damage_taken":[{"damage":19,"enemies":"Small Slimes","floor":1,"turns":4},{"damage":1,"enemies":"Cultist","floor":2,"turns":3},{"damage":52,"enemies":"Lagavulin","floor":6,"turns":8},{"damage":11,"enemies":"2 Louse","floor":10,"turns":5},{"damage":11,"enemies":"Blue Slaver","floor":12,"turns":4},{"damage":25,"enemies":"3 Sentries","floor":14,"turns":5},{"damage":46,"enemies":"Hexaghost","floor":16,"turns":9}],"seed_played":"1298151302705005162","potions_obtained":[{"floor":6,"key":"Ancient Potion"},{"floor":10,"key":"GamblersBrew"},{"floor":12,"key":"PowerPotion"}],"is_trial":false,"path_per_floor":["M","M","?","$","?","E","?","R","T","M","R","M","?","E","R","B"],"character_chosen":"IRONCLAD","items_purchased":["Orrery"],"campfire_rested":3,"item_purchase_floors":[4],"current_hp_per_floor":[59,64,53,53,53,7,7,29,29,24,46,41,41,22,44,0,0],"gold":185,"neow_bonus":"RANDOM_COMMON_RELIC","is_daily":false,"chose_seed":false,"campfire_upgraded":0,"win_rate":0.0,"timestamp":1609621514,"path_taken":["M","M","?","$","?","E","?","R","T","M","R","?","?","E","R","BOSS"],"items_purchased_type":["Relic"],"build_version":"2020-12-22","purchased_purges":0,"victory":false,"max_hp_per_floor":[80,80,80,80,74,74,74,74,74,74,74,74,74,74,74,74,74],"card_choices":[{"not_picked":["Warcry","Blood for Blood"],"picked":"Twin Strike","floor":1},{"not_picked":["Second Wind","Intimidate","Armaments"],"picked":"SKIP","floor":2},{"not_picked":["Havoc","Armaments"],"picked":"Juggernaut","floor":4},{"not_picked":["Disarm","Pommel Strike"],"picked":"Body Slam","floor":4},{"not_picked":["Wild Strike","Body Slam"],"picked":"Flame Barrier","floor":4},{"not_picked":["Body Slam","Warcry"],"picked":"Evolve","floor":4},{"not_picked":["Shockwave","Evolve","Double Tap"],"picked":"SKIP","floor":6},{"not_picked":["Clothesline","Flex"],"picked":"Anger","floor":10},{"not_picked":["Searing Blow","Armaments","Clash"],"picked":"SKIP","floor":12},{"not_picked":["Perfected Strike","Immolate"],"picked":"Flex","floor":14}],"player_experience":267593,"relics_obtained":[{"floor":6,"key":"Vajra"},{"floor":9,"key":"Pen Nib"},{"floor":14,"key":"Oddly Smooth Stone"}],"event_choices":[{"damage_healed":0,"gold_gain":75,"player_choice":"Gather Gold","damage_taken":11,"max_hp_gain":0,"max_hp_loss":0,"event_name":"World of Goop","floor":3,"gold_loss":0},{"damage_healed":0,"gold_gain":0,"player_choice":"Lose Max HP","damage_taken":0,"relics_obtained":["Golden Idol"],"max_hp_gain":0,"max_hp_loss":6,"event_name":"Golden Idol","floor":5,"gold_loss":0},{"cards_removed":["Strike_R"],"damage_healed":0,"gold_gain":0,"player_choice":"Purged","damage_taken":0,"max_hp_gain":0,"max_hp_loss":0,"event_name":"Purifier","floor":7,"gold_loss":0},{"damage_healed":0,"gold_gain":0,"player_choice":"Ignored","damage_taken":0,"max_hp_gain":0,"max_hp_loss":0,"event_name":"Shining Light","floor":13,"gold_loss":0}],"is_beta":false,"boss_relics":[],"items_purged_floors":[],"is_endless":false,"potions_floor_spawned":[6,10,12],"killed_by":"Hexaghost","ascension_level":7}}