{"host":"51mqhfpmwwd4kxyt","time":1609583356,"event":{"mods":["BaseMod","Downfall","Googly Eyes","Highlight Path","Minty Spire (QoL Compilation)","READ ME - Guardian Mod","StSLib","The Cursed","The Servant 0.9.4"],"gold_per_floor":[16,16,39,54,54,54,93,93,117,151,151,76,96,120,120,251,251,266,266,33,52,52,87,87,126,126,145,179,8,8,31,31,154,154,170,193,217,235,235,270,286,320,320,336,357,690,724,737,737,737],"floor_reached":51,"playtime":2749,"items_purged":["Strike_B"],"score":1048,"play_id":"ebd7e179-07d4-4d03-98c0-306a42fc0c8b","local_time":"20210102052916","is_ascension_mode":true,"campfire_choices":[{"data":"Turbo","floor":6,"key":"SMITH"},{"floor":11,"key":"REST"},{"floor":15,"key":"REST"},{"floor":24,"key":"REST"},{"floor":32,"key":"REST"},{"floor":49,"key":"REST"}],"circlet_count":0,"master_deck":["Defend_B","Defend_B","Defend_B","Defend_B","Zap","Dualcast","Coolheaded","Coolheaded","Turbo+1","Turbo","Storm","Electrodynamics","Lockon","Rebound","Creative AI","Hologram+1","Streamline","Static Discharge","Magnetism","Defragment","Meteor Strike","Coolheaded","Turbo+1","Steam Power","Turbo","Amplify","CurseOfTheBell","Self Repair+1","Loop+1","Hologram+1","Hologram","Hologram","Glacier+1","Capacitor+1","White Noise+1"],"relics":["Cracked Core","Ice Cream","Oddly Smooth Stone","Bronze Scales","Black Star","Enchiridion","Akabeko","Shuriken","Symbiotic Virus","Mummified Hand","Ornamental Fan","Pen Nib","Ancient Tea Set","Membership Card","Letter Opener","Calling Bell","Potion Belt","Gremlin Horn","Dead Branch","Cables","Bottled Tornado","Juzu Bracelet","Centennial Puzzle","Kunai","Smiling Mask","Meat on the Bone"],"acts_visited":["Exordium","TheCity","TheBeyond"],"potions_floor_usage":[7,16,21,23,33,41,41,41,47,47],"damage_taken":[{"damage":1,"enemies":"2 Louse","floor":1,"turns":2},{"damage":11,"enemies":"Small Slimes","floor":3,"turns":4},{"damage":2,"enemies":"Cultist","floor":4,"turns":4},{"damage":26,"enemies":"Gremlin Nob","floor":7,"turns":4},{"damage":26,"enemies":"3 Sentries","floor":10,"turns":12},{"damage":11,"enemies":"Blue Slaver","floor":13,"turns":4},{"damage":8,"enemies":"Large Slime","floor":14,"turns":5},{"damage":19,"enemies":"The Guardian","floor":16,"turns":12},{"damage":5,"enemies":"3 Byrds","floor":18,"turns":2},{"damage":0,"enemies":"Spheric Guardian","floor":21,"turns":3},{"damage":23,"enemies":"Slavers","floor":23,"turns":3},{"damage":11,"enemies":"Gremlin Leader","floor":25,"turns":5},{"damage":1,"enemies":"Cultist and Chosen","floor":27,"turns":2},{"damage":9,"enemies":"Slavers","floor":28,"turns":4},{"damage":17,"enemies":"Centurion and Healer","floor":31,"turns":3},{"damage":9,"enemies":"Collector","floor":33,"turns":5},{"damage":0,"enemies":"3 Darklings","floor":35,"turns":3},{"damage":14,"enemies":"3 Shapes","floor":36,"turns":3},{"damage":0,"enemies":"Transient","floor":37,"turns":5},{"damage":0,"enemies":"Sphere and 2 Shapes","floor":38,"turns":3},{"damage":9,"enemies":"Reptomancer","floor":40,"turns":3},{"damage":26,"enemies":"Jaw Worm Horde","floor":41,"turns":3},{"damage":14,"enemies":"Giant Head","floor":42,"turns":6},{"damage":4,"enemies":"Transient","floor":44,"turns":5},{"damage":0,"enemies":"3 Darklings","floor":45,"turns":1},{"damage":31,"enemies":"Nemesis","floor":47,"turns":5},{"damage":36,"enemies":"Jaw Worm Horde","floor":48,"turns":2},{"damage":23,"enemies":"Time Eater","floor":50,"turns":4}],"seed_played":"-935025534522743021","potions_obtained":[{"floor":1,"key":"FocusPotion"},{"floor":4,"key":"SteroidPotion"},{"floor":13,"key":"GamblersBrew"},{"floor":14,"key":"BlessingOfTheForge"},{"floor":16,"key":"hexamod:EctoCoolerPotion"},{"floor":18,"key":"FocusPotion"},{"floor":25,"key":"Explosive Potion"},{"floor":31,"key":"Swift Potion"},{"floor":35,"key":"EssenceOfSteel"},{"floor":36,"key":"SpeedPotion"},{"floor":38,"key":"EssenceOfSteel"},{"floor":40,"key":"SkillPotion"},{"floor":48,"key":"Explosive Potion"}],"is_trial":false,"path_per_floor":["M","?","M","M","?","R","E","?","T","E","R","$","M","M","R","B",null,"M","?","$","M","?","E","R","E","T","M","E","$","T","M","R","B",null,"M","M","M","M","?","E","M","E","T","M","M","?","E","M","R","B",null],"character_chosen":"DEFECT","items_purchased":["Magnetism","Defragment","Membership Card","Steam Power"],"campfire_rested":5,"item_purchase_floors":[20,20,29,29],"current_hp_per_floor":[74,56,45,43,68,68,42,42,42,16,38,38,27,19,41,22,75,70,70,70,70,54,31,53,42,42,41,32,32,32,15,37,28,75,75,61,71,71,71,72,56,52,52,58,58,58,37,13,35,24],"gold":737,"neow_bonus":"ONE_RARE_RELIC","is_daily":false,"chose_seed":false,"campfire_upgraded":1,"win_rate":0.0,"timestamp":1609583356,"path_taken":["M","?","M","M","?","R","E","?","T","E","R","$","?","M","R","BOSS","M","?","$","M","?","E","R","E","T","M","E","?","?","M","R","BOSS","M","?","M","M","?","E","?","E","T","M","M","?","E","M","R","BOSS"],"items_purchased_type":["Card","Card","Relic","Card"],"build_version":"2020-12-22","purchased_purges":1,"victory":true,"max_hp_per_floor":[75,75,75,75,75,75,75,75,75,75,75,75,75,75,75,75,75,75,75,75,75,75,75,75,75,75,75,75,75,75,75,75,75,75,75,75,75,75,75,75,75,75,75,75,75,75,75,75,75,75],"card_choices":[{"not_picked":["Hello World","Redo"],"picked":"Coolheaded","floor":1},{"not_picked":["Redo","Melter"],"picked":"Coolheaded","floor":3},{"not_picked":["Rebound","Loop"],"picked":"Turbo","floor":4},{"not_picked":["Ball Lightning","Cold Snap"],"picked":"Turbo","floor":7},{"not_picked":["Consume","Streamline"],"picked":"Electrodynamics","floor":10},{"not_picked":["Hello World","Streamline"],"picked":"Lockon","floor":13},{"not_picked":["Leap","Steam"],"picked":"Rebound","floor":14},{"not_picked":["Meteor Strike","Machine Learning"],"picked":"Creative AI","floor":16},{"not_picked":["Rip and Tear","Sweeping Beam"],"picked":"Hologram+1","floor":18},{"not_picked":["Cold Snap","Rip and Tear","Streamline"],"picked":"SKIP","floor":21},{"not_picked":["Gash","Steam","Barrage+1"],"picked":"SKIP","floor":23},{"not_picked":["Streamline","Ball Lightning"],"picked":"Meteor Strike","floor":25},{"not_picked":["Stack","Ball Lightning"],"picked":"Coolheaded","floor":27},{"not_picked":["Gash","Consume+1"],"picked":"Turbo+1","floor":28},{"not_picked":["Gash","Blizzard"],"picked":"Turbo","floor":31},{"not_picked":["Seek","Multi-Cast"],"picked":"Amplify","floor":33},{"not_picked":["Lockon","Beam Cell","BootSequence+1"],"picked":"SKIP","floor":35},{"not_picked":["Stack","Aggregate+1"],"picked":"Self Repair+1","floor":36},{"not_picked":["Doom and Gloom+1","Reinforced Body+1"],"picked":"Loop+1","floor":37},{"not_picked":["Rebound+1","Turbo+1"],"picked":"Hologram+1","floor":38},{"not_picked":["Sunder","Go for the Eyes","Cold Snap+1"],"picked":"SKIP","floor":40},{"not_picked":["Biased Cognition","Streamline"],"picked":"Hologram","floor":41},{"not_picked":["Redo","Scrape"],"picked":"Hologram","floor":42},{"not_picked":["Sweeping Beam","Rebound"],"picked":"Glacier+1","floor":44},{"not_picked":["Reprogram","Streamline+1"],"picked":"Capacitor+1","floor":45},{"not_picked":["Darkness+1","Hyperbeam","Steam"],"picked":"SKIP","floor":47},{"not_picked":["Turbo+1","Coolheaded"],"picked":"White Noise+1","floor":48}],"player_experience":300597,"relics_obtained":[{"floor":7,"key":"Oddly Smooth Stone"},{"floor":10,"key":"Bronze Scales"},{"floor":22,"key":"Enchiridion"},{"floor":23,"key":"Akabeko"},{"floor":23,"key":"Shuriken"},{"floor":25,"key":"Symbiotic Virus"},{"floor":25,"key":"Mummified Hand"},{"floor":26,"key":"Ornamental Fan"},{"floor":28,"key":"Pen Nib"},{"floor":28,"key":"Ancient Tea Set"},{"floor":30,"key":"Letter Opener"},{"floor":34,"key":"Potion Belt"},{"floor":34,"key":"Gremlin Horn"},{"floor":34,"key":"Dead Branch"},{"floor":40,"key":"Cables"},{"floor":40,"key":"Bottled Tornado"},{"floor":42,"key":"Juzu Bracelet"},{"floor":42,"key":"Centennial Puzzle"},{"floor":43,"key":"Kunai"},{"floor":47,"key":"Smiling Mask"},{"floor":47,"key":"Meat on the Bone"}],"event_choices":[{"damage_healed":0,"gold_gain":0,"player_choice":"Take Damage","damage_taken":18,"relics_obtained":["Golden Idol"],"max_hp_gain":0,"max_hp_loss":0,"event_name":"Golden Idol","floor":2,"gold_loss":0},{"damage_healed":25,"gold_gain":0,"player_choice":"Banana","damage_taken":0,"max_hp_gain":0,"max_hp_loss":0,"event_name":"Big Fish","floor":5,"gold_loss":0},{"damage_healed":0,"gold_gain":0,"cards_transformed":["Strike_B"],"player_choice":"Transformed","damage_taken":0,"max_hp_gain":0,"max_hp_loss":0,"event_name":"Transmorgrifier","floor":8,"gold_loss":0,"cards_obtained":["Storm"]},{"damage_healed":0,"gold_gain":0,"cards_transformed":["Strike_B","Strike_B"],"player_choice":"Became Test Subject","damage_taken":0,"max_hp_gain":0,"max_hp_loss":0,"event_name":"Drug Dealer","floor":19,"gold_loss":0,"cards_obtained":["Streamline","Static Discharge"]},{"damage_healed":0,"gold_gain":0,"player_choice":"Obtained Book","damage_taken":16,"max_hp_gain":0,"max_hp_loss":0,"event_name":"Cursed Tome","floor":22,"gold_loss":0},{"damage_healed":0,"gold_gain":0,"player_choice":"Bought 0 Potions","damage_taken":0,"max_hp_gain":0,"max_hp_loss":0,"event_name":"The Woman in Blue","floor":39,"gold_loss":0},{"damage_healed":0,"gold_gain":333,"player_choice":"Gave Idol","damage_taken":0,"max_hp_gain":0,"max_hp_loss":0,"event_name":"The Moai Head","floor":46,"relics_lost":["Golden Idol"],"gold_loss":0}],"is_beta":false,"boss_relics":[{"not_picked":["Astrolabe","SlaversCollar"],"picked":"Black Star"},{"not_picked":["Pandora\u0027s Box","Runic Dome"],"picked":"Calling Bell"}],"items_purged_floors":[12],"is_endless":false,"potions_floor_spawned":[1,4,13,14,16,18,25,31,35,36,38,40,48],"ascension_level":3}}