{"host":"3ikutf0nfngyhvfs","time":1609554304,"event":{"mods":["AchievementEnabler","BaseMod","Downfall","Minty Spire (QoL Compilation)","StSLib","The Cursed"],"gold_per_floor":[110,123,134,20,20,20,47,64,87,87,69,97,111,124,124,227,227,211,223,238,258,258,258,289,289,289,289,289,289],"floor_reached":28,"playtime":3646,"items_purged":[],"score":291,"play_id":"5bd584ea-b934-4b9a-91ea-6f697cc6191b","local_time":"20210101202504","is_ascension_mode":true,"campfire_choices":[{"data":"TheCursedMod:OutForBlood","floor":6,"key":"SMITH"},{"floor":10,"key":"REST"},{"data":"TheCursedMod:SoulReap","floor":15,"key":"SMITH"},{"floor":23,"key":"RECALL"},{"floor":25,"key":"REST"},{"data":"TheCursedMod:EmpowerCircles","floor":27,"key":"SMITH"}],"circlet_count":0,"master_deck":["TheCursedMod:Strike_TheCursed","TheCursedMod:Strike_TheCursed","TheCursedMod:Strike_TheCursed","TheCursedMod:Strike_TheCursed","TheCursedMod:Defend_TheCursed","TheCursedMod:Defend_TheCursed","TheCursedMod:Defend_TheCursed","TheCursedMod:CursedWand","TheCursedMod:CleanUpWorkshop","TheCursedMod:Dregs","TheCursedMod:Grudge","TheCursedMod:SaltUponWound","TheCursedMod:TacticalStrike","TheCursedMod:OutForBlood+1","TheCursedMod:SurpriseAttack","TheCursedMod:DoubleShield+1","TheCursedMod:SoulReap+1","TheCursedMod:AshesToAshes","TheCursedMod:HellsGateOpen","TheCursedMod:HellfireBreathing","TheCursedMod:Stigma","TheCursedMod:CircleOfAbyss+1","CurseOfTheBell","TheCursedMod:CircleOfBlood","TheCursedMod:EmpowerCircles+1"],"relics":["TheCursedMod:BlackMagic101","Turnip","Regal Pillow","Bag of Preparation","Centennial Puzzle","Calling Bell","War Paint","Darkstone Periapt","TungstenRod","Enchiridion","Letter Opener","Singing Bowl"],"acts_visited":["Exordium","TheCity"],"potions_floor_usage":[12,13,16,16,20,24,28],"damage_taken":[{"damage":0,"enemies":"Jaw Worm","floor":1,"turns":5},{"damage":0,"enemies":"Cultist","floor":2,"turns":4},{"damage":0,"enemies":"Small Slimes","floor":3,"turns":5},{"damage":33,"enemies":"Lagavulin","floor":7,"turns":7},{"damage":0,"enemies":"Looter","floor":8,"turns":5},{"damage":0,"enemies":"Exordium Thugs","floor":11,"turns":4},{"damage":0,"enemies":"3 Sentries","floor":12,"turns":3},{"damage":4,"enemies":"Red Slaver","floor":13,"turns":8},{"damage":4,"enemies":"Blue Slaver","floor":14,"turns":5},{"damage":62,"enemies":"Slime Boss","floor":16,"turns":11},{"damage":6,"enemies":"2 Thieves","floor":18,"turns":4},{"damage":13,"enemies":"Spheric Guardian","floor":19,"turns":14},{"damage":26,"enemies":"Shelled Parasite and Fungi","floor":20,"turns":8},{"damage":13,"enemies":"Centurion and Healer","floor":21,"turns":8},{"damage":19,"enemies":"Book of Stabbing","floor":24,"turns":5},{"damage":87,"enemies":"Gremlin Leader","floor":28,"turns":9}],"seed_played":"2343261330923894509","potions_obtained":[{"floor":7,"key":"ColorlessPotion"},{"floor":8,"key":"SpeedPotion"},{"floor":11,"key":"FearPotion"},{"floor":12,"key":"BlessingOfTheForge"},{"floor":14,"key":"Swift Potion"},{"floor":19,"key":"CultistPotion"},{"floor":21,"key":"Weak Potion"},{"floor":24,"key":"Weak Potion"}],"is_trial":false,"path_per_floor":["M","M","M","$","?","R","E","M","T","R","M","E","M","M","R","B",null,"M","M","M","M","?","R","E","R","T","R","E"],"character_chosen":"THE_CURSED","items_purchased":["TheCursedMod:OutForBlood","TheCursedMod:SurpriseAttack"],"campfire_rested":2,"item_purchase_floors":[4,4],"current_hp_per_floor":[54,54,54,54,54,54,21,21,21,58,63,68,69,70,70,15,75,75,62,45,47,35,35,25,62,62,62,0,0],"gold":289,"neow_bonus":"ONE_RARE_RELIC","is_daily":false,"chose_seed":false,"campfire_upgraded":3,"win_rate":0.0,"timestamp":1609554304,"path_taken":["M","M","M","$","?","R","E","M","T","R","M","E","M","M","R","BOSS","M","M","M","?","?","R","E","R","T","R","E"],"items_purchased_type":["Card","Card"],"build_version":"2020-12-22","purchased_purges":0,"victory":false,"max_hp_per_floor":[75,75,75,75,75,75,75,75,75,75,75,75,75,75,75,75,75,75,75,75,75,75,75,75,75,75,75,75,75],"card_choices":[{"not_picked":["TheCursedMod:Stretching","TheCursedMod:CursedShiv"],"picked":"TheCursedMod:Grudge","floor":1},{"not_picked":["TheCursedMod:CursedBlade","TheCursedMod:EmpowerCircles"],"picked":"TheCursedMod:SaltUponWound","floor":2},{"not_picked":["TheCursedMod:CursedMace","TheCursedMod:WearCloak"],"picked":"TheCursedMod:TacticalStrike","floor":3},{"not_picked":["TheCursedMod:Stigma","TheCursedMod:VoidForm"],"picked":"TheCursedMod:DoubleShield","floor":7},{"not_picked":["TheCursedMod:CursedAmulet","TheCursedMod:Stretching"],"picked":"TheCursedMod:SoulReap","floor":8},{"not_picked":["TheCursedMod:RapidMovement","TheCursedMod:CursedMace"],"picked":"TheCursedMod:AshesToAshes","floor":11},{"not_picked":["TheCursedMod:SpitefulPray","TheCursedMod:ForbiddenAlchemy"],"picked":"TheCursedMod:HellsGateOpen","floor":12},{"not_picked":["TheCursedMod:TroublousMinions","TheCursedMod:CursedShiv"],"picked":"TheCursedMod:HellfireBreathing","floor":13},{"not_picked":["TheCursedMod:SmokeScreen","TheCursedMod:RapidMovement"],"picked":"TheCursedMod:Stigma","floor":14},{"not_picked":["TheCursedMod:CollectTribute","TheCursedMod:DemonicPact"],"picked":"TheCursedMod:CircleOfAbyss","floor":16},{"not_picked":["TheCursedMod:CursedAmulet","TheCursedMod:Stretching","TheCursedMod:Obscuration"],"picked":"SKIP","floor":18},{"not_picked":["TheCursedMod:CircleOfCorruption","TheCursedMod:Stigma+1"],"picked":"TheCursedMod:CircleOfBlood","floor":19},{"not_picked":["TheCursedMod:CursedShiv","TheCursedMod:CursedAmulet+1"],"picked":"TheCursedMod:EmpowerCircles","floor":20},{"not_picked":["TheCursedMod:CursedShiv+1","TheCursedMod:SmokeScreen","TheCursedMod:CursedBlade+1"],"picked":"SKIP","floor":21},{"not_picked":["TheCursedMod:Stretching","TheCursedMod:VitalStrike","TheCursedMod:RavingStaff+1"],"picked":"SKIP","floor":24}],"player_experience":389601,"relics_obtained":[{"floor":7,"key":"Regal Pillow"},{"floor":9,"key":"Bag of Preparation"},{"floor":12,"key":"Centennial Puzzle"},{"floor":17,"key":"War Paint"},{"floor":17,"key":"Darkstone Periapt"},{"floor":17,"key":"TungstenRod"},{"floor":22,"key":"Enchiridion"},{"floor":24,"key":"Letter Opener"},{"floor":26,"key":"Singing Bowl"}],"event_choices":[{"cards_removed":["TheCursedMod:Defend_TheCursed"],"damage_healed":0,"gold_gain":0,"player_choice":"Purged","damage_taken":0,"max_hp_gain":0,"max_hp_loss":0,"event_name":"Purifier","floor":5,"gold_loss":0},{"damage_healed":0,"gold_gain":0,"player_choice":"Obtained Book","damage_taken":16,"max_hp_gain":0,"max_hp_loss":0,"event_name":"Cursed Tome","floor":22,"gold_loss":0}],"is_beta":false,"boss_relics":[{"not_picked":["Astrolabe","Cursed Key"],"picked":"Calling Bell"}],"items_purged_floors":[],"is_endless":false,"potions_floor_spawned":[7,8,11,12,14,19,21,24],"killed_by":"Gremlin Leader","ascension_level":1}}