{"host":"ch74xfb1n85e86fc","time":1609563946,"event":{"mods":["AchievementEnabler","BaseMod","Colored Map","DeckTracker","Minty Spire (QoL Compilation)","Relic Stats","StSLib","SuperFastMode","everything is the same but u backflip on backflip"],"gold_per_floor":[116,132,146,161,86,86,98,98,98,133,133,152,170,182,182,287,287,304,314,314,239,252,252,265,278,278,278,291,291,311,45,45,141,191,205,218,218,228,240,240,240],"floor_reached":40,"playtime":1613,"items_purged":["Defend_G","Strike_G"],"score":398,"play_id":"46e18ca1-6327-42d6-b66e-0a2ae37798cd","local_time":"20210102140546","is_ascension_mode":false,"campfire_choices":[{"data":"Crippling Poison","floor":6,"key":"SMITH"},{"data":"Footwork","floor":11,"key":"SMITH"},{"data":"Neutralize","floor":15,"key":"SMITH"},{"data":"Calculated Gamble","floor":23,"key":"SMITH"},{"floor":27,"key":"REST"},{"floor":29,"key":"RECALL"},{"data":"Apotheosis","floor":32,"key":"SMITH"},{"floor":40,"key":"REST"}],"circlet_count":0,"master_deck":["Strike_G","Strike_G","Defend_G","Defend_G","Defend_G","Defend_G+1","Survivor","Neutralize+1","Footwork+1","Crippling Poison+1","Quick Slash","PiercingWail","Poisoned Stab","Calculated Gamble+1","Dagger Throw","Corpse Explosion","Masterful Stab+1","Deadly Poison","Acrobatics+1","Footwork","Parasite","Dodge and Roll","Apotheosis+1","Envenom","Bouncing Flask","Catalyst"],"relics":["Ring of the Snake","Potion Belt","Snake Skull","Happy Flower","Cursed Key","Nilry\u0027s Codex","Tiny House","Mercury Hourglass"],"acts_visited":["Exordium","TheCity","TheBeyond"],"potions_floor_usage":[4,10,16,33,36,38],"damage_taken":[{"damage":0,"enemies":"2 Louse","floor":1,"turns":2},{"damage":1,"enemies":"Jaw Worm","floor":2,"turns":5},{"damage":0,"enemies":"Cultist","floor":3,"turns":4},{"damage":0,"enemies":"Looter","floor":4,"turns":4},{"damage":0,"enemies":"2 Fungi Beasts","floor":7,"turns":3},{"damage":3,"enemies":"Lagavulin","floor":10,"turns":6},{"damage":0,"enemies":"Lots of Slimes","floor":12,"turns":2},{"damage":0,"enemies":"Exordium Wildlife","floor":13,"turns":2},{"damage":6,"enemies":"3 Louse","floor":14,"turns":2},{"damage":38,"enemies":"Slime Boss","floor":16,"turns":14},{"damage":9,"enemies":"Spheric Guardian","floor":18,"turns":7},{"damage":0,"enemies":"Shell Parasite","floor":19,"turns":3},{"damage":0,"enemies":"Snecko","floor":22,"turns":4},{"damage":15,"enemies":"Snake Plant","floor":24,"turns":3},{"damage":3,"enemies":"Centurion and Healer","floor":25,"turns":5},{"damage":0,"enemies":"Chosen and Byrds","floor":28,"turns":4},{"damage":0,"enemies":"3 Cultists","floor":30,"turns":3},{"damage":32,"enemies":"Automaton","floor":33,"turns":11},{"damage":17,"enemies":"Orb Walker","floor":35,"turns":4},{"damage":19,"enemies":"3 Darklings","floor":36,"turns":4},{"damage":11,"enemies":"Jaw Worm Horde","floor":38,"turns":4},{"damage":21,"enemies":"4 Shapes","floor":39,"turns":2}],"seed_played":"7411143293563162378","potions_obtained":[{"floor":1,"key":"SkillPotion"},{"floor":2,"key":"Ancient Potion"},{"floor":7,"key":"AttackPotion"},{"floor":10,"key":"BlessingOfTheForge"},{"floor":24,"key":"EssenceOfSteel"},{"floor":25,"key":"Energy Potion"},{"floor":28,"key":"FearPotion"},{"floor":30,"key":"BlessingOfTheForge"},{"floor":33,"key":"Energy Potion"}],"is_trial":false,"path_per_floor":["M","M","M","M","$","R","M","?","T","E","R","M","M","M","R","B",null,"M","M","?","?","M","R","M","M","T","R","M","R","M","$","R","B",null,"M","M","?","M","M","R"],"character_chosen":"THE_SILENT","items_purchased":["Apotheosis"],"campfire_rested":2,"item_purchase_floors":[31],"current_hp_per_floor":[70,69,69,69,69,69,69,62,62,59,59,59,59,53,53,15,70,61,61,45,45,45,45,30,27,27,48,48,48,48,48,48,16,75,58,39,39,28,7,29,29],"gold":240,"neow_bonus":"RANDOM_COMMON_RELIC","is_daily":false,"chose_seed":false,"campfire_upgraded":5,"win_rate":0.0,"timestamp":1609563946,"path_taken":["M","M","M","M","$","R","M","?","T","E","R","M","M","M","R","BOSS","M","M","?","?","M","R","M","M","T","R","M","R","M","$","R","BOSS","M","M","?","?","M","R"],"items_purchased_type":["Card"],"build_version":"2020-12-22","purchased_purges":2,"victory":false,"max_hp_per_floor":[70,70,70,70,70,70,70,70,70,70,70,70,70,70,70,70,70,70,70,70,70,70,70,70,70,70,70,70,70,70,70,70,70,75,75,75,75,75,75,75,75],"relic_stats":{"Happy Flower":[24],"counters":[22,98],"Snake Skull":[95],"Cursed Key":1,"obtain_stats":[{"Potion Belt":0,"Tiny House":34,"Happy Flower":10,"Nilry\u0027s Codex":20,"Snake Skull":9,"Cursed Key":17,"Ring of the Snake":0,"Mercury Hourglass":37},{"Potion Belt":0,"Tiny House":18,"Happy Flower":6,"Nilry\u0027s Codex":12,"Snake Skull":5,"Cursed Key":10,"Ring of the Snake":0,"Mercury Hourglass":20},{"Potion Belt":0,"Tiny House":84,"Happy Flower":24,"Nilry\u0027s Codex":54,"Snake Skull":18,"Cursed Key":44,"Ring of the Snake":0,"Mercury Hourglass":92}],"Ring of the Snake":[44],"Mercury Hourglass":[30]},"card_choices":[{"not_picked":["Bane","Catalyst"],"picked":"Footwork","floor":1},{"not_picked":["Distraction","Blade Dance"],"picked":"Crippling Poison","floor":2},{"not_picked":["Outmaneuver","Blur"],"picked":"Quick Slash","floor":3},{"not_picked":["Backflip","Envenom"],"picked":"PiercingWail","floor":4},{"not_picked":["Dagger Throw","Acrobatics"],"picked":"Poisoned Stab","floor":7},{"not_picked":["Sucker Punch","Distraction"],"picked":"Calculated Gamble","floor":10},{"not_picked":["Slice","Flechettes"],"picked":"Dagger Throw","floor":12},{"not_picked":["Calculated Gamble","Sucker Punch","Dagger Throw"],"picked":"SKIP","floor":13},{"not_picked":["Dagger Throw","Heel Hook","Endless Agony"],"picked":"SKIP","floor":14},{"not_picked":["Unload","Bullet Time"],"picked":"Corpse Explosion","floor":16},{"not_picked":["Flechettes","Dagger Throw"],"picked":"Masterful Stab+1","floor":18},{"not_picked":["Slice","Flechettes","Caltrops"],"picked":"SKIP","floor":19},{"not_picked":["Expertise+1","Quick Slash"],"picked":"Deadly Poison","floor":22},{"not_picked":["Masterful Stab+1","Blade Dance+1"],"picked":"Acrobatics+1","floor":24},{"not_picked":["Masterful Stab+1","Choke"],"picked":"Footwork","floor":25},{"not_picked":["Footwork","Predator"],"picked":"Dodge and Roll","floor":28},{"not_picked":["Masterful Stab","Riddle With Holes+1","Deadly Poison"],"picked":"SKIP","floor":30},{"not_picked":["Burst","After Image"],"picked":"Envenom","floor":33},{"not_picked":["Eviscerate","Prepared"],"picked":"Bouncing Flask","floor":34},{"not_picked":["Dagger Spray","Acrobatics"],"picked":"Catalyst","floor":35},{"not_picked":["Tactician+1","Prepared+1","Dash"],"picked":"SKIP","floor":36},{"not_picked":["Flying Knee","Outmaneuver","Deadly Poison"],"picked":"SKIP","floor":38},{"not_picked":["Flying Knee","Bouncing Flask","Deflect"],"picked":"SKIP","floor":39}],"player_experience":8912,"relics_obtained":[{"floor":9,"key":"Snake Skull"},{"floor":10,"key":"Happy Flower"},{"floor":20,"key":"Nilry\u0027s Codex"}],"event_choices":[{"cards_removed":["Strike_G"],"damage_healed":0,"gold_gain":0,"player_choice":"Card Removal","damage_taken":7,"max_hp_gain":0,"max_hp_loss":0,"event_name":"Golden Wing","floor":8,"gold_loss":0},{"damage_healed":0,"gold_gain":0,"player_choice":"Obtained Book","damage_taken":16,"max_hp_gain":0,"max_hp_loss":0,"event_name":"Cursed Tome","floor":20,"gold_loss":0},{"cards_removed":["Strike_G"],"damage_healed":0,"gold_gain":0,"player_choice":"Gave Gold","damage_taken":0,"max_hp_gain":0,"max_hp_loss":0,"event_name":"Beggar","floor":21,"gold_loss":75},{"damage_healed":0,"gold_gain":0,"player_choice":"Gave Potion","damage_taken":0,"relics_obtained":["Mercury Hourglass"],"max_hp_gain":0,"max_hp_loss":0,"event_name":"WeMeetAgain","floor":37,"gold_loss":0}],"is_beta":false,"boss_relics":[{"not_picked":["Black Star","Empty Cage"],"picked":"Cursed Key"},{"not_picked":["Runic Dome","Runic Pyramid"],"picked":"Tiny House"}],"items_purged_floors":[5,31],"is_endless":false,"potions_floor_spawned":[1,2,7,10,24,25,28,30,33,35],"ascension_level":0}}