{"host":"fhq3k2nq5elnbks3","time":1609551741,"event":{"mods":["2.2 Compatiblity","AchievementEnabler","Act Like it!","AlwaysNeverKeys","Aspiration","BaseMod","Better Altar","Better Vampires","Better-Laid Plans","Block Reminder","CCEM","Card Filter","Colored Powertips","Displayed Cursed Tome","Ekko","Fireblade Mod","Friendly Minions","GifTheSpireLib","Gremlin Skip","HololiveMod","Jorbs\u0027s Wanderer Trilogy","Koishi","Marisa????????","Mathemortician","Minty Spire (QoL Compilation)","Onozuka Komachi Mod","Pale of the Ancients","Permanent Neow","Prisma Mod","Quick Restart","Reimu??????","Relic Filter","Robot Space Explorer","Shop Mod","Spikes Relics","StSLib","SuperFastMode","The Blackbeard","The Cursed","The Gatherer","The Hierophant","The Runesmith","The Servant 0.9.4","The Trickster","The Valiant","The Wild Card","TheBandit","Trackpad","Transform Curses","Uncapped","Unknown Chances","thorton","vexMod"],"gold_per_floor":[60,60,78,89,89,89,89,164,209,209,220,220,235,254,254,352,352,339,339,879,898,898,898,898,898],"floor_reached":24,"playtime":1348,"items_purged":[],"score":211,"play_id":"c21d217d-184c-47fc-9b9c-fcd2f954390d","local_time":"20210101194221","is_ascension_mode":false,"campfire_choices":[{"data":"QuickSiphon","floor":6,"key":"SMITH"},{"data":"MinorHealing","floor":10,"key":"SMITH"},{"data":"MinorHealing","floor":12,"key":"SMITH"},{"data":"Strike_Valiant","floor":15,"key":"SMITH"},{"data":"QuickSiphon","floor":23,"key":"SMITH"}],"circlet_count":0,"master_deck":["Strike_Valiant","Strike_Valiant","Strike_Valiant","Strike_Valiant+1","Strike_Valiant","Defend_Valiant","Defend_Valiant","Defend_Valiant","Defend_Valiant","BlindingLight+1","MinorHealing+1","MinorHealing+1","QuickSiphon+1","QuickSiphon+1"],"relics":["Cross Pendant","aspiration:Nostalgia","FireBladeMod:DuelistLocket","Nunchaku","Blade Of Legend","trackpad:WindUpAutoDealer"],"acts_visited":["Exordium","TheCity"],"potions_floor_usage":[21,21],"damage_taken":[{"damage":0,"enemies":"2 Louse","floor":1,"turns":4},{"damage":13,"enemies":"Jaw Worm","floor":3,"turns":8},{"damage":2,"enemies":"Cultist","floor":4,"turns":4},{"damage":3,"enemies":"Exordium Wildlife","floor":11,"turns":8},{"damage":11,"enemies":"Looter","floor":13,"turns":4},{"damage":4,"enemies":"Blue Slaver","floor":14,"turns":5},{"damage":87,"enemies":"Slime Boss","floor":16,"turns":24},{"damage":15,"enemies":"2 Thieves","floor":18,"turns":4},{"damage":35,"enemies":"Spheric Guardian","floor":21,"turns":8},{"damage":58,"enemies":"Book of Stabbing","floor":24,"turns":7}],"seed_played":"6528876502010172211","potions_obtained":[{"floor":1,"key":"Weak Potion"},{"floor":18,"key":"Regen Potion"}],"is_trial":false,"path_per_floor":["M","?","M","M","$","R","?","?","T","R","M","R","M","M","R","B",null,"M","?","?","M","T","R","E"],"character_chosen":"TheValiant","items_purchased":[],"campfire_rested":0,"item_purchase_floors":[],"current_hp_per_floor":[100,100,90,100,100,100,100,89,89,89,100,100,97,100,100,29,100,100,100,43,39,39,39,0,0],"gold":898,"neow_bonus":"NOSTALGIA","is_daily":false,"chose_seed":false,"campfire_upgraded":5,"win_rate":0.0,"timestamp":1609551741,"path_taken":["M","?","M","M","$","R","?","?","T","R","M","R","M","M","R","BOSS","M","?","?","?","?","R","E"],"items_purchased_type":[],"build_version":"2020-12-22","purchased_purges":0,"victory":false,"max_hp_per_floor":[100,100,100,100,100,100,100,100,100,100,100,100,100,100,100,100,100,100,100,100,100,100,100,100,100],"card_choices":[{"not_picked":["HolyLight","StrainingSmite","MercilessSmite"],"picked":"SKIP","floor":1},{"not_picked":["ReduceToNothing","ToweringCharge","ArcaneHealing"],"picked":"SKIP","floor":3},{"not_picked":["Chainer","Quickstep"],"picked":"QuickSiphon","floor":4},{"not_picked":["TakeAim","Uprising","TurnTables"],"picked":"SKIP","floor":11},{"not_picked":["Ensoul","ZealousPersecution","MaddeningRevelation"],"picked":"SKIP","floor":13},{"not_picked":["GracefulSiphon","Guardian","ZealousSmite"],"picked":"SKIP","floor":14},{"not_picked":["Cleanse+1","HolyFury","ZealousAmbition+1"],"picked":"SKIP","floor":18},{"not_picked":["TakeAim","GracefulSiphon"],"picked":"QuickSiphon","floor":21}],"player_experience":372714,"relics_obtained":[{"floor":9,"key":"Nunchaku"},{"floor":22,"key":"trackpad:WindUpAutoDealer"}],"event_choices":[{"damage_healed":0,"gold_gain":0,"player_choice":"Ignored","damage_taken":0,"max_hp_gain":0,"max_hp_loss":0,"event_name":"Liars Game","floor":2,"gold_loss":0},{"damage_healed":0,"gold_gain":0,"player_choice":"Grow","damage_taken":0,"max_hp_gain":0,"max_hp_loss":0,"event_name":"Living Wall","floor":7,"gold_loss":0,"cards_upgraded":["BlindingLight"]},{"damage_healed":0,"gold_gain":75,"player_choice":"Gather Gold","damage_taken":11,"max_hp_gain":0,"max_hp_loss":0,"event_name":"World of Goop","floor":8,"gold_loss":0},{"damage_healed":0,"gold_gain":540,"player_choice":"GOLD GOLD GOLD GOLD GOLD GOLD ","damage_taken":57,"max_hp_gain":0,"max_hp_loss":0,"event_name":"Knowing Skull","floor":20,"potions_obtained":[],"gold_loss":0,"cards_obtained":[]}],"is_beta":false,"boss_relics":[{"not_picked":["vexMod:CursedCompass","vexMod:MegatonBomb"],"picked":"Blade Of Legend"}],"items_purged_floors":[],"is_endless":false,"potions_floor_spawned":[1,18],"killed_by":"Book of Stabbing","ascension_level":0}}