{"host":"t4bl6qmmsws2mq4o","time":1609566956,"event":{"mods":["AchievementEnabler","BaseMod","Better Note","Downfall","GifTheSpireLib","Hermit","Melee Mod","Minty Spire (QoL Compilation)","Replay The Spire","StSLib","The Alterego","The Jungle","The Marked"],"gold_per_floor":[116,129,147,97,116,129,129,129,129],"floor_reached":8,"playtime":303,"items_purged":[],"score":50,"play_id":"3d98461a-4926-4573-b760-4a97a7ad840a","local_time":"20210101215556","is_ascension_mode":false,"campfire_choices":[{"data":"ReplayTheSpireMod:Necrosis","floor":7,"key":"SMITH"}],"circlet_count":0,"master_deck":["Strike_G","Strike_G","Strike_G","Strike_G","Defend_G","Defend_G","Defend_G","Defend_G","Defend_G","Survivor","Neutralize","Bane","Dagger Spray","Backstab","ReplayTheSpireMod:Necrosis+1","Quick Slash"],"relics":["Ring of the Snake"],"acts_visited":["Exordium"],"potions_floor_usage":[6,8],"damage_taken":[{"damage":7,"enemies":"Cultist","floor":1,"turns":5},{"damage":0,"enemies":"Jaw Worm","floor":2,"turns":5},{"damage":0,"enemies":"2 Louse","floor":3,"turns":2},{"damage":2,"enemies":"Blue Slaver","floor":5,"turns":3},{"damage":2,"enemies":"Gremlin Gang","floor":6,"turns":4},{"damage":71,"enemies":"Lagavulin","floor":8,"turns":8}],"seed_played":"-6057074367184434834","potions_obtained":[{"floor":1,"key":"Poison Potion"},{"floor":5,"key":"BlessingOfTheForge"}],"is_trial":false,"path_per_floor":["M","M","M","?","M","M","R","E"],"character_chosen":"THE_SILENT","items_purchased":[],"campfire_rested":0,"item_purchase_floors":[],"current_hp_per_floor":[70,70,70,70,68,66,66,0,0],"gold":129,"neow_bonus":"TEN_PERCENT_HP_BONUS","is_daily":false,"chose_seed":false,"campfire_upgraded":1,"win_rate":0.0,"timestamp":1609566956,"path_taken":["M","M","?","?","M","M","R","E"],"items_purchased_type":[],"build_version":"2020-12-22","purchased_purges":0,"victory":false,"max_hp_per_floor":[77,77,77,77,77,77,77,77,77],"card_choices":[{"not_picked":["Outmaneuver","Deadly Poison"],"picked":"Bane","floor":1},{"not_picked":["ReplayTheSpireMod:Exploit Weakness","Flechettes"],"picked":"Dagger Spray","floor":2},{"not_picked":["Quick Slash","Cloak And Dagger"],"picked":"Backstab","floor":3},{"not_picked":["Setup","Infinite Blades"],"picked":"ReplayTheSpireMod:Necrosis","floor":5},{"not_picked":["Tactician","Underhanded Strike"],"picked":"Quick Slash","floor":6}],"player_experience":451618,"relics_obtained":[],"event_choices":[{"cards_removed":["Strike_G"],"damage_healed":0,"gold_gain":0,"player_choice":"Card Removal","damage_taken":0,"max_hp_gain":0,"max_hp_loss":0,"event_name":"The Cleric","floor":4,"gold_loss":50}],"is_beta":false,"boss_relics":[],"items_purged_floors":[],"is_endless":false,"potions_floor_spawned":[1,5],"killed_by":"Lagavulin","ascension_level":0}}