{"host":"w9yruvs4bqht6bhw","time":1609620066,"event":{"mods":["BaseMod","Colored Powertips","Minty Spire (QoL Compilation)"],"gold_per_floor":[112,130,144,158,170,170,170,47,47,78,5,5,24,34,34,132,132,145,164,181,280,280,280,295,220,246,263,263,263],"floor_reached":28,"playtime":942,"items_purged":["Strike_R"],"score":302,"play_id":"ea1762a7-c466-4cc9-afff-1ce0a41c0624","local_time":"20210102154106","is_ascension_mode":true,"campfire_choices":[{"data":"Spot Weakness","floor":6,"key":"SMITH"},{"floor":12,"key":"REST"},{"data":"Cleave","floor":15,"key":"SMITH"},{"floor":23,"key":"REST"}],"circlet_count":0,"master_deck":["Strike_R","Strike_R","Strike_R","Defend_R","Defend_R","Defend_R","Defend_R","Bash","Pommel Strike","Spot Weakness+1","Inflame","Pommel Strike","Cleave+1","Limit Break","Spot Weakness+1","Armaments+1","Heavy Blade"],"relics":["Burning Blood","Regal Pillow","Bronze Scales","Matryoshka","Runic Pyramid","Tiny Chest","Orichalcum"],"acts_visited":["Exordium","TheCity"],"potions_floor_usage":[4,10,10,16,16,24],"damage_taken":[{"damage":13,"enemies":"Small Slimes","floor":1,"turns":4},{"damage":3,"enemies":"2 Louse","floor":2,"turns":3},{"damage":1,"enemies":"Cultist","floor":3,"turns":3},{"damage":17,"enemies":"Gremlin Gang","floor":4,"turns":3},{"damage":19,"enemies":"Blue Slaver","floor":5,"turns":5},{"damage":15,"enemies":"3 Sentries","floor":10,"turns":5},{"damage":15,"enemies":"3 Louse","floor":13,"turns":2},{"damage":5,"enemies":"Exordium Thugs","floor":14,"turns":5},{"damage":29,"enemies":"Slime Boss","floor":16,"turns":8},{"damage":13,"enemies":"3 Byrds","floor":18,"turns":2},{"damage":28,"enemies":"Spheric Guardian","floor":19,"turns":4},{"damage":23,"enemies":"Centurion and Healer","floor":20,"turns":5},{"damage":58,"enemies":"Cultist and Chosen","floor":24,"turns":6},{"damage":12,"enemies":"Snecko","floor":27,"turns":6},{"damage":28,"enemies":"Colosseum Slavers","floor":28,"turns":2}],"seed_played":"-4573297539935453434","potions_obtained":[{"floor":2,"key":"Dexterity Potion"},{"floor":3,"key":"PowerPotion"},{"floor":5,"key":"Block Potion"},{"floor":10,"key":"FearPotion"},{"floor":20,"key":"Regen Potion"}],"is_trial":false,"path_per_floor":["M","M","M","M","M","R","?","$","T","E","?","R","M","M","R","B",null,"M","M","M","?","?","R","M","?","T","M","?"],"character_chosen":"IRONCLAD","items_purchased":["PowerPotion"],"campfire_rested":2,"item_purchase_floors":[8],"current_hp_per_floor":[65,68,73,62,49,49,42,42,42,33,33,72,63,64,64,41,70,63,41,24,24,24,63,26,26,26,20,0,0],"gold":263,"neow_bonus":"THREE_CARDS","is_daily":false,"chose_seed":false,"campfire_upgraded":2,"win_rate":0.0,"timestamp":1609620066,"path_taken":["M","M","M","M","M","R","?","$","T","E","?","R","M","?","R","BOSS","M","M","?","?","?","R","?","?","T","M","?"],"items_purchased_type":["Potion"],"build_version":"2020-12-22","purchased_purges":1,"victory":false,"max_hp_per_floor":[80,80,80,80,80,80,80,80,80,80,80,80,80,80,80,80,80,80,80,80,80,80,80,80,80,80,80,80,80],"card_choices":[{"not_picked":["Wild Strike","Sword Boomerang"],"picked":"Clothesline","floor":0},{"not_picked":["True Grit","Pummel"],"picked":"Pommel Strike","floor":1},{"not_picked":["Body Slam","True Grit"],"picked":"Spot Weakness","floor":2},{"not_picked":["Flex","Fire Breathing","Searing Blow"],"picked":"SKIP","floor":3},{"not_picked":["Evolve","True Grit"],"picked":"Inflame","floor":4},{"not_picked":["Iron Wave","Flex"],"picked":"Pommel Strike","floor":5},{"not_picked":["Searing Blow","Fire Breathing"],"picked":"Cleave","floor":10},{"not_picked":["Pummel","Twin Strike","Disarm"],"picked":"SKIP","floor":13},{"not_picked":["Warcry","Headbutt","Dropkick"],"picked":"SKIP","floor":14},{"not_picked":["Corruption","Reaper"],"picked":"Limit Break","floor":16},{"not_picked":["Blood for Blood","Clash"],"picked":"Spot Weakness+1","floor":18},{"not_picked":["Warcry","Searing Blow"],"picked":"Armaments+1","floor":19},{"not_picked":["Pommel Strike","Reaper","Reckless Charge"],"picked":"SKIP","floor":20},{"not_picked":["Second Wind","True Grit","Pommel Strike+1"],"picked":"SKIP","floor":24},{"not_picked":["Reckless Charge","Clothesline"],"picked":"Heavy Blade","floor":27}],"player_experience":265718,"relics_obtained":[{"floor":9,"key":"Regal Pillow"},{"floor":10,"key":"Bronze Scales"},{"floor":26,"key":"Tiny Chest"},{"floor":26,"key":"Orichalcum"}],"event_choices":[{"cards_removed":["Strike_R"],"damage_healed":0,"gold_gain":0,"player_choice":"Card Removal","damage_taken":7,"max_hp_gain":0,"max_hp_loss":0,"event_name":"Golden Wing","floor":7,"gold_loss":0},{"damage_healed":0,"gold_gain":0,"player_choice":"Paid Gold","damage_taken":0,"relics_obtained":["Matryoshka"],"max_hp_gain":0,"max_hp_loss":0,"event_name":"WeMeetAgain","floor":11,"gold_loss":73},{"damage_healed":0,"gold_gain":99,"player_choice":"Stole From Cult","damage_taken":0,"max_hp_gain":0,"max_hp_loss":0,"event_name":"Nest","floor":21,"gold_loss":0},{"damage_healed":0,"gold_gain":0,"player_choice":"Ignored","damage_taken":0,"max_hp_gain":0,"max_hp_loss":0,"event_name":"Ghosts","floor":22,"gold_loss":0},{"cards_removed":["Clothesline"],"damage_healed":0,"gold_gain":0,"player_choice":"Gave Gold","damage_taken":0,"max_hp_gain":0,"max_hp_loss":0,"event_name":"Beggar","floor":25,"gold_loss":75},{"damage_healed":0,"gold_gain":0,"player_choice":"Fight","damage_taken":0,"max_hp_gain":0,"max_hp_loss":0,"event_name":"Colosseum","floor":28,"gold_loss":0}],"is_beta":false,"boss_relics":[{"not_picked":["Empty Cage","Velvet Choker"],"picked":"Runic Pyramid"}],"items_purged_floors":[8],"is_endless":false,"potions_floor_spawned":[2,3,5,10,20],"killed_by":"Colosseum Slavers","ascension_level":7}}