{"host":"6to8m083wj0ro91z","time":1609620142,"event":{"mods":["BaseMod","Better Third Choice","BetterRewards","CatGirl Mod","ChefMod","Friendly Minions","Hubris","Mad Scientist","Marisa????????","Minty Spire (QoL Compilation)","Shade Mod","Spicy Shops","StSLib","The Blackbeard","The Death Knight","The Dragon Tamer","The Gatherer","The Marked","The Mystic","The Necromancer","The Servant 0.9.4"],"gold_per_floor":[112,112,112,125,141,141,172,172,199,299,309,338,348,376,376,474,474,491,505,155,155,80,80,106,124,124,136,169,187,218,218,218,316,316,326,326,254,273,289,323,335,363,411,430,458,13,28,28,28,28,28,28,2,33,33],"floor_reached":56,"playtime":2852,"items_purged":["Strike_S","Strike_S","Strike_S","Defend_S"],"score":2152,"play_id":"19466b8f-9da2-4aaa-ab5b-bfbea5d11cf2","local_time":"20210102214222","is_ascension_mode":true,"campfire_choices":[{"data":"KidneyShot","floor":6.0,"key":"SMITH"},{"data":"Potential","floor":8.0,"key":"SMITH"},{"data":"Starlight","floor":15.0,"key":"SMITH"},{"data":"BottledTime","floor":23.0,"key":"SMITH"},{"data":"SoulSculpture","floor":32.0,"key":"SMITH"},{"floor":49,"key":"RECALL"},{"data":"Panacea","floor":52,"key":"SMITH"}],"circlet_count":0,"master_deck":["Defend_S","Defend_S","KidneyShot+1","Exchange","BottledTime+1","Panacea+1","Reprogram+1","SilverBlades+1","Potential+1","ShatteredReality+1","Potential+1","Misdirection","Starlight+1","Dilation+1","InstantArmor+1","FastForward+1","Contraction+1","BottledTime+1","SoulSculpture+1","FloweringNight+1","DualDimension+1","Master of Strategy+1","TimeWarp+1","MoonPhase+1","Defy+1","TheWorld+1","BottledTime+1"],"relics":["Uniform","Bag of Marbles","Frozen Egg 2","DeathKnight:SindragosasSkull","hubris:CrystalStatue","TheAbacus","hubris:BundleOfHerbs","Omamori","Toxic Egg 2","Coffee Dripper","Medical Kit","Bronze Scales","Du-Vu Doll","hubris:Reverence","Sundial","Tiny Chest","Strawberry","hubris:Backtick","hubris:Spice","Blood Vial","Art of War","PreservedInsect","Orichalcum","Membership Card","Oddly Smooth Stone","Whetstone"],"acts_visited":["Exordium","TheCity","TheBeyond","TheEnding"],"potions_floor_usage":[55,55,55],"damage_taken":[{"damage":0.0,"enemies":"Jaw Worm","floor":1.0,"turns":3.0},{"damage":0.0,"enemies":"Small Slimes","floor":4.0,"turns":4.0},{"damage":0.0,"enemies":"Cultist","floor":5.0,"turns":3.0},{"damage":0.0,"enemies":"Lagavulin","floor":7.0,"turns":6.0},{"damage":0.0,"enemies":"Red Slaver","floor":11.0,"turns":7.0},{"damage":4.0,"enemies":"Gremlin Nob","floor":12.0,"turns":3.0},{"damage":0.0,"enemies":"2 Fungi Beasts","floor":13.0,"turns":1.0},{"damage":0.0,"enemies":"Lagavulin","floor":14.0,"turns":6.0},{"damage":0.0,"enemies":"Hexaghost","floor":16.0,"turns":5.0},{"damage":0.0,"enemies":"3 Byrds","floor":18.0,"turns":3.0},{"damage":0.0,"enemies":"Chosen","floor":19.0,"turns":3.0},{"damage":0.0,"enemies":"Book of Stabbing","floor":24.0,"turns":3.0},{"damage":0.0,"enemies":"3 Cultists","floor":25.0,"turns":3.0},{"damage":0.0,"enemies":"Snecko","floor":27.0,"turns":6.0},{"damage":0.0,"enemies":"Slavers","floor":28.0,"turns":4.0},{"damage":0.0,"enemies":"Cultist and Chosen","floor":29.0,"turns":4.0},{"damage":0.0,"enemies":"Book of Stabbing","floor":30.0,"turns":3.0},{"damage":0.0,"enemies":"Champ","floor":33.0,"turns":7.0},{"damage":0.0,"enemies":"3 Darklings","floor":35.0,"turns":2.0},{"damage":0.0,"enemies":"3 Shapes","floor":38.0,"turns":1.0},{"damage":0.0,"enemies":"Jaw Worm Horde","floor":39.0,"turns":2.0},{"damage":0.0,"enemies":"Giant Head","floor":40.0,"turns":3.0},{"damage":0,"enemies":"Writhing Mass","floor":41,"turns":3},{"damage":0,"enemies":"Nemesis","floor":42,"turns":3},{"damage":0,"enemies":"Maw","floor":44,"turns":4},{"damage":0,"enemies":"Giant Head","floor":45,"turns":3},{"damage":0,"enemies":"Jaw Worm Horde","floor":47,"turns":1},{"damage":0,"enemies":"Time Eater","floor":50,"turns":6},{"damage":0,"enemies":"Shield and Spear","floor":54,"turns":2},{"damage":0,"enemies":"The Heart","floor":55,"turns":5}],"seed_played":"4409797947148620312","potions_obtained":[{"floor":1.0,"key":"SneckoOil"},{"floor":12.0,"key":"AttackPotion"},{"floor":13.0,"key":"LiquidMemories"},{"floor":24.0,"key":"Block Potion"},{"floor":29.0,"key":"GamblersBrew"},{"floor":39.0,"key":"Swift Potion"},{"floor":41,"key":"Block Potion"}],"is_trial":false,"path_per_floor":["M","?","?","M","M","R","E","R","T","?","M","E","M","E","R","B",null,"M","M","$","?","?","R","E","M","T","M","E","M","E","?","R","B",null,"M","?","$","M","M","E","M","E","T","M","E","$","M","?","R","B",null,"R","$","E","B",null],"character_chosen":"THE_SERVANT","items_purchased":["Bag of Marbles","Frozen Egg 2","DeathKnight:SindragosasSkull","hubris:CrystalStatue","BottledTime","TheAbacus","Panacea","Fire Potion","Medical Kit","Bronze Scales","Blood Vial","Membership Card","hubris:Spice","Oddly Smooth Stone","PowerPotion"],"campfire_rested":0,"item_purchase_floors":[0,0,0,0,0,0,0,0,20,20,37,46,46,46,53],"current_hp_per_floor":[23,6,6,6,6,6,6,6,6,6,45,41,41,41,41,41,65,65,65,65,65,65,65,65,65,65,65,65,65,65,72,72,72,80,80,80,80,80,80,80,80,80,80,80,88,80,80,80,80,80,80,80,80,80,80],"gold":33,"neow_bonus":"","is_daily":false,"chose_seed":false,"campfire_upgraded":6,"win_rate":0.0,"timestamp":1609620142,"path_taken":["M","?","?","M","?","R","E","R","T","?","M","E","?","E","R","BOSS","M","M","$","?","?","R","E","M","T","M","E","M","E","?","R","BOSS","M","?","$","M","M","E","M","E","T","M","E","$","M","?","R","BOSS","R","$","E","BOSS"],"items_purchased_type":["Relic","Relic","Relic","Relic","Card","Relic","Card","Potion","Relic","Relic","Relic","Relic","Relic","Relic","Potion"],"build_version":"2020-12-22","purchased_purges":4,"victory":true,"max_hp_per_floor":[65,65,65,65,65,65,65,65,65,65,65,65,65,65,65,65,65,65,65,65,65,65,65,65,65,65,65,65,65,65,72,72,72,80,80,80,80,80,80,80,80,80,80,80,88,80,80,80,80,80,80,80,80,80,80],"card_choices":[{"not_picked":["Unruled","Collapse","Orbit"],"picked":"SKIP","floor":1.0},{"not_picked":["FastForward","Defy"],"picked":"SilverBlades+1","floor":4.0},{"not_picked":["Alleviate","Spin"],"picked":"Potential","floor":5.0},{"not_picked":["Rearm","Reset"],"picked":"ShatteredReality","floor":7.0},{"not_picked":["Defy","Hightail"],"picked":"Potential","floor":11.0},{"not_picked":["Alleviate","Manipulate","Rewind"],"picked":"SKIP","floor":12.0},{"not_picked":["BottledTime","Hightail"],"picked":"Misdirection","floor":13.0},{"not_picked":["StarChef+1","Dilation+1"],"picked":"Starlight","floor":14.0},{"not_picked":["PendulumOfEternity","MurderousAura+1"],"picked":"Dilation+1","floor":16.0},{"not_picked":["Potential","ShatteredReality"],"picked":"InstantArmor+1","floor":18.0},{"not_picked":["Orbit","StarChef+1","Moondial+1"],"picked":"SKIP","floor":19.0},{"not_picked":["Ricochet","DualDimension+1","SpecialFormula+1"],"picked":"SKIP","floor":24.0},{"not_picked":["Potential","Spin+1"],"picked":"FastForward+1","floor":25.0},{"not_picked":["Collapse","Rewind+1"],"picked":"Contraction+1","floor":27.0},{"not_picked":["Ricochet+1","TimeTheft+1"],"picked":"BottledTime+1","floor":28.0},{"not_picked":["Rewind+1","Starlight","Desolation"],"picked":"SKIP","floor":29.0},{"not_picked":["DancingSilver+1","ShatteredReality"],"picked":"SoulSculpture","floor":30.0},{"not_picked":["SilverMatrix+1","Duplication+1"],"picked":"FloweringNight+1","floor":33.0},{"not_picked":["Manipulate+1","ShatteredReality+1"],"picked":"DualDimension+1","floor":35.0},{"not_picked":["Enlightenment+1","Blind+1"],"picked":"Master of Strategy+1","floor":36.0},{"not_picked":["Alleviate+1","Rewind+1"],"picked":"TimeWarp+1","floor":38.0},{"not_picked":["StarChef+1","TimeWarp+1"],"picked":"MoonPhase+1","floor":39.0},{"not_picked":["Starlight+1","Rewind+1"],"picked":"Defy+1","floor":40.0},{"not_picked":["Replace+1","DoubleEdge+1","Revamp+1"],"picked":"SKIP","floor":41},{"not_picked":["Replace+1","DoubleEdge+1","Revamp+1"],"picked":"SKIP","floor":41},{"not_picked":["FastForward+1","Moonlight+1","Collapse"],"picked":"SKIP","floor":42},{"not_picked":["ShatteredReality+1","Unruled","Ricochet"],"picked":"SKIP","floor":44},{"not_picked":["Moondial+1","Alleviate+1"],"picked":"TheWorld+1","floor":45},{"not_picked":["Rearm+1","ReturningBlade"],"picked":"BottledTime+1","floor":47},{"not_picked":["Solidify+1","Alleviate+1"],"picked":"hubris:SpiceAddiction","floor":54}],"player_experience":1054216,"relics_obtained":[{"floor":7.0,"key":"hubris:BundleOfHerbs"},{"floor":12.0,"key":"Omamori"},{"floor":14.0,"key":"Toxic Egg 2"},{"floor":24.0,"key":"Du-Vu Doll"},{"floor":26.0,"key":"hubris:Reverence"},{"floor":28.0,"key":"Sundial"},{"floor":30.0,"key":"Tiny Chest"},{"floor":40.0,"key":"Art of War"},{"floor":42,"key":"PreservedInsect"},{"floor":43,"key":"Orichalcum"},{"floor":45,"key":"hubris:Spice"},{"floor":54,"key":"Whetstone"}],"event_choices":[{"damage_healed":0.0,"max_hp_gain":0.0,"max_hp_loss":0.0,"gold_gain":0.0,"event_name":"betterThird:BetterScrap","player_choice":"Card ","floor":2.0,"gold_loss":0.0,"damage_taken":17.0,"cards_obtained":["Reprogram"]},{"cards_removed":["Strike_S"],"damage_healed":0.0,"max_hp_gain":0.0,"max_hp_loss":0.0,"gold_gain":0.0,"event_name":"Living Wall","player_choice":"Forget","floor":3.0,"gold_loss":0.0,"damage_taken":0.0},{"damage_healed":0.0,"max_hp_gain":0.0,"max_hp_loss":0.0,"gold_gain":100.0,"event_name":"Golden Shrine","player_choice":"Pray","floor":10.0,"gold_loss":0.0,"damage_taken":0.0},{"damage_healed":0.0,"max_hp_gain":0.0,"max_hp_loss":0.0,"gold_gain":0.0,"event_name":"Ghosts","player_choice":"Ignored","floor":21.0,"gold_loss":0.0,"damage_taken":0.0},{"cards_removed":["Defend_S"],"damage_healed":0.0,"max_hp_gain":0.0,"max_hp_loss":0.0,"gold_gain":0.0,"event_name":"Beggar","player_choice":"Gave Gold","floor":22.0,"gold_loss":75.0,"damage_taken":0.0},{"damage_healed":0.0,"max_hp_gain":0.0,"max_hp_loss":0.0,"gold_gain":0.0,"event_name":"WeMeetAgain","player_choice":"Gave Potion","floor":31.0,"gold_loss":0.0,"damage_taken":0.0,"relics_obtained":["Strawberry"]},{"damage_healed":0.0,"max_hp_gain":0.0,"max_hp_loss":0.0,"gold_gain":0.0,"event_name":"SensoryStone","player_choice":"Memory 1","floor":36.0,"gold_loss":0.0,"damage_taken":0.0},{"damage_healed":0,"gold_gain":0,"player_choice":"Upgraded","damage_taken":0,"max_hp_gain":0,"max_hp_loss":0,"event_name":"Upgrade Shrine","floor":48,"gold_loss":0,"cards_upgraded":["Potential"]}],"is_beta":false,"boss_relics":[{"not_picked":["Calling Bell","Snecko Eye"],"picked":"Coffee Dripper"},{"not_picked":["Empty Cage","StoneMask"],"picked":"hubris:Backtick"}],"items_purged_floors":[0,0,20,46],"is_endless":false,"potions_floor_spawned":[1,12,13,24,27,29,39,41,44,45],"ascension_level":1}}