{"host":"kda2p2afd6bvz6qo","time":1609549168,"event":{"mods":["BaseMod","Colored Map","Minty Spire (QoL Compilation)","Relic Stats"],"gold_per_floor":[168,443,460,474,42,42,42],"floor_reached":6,"playtime":371,"items_purged":["Regret"],"score":68,"play_id":"f97f98af-6a00-4195-99cb-33e70ccc3a4b","local_time":"20210102005928","is_ascension_mode":true,"campfire_choices":[],"circlet_count":0,"master_deck":["AscendersBane","Strike_G","Strike_G","Strike_G","Strike_G","Strike_G","Defend_G+1","Defend_G","Defend_G","Defend_G","Defend_G","Survivor+1","Neutralize","Outmaneuver","Dagger Spray","Phantasmal Killer","Burst+1","Terror"],"relics":["Tiny House","War Paint"],"acts_visited":["Exordium"],"potions_floor_usage":[6],"damage_taken":[{"damage":0,"enemies":"Small Slimes","floor":1,"turns":4},{"damage":18,"enemies":"Cultist","floor":3,"turns":6},{"damage":14,"enemies":"Jaw Worm","floor":4,"turns":6},{"damage":47,"enemies":"Lagavulin","floor":6,"turns":10}],"seed_played":"-8333232501896479562","potions_obtained":[{"floor":0,"key":"Dexterity Potion"},{"floor":4,"key":"Fire Potion"}],"is_trial":false,"path_per_floor":["M","?","M","M","$","E"],"character_chosen":"THE_SILENT","items_purchased":["Burst","War Paint","Terror"],"campfire_rested":0,"item_purchase_floors":[5,5,5],"current_hp_per_floor":[64,64,46,32,32,0,0],"gold":42,"neow_bonus":"BOSS_RELIC","is_daily":false,"chose_seed":false,"campfire_upgraded":0,"win_rate":0.0,"timestamp":1609549168,"path_taken":["M","?","?","?","?","E"],"items_purchased_type":["Card","Relic","Card"],"build_version":"2020-12-22","purchased_purges":1,"victory":false,"max_hp_per_floor":[71,71,71,71,71,71,71],"relic_stats":{"counters":[4,26],"War Paint":["Defend_G","Burst"],"obtain_stats":[{"Tiny House":0,"War Paint":5,"Ring of the Snake":0},{"Tiny House":0,"War Paint":3,"Ring of the Snake":0},{"Tiny House":0,"War Paint":16,"Ring of the Snake":0}]},"card_choices":[{"not_picked":["Well Laid Plans","Sucker Punch"],"picked":"Outmaneuver","floor":0},{"not_picked":["Cloak And Dagger","PiercingWail"],"picked":"Dagger Spray","floor":1},{"not_picked":["Deflect","Backflip"],"picked":"Phantasmal Killer","floor":3},{"not_picked":["Outmaneuver","Dagger Spray","Sucker Punch"],"picked":"SKIP","floor":4}],"player_experience":109856,"relics_obtained":[],"event_choices":[{"damage_healed":0,"gold_gain":275,"player_choice":"Desecrate","damage_taken":0,"max_hp_gain":0,"max_hp_loss":0,"event_name":"Golden Shrine","floor":2,"gold_loss":0,"cards_obtained":["Regret"]}],"is_beta":false,"boss_relics":[],"items_purged_floors":[5],"is_endless":false,"potions_floor_spawned":[4],"killed_by":"Lagavulin","ascension_level":18}}