{"host":"sq533724ysd7e9og","time":1609578621,"event":{"mods":["Act Like it!","Aspiration","Astrologer","BaseMod","Better Third Choice","CapriCore","Colored Map","Conspire","Custom Start","Dio Mod","Dota2Spire","Friendly Minions","Gensokyo","Halation","Hermit","HololiveMod","Hubris","Infinite Spire","Koishi","KomeijiMod","LagranYue(?????)","Lobotomy","LobotomyExtend","Mad Scientist","Marisa????????","Minty Spire (QoL Compilation)","MostiFishMod","Replay The Spire","SOS???????","Shade Mod","Small Relic Pack","StSLib","The Administrix","The Animator","The Cursed","The Forsaken","The Gatherer","The Servant 0.9.4","The Wild Card","Waifu the Spire","Yakumo Yukari mod","Yuyuko","??????REMEMod"],"gold_per_floor":[118,135,135,152,169,169,46,79,79,79,106,106,106,54,54,171,171,179,179,32,50,70,127,127,105,105,123,25,229,259,291,291,402,402,423,442,456,456,196,196,215,12,12,26,26],"floor_reached":44,"playtime":3150,"items_purged":[],"score":461,"play_id":"3b395aa7-f6b3-4a42-b6a2-b2cfc1bf4328","local_time":"25640102161021","is_ascension_mode":false,"campfire_choices":[{"data":"Elegance","floor":6.0,"key":"SMITH"},{"floor":10,"key":"RECALL"},{"floor":15,"key":"REST"},{"floor":32,"key":"REST"},{"data":"Seeing Red","floor":40,"key":"SMITH"}],"circlet_count":0,"master_deck":["Fantasy Butterflies","Fantasy Butterflies","Fantasy Butterflies","Fantasy Butterflies","Fantasy Butterflies","Dreamy Sakura","Dreamy Sakura","Dreamy Sakura","Dreamy Sakura","Faramita\u0027s Temptation+1","Seeing Red+1","End of Faramita+1","Bloom","Elegance+1","Dancing Soul","Open The Fan","Cerasus Subhirtella","Cerasus Subhirtella","Cerasus Subhirtella","Full Inky Sakura+1","animator:TakanashiRikka+1","Chase The Sukhavati+1","Open The Fan","Fondling of Papilio","Dancing Butterflies","Redemption of Death+1","Gensokyo:RustyChest","Gensokyo:BlemishedSteel","Elegance+1","Elegance","Serene Spring","Scenery of Papilio","Consume+1","hubris:DuctTapeCard","Open The Fan+1","hubris:DuctTapeCard","Gensokyo:ScrapIron"],"relics":["Coronal","Yuyuko\u0027s fan","DaveBox","REME_ComplimentaryCards","LagranYue:RandomDrawCardRelic","SentryEyes","aspiration:Nostalgia","Sizzling Blood","SynthV:TestCard","LetterFromLob","GoodDreamPillow","War Paint","Ancient Tea Set","Happy Flower","infinitespire:Midas Blood","ChewingGum","Gaze_r","Hololive_LightStick","Iron Hammer","aspiration:FrozenJewel","aspiration:DefectSkillbook","hubris:DuctTape","DollysMirror","Bird Faced Urn"],"acts_visited":["Gensokyo:Gensokyo","Gensokyo:Gensokyoer","Gensokyo:Gensokyoest"],"potions_floor_usage":[16,16,27,33,44,44],"damage_taken":[{"damage":33.0,"enemies":"Gensokyo:Gryphon","floor":1.0,"turns":5.0},{"damage":10.0,"enemies":"Gensokyo:2_Kodama","floor":2.0,"turns":2.0},{"damage":2.0,"enemies":"Gensokyo:3_Fairies","floor":4.0,"turns":2.0},{"damage":8.0,"enemies":"Gensokyo:3_Kodama","floor":5.0,"turns":2.0},{"damage":17.0,"enemies":"Gensokyo:Cirno","floor":8.0,"turns":5.0},{"damage":24,"enemies":"Gensokyo:Aya","floor":11,"turns":4},{"damage":39,"enemies":"Gensokyo:Yukari","floor":16,"turns":8},{"damage":19,"enemies":"Gensokyo:Chomper","floor":18,"turns":4},{"damage":5,"enemies":"Gensokyo:Chomper","floor":21,"turns":4},{"damage":7,"enemies":"Gensokyo:CosmicMonolith","floor":22,"turns":3},{"damage":78,"enemies":"Gensokyo:Koishi","floor":23,"turns":7},{"damage":16,"enemies":"Gensokyo:Swordslinger","floor":27,"turns":3},{"damage":14,"enemies":"Gensokyo:Chomper_and_Gloop","floor":30,"turns":4},{"damage":27,"enemies":"Gensokyo:Wraith","floor":31,"turns":4},{"damage":29,"enemies":"Gensokyo:Eiki","floor":33,"turns":8},{"damage":12,"enemies":"Gensokyo:3_Boulders","floor":35,"turns":3},{"damage":3,"enemies":"Gensokyo:3_Bats","floor":36,"turns":2},{"damage":3,"enemies":"Gensokyo:SeedOfUnknown","floor":37,"turns":3},{"damage":1,"enemies":"Gensokyo:4_Bats","floor":41,"turns":1},{"damage":51,"enemies":"Gensokyo:Marisa","floor":44,"turns":2}],"seed_played":"-2626575177775988275","potions_obtained":[{"floor":1.0,"key":"Strength Potion"},{"floor":2.0,"key":"FearPotion"},{"floor":21,"key":"Reflective Coating"},{"floor":23,"key":"SkillPotion"},{"floor":35,"key":"Venom Potion"},{"floor":36,"key":"BlessingOfTheForge"}],"is_trial":false,"path_per_floor":["M","M","?","M","M","R","?","E","T","R","E","?","T","$","R","B",null,"M","?","$","M","M","E","?","$","T","M","COS","?","M","M","R_BF","B",null,"M","M","M","?","$","R","M","COS","T","E"],"character_chosen":"YUYOKO","items_purchased":["Cerasus Subhirtella","Hololive_LightStick","Dancing Butterflies","hubris:DuctTape"],"campfire_rested":2,"item_purchase_floors":[14,20,25,39],"current_hp_per_floor":[39,33,44,44,40,40,40,31,31,31,30,30,30,30,43,36,44,41,41,41,43,44,14,14,14,14,24,24,24,36,27,40,37,44,36,44,44,44,44,44,44,44,44,0,0],"gold":26,"neow_bonus":"NOSTALGIA","is_daily":false,"chose_seed":false,"campfire_upgraded":2,"win_rate":0.0,"timestamp":1609578621,"path_taken":["M","M","?","M","M","R","?","E","T","R","E","?","?","$","R","BOSS","M","?","$","M","M","E","?","?","T","?","COS","?","M","M","R_BF","BOSS","M","M","M","?","?","R","M","COS","T","E"],"items_purchased_type":["Card","Relic","Card","Relic"],"build_version":"2020-12-22","purchased_purges":0,"victory":false,"max_hp_per_floor":[44,44,44,44,44,44,44,44,44,44,44,44,44,44,44,44,44,44,44,44,44,44,44,44,44,44,44,44,44,44,44,44,44,44,44,44,44,44,44,44,44,44,44,44,44],"card_choices":[{"not_picked":["Full Moon","Gauzy Sakura"],"picked":"End of Faramita","floor":1.0},{"not_picked":["Gauzy Sakura","Dancing Butterflies","Chase The Sukhavati","Ghostdom Sakura"],"picked":"Bloom","floor":2.0},{"not_picked":["Become Phantom","Fondling of Papilio","Infinite Sin","Gone"],"picked":"Elegance","floor":4.0},{"not_picked":["Phantom Butterflies","Postpone Bloom","All Wander","Dark Wind"],"picked":"Dancing Soul","floor":5.0},{"not_picked":["Revive The Butterflies","Infinite Sin","The Nether","End of Faramita"],"picked":"Open The Fan","floor":8.0},{"not_picked":["Bury in The Template","All Wander","Phantom Butterflies","Full Moon"],"picked":"Cerasus Subhirtella","floor":11},{"not_picked":["Infinite Reviving","Home of Suicide","Supernatural Nether","Bury in The Template"],"picked":"Full Inky Sakura","floor":16},{"not_picked":["Fondling of Papilio","Unborn Light","Become Phantom+1","The Forgotten Winter"],"picked":"Chase The Sukhavati+1","floor":21},{"not_picked":["Sweet of Phantom","Gauzy Sakura","Dancing Butterflies","Gone"],"picked":"Open The Fan","floor":22},{"not_picked":["Childlike+1","Remain Here","Dying Sakura","Infinite Sin"],"picked":"Fondling of Papilio","floor":23},{"not_picked":["Become Phantom","Open The Fan","Final of Final","Unborn Light"],"picked":"Redemption of Death+1","floor":27},{"not_picked":["Infinite Reviving","Gone+1","Sweet of Phantom","Steamed Phantom"],"picked":"Elegance+1","floor":29},{"not_picked":["Steamed Phantom","Phantom Village","Wandering Soul","Unreal"],"picked":"Elegance","floor":30},{"not_picked":["Dancing Butterflies","All Wander","Reverse The Screen","The Forgotten Winter+1"],"picked":"Serene Spring","floor":31},{"not_picked":["Revive The Butterflies","Mirror of Mind","Full Inky Sakura","Infinite Reviving"],"picked":"Scenery of Papilio","floor":33},{"not_picked":["All Wander+1","Redo","Fondling of Papilio+1","MostiFishMod:Impulse+1","Loop"],"picked":"Unborn Light+1","floor":35},{"not_picked":["FTL","Bloom","Trap Lamp+1","Doom and Gloom","Redemption of Death"],"picked":"Consume+1","floor":36},{"not_picked":["Gauzy Sakura+1","MostiFishMod:ReadyAimFire","Leap","Phantom Village+1","Ghostdom Sakura+1"],"picked":"Triple Snow+1","floor":37},{"not_picked":["conspire:Rain","Full Moon+1","Coolheaded","Glacier+1","REME_DataAnalysis"],"picked":"Open The Fan+1","floor":41}],"player_experience":142069,"relics_obtained":[{"floor":1.0,"key":"SynthV:TestCard"},{"floor":1.0,"key":"LetterFromLob"},{"floor":8.0,"key":"War Paint"},{"floor":11,"key":"Ancient Tea Set"},{"floor":13,"key":"infinitespire:Midas Blood"},{"floor":23,"key":"Iron Hammer"},{"floor":26,"key":"aspiration:FrozenJewel"},{"floor":43,"key":"Bird Faced Urn"}],"event_choices":[],"is_beta":false,"boss_relics":[{"not_picked":["aspiration:RitualDagger","Replay:Wanted Poster"],"picked":"ChewingGum"},{"not_picked":["hubris:ScarierMask","GuanYuAspect"],"picked":"aspiration:DefectSkillbook"}],"items_purged_floors":[],"is_endless":false,"potions_floor_spawned":[1,2,18,21,23,35,36],"killed_by":"Gensokyo:Marisa","ascension_level":0}}