{"host":"dcj2yvrgcvh5dl2s","time":1609585931,"event":{"mods":["BaseMod","Better Note","Block Reminder","Colored Powertips","DeckTracker","Minty Spire (QoL Compilation)","Quick Restart","Rare Cards Sparkle","Relic Stats","StSLib"],"gold_per_floor":[118,135,285,285,296,326,326,354,402,402,416,416,426,442,442,442,442],"floor_reached":16,"playtime":10069,"items_purged":[],"score":213,"play_id":"9d192b08-1f36-41c0-be79-d28c03abe69b","local_time":"20210102211211","is_ascension_mode":true,"campfire_choices":[{"floor":7,"key":"REST"},{"floor":10,"key":"REST"},{"floor":12,"key":"REST"},{"floor":15,"key":"REST"}],"circlet_count":0,"master_deck":["AscendersBane","Strike_R","Strike_R","Strike_R","Strike_R","Strike_R","Defend_R","Defend_R","Defend_R","Defend_R","Bash","Doubt","Offering","Whirlwind+1","Doubt","Shrug It Off","Feel No Pain","Heavy Blade","Body Slam","Uppercut"],"relics":["Burning Blood","Darkstone Periapt","PreservedInsect","Centennial Puzzle"],"acts_visited":["Exordium"],"potions_floor_usage":[8,8],"damage_taken":[{"damage":11,"enemies":"2 Louse","floor":1,"turns":2},{"damage":6,"enemies":"Cultist","floor":2,"turns":3},{"damage":6,"enemies":"Small Slimes","floor":5,"turns":1},{"damage":53,"enemies":"3 Sentries","floor":6,"turns":10},{"damage":35,"enemies":"Gremlin Nob","floor":8,"turns":4},{"damage":21,"enemies":"Red Slaver","floor":11,"turns":3},{"damage":6,"enemies":"Lots of Slimes","floor":13,"turns":1},{"damage":0,"enemies":"Exordium Wildlife","floor":14,"turns":2},{"damage":61,"enemies":"The Guardian","floor":16,"turns":10}],"seed_played":"7847469443644670513","potions_obtained":[{"floor":1,"key":"EssenceOfSteel"},{"floor":5,"key":"LiquidMemories"},{"floor":14,"key":"SteroidPotion"}],"is_trial":false,"path_per_floor":["M","M","?","?","M","E","R","E","T","R","M","R","M","M","R","B"],"character_chosen":"IRONCLAD","items_purchased":[],"campfire_rested":4,"item_purchase_floors":[],"current_hp_per_floor":[63,63,63,63,63,16,38,9,9,31,16,38,38,44,66,5,5],"gold":442,"neow_bonus":"THREE_RARE_CARDS","is_daily":false,"chose_seed":false,"campfire_upgraded":0,"win_rate":0.0,"timestamp":1609585931,"path_taken":["M","M","?","?","?","E","R","E","T","R","?","R","M","M","R","BOSS"],"items_purchased_type":[],"build_version":"2020-12-22","purchased_purges":0,"victory":false,"max_hp_per_floor":[75,75,75,75,75,75,75,75,75,75,75,75,75,75,75,75,75],"relic_stats":{"Darkstone Periapt":0,"Centennial Puzzle":[9],"counters":[9,36],"PreservedInsect":0,"obtain_stats":[{"Darkstone Periapt":6,"Centennial Puzzle":9,"PreservedInsect":8,"Burning Blood":0},{"Darkstone Periapt":4,"Centennial Puzzle":5,"PreservedInsect":5,"Burning Blood":0},{"Darkstone Periapt":16,"Centennial Puzzle":20,"PreservedInsect":20,"Burning Blood":0}],"Burning Blood":48},"card_choices":[{"not_picked":["Fiend Fire","Limit Break"],"picked":"Offering","floor":0},{"not_picked":["Havoc","Clash","Clothesline"],"picked":"SKIP","floor":1},{"not_picked":["Perfected Strike","Body Slam"],"picked":"Whirlwind","floor":2},{"not_picked":["Dual Wield","Reckless Charge"],"picked":"Shrug It Off","floor":5},{"not_picked":["Fire Breathing","Dropkick"],"picked":"Feel No Pain","floor":6},{"not_picked":["Armaments","Spot Weakness"],"picked":"Heavy Blade","floor":8},{"not_picked":["Barricade","True Grit"],"picked":"Body Slam","floor":11},{"not_picked":["Warcry","Bloodletting","Rupture"],"picked":"SKIP","floor":13},{"not_picked":["Twin Strike","Rampage"],"picked":"Uppercut","floor":14}],"player_experience":2145642,"relics_obtained":[{"floor":6,"key":"Darkstone Periapt"},{"floor":8,"key":"PreservedInsect"},{"floor":9,"key":"Centennial Puzzle"}],"event_choices":[{"damage_healed":0,"gold_gain":150,"player_choice":"AGREE","damage_taken":0,"max_hp_gain":0,"max_hp_loss":0,"event_name":"Liars Game","floor":3,"gold_loss":0,"cards_obtained":["Doubt"]},{"damage_healed":0,"gold_gain":0,"player_choice":"Upgraded","damage_taken":0,"max_hp_gain":0,"max_hp_loss":0,"event_name":"Upgrade Shrine","floor":4,"gold_loss":0,"cards_upgraded":["Whirlwind"]}],"is_beta":false,"boss_relics":[],"items_purged_floors":[],"is_endless":false,"potions_floor_spawned":[1,5,14],"killed_by":"The Guardian","ascension_level":18}}