{"host":"t4bl6qmmsws2mq4o","time":1609569914,"event":{"mods":["AchievementEnabler","BaseMod","Better Note","Downfall","GifTheSpireLib","Hermit","Melee Mod","Minty Spire (QoL Compilation)","Replay The Spire","StSLib","The Alterego","The Jungle","The Marked"],"gold_per_floor":[112,112,125,125,136,166,166,166,166,180,193,205,205,220,220,318,318,329,82,95,106,106,106,119,135,135,335,335,335,404,423,423,525,525,544,594,178,228,75,75,85,85,85,135,152,152,164,183,183,183],"floor_reached":51,"playtime":2169,"items_purged":["Guardian:Aged"],"score":528,"play_id":"f3ca44bb-86fa-4648-89a8-1cccff68fde6","local_time":"20210101224514","is_ascension_mode":false,"campfire_choices":[{"data":"Uppercut","floor":7,"key":"SMITH"},{"data":"ReplayTheSpireMod:Muscle Training","floor":13,"key":"SMITH"},{"data":"Perfected Strike","floor":15,"key":"SMITH"},{"data":"expansioncontent:DashGenerateEvil","floor":23,"key":"SMITH"},{"data":"Iron Wave","floor":29,"key":"SMITH"},{"floor":32,"key":"REST"},{"data":"expansioncontent:Corrupt","floor":40,"key":"SMITH"},{"data":"Iron Wave","floor":42,"key":"SMITH"},{"data":"Sadistic Nature","floor":46,"key":"SMITH"},{"floor":49,"key":"REST"}],"circlet_count":0,"master_deck":["Strike_R","Strike_R","Strike_R","Strike_R","Strike_R","Defend_R","Defend_R","Defend_R+1","Uppercut+1","ReplayTheSpireMod:Muscle Training+1","Iron Wave+1","Iron Wave+1","Iron Wave","Perfected Strike+1","Bludgeon","Life Link+1","expansioncontent:DashGenerateEvil+1","Cleave+1","expansioncontent:GuardianWhirl","Ghostly Armor+1","Flex+1","Feed","expansioncontent:Corrupt+1","Swift Strike","Sadistic Nature+1","meleeMod_WallJump+1"],"relics":["Burning Blood","Thread and Needle","Replay:Accelerometer","Replay:Fungal Core","ReplayTheSpireMod:CursedCoin","ReplayTheSpireMod:Spearhead","Ice Cream","SsserpentHead","Painkiller Herb","Letter Opener","ReplayTheSpireMod:ShopPack","PrismaticShard","Singing Bowl"],"acts_visited":["Exordium","TheCity","TheBeyond"],"potions_floor_usage":[6,16,20,24,30,33,35,50,50],"damage_taken":[{"damage":5,"enemies":"Small Slimes","floor":1,"turns":4},{"damage":6,"enemies":"Cultist","floor":3,"turns":4},{"damage":0,"enemies":"2 Louse","floor":5,"turns":2},{"damage":22,"enemies":"Lagavulin","floor":6,"turns":5},{"damage":1,"enemies":"Looter","floor":10,"turns":2},{"damage":1,"enemies":"Blue Slaver","floor":11,"turns":4},{"damage":0,"enemies":"Red Slaver","floor":12,"turns":3},{"damage":1,"enemies":"Exordium Wildlife","floor":14,"turns":5},{"damage":24,"enemies":"Hexaghost","floor":16,"turns":9},{"damage":2,"enemies":"Shell Parasite","floor":18,"turns":5},{"damage":1,"enemies":"2 Thieves","floor":20,"turns":4},{"damage":13,"enemies":"Centurion and Healer","floor":21,"turns":4},{"damage":4,"enemies":"Snake Plant","floor":24,"turns":4},{"damage":0,"enemies":"3 Cultists","floor":25,"turns":4},{"damage":27,"enemies":"Cultist and Chosen","floor":30,"turns":6},{"damage":2,"enemies":"Chosen and Byrds","floor":31,"turns":6},{"damage":63,"enemies":"Collector","floor":33,"turns":8},{"damage":18,"enemies":"3 Darklings","floor":35,"turns":7},{"damage":1,"enemies":"Orb Walker","floor":41,"turns":2},{"damage":20,"enemies":"4 Shapes","floor":45,"turns":3},{"damage":15,"enemies":"Writhing Mass","floor":47,"turns":6},{"damage":0,"enemies":"Sphere and 2 Shapes","floor":48,"turns":4},{"damage":124,"enemies":"Replay:Hell Engine","floor":50,"turns":14}],"seed_played":"8831919390976837822","potions_obtained":[{"floor":0,"key":"Adrenaline Potion"},{"floor":0,"key":"Languid Potion"},{"floor":0,"key":"FairyPotion"},{"floor":5,"key":"AttackPotion"},{"floor":6,"key":"Weak Potion"},{"floor":18,"key":"SkillPotion"},{"floor":24,"key":"PowerPotion"},{"floor":33,"key":"Adrenaline Potion"},{"floor":45,"key":"Block Potion"}],"is_trial":false,"path_per_floor":["M","?","M","?","M","E","R","?","T","M","M","M","R","M","R","B",null,"M","$","M","M","?","R","M","M","T","?","?","R","M","M","R","B",null,"?","?","T","?","T","T","?","T","T","?","?","T","?","?","T","B",null],"character_chosen":"IRONCLAD","items_purchased":["ReplayTheSpireMod:CursedCoin","expansioncontent:DashGenerateEvil","ReplayTheSpireMod:Spearhead","Letter Opener","ReplayTheSpireMod:ShopPack","Adrenaline Potion","PrismaticShard"],"campfire_rested":2,"item_purchase_floors":[19,19,19,37,37,37,39],"current_hp_per_floor":[80,80,80,80,80,64,64,64,64,69,74,80,80,80,80,62,80,80,80,80,73,55,55,57,63,63,63,63,63,42,46,70,13,80,68,68,68,68,68,68,73,73,73,75,66,66,59,67,91,13],"gold":183,"neow_bonus":"THREE_SMALL_POTIONS","is_daily":false,"chose_seed":false,"campfire_upgraded":8,"win_rate":0.0,"timestamp":1609569914,"path_taken":["M","?","?","?","?","E","R","?","T","M","M","M","R","M","R","BOSS","M","$","M","M","?","R","?","M","T","?","?","R","?","M","R","BOSS","?","?","T","?","T","T","?","T","T","?","?","T","?","?","T","BOSS"],"items_purchased_type":["Relic","Card","Relic","Relic","Relic","Potion","Relic"],"build_version":"2020-12-22","purchased_purges":1,"victory":true,"max_hp_per_floor":[80,80,80,80,80,80,80,80,80,80,80,80,80,80,80,80,80,80,80,80,80,80,80,80,80,80,80,80,80,80,80,80,80,80,80,80,80,80,80,80,80,80,80,82,87,87,89,91,91,91],"card_choices":[{"not_picked":["Body Slam","Warcry"],"picked":"Uppercut","floor":1},{"not_picked":["Iron Wave","Thunderclap"],"picked":"ReplayTheSpireMod:Muscle Training","floor":3},{"not_picked":["True Grit","ReplayTheSpireMod:Strike From Hell"],"picked":"Iron Wave","floor":5},{"not_picked":["Wild Strike","Warcry"],"picked":"Iron Wave","floor":6},{"not_picked":["Dual Wield","Warcry"],"picked":"Iron Wave","floor":10},{"not_picked":["Warcry","Fiend Fire"],"picked":"Perfected Strike","floor":11},{"not_picked":["Clothesline","Body Slam","ReplayTheSpireMod:Strike From Hell"],"picked":"SKIP","floor":12},{"not_picked":["Clothesline","Havoc","Armaments"],"picked":"SKIP","floor":14},{"not_picked":["Fiend Fire","Berserk"],"picked":"Bludgeon","floor":16},{"not_picked":["Metallicize","Perfected Strike"],"picked":"Life Link+1","floor":18},{"not_picked":["Thunderclap","Pommel Strike"],"picked":"Cleave+1","floor":20},{"not_picked":["Anger","Heavy Blade","Sword Boomerang+1"],"picked":"SKIP","floor":21},{"not_picked":["Anger+1","Armaments"],"picked":"Ghostly Armor+1","floor":24},{"not_picked":["Brutality","Perfected Strike","Headbutt"],"picked":"SKIP","floor":25},{"not_picked":["Blood for Blood+1","Perfected Strike"],"picked":"Flex+1","floor":30},{"not_picked":["Flex+1","Body Slam","Power Through+1"],"picked":"SKIP","floor":31},{"not_picked":["Replay:Many Hands","Exhume"],"picked":"Feed","floor":33},{"not_picked":["Twin Strike","True Grit+1","Life Link"],"picked":"SKIP","floor":35},{"not_picked":["Violence","Chrysalis"],"picked":"expansioncontent:Corrupt","floor":37},{"not_picked":["Dark Shackles","ReplayTheSpireMod:Uncanny Aura"],"picked":"Swift Strike","floor":37},{"not_picked":["Replay:Sssssssssshield","Deep Breath"],"picked":"Sadistic Nature","floor":37},{"not_picked":["Prostrate","Blur+1"],"picked":"meleeMod_WallJump+1","floor":41},{"not_picked":["Replay:Sssssssssshield","Madness","Dark Shackles"],"picked":"Singing Bowl","floor":44},{"not_picked":["alterego_mod:RidiculouslyBig","Cold Snap+1","Reinforced Body+1"],"picked":"Singing Bowl","floor":45},{"not_picked":["hexamod:Firestarter","theMarked:WastefulDefense","Collect+1"],"picked":"Singing Bowl","floor":47},{"not_picked":["hermit:HoleUp+1","alterego_mod:BeGentle","Dagger Throw"],"picked":"Singing Bowl","floor":48}],"player_experience":452638,"relics_obtained":[{"floor":6,"key":"Thread and Needle"},{"floor":9,"key":"Replay:Accelerometer"},{"floor":26,"key":"Ice Cream"},{"floor":43,"key":"Singing Bowl"}],"event_choices":[{"cards_removed":["Bash"],"damage_healed":0,"gold_gain":0,"player_choice":"Purged","damage_taken":0,"max_hp_gain":0,"max_hp_loss":0,"event_name":"Purifier","floor":2,"gold_loss":0},{"damage_healed":0,"gold_gain":0,"player_choice":"0 cards matched","damage_taken":0,"max_hp_gain":0,"max_hp_loss":0,"event_name":"Match and Keep!","floor":4,"gold_loss":0,"cards_obtained":[]},{"damage_healed":0,"gold_gain":0,"player_choice":"POTION CARD ","damage_taken":18,"max_hp_gain":0,"max_hp_loss":0,"event_name":"Knowing Skull","floor":22,"potions_obtained":["Weak Potion"],"gold_loss":0,"cards_obtained":["expansioncontent:GuardianWhirl"]},{"damage_healed":0,"gold_gain":250,"player_choice":"Bet on Owner","damage_taken":0,"max_hp_gain":0,"max_hp_loss":0,"event_name":"The Joust","floor":27,"gold_loss":50},{"damage_healed":0,"gold_gain":0,"player_choice":"Trade","damage_taken":0,"relics_obtained":["SsserpentHead"],"max_hp_gain":0,"max_hp_loss":0,"event_name":"FaceTrader","floor":28,"gold_loss":0},{"cards_removed":["Defend_R"],"damage_healed":0,"gold_gain":0,"player_choice":"Removed Skill","damage_taken":0,"max_hp_gain":0,"max_hp_loss":0,"event_name":"Falling","floor":36,"gold_loss":0},{"damage_healed":0,"gold_gain":0,"player_choice":"Ignored","damage_taken":0,"max_hp_gain":0,"max_hp_loss":0,"event_name":"Tomb of Lord Red Mask","floor":38,"gold_loss":0},{"damage_healed":0,"gold_gain":0,"player_choice":"Memory 1","damage_taken":0,"max_hp_gain":0,"max_hp_loss":0,"event_name":"SensoryStone","floor":44,"gold_loss":0}],"is_beta":false,"boss_relics":[{"not_picked":["Ring of Chaos","Electric Blood"],"picked":"Replay:Fungal Core"},{"not_picked":["Ooze Armor","Replay:Bronze Core"],"picked":"Painkiller Herb"}],"items_purged_floors":[19],"is_endless":false,"potions_floor_spawned":[3,5,6,11,18,24,25,33,45,47],"ascension_level":0}}