{"host":"2gugywxuw0nvjb3h","time":1609569046,"event":{"mods":["AchievementEnabler","BaseMod","Better Altar","Better Match","Better Note","Better Sensory Stone","Better Skull","Better Third Choice","BetterRewards","Colored Map","Colored Powertips","Curses Come First","Evolution","Filter the Spire","GifTheSpireLib","Hermit","Key Reminder","Marisa????????","Minty Spire (QoL Compilation)","Rare Cards Sparkle","Relic Sorter","Replay The Spire","Spicy Shops","StSLib","The Servant 0.9.4"],"gold_per_floor":[114,132,4,25,37,70,70,70,93,123,134,134,154,167,167,271,271,290,280,54,74,84,118,118,118,118,128,160,160,180,180,180,281,281,291,338,0,54,73,73,99,99,99,99,99,132,132,146,171,171,171,171],"floor_reached":53,"playtime":6841,"items_purged":[],"score":1120,"play_id":"f27e92da-0b57-45ec-8f97-15c23cc26aad","local_time":"20210101233046","is_ascension_mode":false,"campfire_choices":[{"floor":7,"key":"REST"},{"data":"Infinite Blades","floor":15,"key":"SMITH"},{"floor":24,"key":"REST"},{"data":"Accuracy","floor":29,"key":"SMITH"},{"floor":32,"key":"DIG"},{"data":"Noxious Fumes","floor":40,"key":"SMITH"},{"floor":42,"key":"REST"},{"data":"Catalyst","floor":51,"key":"SMITH"}],"circlet_count":0,"master_deck":["Bane","Bane+1","Bane","Bane","Bane","Backflip","Defend_G","Defend_G","Defend_G","Defend_G","Survivor","Neutralize","Heel Hook","Deflect","Deflect","Infinite Blades+1","Cloak And Dagger","Hidden Blade","Sucker Punch","Accuracy+1","Noxious Fumes+1","Escape Plan","Endless Agony","Backflip","Underhanded Strike","Sucker Punch","Hidden Blade","Blade Dance","Blade Dance","Finisher","Cloak And Dagger","Doppelganger","Prepared+1","Catalyst+1","Outmaneuver","Backflip","All Out Attack","Blade Dance+1","ReplayTheSpireMod:Exploit Weakness+1","Infinite Blades+1","Masterful Stab","Backflip","Dodge and Roll","Crippling Poison+1","Noxious Fumes+1","Deflect+1","Grand Finale","Fluid Movement+1","Flying Knee+1","Cloak And Dagger+1","Infinite Blades+1","Concentrate","Slice+1","Slice","Toxin Wave","Crippling Poison","Replay:Hysterical Blindness","Dagger Spray+1","Calculated Gamble+1","Crippling Poison+1"],"relics":["Ring of the Serpent","EVO:Axolotl","Replay:Wax Seal","BargainBundle","Ice Cream","Prayer Wheel","Divine Protection","Bag of Preparation","Oddly Smooth Stone","ReplayFunnel","Sozu","Juzu Bracelet","Lantern","Mummified Hand","Dream Catcher","Replay:Ringing Soul","Potion Belt","WingedGreaves","Red Mask","CatCart","HornCleat","Question Card","Paper Crane","ReplayTheSpireMod:Ring of Exchange","Ring of Hypnosis","Pear"],"acts_visited":["Exordium","TheCity","TheBeyond"],"potions_floor_usage":[6,6,6],"damage_taken":[{"damage":0,"enemies":"Jaw Worm","floor":1,"turns":5},{"damage":0,"enemies":"Small Slimes","floor":2,"turns":3},{"damage":0,"enemies":"2 Louse","floor":5,"turns":2},{"damage":0,"enemies":"Lagavulin","floor":6,"turns":4},{"damage":8,"enemies":"Gremlin Nob","floor":10,"turns":4},{"damage":0,"enemies":"Large Slime","floor":11,"turns":3},{"damage":0,"enemies":"Lots of Slimes","floor":13,"turns":3},{"damage":0,"enemies":"2 Fungi Beasts","floor":14,"turns":2},{"damage":0,"enemies":"Fading Forest","floor":16,"turns":11},{"damage":0,"enemies":"Spheric Guardian","floor":18,"turns":3},{"damage":1,"enemies":"2 Thieves","floor":19,"turns":4},{"damage":2,"enemies":"Centurion and Healer","floor":21,"turns":6},{"damage":9,"enemies":"Shelled Parasite and Fungi","floor":22,"turns":3},{"damage":7,"enemies":"Book of Stabbing","floor":23,"turns":5},{"damage":3,"enemies":"Snake Plant","floor":27,"turns":3},{"damage":0,"enemies":"Replay:Snechameleon","floor":28,"turns":3},{"damage":0,"enemies":"Cultist and Chosen","floor":30,"turns":3},{"damage":1,"enemies":"Champ","floor":33,"turns":7},{"damage":0,"enemies":"3 Darklings","floor":35,"turns":4},{"damage":6,"enemies":"2 Orb Walkers","floor":36,"turns":5},{"damage":6,"enemies":"Orin","floor":38,"turns":10},{"damage":0,"enemies":"3 Shapes","floor":39,"turns":5},{"damage":13,"enemies":"Nemesis","floor":41,"turns":7},{"damage":4,"enemies":"Reptomancer","floor":46,"turns":6},{"damage":0,"enemies":"Sphere and 2 Shapes","floor":48,"turns":6},{"damage":0,"enemies":"Giant Head","floor":49,"turns":6},{"damage":0,"enemies":"Donu and Deca","floor":52,"turns":8}],"seed_played":"4274379570774251769","potions_obtained":[{"floor":1,"key":"Cursed Concoction"},{"floor":4,"key":"Adrenaline Potion"},{"floor":4,"key":"AttackPotion"},{"floor":10,"key":"GamblersBrew"}],"is_trial":false,"path_per_floor":["M","M","$","?","M","E","R","?","T","E","M","?","M","M","R","B",null,"M","M","$","M","M","E","R","?","T","M","E","R","M","T","R_BF","B",null,"M","?","?","?","M","R","E","R","PTL","PTL","T","E","?","M","E","?","R_BF","B",null],"character_chosen":"THE_SILENT","items_purchased":["Replay:Wax Seal","BargainBundle","Ice Cream","Heel Hook","Deflect","Infinite Blades","Divine Protection","Juzu Bracelet","All Out Attack"],"campfire_rested":3,"item_purchase_floors":[0,0,0,0,0,0,3,20,20],"current_hp_per_floor":[70,70,70,42,42,42,63,63,63,55,55,55,55,55,55,55,70,70,69,69,67,58,51,70,70,70,67,67,67,67,67,67,69,73,76,73,73,70,73,73,63,91,91,91,91,90,93,96,109,107,107,107],"gold":171,"neow_bonus":"","is_daily":false,"chose_seed":false,"campfire_upgraded":4,"win_rate":0.0,"timestamp":1609569046,"path_taken":["M","M","$","?","M","E","R","?","T","E","M","?","M","M","R","BOSS","M","M","$","M","M","E","R","?","T","M","E","R","M","?","R_BF","BOSS","M","?","?","?","M","R","E","R","PTL","PTL","T","E","?","M","E","?","R_BF","BOSS"],"items_purchased_type":["Relic","Relic","Relic","Card","Card","Card","Relic","Relic","Card"],"build_version":"2020-12-22","purchased_purges":0,"victory":true,"max_hp_per_floor":[70,70,70,70,70,70,70,70,70,70,70,70,70,70,70,70,70,70,70,70,70,70,70,70,70,70,70,70,70,70,70,70,73,73,76,79,79,82,85,85,88,91,91,91,91,94,97,100,113,107,107,107],"card_choices":[{"not_picked":["Reflex","Riddle With Holes"],"picked":"Eviscerate","floor":1},{"not_picked":["Escape Plan","Underhanded Strike"],"picked":"Cloak And Dagger","floor":1},{"not_picked":["Quick Slash","Dodge and Roll"],"picked":"Hidden Blade","floor":2},{"not_picked":["Deflect","Backflip"],"picked":"Sucker Punch","floor":2},{"not_picked":["Bane","Wraith Form v2"],"picked":"Accuracy","floor":4},{"not_picked":["Poisoned Stab","Flying Knee"],"picked":"Noxious Fumes","floor":5},{"not_picked":["Deadly Poison","Dash"],"picked":"Escape Plan","floor":5},{"not_picked":["ReplayTheSpireMod:Exploit Weakness","Finisher"],"picked":"Endless Agony","floor":6},{"not_picked":["Heel Hook","Noxious Fumes"],"picked":"Backflip","floor":10},{"not_picked":["Dagger Throw","Sneak Up"],"picked":"Underhanded Strike","floor":11},{"not_picked":["Predator","Cloak And Dagger"],"picked":"Sucker Punch","floor":11},{"not_picked":["Noxious Fumes","ReplayTheSpireMod:Scrap Shanks"],"picked":"Blade Dance","floor":13},{"not_picked":["ReplayTheSpireMod:Exploit Weakness","Wraith Form v2"],"picked":"Blade Dance","floor":13},{"not_picked":["Flying Knee","Deflect"],"picked":"Finisher","floor":14},{"not_picked":["Sucker Punch","PiercingWail"],"picked":"Cloak And Dagger","floor":14},{"not_picked":["Unload","Atom Bomb"],"picked":"Doppelganger","floor":16},{"not_picked":["ReplayTheSpireMod:Scrap Shanks+1","Cloak And Dagger"],"picked":"Prepared+1","floor":18},{"not_picked":["Poisoned Stab","Bane"],"picked":"Catalyst","floor":18},{"not_picked":["ReplayTheSpireMod:From All Sides","Deadly Poison"],"picked":"Outmaneuver","floor":19},{"not_picked":["Acrobatics","Eviscerate+1"],"picked":"Backflip","floor":19},{"not_picked":["Expertise+1","Poisoned Stab+1"],"picked":"Blade Dance+1","floor":21},{"not_picked":["Flying Knee","Sucker Punch"],"picked":"ReplayTheSpireMod:Exploit Weakness+1","floor":21},{"not_picked":["PiercingWail","Underhanded Strike"],"picked":"Infinite Blades+1","floor":22},{"not_picked":["PiercingWail","Endless Agony"],"picked":"ReplayTheSpireMod:Exploit Weakness+1","floor":22},{"not_picked":["Tactician","Prepared"],"picked":"Masterful Stab","floor":23},{"not_picked":["Tactician","Hidden Blade+1"],"picked":"Backflip","floor":27},{"not_picked":["Cloak And Dagger","Doppelganger"],"picked":"Dodge and Roll","floor":27},{"not_picked":["Flying Knee","Riddle With Holes"],"picked":"Crippling Poison+1","floor":28},{"not_picked":["Deadly Poison+1","Slice"],"picked":"Noxious Fumes+1","floor":30},{"not_picked":["Dash","Replay:Poison Smokescreen"],"picked":"Deflect+1","floor":30},{"not_picked":["ReplayTheSpireMod:From All Sides","Wraith Form v2"],"picked":"Grand Finale","floor":33},{"not_picked":["Sucker Punch+1","Backflip+1"],"picked":"Fluid Movement+1","floor":35},{"not_picked":["Backflip+1","Well Laid Plans+1"],"picked":"Flying Knee+1","floor":35},{"not_picked":["Quick Slash+1","Catalyst"],"picked":"Cloak And Dagger+1","floor":36},{"not_picked":["Deflect","Venomology"],"picked":"Infinite Blades+1","floor":38},{"not_picked":["Deadly Poison+1","Deflect+1"],"picked":"Concentrate","floor":39},{"not_picked":["Flechettes","Bane"],"picked":"Slice+1","floor":39},{"not_picked":["Underhanded Strike","Predator"],"picked":"Slice","floor":41},{"not_picked":["Cloak And Dagger","Grand Finale"],"picked":"Toxin Wave","floor":42},{"not_picked":["Underhanded Strike","Bane","PiercingWail"],"picked":"Crippling Poison","floor":46},{"not_picked":["Flying Knee","Sucker Punch+1","Bane"],"picked":"Dagger Spray+1","floor":48},{"not_picked":["Hidden Blade+1","ReplayTheSpireMod:Exploit Weakness","Dash"],"picked":"Calculated Gamble+1","floor":48},{"not_picked":["Cloak And Dagger","Skewer+1","Dodge and Roll+1"],"picked":"Crippling Poison+1","floor":49}],"player_experience":176873,"relics_obtained":[{"floor":6,"key":"Bag of Preparation"},{"floor":9,"key":"Oddly Smooth Stone"},{"floor":10,"key":"ReplayFunnel"},{"floor":23,"key":"Lantern"},{"floor":26,"key":"Mummified Hand"},{"floor":28,"key":"Dream Catcher"},{"floor":31,"key":"Replay:Ringing Soul"},{"floor":32,"key":"Potion Belt"},{"floor":36,"key":"WingedGreaves"},{"floor":38,"key":"CatCart"},{"floor":41,"key":"HornCleat"},{"floor":45,"key":"Question Card"},{"floor":46,"key":"Paper Crane"},{"floor":47,"key":"ReplayTheSpireMod:Ring of Exchange"},{"floor":47,"key":"Ring of Hypnosis"},{"floor":49,"key":"Pear"}],"event_choices":[{"damage_healed":0,"gold_gain":0,"cards_transformed":["Eviscerate"],"player_choice":"Transformed","damage_taken":0,"max_hp_gain":0,"max_hp_loss":0,"event_name":"Transmorgrifier","floor":12,"gold_loss":0,"cards_obtained":["Hidden Blade"]},{"cards_removed":["ReplayTheSpireMod:Exploit Weakness"],"damage_healed":0,"gold_gain":0,"player_choice":"Purged","damage_taken":0,"max_hp_gain":0,"max_hp_loss":0,"event_name":"Purifier","floor":25,"gold_loss":0},{"damage_healed":0,"gold_gain":0,"player_choice":"Fight","damage_taken":0,"max_hp_gain":0,"max_hp_loss":0,"event_name":"Mysterious Sphere","floor":36,"gold_loss":0},{"damage_healed":0,"gold_gain":0,"player_choice":"Paid","damage_taken":0,"relics_obtained":["Red Mask"],"max_hp_gain":0,"max_hp_loss":0,"event_name":"Tomb of Lord Red Mask","floor":37,"gold_loss":338},{"damage_healed":0,"gold_gain":0,"player_choice":"Fight","damage_taken":0,"max_hp_gain":0,"max_hp_loss":0,"event_name":"OrinTheCat","floor":38,"gold_loss":0},{"damage_healed":0,"gold_gain":0,"player_choice":"Max HP","damage_taken":0,"max_hp_gain":0,"max_hp_loss":6,"event_name":"Winding Halls","floor":50,"gold_loss":0}],"is_beta":false,"boss_relics":[{"not_picked":["ChewingGum","SacredBark"],"picked":"Sozu"},{"not_picked":["Tiny House","Ring of Chaos"],"picked":"Ring of the Serpent"}],"items_purged_floors":[],"is_endless":false,"potions_floor_spawned":[1,10,21,22,28,30,35,36,48],"ascension_level":0}}