{"host":"n0skvses7dy0wkua","time":1609563942,"event":{"mods":["ATMod(阿瑾Mod)","Act Like it!","BaseMod","Better Vampires","Custom Start","Minty Spire (QoL Compilation)","MostiFishMod","Quick Restart","Replay The Spire","SacredBarkPlus","Shop Mod","Spicy Shops","StSLib","UnlockEverythingMod","Waifu the Spire","【功能Mod】Neow奖励","没有小屋子和绿帽子啦"],"gold_per_floor":[119,119,136,156,168,168,168,168,244,244,258,268,268,20,20,98,98,108,108,108],"floor_reached":19,"playtime":567,"items_purged":["Strike_G"],"score":318,"play_id":"014ce2de-df24-4973-8d12-b44e4147b9b1","local_time":"20210102130542","is_ascension_mode":true,"campfire_choices":[{"data":"Blade Dance","floor":6,"key":"SMITH"},{"data":"Acrobatics","floor":8,"key":"SMITH"},{"data":"Terror","floor":13,"key":"SMITH"},{"data":"Masterful Stab+1","floor":15,"key":"PURGE"}],"circlet_count":0,"master_deck":["AscendersBane","Strike_G","Strike_G","Strike_G+1","Defend_G+1","Defend_G","Defend_G+1","Defend_G","Survivor+1","Neutralize+1","AT_FamilyPortrait+1","Acrobatics+1","Backflip","Blade Dance+1","Corpse Explosion+1","Footwork+1","Terror+1","Bullet Time"],"relics":["DaveBox","AT_ATBox","DSteel32","Transparent","SynthV:TestCard","AT_ArchangelStaff","NightmareShop"],"acts_visited":["Exordium","TheCity"],"potions_floor_usage":[16],"damage_taken":[{"damage":12.0,"enemies":"Jaw Worm","floor":1.0,"turns":2.0},{"damage":12.0,"enemies":"2 Louse","floor":3.0,"turns":2.0},{"damage":12.0,"enemies":"Cultist","floor":4.0,"turns":2.0},{"damage":18,"enemies":"Large Slime","floor":5,"turns":3},{"damage":6,"enemies":"Gremlin Gang","floor":11,"turns":1},{"damage":20,"enemies":"Looter","floor":12,"turns":2},{"damage":60,"enemies":"Slime Boss","floor":16,"turns":6},{"damage":12,"enemies":"Shell Parasite","floor":18,"turns":2},{"damage":144,"enemies":"Chosen","floor":19,"turns":2}],"seed_played":"1779634971660025095","potions_obtained":[{"floor":1.0,"key":"Energy Potion"},{"floor":5,"key":"Fire Potion"}],"is_trial":false,"path_per_floor":["M","?","M","M","M","R","?","R","T","?","M","M","R","$","R","B",null,"M","M"],"character_chosen":"THE_SILENT","items_purchased":["AT_ArchangelStaff"],"campfire_rested":0,"item_purchase_floors":[14],"current_hp_per_floor":[66,66,66,66,66,66,66,66,66,66,66,66,66,66,66,53,63,66,0,0],"gold":108,"neow_bonus":"BOSS_RELIC","is_daily":false,"chose_seed":false,"campfire_upgraded":3,"win_rate":0.0,"timestamp":1609563942,"path_taken":["M","?","M","M","M","R","?","R","T","?","M","?","R","$","R","BOSS","M","M"],"items_purchased_type":["Relic"],"build_version":"2020-12-22","purchased_purges":1,"victory":false,"max_hp_per_floor":[66,66,66,66,66,66,66,66,66,66,66,66,66,66,66,66,66,66,66,66],"card_choices":[{"not_picked":["Eviscerate","AT_WindFlip"],"picked":"Acrobatics","floor":1.0},{"not_picked":["Sucker Punch","Heel Hook","Cloak And Dagger","Dagger Spray"],"picked":"Backflip","floor":3.0},{"not_picked":["Slice","Terror","Underhanded Strike","PiercingWail"],"picked":"Blade Dance","floor":4},{"not_picked":["Endless Agony","Dagger Spray","Sneak Up","Poisoned Stab"],"picked":"Corpse Explosion","floor":5},{"not_picked":["AT_KneejerkReflex","AT_WindRun","Flechettes","Prepared"],"picked":"Footwork","floor":11},{"not_picked":["Eviscerate","Dagger Throw","ReplayTheSpireMod:Speed Training","Footwork"],"picked":"Terror","floor":12},{"not_picked":["ReplayTheSpireMod:From All Sides","Wraith Form v2","Glass Knife","Corpse Explosion"],"picked":"Bullet Time","floor":16},{"not_picked":["Deflect","Dodge and Roll","Outmaneuver+1","Dagger Spray","MostiFishMod:InvigoratingSolution"],"picked":"SKIP","floor":18}],"player_experience":386085,"relics_obtained":[{"floor":1.0,"key":"SynthV:TestCard"}],"event_choices":[{"damage_healed":0.0,"max_hp_gain":0.0,"max_hp_loss":0.0,"gold_gain":0.0,"cards_transformed":["Strike_G"],"event_name":"Living Wall","player_choice":"Change","floor":2.0,"gold_loss":0.0,"damage_taken":0.0,"cards_obtained":["Masterful Stab"]},{"damage_healed":0,"gold_gain":0,"player_choice":"0 cards matched","damage_taken":0,"max_hp_gain":0,"max_hp_loss":0,"event_name":"Match and Keep!","floor":10,"gold_loss":0,"cards_obtained":[]}],"is_beta":false,"boss_relics":[{"not_picked":["FixedStarFall","OneHitWonderSystem"],"picked":"NightmareShop"}],"items_purged_floors":[14],"is_endless":false,"potions_floor_spawned":[1,5,11,12],"killed_by":"Chosen","ascension_level":20}}