{"host":"oigynbtg272c19pw","time":1609583939,"event":{"mods":["BaseMod","Colored Map","Minty Spire (QoL Compilation)","Relic Stats","StSLib"],"gold_per_floor":[113,113,12,12,28,63,63,98,110,141,153,179,191,221,233,319,331,355,378,315,342,354,366,406,437,520,532,575,603,615,637,649,736,748,770,274,288,306,324,324,324],"floor_reached":40,"playtime":2904,"items_purged":["Strike_G","Strike_G"],"score":955,"play_id":"046cde52-80ae-48dd-9c54-55b3b690f04e","local_time":"20210102113859","is_ascension_mode":true,"campfire_choices":[{"data":"Footwork","floor":7.0,"key":"SMITH"},{"data":"Well Laid Plans","floor":11.0,"key":"SMITH"},{"data":"Footwork","floor":15.0,"key":"SMITH"},{"data":"Corpse Explosion","floor":23.0,"key":"SMITH"},{"floor":27.0,"key":"REST"},{"data":"Accuracy","floor":30.0,"key":"SMITH"},{"floor":32.0,"key":"REST"}],"circlet_count":0,"master_deck":["AscendersBane","Strike_G","Strike_G","Defend_G","Defend_G","Defend_G","Defend_G","Defend_G","Survivor","Neutralize","Footwork+1","Blade Dance","Blade Dance","PiercingWail","Well Laid Plans+1","Dagger Spray","Footwork+1","Corpse Explosion+1","Blade Dance","Doppelganger","Blade Dance","Blade Dance+1","Dodge and Roll","Accuracy+1","Blur","After Image","Backflip+1","Accuracy","Sucker Punch","PanicButton","PiercingWail"],"relics":["Ring of the Snake","NeowsBlessing","Paper Crane","Mummified Hand","MawBank","Centennial Puzzle","Calling Bell","Strawberry","Kunai","Du-Vu Doll","Enchiridion","Bottled Tornado","Bag of Preparation","Runic Pyramid","Art of War"],"acts_visited":["Exordium","TheCity","TheBeyond"],"potions_floor_usage":[40,40],"damage_taken":[{"damage":0.0,"enemies":"Cultist","floor":1.0,"turns":1.0},{"damage":0.0,"enemies":"Jaw Worm","floor":5.0,"turns":1.0},{"damage":0.0,"enemies":"3 Sentries","floor":6.0,"turns":2.0},{"damage":25.0,"enemies":"Gremlin Nob","floor":8.0,"turns":5.0},{"damage":1.0,"enemies":"Small Slimes","floor":10.0,"turns":3.0},{"damage":6.0,"enemies":"3 Louse","floor":12.0,"turns":5.0},{"damage":2.0,"enemies":"Blue Slaver","floor":14.0,"turns":4.0},{"damage":13.0,"enemies":"The Guardian","floor":16.0,"turns":21.0},{"damage":9.0,"enemies":"Shell Parasite","floor":18.0,"turns":8.0},{"damage":0.0,"enemies":"3 Byrds","floor":19.0,"turns":5.0},{"damage":3.0,"enemies":"Snake Plant","floor":21.0,"turns":7.0},{"damage":23.0,"enemies":"Book of Stabbing","floor":24.0,"turns":6.0},{"damage":8.0,"enemies":"Chosen and Byrds","floor":25.0,"turns":7.0},{"damage":7.0,"enemies":"Slavers","floor":28.0,"turns":4.0},{"damage":0.0,"enemies":"3 Cultists","floor":29.0,"turns":3.0},{"damage":0.0,"enemies":"Snake Plant","floor":31.0,"turns":6.0},{"damage":20.0,"enemies":"Collector","floor":33.0,"turns":7.0},{"damage":0.0,"enemies":"Orb Walker","floor":35.0,"turns":3.0},{"damage":2.0,"enemies":"3 Darklings","floor":37.0,"turns":3.0},{"damage":24,"enemies":"Writhing Mass","floor":38,"turns":8},{"damage":28,"enemies":"4 Shapes","floor":39,"turns":4},{"damage":48,"enemies":"Giant Head","floor":40,"turns":7}],"seed_played":"4351058051733183087","potions_obtained":[{"floor":1.0,"key":"Explosive Potion"},{"floor":6.0,"key":"GhostInAJar"},{"floor":10.0,"key":"GamblersBrew"},{"floor":14.0,"key":"Block Potion"},{"floor":18.0,"key":"DistilledChaos"},{"floor":21.0,"key":"PowerPotion"},{"floor":24.0,"key":"EntropicBrew"},{"floor":29.0,"key":"EntropicBrew"},{"floor":38,"key":"Block Potion"},{"floor":39,"key":"Energy Potion"}],"is_trial":false,"path_per_floor":["M","T","$","?","M","E","R","E","T","M","R","M","$","M","R","B",null,"M","M","?","M","?","R","E","M","T","R","E","M","R","M","R","B",null,"M","$","M","M","M","E"],"character_chosen":"THE_SILENT","items_purchased":["Blade Dance","Accuracy","Art of War","Sucker Punch","PanicButton"],"campfire_rested":2,"item_purchase_floors":[3,36,36,36,36],"current_hp_per_floor":[59,59,59,64,64,64,64,39,39,38,38,32,32,30,30,17,65,56,56,56,53,32,32,9,1,1,24,17,17,17,17,40,20,64,64,64,62,38,10,0,0],"gold":324,"neow_bonus":"THREE_ENEMY_KILL","is_daily":false,"chose_seed":false,"campfire_upgraded":5,"win_rate":0.0,"timestamp":1609583939,"path_taken":["M","?","?","?","M","E","R","E","T","M","R","M","$","M","R","BOSS","M","M","?","M","?","R","E","M","T","R","E","M","R","M","R","BOSS","M","$","M","M","M","E"],"items_purchased_type":["Card","Card","Relic","Card","Card"],"build_version":"2020-12-13","purchased_purges":2,"victory":false,"max_hp_per_floor":[66,66,66,71,71,71,71,71,71,71,71,71,71,71,71,71,78,78,78,78,78,78,78,78,78,78,78,78,78,78,78,78,78,78,78,78,78,78,78,78,78],"relic_stats":{"Centennial Puzzle":[39],"counters":[22,120],"Mummified Hand":[75],"Bag of Preparation":[16],"Art of War":[3],"Kunai":[77],"MawBank":336,"obtain_stats":[{"NeowsBlessing":0,"Enchiridion":22,"Bag of Preparation":28,"Paper Crane":2,"Bottled Tornado":24,"MawBank":8,"Calling Bell":17,"Du-Vu Doll":17,"Centennial Puzzle":9,"Mummified Hand":6,"Strawberry":17,"Art of War":36,"Kunai":17,"Ring of the Snake":0,"Runic Pyramid":34},{"NeowsBlessing":0,"Enchiridion":11,"Bag of Preparation":14,"Paper Crane":1,"Bottled Tornado":12,"MawBank":4,"Calling Bell":8,"Du-Vu Doll":8,"Centennial Puzzle":4,"Mummified Hand":3,"Strawberry":8,"Art of War":18,"Kunai":8,"Ring of the Snake":0,"Runic Pyramid":17},{"NeowsBlessing":0,"Enchiridion":62,"Bag of Preparation":79,"Paper Crane":1,"Bottled Tornado":68,"MawBank":9,"Calling Bell":42,"Du-Vu Doll":42,"Centennial Puzzle":9,"Mummified Hand":4,"Strawberry":42,"Art of War":98,"Kunai":42,"Ring of the Snake":0,"Runic Pyramid":95}],"Ring of the Snake":[44]},"card_choices":[{"not_picked":["Blade Dance","Acrobatics"],"picked":"Footwork","floor":1.0},{"not_picked":["Skewer","Prepared"],"picked":"Blade Dance","floor":5.0},{"not_picked":["Riddle With Holes","Skewer"],"picked":"PiercingWail","floor":6.0},{"not_picked":["Heel Hook","Doppelganger"],"picked":"Well Laid Plans","floor":8.0},{"not_picked":["Outmaneuver","Deflect","Flying Knee"],"picked":"SKIP","floor":10.0},{"not_picked":["Bane","Backflip"],"picked":"Dagger Spray","floor":12.0},{"not_picked":["Flying Knee","Underhanded Strike"],"picked":"Footwork","floor":14.0},{"not_picked":["After Image","Storm of Steel"],"picked":"Corpse Explosion","floor":16.0},{"not_picked":["Bane","Outmaneuver+1"],"picked":"Blade Dance","floor":18.0},{"not_picked":["Prepared","Flying Knee+1"],"picked":"Doppelganger","floor":19.0},{"not_picked":["Predator","Slice"],"picked":"Blade Dance","floor":21.0},{"not_picked":["Heel Hook","Predator+1"],"picked":"Blade Dance+1","floor":24.0},{"not_picked":["Dagger Spray","Poisoned Stab"],"picked":"Dodge and Roll","floor":25.0},{"not_picked":["Storm of Steel","Prepared"],"picked":"Accuracy","floor":28.0},{"not_picked":["Dagger Throw","Flying Knee+1"],"picked":"Blur","floor":29.0},{"not_picked":["Riddle With Holes+1","Predator","Deadly Poison"],"picked":"SKIP","floor":31.0},{"not_picked":["Storm of Steel","Burst"],"picked":"After Image","floor":33.0},{"not_picked":["Deadly Poison","Quick Slash"],"picked":"Backflip+1","floor":35.0},{"not_picked":["Slice","Choke","Backflip"],"picked":"SKIP","floor":37.0},{"not_picked":["Dodge and Roll","Quick Slash"],"picked":"PiercingWail","floor":38},{"not_picked":["Outmaneuver","Blade Dance","Dagger Throw"],"picked":"SKIP","floor":39}],"player_experience":1332030,"relics_obtained":[{"floor":2.0,"key":"Paper Crane"},{"floor":6.0,"key":"Mummified Hand"},{"floor":8.0,"key":"MawBank"},{"floor":9.0,"key":"Centennial Puzzle"},{"floor":17.0,"key":"Strawberry"},{"floor":17.0,"key":"Kunai"},{"floor":17.0,"key":"Du-Vu Doll"},{"floor":22.0,"key":"Enchiridion"},{"floor":24.0,"key":"Bottled Tornado"},{"floor":28.0,"key":"Bag of Preparation"}],"event_choices":[{"damage_healed":0.0,"max_hp_gain":5.0,"max_hp_loss":0.0,"gold_gain":0.0,"event_name":"Big Fish","player_choice":"Donut","floor":4.0,"gold_loss":0.0,"damage_taken":0.0},{"cards_removed":["Strike_G"],"damage_healed":0.0,"max_hp_gain":0.0,"max_hp_loss":0.0,"gold_gain":0.0,"event_name":"Beggar","player_choice":"Gave Gold","floor":20.0,"gold_loss":75.0,"damage_taken":0.0},{"damage_healed":0.0,"max_hp_gain":0.0,"max_hp_loss":0.0,"gold_gain":0.0,"event_name":"Cursed Tome","player_choice":"Obtained Book","floor":22.0,"gold_loss":0.0,"damage_taken":21.0}],"is_beta":false,"boss_relics":[{"not_picked":["Velvet Choker","SlaversCollar"],"picked":"Calling Bell"},{"not_picked":["Empty Cage","Astrolabe"],"picked":"Runic Pyramid"}],"items_purged_floors":[3,36],"is_endless":false,"potions_floor_spawned":[1,6,10,14,18,21,24,29,38,39],"killed_by":"Giant Head","ascension_level":20}}