{"host":"amvpy7h9h10a217o","time":1609599559,"event":{"mods":["AchievementEnabler","BaseMod","Block Reminder","Challenge The Spire","Colored Powertips","GifTheSpireLib","Highlight Path","Minty Spire (QoL Compilation)","Permanent Neow","StSLib"],"gold_per_floor":[99,99,99,99,99,99,99,99,99],"floor_reached":8,"playtime":3636,"items_purged":[],"score":124,"play_id":"c3a5abe2-11d0-4844-ae63-5faf00c82586","local_time":"20210102095919","is_ascension_mode":true,"campfire_choices":[],"circlet_count":0,"master_deck":["AscendersBane","Strike_G","Strike_G","Strike_G","Strike_G","Strike_G","Defend_G","Defend_G","Defend_G","Defend_G","Defend_G","Survivor","Neutralize","PiercingWail","Backflip","Corpse Explosion","Dagger Spray","All Out Attack"],"relics":["Ectoplasm","Frozen Egg 2"],"acts_visited":["Exordium"],"potions_floor_usage":[],"damage_taken":[{"damage":1.0,"enemies":"2 Louse","floor":1.0,"turns":4.0},{"damage":5.0,"enemies":"Small Slimes","floor":2.0,"turns":4.0},{"damage":8.0,"enemies":"Jaw Worm","floor":3.0,"turns":5.0},{"damage":6.0,"enemies":"Red Slaver","floor":4.0,"turns":5.0},{"damage":0.0,"enemies":"Blue Slaver","floor":5.0,"turns":4.0},{"damage":10.0,"enemies":"3 Sentries","floor":6.0,"turns":3.0},{"damage":0,"enemies":"Gremlin Gang","floor":7,"turns":2},{"damage":30,"enemies":"Lagavulin","floor":8,"turns":7}],"seed_played":"-6079482674387484641","potions_obtained":[{"floor":3.0,"key":"Dexterity Potion"},{"floor":5.0,"key":"Weak Potion"}],"is_trial":false,"path_per_floor":["M","M","M","M","M","E","M","E"],"character_chosen":"THE_SILENT","items_purchased":[],"campfire_rested":0,"item_purchase_floors":[],"current_hp_per_floor":[58,53,45,39,39,29,29,0,0],"gold":99,"neow_bonus":"BOSS_RELIC","is_daily":false,"chose_seed":false,"campfire_upgraded":0,"win_rate":0.0,"timestamp":1609599559,"path_taken":["M","M","M","M","M","E","M","E"],"items_purchased_type":[],"build_version":"2020-12-22","purchased_purges":0,"victory":false,"max_hp_per_floor":[66,66,66,66,66,66,66,66,66],"card_choices":[{"not_picked":["Outmaneuver","Riddle With Holes","Acrobatics"],"picked":"SKIP","floor":1.0},{"not_picked":["Well Laid Plans","Dodge and Roll"],"picked":"PiercingWail","floor":2.0},{"not_picked":["Dodge and Roll","Concentrate"],"picked":"Backflip","floor":3.0},{"not_picked":["Acrobatics","Dodge and Roll"],"picked":"Corpse Explosion","floor":4.0},{"not_picked":["Reflex","Dodge and Roll"],"picked":"Dagger Spray","floor":5.0},{"not_picked":["Sucker Punch","Accuracy+1"],"picked":"All Out Attack","floor":6.0},{"not_picked":["Acrobatics","PiercingWail","Backstab"],"picked":"SKIP","floor":7}],"player_experience":1407310,"relics_obtained":[{"floor":6.0,"key":"Frozen Egg 2"}],"event_choices":[],"is_beta":false,"boss_relics":[],"items_purged_floors":[],"is_endless":false,"potions_floor_spawned":[3,5],"killed_by":"Lagavulin","ascension_level":20}}