{"host":"Jin","time":1609594739,"event":{"mods":["BaseMod","Better Altar","Better Match","Better Note","Better Sensory Stone","Better Skull","Better Third Choice","Highlight Path","Minty Spire (QoL Compilation)","Permanent Neow","Quick Restart","StSLib"],"gold_per_floor":[110,185,185,205,218,218,252,272,272,19,19,19,19],"floor_reached":12,"playtime":625,"items_purged":[],"score":140,"play_id":"261d4c0f-7ed4-42f5-8c4f-ac0edfcfdcc2","local_time":"20210102223859","is_ascension_mode":true,"campfire_choices":[{"data":"Streamline","floor":6,"key":"SMITH"},{"data":"Defragment","floor":11,"key":"SMITH"}],"circlet_count":0,"master_deck":["AscendersBane","Strike_B","Strike_B","Strike_B","Strike_B","Defend_B","Defend_B","Defend_B","Defend_B","Zap","Dualcast","Redo","Streamline+1","Skim","Ball Lightning","Defragment+1"],"relics":["Nuclear Battery","Golden Idol","Nunchaku","Happy Flower","ClockworkSouvenir"],"acts_visited":["Exordium"],"potions_floor_usage":[7],"damage_taken":[{"damage":1,"enemies":"2 Louse","floor":1,"turns":2},{"damage":13,"enemies":"Jaw Worm","floor":4,"turns":4},{"damage":0,"enemies":"Small Slimes","floor":5,"turns":4},{"damage":30,"enemies":"3 Sentries","floor":7,"turns":7},{"damage":3,"enemies":"3 Louse","floor":8,"turns":3},{"damage":34,"enemies":"Lagavulin","floor":12,"turns":3}],"seed_played":"3559032599562169612","potions_obtained":[{"floor":1,"key":"BlessingOfTheForge"},{"floor":4,"key":"EssenceOfSteel"},{"floor":5,"key":"Regen Potion"}],"is_trial":false,"path_per_floor":["M","?","?","M","M","R","E","M","T","$","R","E"],"character_chosen":"DEFECT","items_purchased":["Defragment","ClockworkSouvenir"],"campfire_rested":0,"item_purchase_floors":[10,10],"current_hp_per_floor":[63,52,52,39,39,39,24,21,21,21,21,0,0],"gold":19,"neow_bonus":"BOSS_RELIC","is_daily":false,"chose_seed":false,"campfire_upgraded":2,"win_rate":0.0,"timestamp":1609594739,"path_taken":["M","?","?","M","M","R","E","M","T","$","R","E"],"items_purchased_type":["Card","Relic"],"build_version":"2020-12-18","purchased_purges":0,"victory":false,"max_hp_per_floor":[71,71,64,64,64,64,64,64,64,64,64,64,64],"card_choices":[{"not_picked":["Lockon","Sweeping Beam","Go for the Eyes"],"picked":"SKIP","floor":1},{"not_picked":["Compile Driver","FTL"],"picked":"Redo","floor":4},{"not_picked":["Biased Cognition","Scrape"],"picked":"Streamline","floor":5},{"not_picked":["Lockon","Reinforced Body"],"picked":"Skim","floor":7},{"not_picked":["Redo","Streamline"],"picked":"Ball Lightning","floor":8}],"player_experience":767787,"relics_obtained":[{"floor":7,"key":"Nunchaku"},{"floor":9,"key":"Happy Flower"}],"event_choices":[{"damage_healed":0,"gold_gain":75,"player_choice":"Gold","damage_taken":11,"max_hp_gain":0,"max_hp_loss":0,"event_name":"betterThird:BetterGoop","floor":2,"gold_loss":0},{"damage_healed":0,"gold_gain":0,"player_choice":"Lose Max HP","damage_taken":0,"relics_obtained":["Golden Idol"],"max_hp_gain":0,"max_hp_loss":7,"event_name":"Golden Idol","floor":3,"gold_loss":0}],"is_beta":true,"boss_relics":[],"items_purged_floors":[],"is_endless":false,"potions_floor_spawned":[1,4,5],"killed_by":"Lagavulin","ascension_level":16}}