{"host":"i9477i93mjcyimye","time":1609608294,"event":{"mods":["Aspiration","BaseMod","Bestiary","Colored Powertips","Downfall","Ironclad Rager","Minty Spire (QoL Compilation)","Quick Restart","Relic Stats","Replay The Spire","Spicy Shops","StSLib","The Jungle","Wandering Minibosses"],"gold_per_floor":[14,14,14,14,33,33,72,97,146,146,146,0,25,39,39,158,158,158,158],"floor_reached":18,"playtime":903,"items_purged":[],"score":204,"play_id":"cfc99a2a-27b9-49b9-9cb1-5af662ad91db","local_time":"20210103042454","is_ascension_mode":true,"campfire_choices":[{"data":"Zap","floor":6,"key":"SMITH"},{"data":"Capacitor","floor":10,"key":"SMITH"},{"floor":15,"key":"REST"}],"circlet_count":0,"master_deck":["Zap+1","Dualcast","Looming Evil","Ball Lightning","Cold Snap","Ball Lightning","Cold Snap+1","Leap","Leap","Leap","Leap","Streamline","White Noise","Capacitor+1","Compile Driver","Conserve Battery","Defragment","Self Repair","Thunder Strike"],"relics":["Cracked Core","Golden Idol","HornCleat","Tiny Chest","MealTicket"],"acts_visited":["Exordium","Exordium"],"potions_floor_usage":[16,16,16],"damage_taken":[{"damage":0,"enemies":"Cultist","floor":1,"turns":2},{"damage":12,"enemies":"Jaw Worm","floor":5,"turns":2},{"damage":0,"enemies":"3 Sentries","floor":7,"turns":2},{"damage":2,"enemies":"Small Slimes","floor":8,"turns":2},{"damage":2,"enemies":"Looter","floor":13,"turns":3},{"damage":0,"enemies":"Exordium Thugs","floor":14,"turns":4},{"damage":15,"enemies":"Slime Boss","floor":16,"turns":6},{"damage":58,"enemies":"theJungle:5_Spyders","floor":18,"turns":5}],"seed_played":"-6972763630791027750","potions_obtained":[{"floor":1,"key":"Death Potion"},{"floor":5,"key":"ColorlessPotion"},{"floor":8,"key":"LiquidMemories"},{"floor":14,"key":"champ:CounterPotion"}],"is_trial":false,"path_per_floor":["M","?","?","?","M","R","E","M","T","R","T","$","M","M","R","B",null,"M"],"character_chosen":"DEFECT","items_purchased":["MealTicket","Conserve Battery"],"campfire_rested":1,"item_purchase_floors":[12,12],"current_hp_per_floor":[50,33,55,55,43,43,43,41,41,41,41,41,39,39,59,44,68,10,10],"gold":158,"neow_bonus":"DEFECT_STORMLORD","is_daily":false,"chose_seed":false,"campfire_upgraded":2,"win_rate":0.0,"timestamp":1609608294,"path_taken":["M","?","?","?","M","R","E","M","T","R","?","$","M","?","R","BOSS","M"],"items_purchased_type":["Relic","Card"],"build_version":"2020-12-22","purchased_purges":0,"victory":false,"max_hp_per_floor":[68,68,68,68,68,68,68,68,68,68,68,68,68,68,68,68,68,68,68],"relic_stats":{"counters":[8,26],"Golden Idol":49,"Tiny Chest":0,"MealTicket":0,"obtain_stats":[{"HornCleat":7,"Golden Idol":2,"Tiny Chest":11,"MealTicket":12,"Cracked Core":0},{"HornCleat":3,"Golden Idol":1,"Tiny Chest":4,"MealTicket":4,"Cracked Core":0},{"HornCleat":6,"Golden Idol":2,"Tiny Chest":8,"MealTicket":8,"Cracked Core":0}]},"card_choices":[{"not_picked":["Steam","Turbo"],"picked":"Streamline","floor":1},{"not_picked":["Leap","Compile Driver"],"picked":"White Noise","floor":5},{"not_picked":["aspiration:Polymerization","ReplaySort"],"picked":"Capacitor","floor":7},{"not_picked":["Streamline","Cold Snap"],"picked":"Compile Driver","floor":8},{"not_picked":["Scrape","Hologram"],"picked":"Defragment","floor":13},{"not_picked":["FTL","Rebound"],"picked":"Self Repair","floor":14},{"not_picked":["Amplify","Meteor Strike"],"picked":"Thunder Strike","floor":16}],"player_experience":202054,"relics_obtained":[{"floor":7,"key":"HornCleat"},{"floor":11,"key":"Tiny Chest"}],"event_choices":[{"damage_healed":0,"gold_gain":0,"player_choice":"Take Damage","damage_taken":17,"relics_obtained":["Golden Idol"],"max_hp_gain":0,"max_hp_loss":0,"event_name":"Golden Idol","floor":2,"gold_loss":0},{"damage_healed":22,"gold_gain":0,"player_choice":"Banana","damage_taken":0,"max_hp_gain":0,"max_hp_loss":0,"event_name":"Big Fish","floor":3,"gold_loss":0}],"is_beta":false,"boss_relics":[{"not_picked":["aspiration:PoetsPen_weak","Painkiller Herb","aspiration:FutureDiary"]}],"items_purged_floors":[],"is_endless":false,"potions_floor_spawned":[1,5,8,14],"killed_by":"theJungle:5_Spyders","ascension_level":2}}