{"host":"k6u7q08ihsmpx7o5","time":1609555682,"event":{"mods":["BaseMod","Bestiary","Minty Spire (QoL Compilation)","StSLib"],"gold_per_floor":[111,111,261,278,278,310,70,70,70,100,100,100,111,139,139,217,217,233,15,15,32,52,52,52],"floor_reached":23,"playtime":703,"items_purged":["Doubt"],"score":464,"play_id":"47811cdd-1ab9-436f-9272-0e383e73ecdd","local_time":"20210102034802","is_ascension_mode":true,"campfire_choices":[{"data":"Bash","floor":8,"key":"SMITH"},{"floor":12,"key":"REST"},{"data":"Armaments","floor":15,"key":"SMITH"}],"circlet_count":0,"master_deck":["AscendersBane","Strike_R","Strike_R+1","Strike_R","Strike_R","Strike_R","Defend_R","Defend_R","Defend_R","Defend_R","Bash+1","Sever Soul","Uppercut+1","Shrug It Off","Iron Wave","Feel No Pain","Armaments+1","Double Tap","Iron Wave+1","Ghostly","Ghostly","Ghostly","Warcry+1","Dark Embrace"],"relics":["Burning Blood","NeowsBlessing","Vajra","ClockworkSouvenir","Strawberry","Mercury Hourglass","Molten Egg 2","Bottled Flame","Coffee Dripper","Chemical X"],"acts_visited":["Exordium","TheCity"],"potions_floor_usage":[16,23],"damage_taken":[{"damage":0,"enemies":"Small Slimes","floor":1,"turns":1},{"damage":0,"enemies":"Jaw Worm","floor":4,"turns":1},{"damage":0,"enemies":"Gremlin Nob","floor":6,"turns":1},{"damage":38,"enemies":"Lagavulin","floor":10,"turns":6},{"damage":0,"enemies":"2 Louse","floor":13,"turns":2},{"damage":16,"enemies":"Gremlin Nob","floor":14,"turns":4},{"damage":18,"enemies":"The Guardian","floor":16,"turns":14},{"damage":35,"enemies":"2 Thieves","floor":18,"turns":4},{"damage":5,"enemies":"Chosen","floor":21,"turns":5},{"damage":0,"enemies":"Snecko","floor":22,"turns":5},{"damage":47,"enemies":"Book of Stabbing","floor":23,"turns":5}],"seed_played":"-3159994904666675016","potions_obtained":[{"floor":10,"key":"ElixirPotion"},{"floor":13,"key":"ElixirPotion"}],"is_trial":false,"path_per_floor":["M","$","?","M","?","E","$","R","T","E","?","R","M","E","R","B",null,"M","$","?","M","M","E"],"character_chosen":"IRONCLAD","items_purchased":["ClockworkSouvenir","Chemical X","ColorlessPotion"],"campfire_rested":1,"item_purchase_floors":[7,19,19],"current_hp_per_floor":[74,74,74,75,52,58,58,58,65,33,7,31,37,27,27,15,65,36,36,36,37,41,0,0],"gold":52,"neow_bonus":"THREE_ENEMY_KILL","is_daily":false,"chose_seed":false,"campfire_upgraded":2,"win_rate":0.0,"timestamp":1609555682,"path_taken":["M","$","?","M","?","E","$","R","T","E","?","R","M","E","R","BOSS","M","$","?","M","M","E"],"items_purchased_type":["Relic","Relic","Potion"],"build_version":"2020-12-22","purchased_purges":1,"victory":false,"max_hp_per_floor":[75,75,75,75,75,75,75,75,82,82,82,82,82,82,82,82,82,82,82,41,41,41,41,41],"card_choices":[{"not_picked":["Clothesline","Flex"],"picked":"Sever Soul","floor":1},{"not_picked":["Inflame","Cleave"],"picked":"Uppercut","floor":4},{"not_picked":["Clothesline","Sentinel"],"picked":"Shrug It Off","floor":6},{"not_picked":["Entrench","Shrug It Off"],"picked":"Iron Wave","floor":10},{"not_picked":["Rage","Demon Form"],"picked":"Feel No Pain","floor":13},{"not_picked":["Havoc","Fire Breathing"],"picked":"Armaments","floor":14},{"not_picked":["Juggernaut","Limit Break"],"picked":"Double Tap","floor":16},{"not_picked":["True Grit","Body Slam+1"],"picked":"Iron Wave+1","floor":18},{"not_picked":["Anger+1","Armaments+1"],"picked":"Warcry+1","floor":21},{"not_picked":["Ghostly Armor","Clothesline+1"],"picked":"Dark Embrace","floor":22}],"player_experience":1917763,"relics_obtained":[{"floor":6,"key":"Vajra"},{"floor":9,"key":"Strawberry"},{"floor":10,"key":"Mercury Hourglass"},{"floor":14,"key":"Bottled Flame"}],"event_choices":[{"damage_healed":0,"gold_gain":150,"player_choice":"AGREE","damage_taken":0,"max_hp_gain":0,"max_hp_loss":0,"event_name":"Liars Game","floor":3,"gold_loss":0,"cards_obtained":["Doubt"]},{"damage_healed":0,"gold_gain":0,"player_choice":"Entered Light","damage_taken":23,"max_hp_gain":0,"max_hp_loss":0,"event_name":"Shining Light","floor":5,"gold_loss":0,"cards_upgraded":["Strike_R","Uppercut"]},{"damage_healed":0,"gold_gain":0,"player_choice":"Success","damage_taken":26,"relics_obtained":["Molten Egg 2"],"max_hp_gain":0,"max_hp_loss":0,"event_name":"Scrap Ooze","floor":11,"gold_loss":0},{"damage_healed":0,"gold_gain":0,"player_choice":"Became a Ghost","damage_taken":0,"max_hp_gain":0,"max_hp_loss":41,"event_name":"Ghosts","floor":20,"gold_loss":0,"cards_obtained":["Ghostly","Ghostly","Ghostly"]}],"is_beta":false,"boss_relics":[{"not_picked":["Sozu","Runic Cube"],"picked":"Coffee Dripper"}],"items_purged_floors":[7],"is_endless":false,"potions_floor_spawned":[10,13],"killed_by":"Book of Stabbing","ascension_level":20}}