{"host":"fevvm7bbzuh4s1jc","time":1609566999,"event":{"mods":["BaseMod","Highlight Path","Minty Spire (QoL Compilation)","Relic Stats"],"gold_per_floor":[112,112,112,132,132,176,195,195,195,195,239,253,287,307,307,405,405,430,464,16,16,36,75,75,119,119,133,151,151,151,186,186,284,284,299,299,318,342,342,342,342],"floor_reached":40,"playtime":2210,"items_purged":[],"score":1003,"play_id":"81965750-4f05-4692-9fa0-bdeeb0b63afd","local_time":"20210102005639","is_ascension_mode":true,"campfire_choices":[{"data":"Wild Strike","floor":8.0,"key":"SMITH"},{"floor":15.0,"key":"REST"},{"data":"True Grit","floor":24.0,"key":"SMITH"},{"data":"Ghostly","floor":30.0,"key":"SMITH"},{"data":"Evolve","floor":32.0,"key":"SMITH"}],"circlet_count":0,"master_deck":["AscendersBane","Strike_R+1","Strike_R+1","Strike_R+1","Strike_R+1","Strike_R+1","Defend_R+1","Defend_R+1","Defend_R+1","Bash","Perfected Strike+1","Wild Strike+1","Battle Trance","Pommel Strike","Perfected Strike","Evolve+1","Offering+1","CurseOfTheBell","Wild Strike+1","Seeing Red+1","Metallicize","Shrug It Off","Dark Shackles","Sentinel+1","True Grit+1","Rage","True Grit+1","Headbutt","Ghostly+1","Ghostly","Ghostly","Demon Form","Shrug It Off+1","PanicButton","Blind","Apotheosis"],"relics":["Burning Blood","NeowsBlessing","Golden Idol","Matryoshka","Bronze Scales","Sundial","Ancient Tea Set","InkBottle","Calling Bell","War Paint","Ornamental Fan","Magic Flower","Red Mask","StrikeDummy","White Beast Statue","Art of War","Happy Flower","Kunai","Pantograph","Sozu"],"acts_visited":["Exordium","TheCity","TheBeyond"],"potions_floor_usage":[],"damage_taken":[{"damage":0.0,"enemies":"Small Slimes","floor":1.0,"turns":1.0},{"damage":0.0,"enemies":"2 Louse","floor":4.0,"turns":1.0},{"damage":0.0,"enemies":"Lagavulin","floor":6.0,"turns":1.0},{"damage":2.0,"enemies":"Jaw Worm","floor":7.0,"turns":4.0},{"damage":8.0,"enemies":"Gremlin Nob","floor":11.0,"turns":3.0},{"damage":9.0,"enemies":"Red Slaver","floor":12.0,"turns":2.0},{"damage":10.0,"enemies":"3 Sentries","floor":13.0,"turns":4.0},{"damage":0.0,"enemies":"Blue Slaver","floor":14.0,"turns":1.0},{"damage":52.0,"enemies":"The Guardian","floor":16.0,"turns":7.0},{"damage":13.0,"enemies":"Spheric Guardian","floor":18.0,"turns":3.0},{"damage":12.0,"enemies":"Masked Bandits","floor":19.0,"turns":3.0},{"damage":8.0,"enemies":"Shell Parasite","floor":22.0,"turns":3.0},{"damage":15.0,"enemies":"Gremlin Leader","floor":23.0,"turns":4.0},{"damage":17.0,"enemies":"Book of Stabbing","floor":25.0,"turns":4.0},{"damage":6.0,"enemies":"3 Cultists","floor":27.0,"turns":4.0},{"damage":2.0,"enemies":"Cultist and Chosen","floor":28.0,"turns":4.0},{"damage":18.0,"enemies":"Slavers","floor":31.0,"turns":6.0},{"damage":9.0,"enemies":"Champ","floor":33.0,"turns":8.0},{"damage":11.0,"enemies":"3 Darklings","floor":35.0,"turns":5.0},{"damage":7.0,"enemies":"3 Shapes","floor":37.0,"turns":6.0},{"damage":4,"enemies":"3 Darklings","floor":38,"turns":6},{"damage":28,"enemies":"Reptomancer","floor":40,"turns":4}],"seed_played":"-5910389625168147994","potions_obtained":[{"floor":4.0,"key":"Energy Potion"},{"floor":12.0,"key":"DistilledChaos"},{"floor":14.0,"key":"CultistPotion"},{"floor":19.0,"key":"GamblersBrew"},{"floor":31.0,"key":"Block Potion"},{"floor":33.0,"key":"DistilledChaos"}],"is_trial":false,"path_per_floor":["M","?","?","M","?","E","M","R","T","?","E","M","E","M","R","B",null,"M","?","$","?","M","E","R","E","T","M","M","?","R","E","R","B",null,"M","?","M","M","?","E"],"character_chosen":"IRONCLAD","items_purchased":["StrikeDummy","Metallicize","Shrug It Off","Dark Shackles"],"campfire_rested":1,"item_purchase_floors":[20,20,20,20],"current_hp_per_floor":[74,67,41,47,47,53,57,57,57,34,32,29,25,31,53,7,58,54,51,51,51,52,46,46,38,38,41,48,37,37,28,28,37,37,35,35,37,37,27,0,0],"gold":342,"neow_bonus":"THREE_ENEMY_KILL","is_daily":false,"chose_seed":false,"campfire_upgraded":4,"win_rate":0.0,"timestamp":1609566999,"path_taken":["M","?","?","M","?","E","M","R","T","?","E","?","E","M","R","BOSS","M","?","$","?","M","E","R","E","T","M","M","?","R","E","R","BOSS","M","?","?","M","?","E"],"items_purchased_type":["Relic","Card","Card","Card"],"build_version":"2020-12-22","purchased_purges":0,"victory":false,"max_hp_per_floor":[75,75,75,75,75,75,75,75,75,75,75,75,75,75,75,75,75,75,75,75,75,75,75,75,75,75,75,75,37,37,37,37,37,37,37,37,37,37,37,37,37],"relic_stats":{"Happy Flower":[14],"counters":[22,84],"Golden Idol":139,"Magic Flower":[33],"War Paint":["Defend_R","Offering"],"Burning Blood":157,"Sozu":1,"Sundial":[10],"Ornamental Fan":[84],"Bronze Scales":[207],"Pantograph":9,"Art of War":[7],"Kunai":[15],"obtain_stats":[{"NeowsBlessing":0,"Happy Flower":26,"Golden Idol":3,"Magic Flower":17,"War Paint":17,"Ancient Tea Set":11,"Burning Blood":0,"White Beast Statue":23,"Calling Bell":17,"Sozu":34,"Matryoshka":6,"Sundial":9,"Ornamental Fan":17,"Bronze Scales":9,"Pantograph":31,"Red Mask":19,"Art of War":25,"Kunai":26,"StrikeDummy":20,"InkBottle":13},{"NeowsBlessing":0,"Happy Flower":14,"Golden Idol":1,"Magic Flower":9,"War Paint":9,"Ancient Tea Set":5,"Burning Blood":0,"White Beast Statue":13,"Calling Bell":9,"Sozu":18,"Matryoshka":3,"Sundial":4,"Ornamental Fan":9,"Bronze Scales":4,"Pantograph":17,"Red Mask":11,"Art of War":14,"Kunai":14,"StrikeDummy":11,"InkBottle":7},{"NeowsBlessing":0,"Happy Flower":41,"Golden Idol":1,"Magic Flower":24,"War Paint":24,"Ancient Tea Set":10,"Burning Blood":0,"White Beast Statue":37,"Calling Bell":24,"Sozu":63,"Matryoshka":3,"Sundial":7,"Ornamental Fan":24,"Bronze Scales":7,"Pantograph":55,"Red Mask":30,"Art of War":41,"Kunai":41,"StrikeDummy":30,"InkBottle":16}],"InkBottle":[18]},"card_choices":[{"not_picked":["Warcry","Shrug It Off"],"picked":"Perfected Strike","floor":1.0},{"not_picked":["Warcry","Wild Strike","Sword Boomerang"],"picked":"SKIP","floor":4.0},{"not_picked":["Warcry","Sword Boomerang"],"picked":"Wild Strike","floor":4.0},{"not_picked":["Whirlwind","Warcry"],"picked":"Battle Trance","floor":6.0},{"not_picked":["Sword Boomerang","Sentinel"],"picked":"Pommel Strike","floor":7.0},{"not_picked":["Body Slam","Infernal Blade"],"picked":"Fire Breathing","floor":11.0},{"not_picked":["Seeing Red","Second Wind","Pommel Strike"],"picked":"SKIP","floor":12.0},{"not_picked":["Sword Boomerang","Thunderclap"],"picked":"Perfected Strike","floor":13.0},{"not_picked":["Fiend Fire","Wild Strike"],"picked":"Evolve","floor":14.0},{"not_picked":["Juggernaut","Fiend Fire"],"picked":"Offering","floor":16.0},{"not_picked":["Headbutt","Flex"],"picked":"Wild Strike+1","floor":18.0},{"not_picked":["Immolate","Blood for Blood"],"picked":"Seeing Red+1","floor":19.0},{"not_picked":["Thunderclap","Dark Embrace"],"picked":"Sentinel+1","floor":22.0},{"not_picked":["Dropkick","Pommel Strike"],"picked":"True Grit","floor":23.0},{"not_picked":["Perfected Strike","Pommel Strike"],"picked":"Rage","floor":25.0},{"not_picked":["Metallicize","Flex"],"picked":"True Grit+1","floor":27.0},{"not_picked":["Headbutt","Combust","Warcry"],"picked":"SKIP","floor":28.0},{"not_picked":["Combust","Warcry"],"picked":"Headbutt","floor":28.0},{"not_picked":["Rampage","Perfected Strike","Anger"],"picked":"SKIP","floor":31.0},{"not_picked":["Brutality","Bludgeon"],"picked":"Demon Form","floor":33.0},{"not_picked":["Seeing Red+1","Armaments","Rampage+1"],"picked":"SKIP","floor":35.0},{"not_picked":["Armaments","Warcry","Headbutt"],"picked":"SKIP","floor":37.0},{"not_picked":["Armaments","Carnage"],"picked":"Shrug It Off+1","floor":38},{"not_picked":["Mind Blast","Thinking Ahead"],"picked":"PanicButton","floor":39},{"not_picked":["Impatience","Forethought"],"picked":"Blind","floor":39},{"not_picked":["PanicButton","HandOfGreed"],"picked":"Apotheosis","floor":39}],"player_experience":2612720,"relics_obtained":[{"floor":6.0,"key":"Matryoshka"},{"floor":9.0,"key":"Bronze Scales"},{"floor":9.0,"key":"Sundial"},{"floor":11.0,"key":"Ancient Tea Set"},{"floor":13.0,"key":"InkBottle"},{"floor":17.0,"key":"War Paint"},{"floor":17.0,"key":"Ornamental Fan"},{"floor":17.0,"key":"Magic Flower"},{"floor":19.0,"key":"Red Mask"},{"floor":23.0,"key":"White Beast Statue"},{"floor":25.0,"key":"Art of War"},{"floor":26.0,"key":"Happy Flower"},{"floor":26.0,"key":"Kunai"},{"floor":31.0,"key":"Pantograph"}],"event_choices":[{"cards_removed":["Defend_R"],"damage_healed":0.0,"max_hp_gain":0.0,"max_hp_loss":0.0,"gold_gain":0.0,"event_name":"Golden Wing","player_choice":"Card Removal","floor":2.0,"gold_loss":0.0,"damage_taken":7.0},{"damage_healed":0.0,"max_hp_gain":0.0,"max_hp_loss":0.0,"gold_gain":0.0,"event_name":"Golden Idol","player_choice":"Take Damage","floor":3.0,"gold_loss":0.0,"damage_taken":26.0,"relics_obtained":["Golden Idol"]},{"damage_healed":0.0,"max_hp_gain":0.0,"max_hp_loss":0.0,"gold_gain":0.0,"event_name":"Living Wall","player_choice":"Grow","floor":5.0,"gold_loss":0.0,"damage_taken":0.0,"cards_upgraded":["Perfected Strike"]},{"damage_healed":0.0,"max_hp_gain":0.0,"max_hp_loss":0.0,"gold_gain":0.0,"event_name":"Shining Light","player_choice":"Entered Light","floor":10.0,"gold_loss":0.0,"damage_taken":23.0,"cards_upgraded":["Strike_R","Strike_R"]},{"damage_healed":0.0,"max_hp_gain":0.0,"max_hp_loss":0.0,"gold_gain":0.0,"event_name":"Masked Bandits","player_choice":"Fought Bandits","floor":19.0,"gold_loss":0.0,"damage_taken":0.0},{"damage_healed":0.0,"max_hp_gain":0.0,"max_hp_loss":0.0,"gold_gain":0.0,"event_name":"Back to Basics","player_choice":"Simplicity","floor":21.0,"gold_loss":0.0,"damage_taken":0.0,"cards_upgraded":["Strike_R","Strike_R","Strike_R","Defend_R","Defend_R"]},{"damage_healed":0.0,"max_hp_gain":0.0,"max_hp_loss":38.0,"gold_gain":0.0,"event_name":"Ghosts","player_choice":"Became a Ghost","floor":29.0,"gold_loss":0.0,"damage_taken":0.0,"cards_obtained":["Ghostly","Ghostly","Ghostly"]},{"cards_removed":["Fire Breathing"],"damage_healed":0.0,"max_hp_gain":0.0,"max_hp_loss":0.0,"gold_gain":0.0,"event_name":"Purifier","player_choice":"Purged","floor":36.0,"gold_loss":0.0,"damage_taken":0.0},{"damage_healed":0,"gold_gain":0,"player_choice":"Memory 3","damage_taken":10,"max_hp_gain":0,"max_hp_loss":0,"event_name":"SensoryStone","floor":39,"gold_loss":0}],"is_beta":false,"boss_relics":[{"not_picked":["Runic Pyramid","Coffee Dripper"],"picked":"Calling Bell"},{"not_picked":["Velvet Choker","Empty Cage"],"picked":"Sozu"}],"items_purged_floors":[],"is_endless":false,"potions_floor_spawned":[4,12,14,19,23,25,27,28,31,33,35,37,38],"killed_by":"Reptomancer","ascension_level":20}}