{"host":"qbnk2vkaq38efxaz","time":1609627916,"event":{"mods":["BaseMod","Minty Spire (QoL Compilation)"],"gold_per_floor":[118,137,147,147,163,198,214,214,264,275,286,317,267,294,294,399,399,414,414,430,443,34,34,66,76,100,112,112,138,169,169,169,270,270,286,67,79,79,94,123,123,137,192,224,224,239,251,81,81,81,81],"floor_reached":50,"playtime":5515,"items_purged":["Defend_R"],"score":676,"play_id":"5990e88d-4cca-4ffd-a667-e2c4f7f075b5","local_time":"20210102145156","is_ascension_mode":true,"campfire_choices":[{"floor":8,"key":"REST"},{"data":"Armaments","floor":15,"key":"SMITH"},{"data":"Shrug It Off","floor":23,"key":"SMITH"},{"floor":28,"key":"REST"},{"data":"Bite","floor":32,"key":"SMITH"},{"data":"Limit Break","floor":41,"key":"SMITH"},{"floor":45,"key":"REST"},{"floor":49,"key":"RECALL"}],"circlet_count":0,"master_deck":["Defend_R","Defend_R","Bash+1","Cleave","Shrug It Off+1","Clothesline","Armaments+1","Blood for Blood","Inflame","Brutality","Hemokinesis","Offering","Twin Strike+1","Bite+1","Bite","Bite","Bite+1","Bite","Inflame","Iron Wave+1","Flash of Steel","Twin Strike","Limit Break+1","Pummel","Inflame","Sword Boomerang+1","Heavy Blade+1","Parasite","Shrug It Off"],"relics":["Burning Blood","Sundial","PreservedInsect","Kunai","Vajra","Mark of Pain","Matryoshka","Question Card","Bag of Preparation","Lantern","Whetstone","Mercury Hourglass","Strawberry","Runic Cube","Pen Nib","Boot","Oddly Smooth Stone","Gremlin Horn"],"acts_visited":["Exordium","TheCity","TheBeyond"],"potions_floor_usage":[11,16,24,33,33,42,47,50,50,50],"damage_taken":[{"damage":0,"enemies":"2 Louse","floor":1,"turns":2},{"damage":0,"enemies":"Small Slimes","floor":2,"turns":3},{"damage":7,"enemies":"Jaw Worm","floor":3,"turns":3},{"damage":24,"enemies":"Exordium Thugs","floor":5,"turns":5},{"damage":24,"enemies":"3 Sentries","floor":6,"turns":9},{"damage":11,"enemies":"3 Louse","floor":7,"turns":3},{"damage":4,"enemies":"Red Slaver","floor":10,"turns":5},{"damage":0,"enemies":"Lots of Slimes","floor":11,"turns":2},{"damage":10,"enemies":"Gremlin Nob","floor":12,"turns":3},{"damage":4,"enemies":"Lagavulin","floor":14,"turns":3},{"damage":23,"enemies":"Slime Boss","floor":16,"turns":7},{"damage":27,"enemies":"3 Byrds","floor":18,"turns":5},{"damage":19,"enemies":"2 Thieves","floor":20,"turns":3},{"damage":18,"enemies":"Chosen and Byrds","floor":21,"turns":5},{"damage":27,"enemies":"Slavers","floor":24,"turns":3},{"damage":38,"enemies":"Shelled Parasite and Fungi","floor":25,"turns":4},{"damage":24,"enemies":"Centurion and Healer","floor":27,"turns":4},{"damage":16,"enemies":"Book of Stabbing","floor":30,"turns":3},{"damage":46,"enemies":"Champ","floor":33,"turns":7},{"damage":13,"enemies":"3 Shapes","floor":35,"turns":2},{"damage":13,"enemies":"Orb Walker","floor":37,"turns":3},{"damage":25,"enemies":"4 Shapes","floor":39,"turns":3},{"damage":31,"enemies":"Nemesis","floor":40,"turns":7},{"damage":9,"enemies":"3 Darklings","floor":42,"turns":3},{"damage":42,"enemies":"Reptomancer","floor":44,"turns":3},{"damage":30,"enemies":"Spire Growth","floor":46,"turns":4},{"damage":15,"enemies":"Writhing Mass","floor":47,"turns":4},{"damage":51,"enemies":"Awakened One","floor":50,"turns":6}],"seed_played":"-1577022751524100804","potions_obtained":[{"floor":5,"key":"SpeedPotion"},{"floor":6,"key":"Explosive Potion"},{"floor":7,"key":"Swift Potion"},{"floor":10,"key":"Swift Potion"},{"floor":11,"key":"SpeedPotion"},{"floor":16,"key":"ElixirPotion"},{"floor":20,"key":"Ancient Potion"},{"floor":25,"key":"SmokeBomb"},{"floor":27,"key":"AttackPotion"},{"floor":39,"key":"SpeedPotion"},{"floor":40,"key":"Energy Potion"},{"floor":47,"key":"Energy Potion"}],"is_trial":false,"path_per_floor":["M","M","M","?","M","E","M","R","T","M","M","E","?","E","R","B",null,"M","?","M","M","$","R","E","M","T","M","R","T","E","?","R","B",null,"M","$","M","?","M","E","R","M","T","E","R","M","M","$","R","B"],"character_chosen":"IRONCLAD","items_purchased":["Matryoshka","Flash of Steel","Inflame","Pen Nib","Shrug It Off","Regen Potion","SteroidPotion"],"campfire_rested":3,"item_purchase_floors":[22,22,36,36,48,48,48],"current_hp_per_floor":[88,88,87,69,51,33,28,54,54,56,62,58,58,60,60,43,88,67,61,54,54,54,54,43,26,26,16,34,34,35,42,42,32,68,68,68,68,68,60,47,47,49,49,20,40,27,25,25,25,0,0],"gold":81,"neow_bonus":"TEN_PERCENT_HP_BONUS","is_daily":false,"chose_seed":false,"campfire_upgraded":4,"win_rate":0.0,"timestamp":1609627916,"path_taken":["M","M","M","?","M","E","M","R","T","M","M","E","?","E","R","BOSS","M","?","M","M","$","R","E","M","T","M","R","?","E","?","R","BOSS","M","$","M","?","M","E","R","?","T","E","R","M","M","$","R","BOSS"],"items_purchased_type":["Relic","Card","Card","Relic","Card","Potion","Potion"],"build_version":"2020-12-22","purchased_purges":1,"victory":false,"max_hp_per_floor":[88,88,88,88,88,88,88,88,88,88,88,88,88,88,88,88,88,88,61,61,61,61,61,61,61,61,61,61,61,61,68,68,68,68,68,68,68,68,68,68,68,68,68,68,68,68,68,68,68,68,68],"card_choices":[{"not_picked":["Warcry","Havoc"],"picked":"Cleave","floor":1},{"not_picked":["Cleave","Pummel"],"picked":"Shrug It Off","floor":2},{"not_picked":["Reckless Charge","Thunderclap"],"picked":"Clothesline","floor":3},{"not_picked":["Corruption","Clash"],"picked":"Armaments","floor":5},{"not_picked":["Cleave","Body Slam"],"picked":"Blood for Blood","floor":6},{"not_picked":["Perfected Strike","Clash","Heavy Blade"],"picked":"SKIP","floor":7},{"not_picked":["Body Slam","Warcry","Searing Blow"],"picked":"SKIP","floor":10},{"not_picked":["Seeing Red","Perfected Strike"],"picked":"Inflame","floor":11},{"not_picked":["Shockwave","Anger"],"picked":"Brutality","floor":12},{"not_picked":["Havoc","Dual Wield"],"picked":"Hemokinesis","floor":14},{"not_picked":["Impervious","Fiend Fire"],"picked":"Offering","floor":16},{"not_picked":["Body Slam+1","Flex"],"picked":"Twin Strike","floor":18},{"not_picked":["Headbutt","Anger"],"picked":"Inflame","floor":20},{"not_picked":["Inflame","Warcry"],"picked":"Iron Wave+1","floor":21},{"not_picked":["Cleave+1","Anger+1","Armaments"],"picked":"SKIP","floor":24},{"not_picked":["Wild Strike","Dropkick","Shrug It Off"],"picked":"Twin Strike","floor":25},{"not_picked":["Armaments","Flex","Warcry","Sentinel"],"picked":"SKIP","floor":27},{"not_picked":["Berserk","Warcry","True Grit","Dual Wield+1"],"picked":"SKIP","floor":30},{"not_picked":["Corruption","Offering","Bludgeon"],"picked":"Limit Break","floor":33},{"not_picked":["Clash+1","Anger","Body Slam"],"picked":"Pummel","floor":35},{"not_picked":["Thunderclap","Dark Embrace+1","Armaments","True Grit+1"],"picked":"SKIP","floor":37},{"not_picked":["Flex+1","Barricade","Body Slam+1","Anger"],"picked":"SKIP","floor":39},{"not_picked":["Warcry","Intimidate+1","Blood for Blood"],"picked":"Sword Boomerang+1","floor":40},{"not_picked":["Headbutt","Spot Weakness","Power Through+1","Intimidate+1"],"picked":"SKIP","floor":42},{"not_picked":["Thunderclap","Fiend Fire","Headbutt+1","Impervious"],"picked":"SKIP","floor":44},{"not_picked":["Dual Wield","Fire Breathing+1","Carnage"],"picked":"Heavy Blade+1","floor":46},{"not_picked":["Headbutt","Searing Blow","Anger+1","Warcry"],"picked":"SKIP","floor":47}],"player_experience":114884,"relics_obtained":[{"floor":6,"key":"Sundial"},{"floor":9,"key":"PreservedInsect"},{"floor":12,"key":"Kunai"},{"floor":14,"key":"Vajra"},{"floor":24,"key":"Question Card"},{"floor":26,"key":"Bag of Preparation"},{"floor":29,"key":"Lantern"},{"floor":29,"key":"Whetstone"},{"floor":30,"key":"Mercury Hourglass"},{"floor":40,"key":"Boot"},{"floor":43,"key":"Oddly Smooth Stone"},{"floor":44,"key":"Gremlin Horn"}],"event_choices":[{"damage_healed":0,"gold_gain":0,"player_choice":"Entered Light","damage_taken":18,"max_hp_gain":0,"max_hp_loss":0,"event_name":"Shining Light","floor":4,"gold_loss":0,"cards_upgraded":["Strike_R","Bash"]},{"cards_removed":["Defend_R"],"damage_healed":0,"gold_gain":0,"player_choice":"Card Removal","damage_taken":0,"max_hp_gain":0,"max_hp_loss":0,"event_name":"The Cleric","floor":13,"gold_loss":50},{"damage_healed":0,"gold_gain":0,"player_choice":"Became a vampire","damage_taken":0,"max_hp_gain":0,"max_hp_loss":27,"event_name":"Vampires","floor":19,"gold_loss":0,"cards_obtained":["Bite","Bite","Bite","Bite","Bite"]},{"damage_healed":0,"gold_gain":0,"player_choice":"Gave Potion","damage_taken":0,"relics_obtained":["Strawberry"],"max_hp_gain":0,"max_hp_loss":0,"event_name":"WeMeetAgain","floor":31,"gold_loss":0},{"damage_healed":0,"gold_gain":0,"player_choice":"0 cards matched","damage_taken":0,"max_hp_gain":0,"max_hp_loss":0,"event_name":"Match and Keep!","floor":38,"gold_loss":0,"cards_obtained":[]}],"is_beta":false,"boss_relics":[{"not_picked":["Pandora\u0027s Box","SacredBark"],"picked":"Mark of Pain"},{"not_picked":["Calling Bell","Philosopher\u0027s Stone"],"picked":"Runic Cube"}],"items_purged_floors":[22],"is_endless":false,"potions_floor_spawned":[5,6,7,10,11,16,18,20,25,27,39,40,47],"killed_by":"Awakened One","ascension_level":3}}