{"host":"h4lp0eeso8a0ssq0","time":1609625719,"event":{"mods":["2.2 Compatiblity","AchievementEnabler","BaseMod","CapriCore","Colored Map","Lobotomy","Minty Spire (QoL Compilation)","StSLib","SuperFastMode"],"gold_per_floor":[110,120,135,60,78,403,413,413,466,466,486,386,386,305,305,401,401,420,440,440,460,21,21,33,33,33,33,44,56,56,56,56,155,155,167,187,187,237,237,87,87,87],"floor_reached":41,"playtime":1443,"items_purged":["Strike_P","Defend_P","Defend_P","Strike_P"],"score":393,"play_id":"4bc1bacc-3991-44a8-9bc6-36fda7e71bf6","local_time":"20210103071519","is_ascension_mode":false,"campfire_choices":[{"data":"Eruption","floor":8.0,"key":"SMITH"},{"data":"Prostrate","floor":10.0,"key":"SMITH"},{"data":"Vigilance","floor":15.0,"key":"SMITH"},{"data":"Scrawl","floor":23.0,"key":"SMITH"},{"data":"InnerPeace","floor":30.0,"key":"SMITH"},{"floor":32.0,"key":"REST"}],"circlet_count":0,"master_deck":["Strike_P","Eruption+1","Vigilance+1","Prostrate+1","Scrawl+1","InnerPeace+1","EmptyMind"],"relics":["PureWater","Old Coin","Bag of Marbles","Question Card","Cursed Key","Mango","Empty Cage","GoldenEye"],"acts_visited":["Exordium","TheCity","TheBeyond"],"potions_floor_usage":[],"damage_taken":[{"damage":0.0,"enemies":"Cultist","floor":1.0,"turns":2.0},{"damage":3.0,"enemies":"Jaw Worm","floor":2.0,"turns":4.0},{"damage":2.0,"enemies":"2 Louse","floor":3.0,"turns":2.0},{"damage":0.0,"enemies":"Large Slime","floor":5.0,"turns":5.0},{"damage":14.0,"enemies":"3 Sentries","floor":6.0,"turns":15.0},{"damage":6.0,"enemies":"3 Louse","floor":7.0,"turns":6.0},{"damage":5.0,"enemies":"Red Slaver","floor":11.0,"turns":9.0},{"damage":21.0,"enemies":"The Guardian","floor":16.0,"turns":5.0},{"damage":5.0,"enemies":"Spheric Guardian","floor":18.0,"turns":4.0},{"damage":0.0,"enemies":"Chosen","floor":19.0,"turns":4.0},{"damage":0.0,"enemies":"Centurion and Healer","floor":21.0,"turns":5.0},{"damage":11.0,"enemies":"Shelled Parasite and Fungi","floor":24.0,"turns":5.0},{"damage":0.0,"enemies":"Cultist and Chosen","floor":28.0,"turns":5.0},{"damage":7.0,"enemies":"Centurion and Healer","floor":29.0,"turns":5.0},{"damage":64.0,"enemies":"Automaton","floor":33.0,"turns":12.0},{"damage":7.0,"enemies":"3 Shapes","floor":35.0,"turns":4.0},{"damage":32.0,"enemies":"3 Darklings","floor":36.0,"turns":8.0},{"damage":12.0,"enemies":"Mind Bloom Boss Battle","floor":38.0,"turns":6.0},{"damage":3,"enemies":"Giant Head","floor":41,"turns":6}],"seed_played":"7366573272327493316","potions_obtained":[{"floor":3.0,"key":"EntropicBrew"},{"floor":6.0,"key":"Weak Potion"},{"floor":7.0,"key":"ColorlessPotion"},{"floor":16.0,"key":"GamblersBrew"},{"floor":24.0,"key":"Block Potion"}],"is_trial":false,"path_per_floor":["M","M","M","$","M","E","M","R","T","R","M","$","?","?","R","B",null,"M","M","?","M","$","R","M","?","T","?","M","M","R","$","R","B",null,"M","M","?","?","?","$","E"],"character_chosen":"WATCHER","items_purchased":["Mango"],"campfire_rested":1,"item_purchase_floors":[22],"current_hp_per_floor":[72,69,67,67,67,53,47,47,47,47,42,42,60,60,60,39,72,67,67,67,67,81,81,70,70,70,70,70,63,63,63,83,19,83,76,44,44,32,32,32,29,29],"gold":87,"neow_bonus":"REMOVE_CARD","is_daily":false,"chose_seed":false,"campfire_upgraded":5,"win_rate":0.0,"timestamp":1609625719,"path_taken":["M","M","?","$","M","E","M","R","T","R","M","$","?","?","R","BOSS","M","M","?","M","$","R","M","?","T","?","M","M","R","$","R","BOSS","M","M","?","?","?","$","E"],"items_purchased_type":["Relic"],"build_version":"2020-12-22","purchased_purges":4,"victory":false,"max_hp_per_floor":[72,72,72,72,72,72,72,72,72,72,72,72,72,72,72,72,72,72,72,69,69,83,83,83,83,83,83,83,83,83,83,83,83,83,83,83,83,83,83,83,83,83],"card_choices":[{"not_picked":["CutThroughFate","Protect","FlyingSleeves"],"picked":"SKIP","floor":1.0},{"not_picked":["CarveReality","ClearTheMind","FollowUp"],"picked":"SKIP","floor":2.0},{"not_picked":["EmptyFist","Nirvana","FollowUp"],"picked":"SKIP","floor":3.0},{"not_picked":["Crescendo","Collect"],"picked":"Prostrate","floor":5.0},{"not_picked":["Crescendo","BattleHymn","Ragnarok"],"picked":"SKIP","floor":6.0},{"not_picked":["Protect","CutThroughFate","CrushJoints"],"picked":"SKIP","floor":7.0},{"not_picked":["Worship","CutThroughFate","JustLucky"],"picked":"SKIP","floor":11.0},{"not_picked":["Worship","CutThroughFate","JustLucky"],"picked":"SKIP","floor":11.0},{"not_picked":["Omniscience","ConjureBlade","Devotion"],"picked":"Scrawl","floor":16.0},{"not_picked":["Protect","CutThroughFate","SandsOfTime","Nirvana"],"picked":"SKIP","floor":18.0},{"not_picked":["WreathOfFlame+1","EmptyBody","Alpha","Protect+1"],"picked":"SKIP","floor":19.0},{"not_picked":["Evaluate+1","Halt","WaveOfTheHand"],"picked":"InnerPeace","floor":21.0},{"not_picked":["PathToVictory","SashWhip","FollowUp","BattleHymn"],"picked":"SKIP","floor":24.0},{"not_picked":["EmptyFist","Sanctity","Consecrate","Vengeance"],"picked":"SKIP","floor":28.0},{"not_picked":["Crescendo","FollowUp","BowlingBash","PathToVictory+1"],"picked":"SKIP","floor":29.0},{"not_picked":["FlyingSleeves","BowlingBash","PathToVictory","Halt"],"picked":"SKIP","floor":35.0},{"not_picked":["CrushJoints+1","PathToVictory","Establishment","SashWhip"],"picked":"SKIP","floor":36.0}],"player_experience":37003,"relics_obtained":[{"floor":6.0,"key":"Old Coin"},{"floor":9.0,"key":"Bag of Marbles"},{"floor":38.0,"key":"GoldenEye"}],"event_choices":[{"damage_healed":18.0,"max_hp_gain":0.0,"max_hp_loss":0.0,"gold_gain":0.0,"event_name":"Mushrooms","player_choice":"Healed and dodged fight","floor":13.0,"gold_loss":0.0,"damage_taken":0.0,"cards_obtained":["Parasite"]},{"damage_healed":0.0,"max_hp_gain":0.0,"max_hp_loss":0.0,"gold_gain":0.0,"event_name":"WeMeetAgain","player_choice":"Paid Gold","floor":14.0,"gold_loss":81.0,"damage_taken":0.0,"relics_obtained":["Question Card"]},{"damage_healed":0.0,"max_hp_gain":0.0,"max_hp_loss":0.0,"gold_gain":0.0,"cards_transformed":["Parasite","Defend_P"],"event_name":"Drug Dealer","player_choice":"Became Test Subject","floor":20.0,"gold_loss":0.0,"damage_taken":0.0,"cards_obtained":["Clumsy","Devotion"]},{"damage_healed":0.0,"max_hp_gain":0.0,"max_hp_loss":0.0,"gold_gain":0.0,"event_name":"Vampires","player_choice":"Ignored","floor":27.0,"gold_loss":0.0,"damage_taken":0.0},{"damage_healed":0.0,"max_hp_gain":0.0,"max_hp_loss":0.0,"gold_gain":0.0,"event_name":"SensoryStone","player_choice":"Memory 1","floor":37.0,"gold_loss":0.0,"damage_taken":0.0},{"damage_healed":0.0,"max_hp_gain":0.0,"max_hp_loss":0.0,"gold_gain":0.0,"event_name":"MindBloom","player_choice":"Fight","floor":38.0,"gold_loss":0.0,"damage_taken":0.0},{"damage_healed":0,"gold_gain":0,"cards_transformed":["Devotion"],"player_choice":"Transformed","damage_taken":0,"max_hp_gain":0,"max_hp_loss":0,"event_name":"Transmorgrifier","floor":39,"gold_loss":0,"cards_obtained":["EmptyMind"]}],"is_beta":false,"boss_relics":[{"not_picked":["Astrolabe","Velvet Choker"],"picked":"Cursed Key"},{"not_picked":["Sozu","Busted Crown"],"picked":"Empty Cage"}],"items_purged_floors":[4,12,22,40],"is_endless":false,"potions_floor_spawned":[3,6,7,11,16,24,28,29],"killed_by":"Giant Head","ascension_level":0}}