{"host":"yer03dsd277nstsn","time":1609580002,"event":{"mods":["BaseMod","Colored Powertips","Minty Spire (QoL Compilation)"],"gold_per_floor":[135,189,231,279,351,462,474,579,616,709,769,761,851,863,863],"floor_reached":14,"playtime":1809,"items_purged":[],"score":394,"play_id":"8cae0833-2de9-4a96-878d-a59b1229cc0e","local_time":"20210102033322","daily_mods":["Draft","Chimera","Vintage","Diverse","Colorless Cards","Heirloom","Time Dilation","Flight","DeadlyEvents","Elite Swarm","Midas"],"is_ascension_mode":true,"campfire_choices":[],"circlet_count":0,"master_deck":["AscendersBane","Bash","Survivor","Zap","Eruption","Strike_R","Strike_G","Strike_B","Defend_R","Defend_G","Defend_P","Genetic Algorithm","Tantrum","Leg Sweep","PiercingWail","Doom and Gloom","Seeing Red","Burning Pact","True Grit","Acrobatics","CutThroughFate","BowlingBash","Finesse","Purity","Noxious Fumes","Feel No Pain","Bullet Time","Meteor Strike","Mayhem"],"relics":["Cracked Core","Dead Branch","MawBank","Symbiotic Virus","DataDisk","Happy Flower","Eternal Feather","Nunchaku","Bottled Lightning","Potion Belt","Gremlin Horn","Centennial Puzzle","Tiny Chest"],"acts_visited":["Exordium"],"potions_floor_usage":[10,13,14],"damage_taken":[{"damage":6,"enemies":"2 Louse","floor":1,"turns":1},{"damage":0,"enemies":"Cultist","floor":2,"turns":2},{"damage":4,"enemies":"Small Slimes","floor":3,"turns":5},{"damage":1,"enemies":"Looter","floor":4,"turns":4},{"damage":5,"enemies":"2 Fungi Beasts","floor":5,"turns":3},{"damage":15,"enemies":"3 Sentries","floor":6,"turns":5},{"damage":0,"enemies":"Gremlin Nob","floor":8,"turns":2},{"damage":14,"enemies":"Lagavulin","floor":10,"turns":4},{"damage":0,"enemies":"Large Slime","floor":11,"turns":3},{"damage":10,"enemies":"3 Sentries","floor":13,"turns":5},{"damage":30,"enemies":"Lagavulin","floor":14,"turns":3}],"seed_played":"-5828290906110476439","potions_obtained":[{"floor":2,"key":"Strength Potion"},{"floor":4,"key":"ColorlessPotion"},{"floor":5,"key":"PowerPotion"},{"floor":12,"key":"Regen Potion"}],"is_trial":true,"path_per_floor":["M","M","M","M","M","E","$","E","T","E","M","?","E","E"],"character_chosen":"DEFECT","items_purchased":[],"campfire_rested":0,"item_purchase_floors":[],"current_hp_per_floor":[58,58,54,53,48,33,33,33,33,19,19,19,23,0,0],"gold":863,"neow_bonus":"","is_daily":false,"chose_seed":false,"campfire_upgraded":0,"win_rate":0.0,"timestamp":1609580002,"path_taken":["M","M","M","M","M","E","$","E","T","E","M","?","?","?"],"items_purchased_type":[],"build_version":"2020-12-22","purchased_purges":0,"victory":false,"max_hp_per_floor":[71,71,71,71,71,71,71,71,71,71,71,71,71,71,71],"card_choices":[{"not_picked":["Hologram","ReachHeaven"],"picked":"Genetic Algorithm","floor":0},{"not_picked":["Auto Shields","BattleHymn"],"picked":"Tantrum","floor":0},{"not_picked":["Barrage","Evaluate"],"picked":"Leg Sweep","floor":0},{"not_picked":["Clash","Anger"],"picked":"PiercingWail","floor":0},{"not_picked":["Beam Cell","SignatureMove"],"picked":"Doom and Gloom","floor":0},{"not_picked":["Cold Snap","Blur"],"picked":"Seeing Red","floor":0},{"not_picked":["Bloodletting","Reprogram"],"picked":"Burning Pact","floor":0},{"not_picked":["Turbo","Dagger Spray"],"picked":"True Grit","floor":0},{"not_picked":["JustLucky","Deadly Poison"],"picked":"Acrobatics","floor":0},{"not_picked":["Deadly Poison","Headbutt"],"picked":"CutThroughFate","floor":0},{"not_picked":["Stack","Redo"],"picked":"BowlingBash","floor":0},{"not_picked":["Perfected Strike","Cloak And Dagger"],"picked":"Finesse","floor":0},{"not_picked":["Escape Plan","Cloak And Dagger"],"picked":"Purity","floor":0},{"not_picked":["Poisoned Stab","Compile Driver"],"picked":"Noxious Fumes","floor":0},{"not_picked":["Sword Boomerang","Headbutt"],"picked":"Feel No Pain","floor":0},{"not_picked":["Bludgeon","Corpse Explosion"],"picked":"Bullet Time","floor":6},{"not_picked":["Double Tap","Doppelganger","Electrodynamics"],"picked":"SKIP","floor":8},{"not_picked":["SpiritShield","Berserk"],"picked":"Meteor Strike","floor":10},{"not_picked":["Venomology","Unload"],"picked":"Mayhem","floor":13}],"player_experience":437016,"relics_obtained":[{"floor":1,"key":"MawBank"},{"floor":2,"key":"Symbiotic Virus"},{"floor":3,"key":"DataDisk"},{"floor":4,"key":"Happy Flower"},{"floor":5,"key":"Eternal Feather"},{"floor":6,"key":"Nunchaku"},{"floor":8,"key":"Bottled Lightning"},{"floor":9,"key":"Potion Belt"},{"floor":10,"key":"Gremlin Horn"},{"floor":11,"key":"Centennial Puzzle"},{"floor":13,"key":"Tiny Chest"}],"event_choices":[{"damage_healed":0,"gold_gain":0,"player_choice":"Bought 1 Potion","damage_taken":0,"max_hp_gain":0,"max_hp_loss":0,"event_name":"The Woman in Blue","floor":12,"gold_loss":0}],"is_beta":false,"boss_relics":[],"items_purged_floors":[],"is_endless":true,"potions_floor_spawned":[2,4,5,6],"killed_by":"Lagavulin","ascension_level":20}}