{"host":"ssbj2e5691x5ub3h","time":1609560525,"event":{"mods":["BaseMod","Duelist Mod","Minty Spire (QoL Compilation)","Quick Restart","StSLib","SuperFastMode"],"gold_per_floor":[137,148,167,185,185,217,217,217,217,217,217,231,264,281,281,357,357,357,357,307,307,307,307,307,307,307,307,307,307,307,307,307,307,307,307,307,307,307,307,307],"floor_reached":39,"playtime":1605,"items_purged":[],"score":970,"play_id":"1af3e13d-ea9f-4597-8bbd-8130ee4c5348","local_time":"20210102020845","is_ascension_mode":true,"campfire_choices":[{"data":"theDuelist:ShallowGrave","floor":7,"key":"SMITH"},{"data":"theDuelist:AlphaElectro","floor":10,"key":"SMITH"},{"data":"theDuelist:GateGuardian","floor":15,"key":"SMITH"},{"data":"theDuelist:CurseDragon","floor":25,"key":"SMITH"},{"floor":32,"key":"REST"}],"circlet_count":0,"master_deck":["theDuelist:ShallowGrave+1","theDuelist:Metronome","theDuelist:Nameless:Magic:DarkworldThorns","theDuelist:PotDuality+1","AscendersBane","theDuelist:Eva","theDuelist:BeastTalwar","theDuelist:DragonZombie","theDuelist:RainbowNeos","theDuelist:GateGuardian+1","theDuelist:RainbowKuribohBasic","theDuelist:CurseDragon+1","theDuelist:RainbowFlower","theDuelist:MaskedDragon","theDuelist:HeartUnderdog+1","theDuelist:AlphaMagnet","theDuelist:ShallowGrave+1","theDuelist:DunamesDarkWitch","theDuelist:MagicSparks+1","theDuelist:Hayate","theDuelist:SuperSolarNutrient+1","theDuelist:Umi+1","theDuelist:AlphaElectro+1","theDuelist:RainbowDarkDragon","theDuelist:KamionTimelord+1","theDuelist:Jinzo+1","theDuelist:BigWaveSmallWave+1","theDuelist:LegendaryFisherman+1"],"relics":["theDuelist:MillenniumPuzzle","theDuelist:CardPoolRelic","theDuelist:CardPoolBasicRelic","theDuelist:BoosterPackPoolRelic","theDuelist:CardPoolAddRelic","theDuelist:CardPoolMinusRelic","theDuelist:CardPoolSaveRelic","theDuelist:CardPoolOptionsRelic","Tiny Chest","Eternal Feather","Magic Flower","Ectoplasm","theDuelist:BoosterPackSpellEgg","Snake Skull","Champion Belt","theDuelist:NamelessPowerRelicB","Astrolabe","theDuelist:ZoneToken","theDuelist:GiftAnubis"],"acts_visited":["Exordium","TheCity","TheBeyond"],"potions_floor_usage":[6,13,33],"damage_taken":[{"damage":0,"enemies":"Cultist","floor":1,"turns":3},{"damage":0,"enemies":"Small Slimes","floor":2,"turns":2},{"damage":0,"enemies":"Jaw Worm","floor":3,"turns":2},{"damage":0,"enemies":"Lots of Slimes","floor":4,"turns":4},{"damage":0,"enemies":"3 Sentries","floor":6,"turns":4},{"damage":2,"enemies":"Exordium Thugs","floor":12,"turns":3},{"damage":0,"enemies":"Lagavulin","floor":13,"turns":3},{"damage":0,"enemies":"Blue Slaver","floor":14,"turns":2},{"damage":16,"enemies":"The Guardian","floor":16,"turns":6},{"damage":1,"enemies":"Shell Parasite","floor":18,"turns":3},{"damage":10,"enemies":"Chosen","floor":19,"turns":4},{"damage":15,"enemies":"Centurion and Healer","floor":21,"turns":4},{"damage":8,"enemies":"theDuelist:KaibaA2","floor":23,"turns":4},{"damage":0,"enemies":"3 Cultists","floor":24,"turns":3},{"damage":13,"enemies":"Slavers","floor":27,"turns":4},{"damage":22,"enemies":"Shelled Parasite and Fungi","floor":28,"turns":2},{"damage":0,"enemies":"Cultist and Chosen","floor":30,"turns":5},{"damage":0,"enemies":"Snecko","floor":31,"turns":3},{"damage":16,"enemies":"Collector","floor":33,"turns":5},{"damage":9,"enemies":"3 Shapes","floor":35,"turns":4},{"damage":6,"enemies":"Orb Walker","floor":37,"turns":3},{"damage":33,"enemies":"Writhing Mass","floor":39,"turns":4}],"seed_played":"-7566474343654101666","potions_obtained":[{"floor":1,"key":"theDuelist:WaterBottle"},{"floor":4,"key":"theDuelist:ReducerPotion"},{"floor":6,"key":"theDuelist:CoolBottle"},{"floor":14,"key":"theDuelist:LavaBottle"}],"is_trial":false,"path_per_floor":["M","M","M","M","?","E","R","$","T","R","?","M","E","M","R","B",null,"M","M","?","M","T","E","M","R","T","E","M","?","M","M","R","B",null,"M","?","M","T","M"],"character_chosen":"THE_DUELIST","items_purchased":[],"campfire_rested":1,"item_purchase_floors":[],"current_hp_per_floor":[63,63,63,63,63,63,63,63,63,70,70,68,68,68,70,54,66,65,55,55,40,40,32,32,44,44,31,9,9,9,9,43,27,56,47,39,33,33,0,0],"gold":307,"neow_bonus":"ONE_RANDOM_RARE_CARD","is_daily":false,"chose_seed":false,"campfire_upgraded":4,"win_rate":0.0,"timestamp":1609560525,"path_taken":["M","?","M","M","?","E","R","$","T","R","?","?","E","M","R","BOSS","M","M","?","M","?","E","?","R","T","E","M","?","M","M","R","BOSS","M","?","M","?","M"],"items_purchased_type":[],"build_version":"2020-12-22","purchased_purges":0,"victory":false,"max_hp_per_floor":[70,70,70,70,70,70,70,70,70,70,70,70,70,70,70,70,70,70,70,70,70,70,70,70,70,70,70,70,66,66,66,66,66,66,66,66,66,66,66,66],"card_choices":[{"not_picked":["theDuelist:BlizzardWarrior","theDuelist:VampireFraulein","theDuelist:Eva","theDuelist:YamataDragon","theDuelist:HorusServant"],"picked":"SKIP","floor":1},{"not_picked":["theDuelist:RainbowFlower","theDuelist:BetaMagnet","theDuelist:WanderingKing","theDuelist:WhiteNinja","theDuelist:GarbageLord"],"picked":"SKIP","floor":2},{"not_picked":["theDuelist:YamataDragon","theDuelist:GreenGadget","theDuelist:CaveDragon","theDuelist:Kasha"],"picked":"theDuelist:MaskedDragon","floor":3},{"not_picked":["theDuelist:GammaMagnet","theDuelist:KamionTimelord","theDuelist:RainbowOverdragon","theDuelist:RainbowDarkDragon"],"picked":"theDuelist:AlphaMagnet","floor":4},{"not_picked":["theDuelist:GreenGadget","theDuelist:SuperSolarNutrient","theDuelist:Wingedtortoise","theDuelist:CommandKnight"],"picked":"theDuelist:ShallowGrave","floor":6},{"not_picked":["theDuelist:Biofalcon","theDuelist:ShallowGrave","theDuelist:FlyingSaucer","theDuelist:CaveDragon"],"picked":"theDuelist:SuperSolarNutrient","floor":12},{"not_picked":["theDuelist:RainbowFlower","theDuelist:RainbowOverdragon","theDuelist:Eva","theDuelist:AlphaElectro"],"picked":"theDuelist:DragonZombie","floor":13},{"not_picked":["theDuelist:CharcoalInpachi","theDuelist:CrystalEmeraldTortoise","theDuelist:FluteSummoning","theDuelist:RainbowMagician"],"picked":"theDuelist:GateGuardian","floor":14},{"not_picked":["theDuelist:DarkMasterZorc","theDuelist:SangaWater","theDuelist:StardustDragon","theDuelist:KamionTimelord"],"picked":"theDuelist:Metronome","floor":16},{"not_picked":["theDuelist:ArchfiendSoldier","theDuelist:DesLacooda","theDuelist:DragonPiper","theDuelist:FrillerRabca"],"picked":"theDuelist:CurseDragon","floor":18},{"not_picked":["theDuelist:Pumpking","theDuelist:KingYami","theDuelist:GraydleSlimeJr","theDuelist:RainbowFlower+1","theDuelist:DoomcaliberKnight"],"picked":"SKIP","floor":19},{"not_picked":["theDuelist:IronDraw","theDuelist:WanderingKing","theDuelist:FrillerRabca+1","theDuelist:SevenColoredFish","theDuelist:AmphibiousBugroth"],"picked":"SKIP","floor":21},{"not_picked":["theDuelist:KingYami","theDuelist:RevivalJam","theDuelist:ArchfiendSoldier","theDuelist:CatShark","theDuelist:Gozuki"],"picked":"SKIP","floor":23},{"not_picked":["theDuelist:OniGamiCombo+1","theDuelist:WhiteHornDragon+1","theDuelist:Mountain+1","theDuelist:RainbowJar+1"],"picked":"theDuelist:Umi+1","floor":24},{"not_picked":["theDuelist:ArchfiendSoldier","theDuelist:GraydleSlimeJr","theDuelist:RainbowFlower","theDuelist:Pumpking"],"picked":"theDuelist:BeastTalwar","floor":27},{"not_picked":["theDuelist:ZombieWarrior","theDuelist:CaveDragon","theDuelist:DarkMagician+1","theDuelist:Kasha+1"],"picked":"theDuelist:ShallowGrave+1","floor":28},{"not_picked":["theDuelist:IronDraw+1","theDuelist:WanderingKing","theDuelist:AmphibiousBugroth","theDuelist:SevenColoredFish","theDuelist:Boneheimer"],"picked":"SKIP","floor":30},{"not_picked":["theDuelist:BlastAsmodian","theDuelist:CommandKnight","theDuelist:CatShark","theDuelist:ExploderDragonwing"],"picked":"theDuelist:PotDuality+1","floor":31},{"not_picked":["theDuelist:RainbowFlower+1","theDuelist:RainbowNeos","theDuelist:DunamesDarkWitch+1","theDuelist:HappyLover"],"picked":"theDuelist:RainbowDarkDragon","floor":33},{"not_picked":["theDuelist:CurseDragon","theDuelist:CallMummy+1","theDuelist:SuperancientDinobeast","theDuelist:RainbowGravity"],"picked":"theDuelist:LegendaryFisherman+1","floor":35},{"not_picked":["theDuelist:ZombieWarrior","theDuelist:PatricianDarkness","theDuelist:Boneheimer+1","theDuelist:SevenColoredFish","theDuelist:RainbowNeos+1"],"picked":"SKIP","floor":37}],"player_experience":308922,"relics_obtained":[{"floor":6,"key":"Tiny Chest"},{"floor":9,"key":"Eternal Feather"},{"floor":13,"key":"Magic Flower"},{"floor":23,"key":"theDuelist:BoosterPackSpellEgg"},{"floor":26,"key":"Snake Skull"},{"floor":27,"key":"Champion Belt"},{"floor":38,"key":"theDuelist:GiftAnubis"}],"event_choices":[{"damage_healed":0,"gold_gain":0,"player_choice":"Alpha Electro","duelist":true,"damage_taken":0,"max_hp_gain":0,"max_hp_loss":0,"event_name":"Egyptian Village","floor":5,"gold_loss":0,"cards_obtained":["Alpha Electromagnet Warrior"]},{"damage_healed":0,"gold_gain":0,"player_choice":"Full Heal","damage_taken":0,"max_hp_gain":0,"max_hp_loss":0,"event_name":"Wheel of Change","floor":11,"gold_loss":0},{"damage_healed":0,"gold_gain":0,"player_choice":"Bet on Owner","damage_taken":0,"max_hp_gain":0,"max_hp_loss":0,"event_name":"The Joust","floor":20,"gold_loss":50},{"power_reward":3,"total_magic_score":57,"gold_gain":0,"duelist":true,"damage_taken":0,"relics_obtained":["theDuelist:NamelessPowerRelicB"],"points":7,"max_hp_gain":0,"max_hp_loss":4,"spent_points":{"magic":4,"greed":0,"war":0,"power":3,"hunger":0},"event_name":"Nameless Tomb","floor":29,"gold_loss":0,"magic_reward":4,"cards_obtained":["theDuelist:Nameless:Magic:DarkworldThorns"]},{"damage_healed":0,"gold_gain":0,"player_choice":"Dig - random Duelist relic","duelist":true,"damage_taken":0,"max_hp_gain":0,"max_hp_loss":0,"event_name":"Aknamkanon\u0027s Tomb","floor":36,"gold_loss":0}],"is_beta":false,"boss_relics":[{"not_picked":["SacredBark","Fusion Hammer"],"picked":"Ectoplasm"},{"not_picked":["Tiny House","Calling Bell"],"picked":"Astrolabe"}],"items_purged_floors":[],"is_endless":false,"potions_floor_spawned":[1,4,6,14,21,24,27,28,30,31],"killed_by":"Writhing Mass","ascension_level":20}}