{"host":"iy58fyt9wsbv4cf1","time":1609567601,"event":{"mods":["BaseMod","Better Altar","Better Match","Better Skull","Better Third Choice","BetterRewards","Conspire","Custom Start","Defuse TimeMaze Blight","Hubris","Infinite Spire","Minty Spire (QoL Compilation)","Permanent Neow","Quick Restart","Spicy Shops","StSLib"],"gold_per_floor":[109,124,124,144,159,159,8,8,8,28,28,54,65,84,84,180,180,190,512,413,429,448,448,448,477,558,558,147,165,165,175,175,271,271,285,81,100,120,120,154,169,169,169,169,169,32,48,65,65,65,65,65,65,90,90],"floor_reached":56,"playtime":1371,"items_purged":["Strike_B","Decay","Strike_B","Defend_B","Defend_B","Defend_B"],"score":1291,"play_id":"14de48ec-7842-47a4-bab2-234fb3fe7be3","local_time":"20210102010641","is_ascension_mode":false,"campfire_choices":[{"floor":6.0,"key":"REST"},{"data":"Storm","floor":8.0,"key":"SMITH"},{"data":"Creative AI","floor":15.0,"key":"SMITH"},{"floor":23.0,"key":"REST"},{"floor":27.0,"key":"REST"},{"floor":32.0,"key":"REST"},{"data":"Amplify","floor":42.0,"key":"SMITH"},{"floor":45.0,"key":"RECALL"},{"data":"Amplify","floor":49,"key":"SMITH"},{"data":"Amplify","floor":52,"key":"SMITH"}],"circlet_count":0,"master_deck":["Defend_B","Zap","Dualcast","Amplify+1","Defragment","Storm+1","Heatsinks","Turbo","Capacitor","Ball Lightning","Creative AI+1","Electrodynamics","Amplify+1","Seek","Master of Strategy","Steam+1","hubris:Ukulele+1","Steam","Amplify+1","White Noise+1","Self Repair+1","Capacitor","Static Discharge+1","Defragment+1"],"relics":["Cracked Core","Membership Card","Lee\u0027s Waffle","PreservedInsect","SlaversCollar","Strange Spoon","hubris:Potato","hubris:PeanutButter","Prayer Wheel","Runic Capacitor","Nuclear Battery","Sozu","hubris:BallOfYels","Question Card","Singing Bowl","hubris:Metronome","infinitespire:Beetle Shell"],"acts_visited":["Exordium","TheCity","TheBeyond","TheEnding"],"potions_floor_usage":[],"damage_taken":[{"damage":9.0,"enemies":"Cultist","floor":1.0,"turns":4.0},{"damage":6.0,"enemies":"Small Slimes","floor":2.0,"turns":3.0},{"damage":6.0,"enemies":"Jaw Worm","floor":4.0,"turns":3.0},{"damage":14.0,"enemies":"Blue Slaver","floor":5.0,"turns":3.0},{"damage":13.0,"enemies":"Lots of Slimes","floor":10.0,"turns":3.0},{"damage":13.0,"enemies":"3 Louse","floor":13.0,"turns":2.0},{"damage":0.0,"enemies":"Exordium Wildlife","floor":14.0,"turns":3.0},{"damage":0.0,"enemies":"Slime Boss","floor":16.0,"turns":2.0},{"damage":29.0,"enemies":"Shell Parasite","floor":18.0,"turns":4.0},{"damage":0.0,"enemies":"Spheric Guardian","floor":21.0,"turns":3.0},{"damage":8.0,"enemies":"Snecko","floor":22.0,"turns":4.0},{"damage":22.0,"enemies":"conspire:SneckoGhost","floor":25.0,"turns":3.0},{"damage":0.0,"enemies":"Centurion and Healer","floor":29.0,"turns":4.0},{"damage":13.0,"enemies":"Snake Plant","floor":31.0,"turns":3.0},{"damage":26.0,"enemies":"Automaton","floor":33.0,"turns":6.0},{"damage":0.0,"enemies":"3 Darklings","floor":35.0,"turns":2.0},{"damage":0.0,"enemies":"3 Shapes","floor":37.0,"turns":2.0},{"damage":8.0,"enemies":"Spire Growth","floor":38.0,"turns":3.0},{"damage":2.0,"enemies":"Giant Head","floor":40.0,"turns":3.0},{"damage":8.0,"enemies":"Writhing Mass","floor":41.0,"turns":2.0},{"damage":0,"enemies":"Maw","floor":47,"turns":2},{"damage":0,"enemies":"3 Darklings","floor":48,"turns":1},{"damage":39,"enemies":"Time Eater","floor":50,"turns":4},{"damage":0,"enemies":"Shield and Spear","floor":54,"turns":1},{"damage":52,"enemies":"The Heart","floor":55,"turns":3}],"seed_played":"-3955807095722353923","potions_obtained":[{"floor":4.0,"key":"Fire Potion"},{"floor":5.0,"key":"Regen Potion"},{"floor":13.0,"key":"DuplicationPotion"},{"floor":21.0,"key":"Strength Potion"},{"floor":31.0,"key":"Explosive Potion"},{"floor":33.0,"key":"SteroidPotion"}],"is_trial":false,"path_per_floor":["M","M","?","M","M","R","$","R","T","M","?","T","M","M","R","B",null,"M","?","$","M","M","R","?","E","T","R","$","M","AVR","M","R","B",null,"M","$","M","M","?","E","M","R","T","?","R","$","M","M","R","B",null,"R","$","E","B",null],"character_chosen":"DEFECT","items_purchased":["Amplify","Defragment","Storm","Membership Card","Heatsinks","Turbo","Capacitor","Amplify","Lee\u0027s Waffle","Strange Spoon","Prayer Wheel","Runic Capacitor","Master of Strategy","hubris:BallOfYels","Question Card","Capacitor"],"campfire_rested":4,"item_purchase_floors":[0,0,0,0,0,0,0,7,7,20,28,28,28,36,36,46],"current_hp_per_floor":[31,25,25,19,5,27,82,82,82,69,62,62,49,49,49,54,82,53,28,28,28,20,44,24,23,23,47,47,47,47,34,58,32,82,82,82,82,74,77,77,71,71,71,71,71,71,85,87,87,58,95,95,95,95,53],"gold":90,"neow_bonus":"","is_daily":false,"chose_seed":false,"campfire_upgraded":5,"win_rate":0.0,"timestamp":1609567601,"path_taken":["M","M","?","M","?","R","$","R","T","M","?","?","M","M","R","BOSS","M","?","$","?","M","R","?","E","T","R","?","M","AVR","M","R","BOSS","M","$","M","M","?","E","M","R","T","?","R","$","M","M","R","BOSS","R","$","E","BOSS"],"items_purchased_type":["Card","Card","Card","Relic","Card","Card","Card","Card","Relic","Relic","Relic","Relic","Card","Relic","Relic","Card"],"build_version":"2020-12-22","purchased_purges":6,"victory":true,"max_hp_per_floor":[75,75,75,75,75,75,82,82,82,82,82,82,82,82,82,82,82,82,82,82,82,82,82,82,82,82,82,82,82,82,82,82,82,82,82,82,82,82,85,87,89,89,89,89,89,89,93,95,95,95,95,95,95,95,95],"card_choices":[{"not_picked":["Rebound","Streamline"],"picked":"Ball Lightning","floor":1.0},{"not_picked":["Doom and Gloom","Leap","Capacitor"],"picked":"SKIP","floor":2.0},{"not_picked":["hubris:Ukulele","Beam Cell"],"picked":"Electrodynamics","floor":4.0},{"not_picked":["Hello World","Doom and Gloom","Go for the Eyes"],"picked":"SKIP","floor":5.0},{"not_picked":["Redo","Coolheaded","Steam Power"],"picked":"SKIP","floor":10.0},{"not_picked":["Ball Lightning","Lockon","Multi-Cast"],"picked":"SKIP","floor":13.0},{"not_picked":["Stack","Hello World","Reinforced Body"],"picked":"SKIP","floor":14.0},{"not_picked":["hubris:SpecializedCircuitry","Fission"],"picked":"Seek","floor":16.0},{"not_picked":["Streamline","Rebound","Hologram+1"],"picked":"SKIP","floor":18.0},{"not_picked":["Coolheaded","Static Discharge","Hologram"],"picked":"SKIP","floor":21.0},{"not_picked":["Turbo","Fusion","Glacier"],"picked":"SKIP","floor":22.0},{"not_picked":["Gash+1","Sunder","Coolheaded"],"picked":"SKIP","floor":25.0},{"not_picked":["Aggregate","Go for the Eyes"],"picked":"Steam+1","floor":29.0},{"not_picked":["Stack","hubris:PowerSurge"],"picked":"hubris:Ukulele+1","floor":29.0},{"not_picked":["All For One","Reprogram+1"],"picked":"Steam","floor":31.0},{"not_picked":["Rebound","Coolheaded","Beam Cell"],"picked":"SKIP","floor":31.0},{"not_picked":["hubris:DoWhile","Rainbow"],"picked":"Amplify","floor":33.0},{"not_picked":["Double Energy","Reprogram","Go for the Eyes"],"picked":"SKIP","floor":35.0},{"not_picked":["Leap","Streamline","Sunder"],"picked":"SKIP","floor":35.0},{"not_picked":["Tempest+1","Compile Driver","Static Discharge"],"picked":"White Noise+1","floor":37.0},{"not_picked":["Conserve Battery+1","Compile Driver+1","Hologram+1","Go for the Eyes+1"],"picked":"SKIP","floor":37.0},{"not_picked":["Hyperbeam","Hello World","Heatsinks","Leap+1"],"picked":"SKIP","floor":38.0},{"not_picked":["Stack","Tempest","Double Energy+1","FTL"],"picked":"SKIP","floor":38.0},{"not_picked":["FTL","Reprogram+1","Steam+1","Go for the Eyes+1"],"picked":"Singing Bowl","floor":40.0},{"not_picked":["Ball Lightning+1","Undo","Steam Power+1"],"picked":"Self Repair+1","floor":41.0},{"not_picked":["Creative AI","Chaos+1","Compile Driver","Melter"],"picked":"Singing Bowl","floor":41.0},{"not_picked":["Hologram+1","Undo+1","Beam Cell","Ball Lightning+1"],"picked":"Singing Bowl","floor":47},{"not_picked":["Barrage+1","Stack+1","Streamline","Chill"],"picked":"Singing Bowl","floor":47},{"not_picked":["Sunder+1","Consume+1","conspire:Rain+1","Beam Cell"],"picked":"Singing Bowl","floor":48},{"not_picked":["Barrage+1","Sweeping Beam","Compile Driver"],"picked":"Static Discharge+1","floor":48},{"not_picked":["Ball Lightning","Double Energy","Cold Snap+1"],"picked":"Defragment+1","floor":54}],"player_experience":48752,"relics_obtained":[{"floor":12.0,"key":"PreservedInsect"},{"floor":25.0,"key":"hubris:Potato"},{"floor":26.0,"key":"hubris:PeanutButter"},{"floor":40.0,"key":"Singing Bowl"},{"floor":43.0,"key":"hubris:Metronome"},{"floor":54,"key":"infinitespire:Beetle Shell"}],"event_choices":[{"damage_healed":0.0,"max_hp_gain":0.0,"max_hp_loss":0.0,"gold_gain":0.0,"cards_transformed":["Strike_B"],"event_name":"Transmorgrifier","player_choice":"Transformed","floor":3.0,"gold_loss":0.0,"damage_taken":0.0,"cards_obtained":["Creative AI"]},{"cards_removed":["Strike_B"],"damage_healed":0.0,"max_hp_gain":0.0,"max_hp_loss":0.0,"gold_gain":0.0,"event_name":"Golden Wing","player_choice":"Card Removal","floor":11.0,"gold_loss":0.0,"damage_taken":7.0},{"damage_healed":0.0,"max_hp_gain":0.0,"max_hp_loss":0.0,"gold_gain":322.0,"event_name":"betterSkull:BetterSkull","player_choice":"GO GO GO ","floor":19.0,"gold_loss":0.0,"damage_taken":28.0,"cards_upgraded":[],"relics_obtained":[]},{"damage_healed":0.0,"max_hp_gain":44.0,"max_hp_loss":24.0,"gold_gain":0.0,"event_name":"betterAltar:BetterAltar","player_choice":" Potion ","floor":24.0,"potions_obtained":["betterAltar:AltarPotion"],"relics_lost":[],"gold_loss":0.0,"damage_taken":20.0,"relics_obtained":[]}],"is_beta":false,"boss_relics":[{"not_picked":["FrozenCore","hubris:Stopwatch"],"picked":"SlaversCollar"},{"not_picked":["hubris:HollowSoul","Empty Cage"],"picked":"Sozu"}],"items_purged_floors":[0,7,20,28,30,46],"is_endless":false,"potions_floor_spawned":[4,5,13,21,31,33,47,48,54],"ascension_level":0}}