{"host":"51mqhfpmwwd4kxyt","time":1609580576,"event":{"mods":["BaseMod","Downfall","Googly Eyes","Highlight Path","Minty Spire (QoL Compilation)","READ ME - Guardian Mod","StSLib","The Cursed","The Servant 0.9.4"],"gold_per_floor":[116,190,268,268,30,30,64,93,105,150,179,204,276,288,300,412,424,452,475,487,499,511,511],"floor_reached":22,"playtime":965,"items_purged":[],"score":250,"play_id":"ebe54fb7-0c89-474d-9157-1d514262ea7d","local_time":"20210102044256","is_ascension_mode":true,"campfire_choices":[{"data":"Calculated Gamble","floor":6,"key":"SMITH"},{"floor":15,"key":"REST"}],"circlet_count":0,"master_deck":["Strike_G","Strike_G","Defend_G","Defend_G","Defend_G","Defend_G","Defend_G","Survivor","Neutralize","Calculated Gamble+1","Noxious Fumes+1","Acrobatics","Outmaneuver","Footwork+1","Crippling Poison","A Thousand Cuts+1","Reflex","Endless Agony","Caltrops+1","Grand Finale","Endless Agony"],"relics":["Ring of the Snake","NeowsBlessing","Frozen Egg 2","Eternal Feather","Matryoshka","MawBank","Regal Pillow","Happy Flower","Strawberry","Ninja Scroll","Oddly Smooth Stone","Black Star"],"acts_visited":["Exordium","TheCity"],"potions_floor_usage":[13,13,22],"damage_taken":[{"damage":0,"enemies":"Cultist","floor":1,"turns":1},{"damage":0,"enemies":"3 Sentries","floor":7,"turns":1},{"damage":0,"enemies":"Jaw Worm","floor":8,"turns":1},{"damage":18,"enemies":"Lagavulin","floor":10,"turns":9},{"damage":11,"enemies":"Small Slimes","floor":11,"turns":4},{"damage":7,"enemies":"Blue Slaver","floor":12,"turns":5},{"damage":21,"enemies":"Gremlin Nob","floor":13,"turns":4},{"damage":24,"enemies":"The Guardian","floor":16,"turns":12},{"damage":21,"enemies":"Spheric Guardian","floor":18,"turns":5},{"damage":26,"enemies":"Shell Parasite","floor":19,"turns":9},{"damage":38,"enemies":"Centurion and Healer","floor":22,"turns":7}],"seed_played":"5931305693330163241","potions_obtained":[{"floor":1,"key":"CultistPotion"},{"floor":8,"key":"AttackPotion"},{"floor":12,"key":"Explosive Potion"},{"floor":16,"key":"SteroidPotion"},{"floor":18,"key":"DistilledChaos"}],"is_trial":false,"path_per_floor":["M","T","T","?","$","R","E","M","T","E","M","M","?","?","R","B",null,"M","M","?","?","M"],"character_chosen":"THE_SILENT","items_purchased":["Matryoshka"],"campfire_rested":1,"item_purchase_floors":[5],"current_hp_per_floor":[70,70,70,63,63,69,69,69,69,58,47,40,19,16,63,39,77,56,30,30,30,0,0],"gold":511,"neow_bonus":"THREE_ENEMY_KILL","is_daily":false,"chose_seed":false,"campfire_upgraded":1,"win_rate":0.0,"timestamp":1609580576,"path_taken":["M","?","?","?","?","R","E","M","T","E","?","M","?","?","R","BOSS","M","M","?","?","?"],"items_purchased_type":["Relic"],"build_version":"2020-12-22","purchased_purges":0,"victory":false,"max_hp_per_floor":[70,70,70,70,70,70,70,70,70,77,77,77,77,77,77,77,77,77,77,77,77,77,77],"card_choices":[{"not_picked":["Tactician","Poisoned Stab"],"picked":"Calculated Gamble","floor":1},{"not_picked":["Quick Slash","Sucker Punch"],"picked":"Noxious Fumes+1","floor":7},{"not_picked":["PiercingWail","Outmaneuver"],"picked":"Acrobatics","floor":8},{"not_picked":["Blade Dance","Skewer"],"picked":"Outmaneuver","floor":10},{"not_picked":["Dagger Spray","Accuracy+1","Slice"],"picked":"SKIP","floor":11},{"not_picked":["Flechettes","Slice"],"picked":"Footwork+1","floor":12},{"not_picked":["Poisoned Stab","Acrobatics"],"picked":"Crippling Poison","floor":13},{"not_picked":["Envenom+1","Corpse Explosion"],"picked":"A Thousand Cuts+1","floor":16},{"not_picked":["Poisoned Stab","Caltrops+1"],"picked":"Reflex","floor":18},{"not_picked":["Backflip","Terror+1"],"picked":"Endless Agony","floor":19}],"player_experience":299632,"relics_obtained":[{"floor":2,"key":"Frozen Egg 2"},{"floor":3,"key":"Eternal Feather"},{"floor":7,"key":"MawBank"},{"floor":9,"key":"Regal Pillow"},{"floor":9,"key":"Happy Flower"},{"floor":10,"key":"Strawberry"}],"event_choices":[{"cards_removed":["Strike_G"],"damage_healed":0,"gold_gain":0,"player_choice":"Card Removal","damage_taken":7,"max_hp_gain":0,"max_hp_loss":0,"event_name":"Golden Wing","floor":4,"gold_loss":0},{"damage_healed":0,"gold_gain":0,"player_choice":"Searched \u00272\u0027 times","damage_taken":0,"relics_obtained":["Ninja Scroll"],"max_hp_gain":0,"max_hp_loss":0,"event_name":"Dead Adventurer","floor":13,"gold_loss":0},{"damage_healed":0,"gold_gain":0,"player_choice":"Success","damage_taken":3,"relics_obtained":["Oddly Smooth Stone"],"max_hp_gain":0,"max_hp_loss":0,"event_name":"Scrap Ooze","floor":14,"gold_loss":0},{"damage_healed":0,"gold_gain":0,"cards_transformed":["Strike_G","Strike_G"],"player_choice":"Became Test Subject","damage_taken":0,"max_hp_gain":0,"max_hp_loss":0,"event_name":"Drug Dealer","floor":20,"gold_loss":0,"cards_obtained":["Caltrops","Grand Finale"]},{"damage_healed":0,"gold_gain":0,"player_choice":"Copied","damage_taken":0,"max_hp_gain":0,"max_hp_loss":0,"event_name":"Duplicator","floor":21,"gold_loss":0,"cards_obtained":["Endless Agony"]}],"is_beta":false,"boss_relics":[{"not_picked":["Cursed Key","SacredBark"],"picked":"Black Star"}],"items_purged_floors":[],"is_endless":false,"potions_floor_spawned":[1,8,12,16,18],"killed_by":"Centurion and Healer","ascension_level":3}}