{"host":"kiauivt48syq9iz6","time":1609612414,"event":{"mods":["A Magickal Journey","BaseMod","Conspire","Downfall","Hermit","Minty Spire (QoL Compilation)","Replay The Spire","SIMod","Somnambulant","StSLib","The Animator","The Construct","The Cursed","The Disciple","The Forsaken","The Judge","The Marked","The Runesmith","The Servant 0.9.4","The Spell Scribe"],"gold_per_floor":[218,71,71,89,14,32,32,32,109,109,142,142,142,14,14,110,110,83,9,9,9],"floor_reached":20,"playtime":603,"items_purged":["theForsaken:PlagueCurse"],"score":168,"play_id":"01a9bc31-022d-4072-a04d-afda5340ade4","local_time":"20210102113334","is_ascension_mode":false,"campfire_choices":[{"floor":7,"key":"REST"},{"floor":10,"key":"REST"},{"floor":12,"key":"REST"},{"floor":15,"key":"REST"}],"circlet_count":0,"master_deck":["somnambulantmod: SomnambulantStrike+1","somnambulantmod: SomnambulantStrike","somnambulantmod: SomnambulantStrike","somnambulantmod: SomnambulantStrike+1","somnambulantmod: SomnambulantStrike+1","somnambulantmod: Defend_Somnambulant","somnambulantmod: Defend_Somnambulant+1","somnambulantmod: Defend_Somnambulant+1","somnambulantmod: Defend_Somnambulant+1","somnambulantmod: Defend_Somnambulant","somnambulantmod: QuickNap","somnambulantmod: PrimingPunch","somnambulantmod: LeechFears","somnambulantmod: SleepingBody","somnambulantmod: ShimmeringVeil","somnambulantmod: LoseForm","somnambulantmod: BadIdea","somnambulantmod: InLimbo","somnambulantmod: SleepParalysis","somnambulantmod: BrainFeeder","somnambulantmod: SickeningSwathe"],"relics":["somnambulantmod: DreamJournal","Juzu Bracelet","theForsaken:PlagueMask","conspire:Dentures","ReplayTheSpireMod:Lightbulb","theForsaken:PaleLantern"],"acts_visited":["Exordium","TheCity"],"potions_floor_usage":[1],"damage_taken":[{"damage":0,"enemies":"Jaw Worm","floor":1,"turns":5},{"damage":3,"enemies":"Small Slimes","floor":4,"turns":4},{"damage":1,"enemies":"Cultist","floor":6,"turns":5},{"damage":30,"enemies":"Gremlin Nob","floor":11,"turns":4},{"damage":51,"enemies":"Hexaghost","floor":16,"turns":14},{"damage":48,"enemies":"2 Thieves","floor":18,"turns":5},{"damage":43,"enemies":"3 Byrds","floor":20,"turns":4}],"seed_played":"3752404276746599805","potions_obtained":[{"floor":1,"key":"Fruit Juice"}],"is_trial":false,"path_per_floor":["M","$","?","M","$","M","R","?","T","R","E","R","?","$","R","B",null,"M","$","M"],"character_chosen":"THE_SOMNAMBULANT","items_purchased":["Juzu Bracelet","somnambulantmod: BadIdea","somnambulantmod: InLimbo","somnambulantmod: SickeningSwathe"],"campfire_rested":4,"item_purchase_floors":[2,14,14,19],"current_hp_per_floor":[75,75,75,72,72,71,77,62,62,79,49,74,74,74,83,32,83,35,35,0,0],"gold":9,"neow_bonus":"HUNDRED_GOLD","is_daily":false,"chose_seed":false,"campfire_upgraded":0,"win_rate":0.0,"timestamp":1609612414,"path_taken":["M","$","?","M","$","M","R","?","T","R","E","R","?","$","R","BOSS","M","$","M"],"items_purchased_type":["Relic","Card","Card","Card"],"build_version":"2020-12-22","purchased_purges":1,"victory":false,"max_hp_per_floor":[75,75,75,75,75,75,77,77,77,79,79,81,81,81,83,83,83,83,83,83,83],"card_choices":[{"not_picked":["somnambulantmod: NightmareFuel","somnambulantmod: Bruise"],"picked":"somnambulantmod: LeechFears","floor":1},{"not_picked":["somnambulantmod: NightmareFuel","somnambulantmod: SnuggleUp"],"picked":"somnambulantmod: SleepingBody","floor":4},{"not_picked":["somnambulantmod: Reject","somnambulantmod: HeavyLids"],"picked":"somnambulantmod: ShimmeringVeil","floor":6},{"not_picked":["somnambulantmod: TrepanningBlow","somnambulantmod: Ignorance"],"picked":"somnambulantmod: LoseForm","floor":11},{"not_picked":["somnambulantmod: NightHaunts","somnambulantmod: Withdraw"],"picked":"somnambulantmod: SleepParalysis","floor":16},{"not_picked":["somnambulantmod: ShowerThought","somnambulantmod: MuscleMemory"],"picked":"somnambulantmod: BrainFeeder","floor":18}],"player_experience":139993,"relics_obtained":[{"floor":9,"key":"conspire:Dentures"},{"floor":11,"key":"ReplayTheSpireMod:Lightbulb"}],"event_choices":[{"damage_healed":0,"gold_gain":0,"player_choice":"Obtain Plague Curse","damage_taken":0,"max_hp_gain":0,"max_hp_loss":0,"event_name":"Plague Doctor","floor":3,"gold_loss":0,"cards_obtained":["theForsaken:PlagueCurse"]},{"damage_healed":0,"gold_gain":0,"player_choice":"Entered Light","damage_taken":15,"max_hp_gain":0,"max_hp_loss":0,"event_name":"Shining Light","floor":8,"gold_loss":0,"cards_upgraded":["somnambulantmod: Defend_Somnambulant","somnambulantmod: SomnambulantStrike"]},{"damage_healed":0,"gold_gain":0,"player_choice":"Disagree","damage_taken":0,"max_hp_gain":0,"max_hp_loss":0,"event_name":"conspire:LoneGhost","floor":13,"gold_loss":0}],"is_beta":false,"boss_relics":[{"not_picked":["construct:WeddingRing","ReplayTheSpireMod:DimensionalGlitch"],"picked":"theForsaken:PaleLantern"}],"items_purged_floors":[5],"is_endless":false,"potions_floor_spawned":[1],"killed_by":"3 Byrds","ascension_level":0}}