{"host":"792mtbovsoa03nb3","time":1609562048,"event":{"mods":["BaseMod","Colored Map","Curses Come First","Dota2Spire","Downfall","Ekko","Evolution","Hubris","Infinite Spire","Minty Spire (QoL Compilation)","Replay The Spire","Spicy Shops","StSLib","The Blue Laboratory","The Jungle","??????REMEMod"],"gold_per_floor":[118,118,131,8,8,41,116,151,174,208,208,242,256,276,276,276,276],"floor_reached":16,"playtime":861,"items_purged":["Clumsy"],"score":186,"play_id":"46e6ed1a-3770-42a3-a0f9-c959b963fbef","local_time":"20210101203408","is_ascension_mode":true,"campfire_choices":[{"data":"Apotheosis","floor":11,"key":"SMITH"},{"floor":15,"key":"DIG"}],"circlet_count":0,"master_deck":["Iron Wave","Iron Wave","Strike_R","Strike_R","Strike_R","Defend_R","Defend_R","Defend_R","Defend_R","Bash","Pot Of Greed","Apotheosis+1","Twin Strike","Pot Of Greed","Shrug It Off","Bloodletting","Iron Wave","Clash","Replay:Undeath\u0027s Touch"],"relics":["Burning Blood","EVO:Axolotl","REME_ComplimentaryCards","Grinning Jar","hubris:TenFootPole","hubris:HerbalPaste","Dota2Spire:PowerTreads","ReplayTheSpireMod:CursedCoin","Replay:Towering Pillar of Hats","Toy Ornithopter","Pondfish Scales","Dead Branch"],"acts_visited":["Exordium"],"potions_floor_usage":[10,12,12,16,16],"damage_taken":[{"damage":9,"enemies":"Jaw Worm","floor":1,"turns":6},{"damage":0,"enemies":"2 Louse","floor":3,"turns":3},{"damage":44,"enemies":"Gremlin Nob","floor":6,"turns":5},{"damage":41,"enemies":"3 Sentries","floor":8,"turns":11},{"damage":7,"enemies":"Lagavulin","floor":10,"turns":5},{"damage":14,"enemies":"Gremlin Nob","floor":12,"turns":4},{"damage":0,"enemies":"Cultist","floor":13,"turns":3},{"damage":3,"enemies":"Large Slime","floor":14,"turns":5},{"damage":76,"enemies":"Fading Forest","floor":16,"turns":10}],"seed_played":"-8268183764217413247","potions_obtained":[{"floor":1,"key":"blueLaboratory:EntrenchedPotion"},{"floor":6,"key":"blueLaboratory:PhilterOfMotion"},{"floor":8,"key":"ColorlessPotion"},{"floor":12,"key":"PowerPotion"},{"floor":14,"key":"SteroidPotion"}],"is_trial":false,"path_per_floor":["M","?","M","$","?","E","$","E","T","E","R","E","M","M","R_BF","B"],"character_chosen":"IRONCLAD","items_purchased":["hubris:HerbalPaste","Shrug It Off","ReplayTheSpireMod:CursedCoin"],"campfire_rested":0,"item_purchase_floors":[4,4,7],"current_hp_per_floor":[69,66,72,72,72,40,40,11,11,16,16,24,35,44,44,0,0],"gold":276,"neow_bonus":"RANDOM_COMMON_RELIC","is_daily":false,"chose_seed":false,"campfire_upgraded":1,"win_rate":0.0,"timestamp":1609562048,"path_taken":["M","?","M","$","?","E","?","E","T","E","R","E","M","?","R_BF","BOSS"],"items_purchased_type":["Relic","Card","Relic"],"build_version":"2020-12-22","purchased_purges":1,"victory":false,"max_hp_per_floor":[80,80,80,80,80,80,80,80,80,80,80,80,80,80,80,80,80],"card_choices":[{"not_picked":["Battle Trance","ReplayTheSpireMod:Strike From Hell","ReplayTheSpireMod:Corrosion Curse"],"picked":"SKIP","floor":1},{"not_picked":["Sever Soul","Perfected Strike"],"picked":"Twin Strike","floor":3},{"not_picked":["Defy Death","Whirlwind"],"picked":"Bloodletting","floor":6},{"not_picked":["Thunderclap","Berserk"],"picked":"Iron Wave","floor":8},{"not_picked":["Wild Strike","Defy Death","infinitespire:OneForAll"],"picked":"SKIP","floor":10},{"not_picked":["Feed","Combust"],"picked":"Clash","floor":12},{"not_picked":["Ghostly Armor","Cleave","Dropkick"],"picked":"SKIP","floor":13},{"not_picked":["Run Through","Sword Boomerang"],"picked":"Replay:Undeath\u0027s Touch","floor":14}],"player_experience":837116,"relics_obtained":[{"floor":6,"key":"Dota2Spire:PowerTreads"},{"floor":8,"key":"Replay:Towering Pillar of Hats"},{"floor":10,"key":"Toy Ornithopter"},{"floor":12,"key":"Pondfish Scales"},{"floor":15,"key":"Dead Branch"}],"event_choices":[{"damage_healed":0,"gold_gain":0,"player_choice":"Success","damage_taken":3,"relics_obtained":["hubris:TenFootPole"],"max_hp_gain":0,"max_hp_loss":0,"event_name":"Scrap Ooze","floor":2,"gold_loss":0}],"is_beta":false,"boss_relics":[],"items_purged_floors":[7],"is_endless":false,"potions_floor_spawned":[1,6,8,12,14],"killed_by":"Fading Forest","ascension_level":9}}