{"host":"Rich","time":1609600013,"event":{"mods":["AchievementEnabler","BaseMod","Highlight Path","Minty Spire (QoL Compilation)","Relic Stats"],"gold_per_floor":[112,112,8,20,20,51,72,72,72,110,40,64,64,64],"floor_reached":13,"playtime":212,"items_purged":["Strike_P"],"score":236,"play_id":"1f128e8b-816a-4973-992c-a0adbc624989","local_time":"20210102100653","is_ascension_mode":true,"campfire_choices":[{"data":"PathToVictory","floor":8,"key":"SMITH"}],"circlet_count":0,"master_deck":["AscendersBane","Strike_P","Strike_P","Defend_P","Defend_P","Defend_P","Defend_P","Eruption","Vigilance","PathToVictory+1","PathToVictory","Collect"],"relics":["PureWater","NeowsBlessing","Golden Idol","Centennial Puzzle","Letter Opener","Gremlin Horn"],"acts_visited":["Exordium"],"potions_floor_usage":[10],"damage_taken":[{"damage":0,"enemies":"Jaw Worm","floor":1,"turns":1},{"damage":0,"enemies":"Small Slimes","floor":4,"turns":1},{"damage":0,"enemies":"Gremlin Nob","floor":6,"turns":1},{"damage":5,"enemies":"2 Louse","floor":7,"turns":2},{"damage":15,"enemies":"3 Sentries","floor":10,"turns":4},{"damage":1,"enemies":"Looter","floor":12,"turns":2},{"damage":42,"enemies":"Gremlin Nob","floor":13,"turns":3}],"seed_played":"-7526172308103294488","potions_obtained":[{"floor":7,"key":"SkillPotion"},{"floor":12,"key":"FearPotion"}],"is_trial":false,"path_per_floor":["M","?","$","M","?","E","M","R","T","E","?","M","E"],"character_chosen":"WATCHER","items_purchased":["PathToVictory"],"campfire_rested":0,"item_purchase_floors":[3],"current_hp_per_floor":[61,54,54,54,54,54,49,49,49,34,34,33,0,0],"gold":64,"neow_bonus":"THREE_ENEMY_KILL","is_daily":false,"chose_seed":false,"campfire_upgraded":1,"win_rate":0.0,"timestamp":1609600013,"path_taken":["M","?","$","M","?","E","M","R","T","E","?","M","E"],"items_purchased_type":["Card"],"build_version":"2020-12-18","purchased_purges":1,"victory":false,"max_hp_per_floor":[68,68,68,68,62,62,62,62,62,62,62,62,62,62],"relic_stats":{"Centennial Puzzle":[12],"Gremlin Horn":[0,0],"counters":[7,14],"Golden Idol":23,"Letter Opener":[35],"obtain_stats":[{"Centennial Puzzle":6,"NeowsBlessing":0,"Gremlin Horn":10,"Golden Idol":5,"Letter Opener":9,"PureWater":0},{"Centennial Puzzle":3,"NeowsBlessing":0,"Gremlin Horn":5,"Golden Idol":2,"Letter Opener":4,"PureWater":0},{"Centennial Puzzle":3,"NeowsBlessing":0,"Gremlin Horn":9,"Golden Idol":2,"Letter Opener":5,"PureWater":0}]},"card_choices":[{"not_picked":["SashWhip","CutThroughFate"],"picked":"PathToVictory","floor":1},{"not_picked":["Halt","ClearTheMind","JustLucky"],"picked":"SKIP","floor":4},{"not_picked":["WheelKick","FollowUp","JustLucky"],"picked":"SKIP","floor":6},{"not_picked":["ClearTheMind","FlurryOfBlows","Halt"],"picked":"SKIP","floor":7},{"not_picked":["Consecrate","Blasphemy","CrushJoints"],"picked":"SKIP","floor":10},{"not_picked":["FlyingSleeves","JustLucky"],"picked":"Collect","floor":12}],"player_experience":1953697,"relics_obtained":[{"floor":6,"key":"Centennial Puzzle"},{"floor":9,"key":"Letter Opener"},{"floor":10,"key":"Gremlin Horn"}],"event_choices":[{"cards_removed":["Strike_P"],"damage_healed":0,"gold_gain":0,"player_choice":"Card Removal","damage_taken":7,"max_hp_gain":0,"max_hp_loss":0,"event_name":"Golden Wing","floor":2,"gold_loss":0},{"damage_healed":0,"gold_gain":0,"player_choice":"Lose Max HP","damage_taken":0,"relics_obtained":["Golden Idol"],"max_hp_gain":0,"max_hp_loss":6,"event_name":"Golden Idol","floor":5,"gold_loss":0},{"damage_healed":0,"gold_gain":0,"player_choice":"Left Gold","damage_taken":0,"max_hp_gain":0,"max_hp_loss":0,"event_name":"World of Goop","floor":11,"gold_loss":70}],"is_beta":true,"boss_relics":[],"items_purged_floors":[3],"is_endless":false,"potions_floor_spawned":[7,12],"killed_by":"Gremlin Nob","ascension_level":20}}