{"host":"m6aaltr68g9tvoay","time":1609630577,"event":{"mods":["AchievementEnabler","BaseMod","Colored Map","Minty Spire (QoL Compilation)","StSLib"],"gold_per_floor":[112,58,70,35,54,54,81,93,93,93,93,120,120,120,120,120,120],"floor_reached":16,"playtime":290,"items_purged":[],"score":205,"play_id":"4c7da44e-a511-4610-89f4-6df0e039806f","local_time":"20210102153617","is_ascension_mode":true,"campfire_choices":[{"data":"Uppercut","floor":6,"key":"SMITH"},{"floor":10,"key":"REST"},{"data":"Flame Barrier","floor":15,"key":"SMITH"}],"circlet_count":0,"master_deck":["AscendersBane","Strike_R","Strike_R","Strike_R","Strike_R","Defend_R","Defend_R","Defend_R","Defend_R","Bash","Cleave","Flex","Uppercut+1","Flame Barrier+1","Shrug It Off"],"relics":["Burning Blood","Vajra","Sundial","Mercury Hourglass","White Beast Statue","Boot"],"acts_visited":["Exordium"],"potions_floor_usage":[12,12],"damage_taken":[{"damage":6,"enemies":"Cultist","floor":1,"turns":3},{"damage":7,"enemies":"2 Louse","floor":3,"turns":2},{"damage":12,"enemies":"Jaw Worm","floor":5,"turns":2},{"damage":30,"enemies":"Gremlin Nob","floor":7,"turns":4},{"damage":11,"enemies":"Looter","floor":8,"turns":2},{"damage":30,"enemies":"Lagavulin","floor":12,"turns":5},{"damage":31,"enemies":"Hexaghost","floor":16,"turns":10}],"seed_played":"-7512523813721671298","potions_obtained":[{"floor":3,"key":"Regen Potion"},{"floor":7,"key":"BlessingOfTheForge"}],"is_trial":false,"path_per_floor":["M","$","M","?","M","R","E","M","T","R","?","E","?","?","R","B"],"character_chosen":"IRONCLAD","items_purchased":["Flex"],"campfire_rested":1,"item_purchase_floors":[2],"current_hp_per_floor":[68,68,67,75,69,69,45,40,40,62,62,47,47,29,29,0,0],"gold":120,"neow_bonus":"RANDOM_COMMON_RELIC","is_daily":false,"chose_seed":false,"campfire_upgraded":2,"win_rate":0.0,"timestamp":1609630577,"path_taken":["M","$","?","?","M","R","E","M","T","R","?","E","?","?","R","BOSS"],"items_purchased_type":["Card"],"build_version":"2020-12-22","purchased_purges":0,"victory":false,"max_hp_per_floor":[75,75,75,75,75,75,75,75,75,75,75,75,75,75,75,75,75],"card_choices":[{"not_picked":["Pummel","Wild Strike"],"picked":"Cleave","floor":1},{"not_picked":["Armaments","Reckless Charge"],"picked":"Uppercut","floor":3},{"not_picked":["Wild Strike","Sever Soul","Berserk"],"picked":"SKIP","floor":5},{"not_picked":["Ghostly Armor","Anger"],"picked":"Flame Barrier","floor":7},{"not_picked":["Cleave","Body Slam","Sever Soul"],"picked":"SKIP","floor":8},{"not_picked":["Havoc","Headbutt","Perfected Strike"],"picked":"SKIP","floor":12}],"player_experience":1328825,"relics_obtained":[{"floor":7,"key":"Sundial"},{"floor":9,"key":"Mercury Hourglass"},{"floor":12,"key":"White Beast Statue"}],"event_choices":[{"damage_healed":18,"gold_gain":0,"player_choice":"Healed","damage_taken":0,"max_hp_gain":0,"max_hp_loss":0,"event_name":"The Cleric","floor":4,"gold_loss":35},{"damage_healed":0,"gold_gain":0,"player_choice":"Ignored","damage_taken":0,"max_hp_gain":0,"max_hp_loss":0,"event_name":"Shining Light","floor":11,"gold_loss":0},{"damage_healed":0,"gold_gain":0,"cards_transformed":["Strike_R"],"player_choice":"Change","damage_taken":0,"max_hp_gain":0,"max_hp_loss":0,"event_name":"Living Wall","floor":13,"gold_loss":0,"cards_obtained":["Shrug It Off"]},{"damage_healed":0,"gold_gain":0,"player_choice":"Success","damage_taken":18,"relics_obtained":["Boot"],"max_hp_gain":0,"max_hp_loss":0,"event_name":"Scrap Ooze","floor":14,"gold_loss":0}],"is_beta":false,"boss_relics":[],"items_purged_floors":[],"is_endless":false,"potions_floor_spawned":[3,7,8],"killed_by":"Hexaghost","ascension_level":18}}