{"host":"on8rz1ayhhz269sg","time":1609557791,"event":{"mods":["BaseMod","Hermit","Minty Spire (QoL Compilation)","StSLib","The Cursed"],"gold_per_floor":[361,376,389,404,42,52,52,69,69,69,93,63,11,30,30,150,150,169,184,197,54,73,73,91,91,91,91,115,115,115,131,131,257,257,273,297,60,78,93,131,131,151,151,151,151,199,46,46,46,46,46],"floor_reached":50,"playtime":3713,"items_purged":["Writhe"],"score":520,"play_id":"4d6b7136-3e2b-429c-8aa4-2692ab42ef3c","local_time":"20210102112311","is_ascension_mode":false,"campfire_choices":[{"floor":7.0,"key":"REST"},{"floor":15.0,"key":"REST"},{"floor":23.0,"key":"REST"},{"data":"Creative AI","floor":27.0,"key":"SMITH"},{"floor":29.0,"key":"REST"},{"floor":32.0,"key":"REST"},{"floor":41,"key":"REST"},{"floor":49,"key":"REST"}],"circlet_count":0,"master_deck":["Strike_B","Strike_B","Defend_B","Defend_B","Zap","Dualcast","Go for the Eyes","Loop","Conserve Battery","Static Discharge","Storm","Melter","Sweeping Beam","White Noise","Buffer","Injury","Doom and Gloom","Stack","Auto Shields","Creative AI+1","CurseOfTheBell","Aggregate","Hologram+1","Steam+1","Capacitor+1","Storm","Streamline+1","Buffer","Meteor Strike+1","Undo+1","Seek+1","Loop","Storm+1","Self Repair","Ball Lightning","Barrage+1","Ball Lightning+1","Thunder Strike","Cold Snap","Loop"],"relics":["Cracked Core","Chemical X","HornCleat","Golden Idol","Calling Bell","Art of War","Question Card","Du-Vu Doll","Vajra","Bottled Lightning","Potion Belt","Astrolabe","Sling","Torii","Sundial","Ancient Tea Set"],"acts_visited":["TheBeyond"],"potions_floor_usage":[39,50],"damage_taken":[{"damage":10.0,"enemies":"Small Slimes","floor":1.0,"turns":2.0},{"damage":5.0,"enemies":"2 Louse","floor":2.0,"turns":2.0},{"damage":4.0,"enemies":"Cultist","floor":3.0,"turns":5.0},{"damage":12.0,"enemies":"Looter","floor":4.0,"turns":3.0},{"damage":20.0,"enemies":"Exordium Thugs","floor":6.0,"turns":4.0},{"damage":4.0,"enemies":"Lots of Slimes","floor":8.0,"turns":4.0},{"damage":0.0,"enemies":"Looter","floor":11.0,"turns":3.0},{"damage":0.0,"enemies":"2 Fungi Beasts","floor":14.0,"turns":4.0},{"damage":29.0,"enemies":"Slime Boss","floor":16.0,"turns":14.0},{"damage":10.0,"enemies":"Chosen","floor":18.0,"turns":8.0},{"damage":0.0,"enemies":"Spheric Guardian","floor":19.0,"turns":3.0},{"damage":32.0,"enemies":"Snake Plant","floor":20.0,"turns":4.0},{"damage":17.0,"enemies":"Centurion and Healer","floor":22.0,"turns":8.0},{"damage":23.0,"enemies":"Chosen and Byrds","floor":24.0,"turns":7.0},{"damage":16.0,"enemies":"Shelled Parasite and Fungi","floor":28.0,"turns":5.0},{"damage":0.0,"enemies":"Snecko","floor":31.0,"turns":7.0},{"damage":41.0,"enemies":"Champ","floor":33.0,"turns":9.0},{"damage":8,"enemies":"3 Darklings","floor":35,"turns":3},{"damage":18,"enemies":"3 Shapes","floor":36,"turns":3},{"damage":34,"enemies":"Jaw Worm Horde","floor":38,"turns":2},{"damage":0,"enemies":"3 Darklings","floor":39,"turns":3},{"damage":11,"enemies":"Nemesis","floor":40,"turns":7},{"damage":12,"enemies":"Transient","floor":42,"turns":5},{"damage":56,"enemies":"Time Eater","floor":50,"turns":5}],"seed_played":"7067444131490320122","potions_obtained":[{"floor":1.0,"key":"Block Potion"},{"floor":6.0,"key":"Block Potion"},{"floor":8.0,"key":"Dexterity Potion"},{"floor":12.0,"key":"CultistPotion"},{"floor":12.0,"key":"Explosive Potion"},{"floor":14.0,"key":"EssenceOfSteel"},{"floor":16.0,"key":"Swift Potion"},{"floor":20.0,"key":"LiquidMemories"},{"floor":24.0,"key":"FearPotion"},{"floor":28.0,"key":"GamblersBrew"},{"floor":38,"key":"AttackPotion"},{"floor":42,"key":"ColorlessPotion"}],"is_trial":false,"path_per_floor":["M","M","M","M","$","M","R","M","T","?","M","?","$","M","R","B",null,"M","M","M","$","M","R","M","?","T","R","M","R","T","M","R","B",null,"M","M","$","M","M","E","R","M","T","?","?","T","$","T","R","B"],"character_chosen":"DEFECT","items_purchased":["Storm","Melter","Chemical X","Sweeping Beam","Stack","Vajra","Self Repair","Sling","Ball Lightning","Loop"],"campfire_rested":7,"item_purchase_floors":[5,5,5,5,13,21,37,37,37,47],"current_hp_per_floor":[65,60,56,44,44,24,46,42,42,42,42,42,42,42,64,35,75,65,65,33,33,16,38,15,40,40,40,24,46,46,46,68,27,75,67,49,49,15,15,11,33,28,28,28,28,28,28,28,50,0,0],"gold":46,"neow_bonus":"TWO_FIFTY_GOLD","is_daily":false,"chose_seed":false,"campfire_upgraded":1,"win_rate":0.0,"timestamp":1609557791,"path_taken":["M","M","M","M","$","M","R","M","T","?","M","?","$","?","R","BOSS","M","M","M","$","M","R","M","?","T","R","M","R","?","?","R","BOSS","M","M","$","M","M","E","R","M","T","?","?","?","$","?","R","BOSS"],"items_purchased_type":["Card","Card","Relic","Card","Card","Relic","Card","Relic","Card","Card"],"build_version":"2020-12-22","purchased_purges":1,"victory":false,"max_hp_per_floor":[75,75,75,75,75,75,75,75,75,75,75,75,75,75,75,75,75,75,75,75,75,75,75,75,75,75,75,75,75,75,75,75,75,75,75,75,75,75,75,75,75,75,75,75,75,75,75,75,75,75,75],"card_choices":[{"not_picked":["Streamline","Turbo"],"picked":"Go for the Eyes","floor":1.0},{"not_picked":["Sweeping Beam","Rebound"],"picked":"Loop","floor":2.0},{"not_picked":["Double Energy","Coolheaded"],"picked":"Conserve Battery","floor":3.0},{"not_picked":["Gash","Glacier"],"picked":"Static Discharge","floor":4.0},{"not_picked":["Turbo","Lockon"],"picked":"White Noise","floor":6.0},{"not_picked":["Sweeping Beam","Double Energy"],"picked":"Buffer","floor":8.0},{"not_picked":["Double Energy","Compile Driver"],"picked":"Doom and Gloom","floor":11.0},{"not_picked":["Hologram","Force Field"],"picked":"Auto Shields","floor":14.0},{"not_picked":["Seek","Multi-Cast"],"picked":"Creative AI","floor":16.0},{"not_picked":["Coolheaded","Conserve Battery","Barrage"],"picked":"Aggregate","floor":18.0},{"not_picked":["Streamline","Consume","Sweeping Beam"],"picked":"Hologram+1","floor":19.0},{"not_picked":["Conserve Battery","Leap","Rainbow"],"picked":"Steam+1","floor":20.0},{"not_picked":["Coolheaded","BootSequence+1","Sweeping Beam"],"picked":"Capacitor+1","floor":22.0},{"not_picked":["Hologram","Reprogram+1","Steam"],"picked":"Storm","floor":24.0},{"not_picked":["Stack","Meteor Strike","Go for the Eyes"],"picked":"Streamline+1","floor":28.0},{"not_picked":["Compile Driver","Redo","Turbo","Hologram"],"picked":"SKIP","floor":31.0},{"not_picked":["Core Surge","Rainbow","Hyperbeam"],"picked":"Buffer","floor":33.0},{"not_picked":["Hologram","Heatsinks","Skim+1"],"picked":"Loop","floor":35},{"not_picked":["Rebound","Beam Cell","Cold Snap+1"],"picked":"Storm+1","floor":36},{"not_picked":["Heatsinks","Steam","Sweeping Beam+1"],"picked":"Barrage+1","floor":38},{"not_picked":["Go for the Eyes+1","Beam Cell+1","Coolheaded"],"picked":"Ball Lightning+1","floor":39},{"not_picked":["Ball Lightning","Genetic Algorithm","Scrape+1"],"picked":"Thunder Strike","floor":40},{"not_picked":["Redo+1","Blizzard+1","Turbo"],"picked":"Cold Snap","floor":42}],"player_experience":131530,"relics_obtained":[{"floor":9.0,"key":"HornCleat"},{"floor":17.0,"key":"Art of War"},{"floor":17.0,"key":"Question Card"},{"floor":17.0,"key":"Du-Vu Doll"},{"floor":26.0,"key":"Bottled Lightning"},{"floor":30.0,"key":"Potion Belt"},{"floor":40,"key":"Torii"},{"floor":43,"key":"Sundial"},{"floor":46,"key":"Ancient Tea Set"}],"event_choices":[{"damage_healed":0.0,"max_hp_gain":0.0,"max_hp_loss":0.0,"gold_gain":0.0,"event_name":"Golden Idol","player_choice":"Take Wound","floor":10.0,"gold_loss":0.0,"damage_taken":0.0,"relics_obtained":["Golden Idol"],"cards_obtained":["Injury"]},{"damage_healed":0.0,"max_hp_gain":0.0,"max_hp_loss":0.0,"gold_gain":0.0,"event_name":"The Woman in Blue","player_choice":"Bought 2 Potions","floor":12.0,"gold_loss":0.0,"damage_taken":0.0},{"damage_healed":25.0,"max_hp_gain":0.0,"max_hp_loss":0.0,"gold_gain":0.0,"event_name":"The Library","player_choice":"Heal","floor":25.0,"gold_loss":0.0,"damage_taken":0.0},{"damage_healed":0,"gold_gain":0,"player_choice":"Ignored","damage_taken":0,"max_hp_gain":0,"max_hp_loss":0,"event_name":"Mysterious Sphere","floor":44,"gold_loss":0},{"cards_removed":["Defend_B"],"damage_healed":0,"gold_gain":0,"player_choice":"Removed Skill","damage_taken":0,"max_hp_gain":0,"max_hp_loss":0,"event_name":"Falling","floor":45,"gold_loss":0}],"is_beta":false,"boss_relics":[{"not_picked":["Pandora\u0027s Box","Snecko Eye"],"picked":"Calling Bell"},{"not_picked":["Busted Crown","Black Star"],"picked":"Astrolabe"}],"items_purged_floors":[47],"is_endless":false,"potions_floor_spawned":[1,6,8,14,16,20,24,28,38,42],"killed_by":"Time Eater","ascension_level":0}}