{"host":"nx6ib2o6hmd449ys","time":1609579335,"event":{"mods":["2.2 Compatiblity","Act Like it!","Arknights The Spire","Aspiration","BaseMod","Better Silent Start","Better Third Choice","BetterRewards","CCEM","Chen","Conjunction","Conspire","Downfall","Eldritch Tears","Elementarium","Energized Spire","Fireblade Mod","Friendly Minions","Gensokyo","GifTheSpireLib","GungeonMod","Halation","Hallownest","HornydragonMod","Hubris","Infinite Spire","Jedi Mod","Marisa????????","Menagerie","Mimic Mod","Minty Spire (QoL Compilation)","MostiFishMod","Quick Restart","Rare Cards Sparkle","RatMod","Replay The Spire","RumiaBox-????????","Shop Mod","Small Relic Pack","Spicy Shops","Spikes Relics","StSLib","Stuff the Spire","TestMod","The Bladedancer","The Blue Laboratory","The Caster","The Clintock","The Dragon Tamer","The Exalted","The Factory","The Jungle","The Marked","The Runesmith","TheWitcher","Thrall Mod","Wandering Minibosses","Yakumo Yukari mod","[IsaacMod]????","noobMod","sanctuary","vexMod","??????REMEMod"],"gold_per_floor":[24,123,149,172,194,235,283,42,51,94,19,19,303,341,362,472,472,472,495,517,517,526,526,526,417,472,472,507,522,547,571,596,707,707,707,729,729,729,749,769,821,830,855,875,924,959,651,651,670,670,670,699,414,414,414],"floor_reached":56,"playtime":2812,"items_purged":["hubris:Despair","Writhe"],"score":1794,"play_id":"17947036-cf37-459b-ae58-f87cb150e60b","local_time":"20210102102215","is_ascension_mode":true,"campfire_choices":[{"floor":1.0,"key":"DIG"},{"floor":11.0,"key":"REST"},{"floor":18.0,"key":"RECALL"},{"data":"Specialist","floor":54,"key":"SMITH"}],"circlet_count":0,"master_deck":["Guardian:Strike_Guardian","Guardian:Strike_Guardian","Guardian:Strike_Guardian","Guardian:Strike_Guardian","Guardian:Defend_Guardian","Guardian:Defend_Guardian","Guardian:Defend_Guardian","Guardian:Defend_Guardian","Guardian:CurlUp","Guardian:TwinSlam","PropBag+1","Guardian:SpikerProtocol","Guardian:ChargeCore","Gensokyo:CrescentMoonSlash","Guardian:FloatingOrbs+1","Gensokyo:SummonFieryMouse","Guardian:PrismaticBeam","Guardian:Reroute","Guardian:EvasiveProtocol","Guardian:TimeSifter","Guardian:Reroute+1","Guardian:PrimingBeam","Guardian:MultiBeam","Guardian:CrystalBeam+1","Guardian:WalkerClaw+1","Guardian:HyperBeam_Guardian","Guardian:Emergency+1","Guardian:TimeCapacitor+1","REME_Flogging","expansioncontent:StudyTheSpire","Specialist+1"],"relics":["Guardian:ModeShifter","HushsDoor","DaveBox","testmod-TestBox","ice","REME_ComplimentaryCards","SteamSale","ChiXiaoBlade","testmod-RealStoneCalender","Sling","CeramicFish","Replay:Multitool","Diplopia","StuffTheSpire:CocoNut","Lee\u0027s Waffle","Chemical X","conspire:BottledYoYo","ats:Originium","Replay:Towering Pillar of Hats","Dodecahedron","Runesmith:Locket","downfall:HeartBlessingGreen","CCEMRelics:GrindingGear","Gensokyo:Companionship","DemoMod:MeltedRock","ExusiaiGun","halation:PinkSoulGem","Nunchaku","halation:LostSnail","CCEMRelics:GreenEgg","MagicDraw2","downfall:HeartBlessingRed","downfall:HeartBlessingBlue","Smiling Mask","testmod-IndustrialRevolution","Darkstone Periapt","MagicMushroom","halation:KoshaPiece","Ccalipers","Juzu Bracelet","infinitespire:Magic Flask","BelialBook","GodSword1","halation:LettersToHer","Anchor","hubris:SlimyHat","ReplayFunnel"],"acts_visited":["Gensokyo:Gensokyo","TheCity","TheBeyond","TheEnding"],"potions_floor_usage":[39],"damage_taken":[{"damage":0.0,"enemies":"Gensokyo:Python","floor":2.0,"turns":2.0},{"damage":0.0,"enemies":"Gensokyo:3_Fairies","floor":3.0,"turns":2.0},{"damage":6.0,"enemies":"Gensokyo:Gryphon","floor":4.0,"turns":3.0},{"damage":3.0,"enemies":"Gensokyo:VengefulSpirit","floor":5.0,"turns":3.0},{"damage":1.0,"enemies":"Gensokyo:Cirno","floor":6.0,"turns":5.0},{"damage":1.0,"enemies":"Gensokyo:Gryphon_and_Rabbit","floor":7.0,"turns":4.0},{"damage":2.0,"enemies":"Gensokyo:Mamizou","floor":10.0,"turns":5.0},{"damage":17.0,"enemies":"Gensokyo:Gryphon_and_Rabbit","floor":13.0,"turns":4.0},{"damage":0.0,"enemies":"Gensokyo:Aya","floor":14.0,"turns":3.0},{"damage":4.0,"enemies":"Gensokyo:Python_and_Kodama","floor":15.0,"turns":3.0},{"damage":5.0,"enemies":"downfall:Watcher","floor":16.0,"turns":5.0},{"damage":0.0,"enemies":"Chosen","floor":19.0,"turns":2.0},{"damage":0.0,"enemies":"Spheric Guardian","floor":20.0,"turns":1.0},{"damage":0.0,"enemies":"Slavers","floor":28.0,"turns":1.0},{"damage":0.0,"enemies":"Centurion and Healer","floor":29.0,"turns":2.0},{"damage":0.0,"enemies":"Book of Stabbing","floor":30.0,"turns":2.0},{"damage":0.0,"enemies":"3 Cultists","floor":31.0,"turns":2.0},{"damage":13,"enemies":"conspire:HollyBat","floor":32,"turns":6},{"damage":12,"enemies":"downfall:Silent","floor":33,"turns":3},{"damage":0,"enemies":"Orb Walker","floor":36,"turns":1},{"damage":0,"enemies":"3 Shapes","floor":39,"turns":1},{"damage":0,"enemies":"Maw","floor":40,"turns":2},{"damage":0,"enemies":"Nemesis","floor":43,"turns":1},{"damage":0,"enemies":"Writhing Mass","floor":44,"turns":1},{"damage":0,"enemies":"2 Orb Walkers","floor":45,"turns":1},{"damage":0,"enemies":"Giant Head","floor":46,"turns":2},{"damage":0,"enemies":"downfall:FleeingMerchant","floor":47,"turns":2},{"damage":0,"enemies":"Jaw Worm Horde","floor":49,"turns":1},{"damage":0,"enemies":"downfall:Ironclad","floor":50,"turns":3},{"damage":0,"enemies":"downfall:CharBossMerchant","floor":52,"turns":2},{"damage":1,"enemies":"downfall:NeowBoss","floor":55,"turns":12}],"seed_played":"-4640300659358230924","potions_obtained":[{"floor":13.0,"key":"Explosive Potion"},{"floor":14.0,"key":"AttackPotion"},{"floor":28.0,"key":"Guardian:DefensiveModePotion"},{"floor":43,"key":"Fire Potion"},{"floor":46,"key":"SpeedPotion"}],"is_trial":false,"path_per_floor":["R","M","M","M","M","E","MIM","COS","?","E","R","?","M","E","M","B",null,"R","M","M","?","?","AVR","T","R","T","R","E","M","E","M","M","B",null,"R","M","?","T","M","M","T","R","E","M","?","E","$","?","M","B",null,"E","$","R","B",null],"character_chosen":"GUARDIAN","items_purchased":["Sling","CeramicFish","Replay:Multitool","StuffTheSpire:CocoNut","Lee\u0027s Waffle","Chemical X","GodSword1","halation:LettersToHer","REME_Flogging","hubris:SlimyHat","expansioncontent:StudyTheSpire","ReplayFunnel","Specialist"],"campfire_rested":1,"item_purchase_floors":[0,0,0,0,0,0,47,47,47,53,53,53,53],"current_hp_per_floor":[94,94,94,88,85,84,83,83,69,67,94,79,62,68,64,59,94,94,94,94,94,94,94,94,89,89,104,104,104,104,104,91,79,111,111,111,111,111,111,111,111,111,111,111,111,111,111,111,111,111,111,111,111,111,110],"gold":414,"neow_bonus":"","is_daily":false,"chose_seed":false,"campfire_upgraded":1,"win_rate":0.0,"timestamp":1609579335,"path_taken":["R","M","M","M","M","E","MIM","COS","?","E","R","?","M","E","M","BOSS","R","M","M","?","?","AVR","T","R","?","R","E","M","E","?","M","BOSS","R","M","?","?","M","M","T","R","E","M","?","E","$","?","M","BOSS","E","$","R","BOSS"],"items_purchased_type":["Relic","Relic","Relic","Relic","Relic","Relic","Relic","Relic","Card","Relic","Card","Relic","Card"],"build_version":"2020-12-13","purchased_purges":2,"victory":true,"max_hp_per_floor":[94,94,94,94,94,94,94,94,94,94,94,94,94,94,94,94,94,94,94,94,94,94,94,94,104,104,104,104,104,104,104,104,104,111,111,111,111,111,111,111,111,111,111,111,111,111,111,111,111,111,111,111,111,111,111],"card_choices":[{"not_picked":[],"picked":"ChaosCard","floor":0.0},{"not_picked":["Guardian:Gem_Green","Guardian:Recover"],"picked":"Guardian:Gem_Red","floor":2.0},{"not_picked":["Guardian:Incinerate","Guardian:Gem_Green"],"picked":"Guardian:Gem_Lightblue","floor":3.0},{"not_picked":["Guardian:Gem_Purple","Guardian:ConstructionForm"],"picked":"Guardian:SpikerProtocol","floor":4.0},{"not_picked":["Guardian:PrimingBeam","Guardian:RollAttack"],"picked":"Guardian:Gem_Purple","floor":5.0},{"not_picked":["Guardian:DecasProtection","Guardian:SphericShield"],"picked":"Guardian:Gem_Fragmented","floor":6.0},{"not_picked":["Guardian:Gem_Lightblue","Guardian:TimeBomb"],"picked":"Guardian:ChargeCore","floor":7.0},{"not_picked":["Guardian:Preprogram","Guardian:PrismaticBarrier"],"picked":"Guardian:FloatingOrbs","floor":10.0},{"not_picked":["Guardian:ChargeCore","Guardian:Gem_Cyan"],"picked":"Guardian:PrismaticBeam","floor":13.0},{"not_picked":["Guardian:StasisStrike","Guardian:CrystalBeam"],"picked":"Guardian:Reroute","floor":14.0},{"not_picked":["Guardian:Gem_Green","Guardian:PiercingHide"],"picked":"Guardian:EvasiveProtocol","floor":15.0},{"not_picked":["Guardian:ExploitGems","Guardian:StasisStrike"],"picked":"Guardian:TimeSifter","floor":16.0},{"not_picked":["Guardian:GuardianWhirl","Guardian:PiercingHide"],"picked":"Guardian:Reroute+1","floor":19.0},{"not_picked":["Guardian:Reroute+1","Guardian:Gem_Cyan"],"picked":"Guardian:PrimingBeam","floor":20.0},{"not_picked":["Guardian:DecasProtection","Guardian:PrismaticBeam"],"picked":"Guardian:MultiBeam","floor":28.0},{"not_picked":["Guardian:Gem_Green","Guardian:ShieldCharger","Guardian:Gem_Cyan"],"picked":"SKIP","floor":29.0},{"not_picked":["Guardian:TemporalStrike","Guardian:ShieldSpikes","Guardian:PrismaticBeam"],"picked":"SKIP","floor":30.0},{"not_picked":["Guardian:ShieldCharger","Guardian:PiercingHide"],"picked":"Guardian:CrystalBeam+1","floor":31.0},{"not_picked":["Guardian:PrimingBeam","Guardian:Harden"],"picked":"Guardian:WalkerClaw+1","floor":32},{"not_picked":["Guardian:ExploitGems","Guardian:RevengeProtocol"],"picked":"Guardian:HyperBeam_Guardian","floor":33},{"not_picked":["Guardian:PrismaticBarrier","Guardian:PiercingHide"],"picked":"Guardian:Emergency+1","floor":36},{"not_picked":["Guardian:DecasProtection+1","Guardian:Planning","Guardian:WalkerClaw+1"],"picked":"SKIP","floor":39},{"not_picked":["Guardian:Planning","Guardian:RollAttack+1"],"picked":"Guardian:Gem_Red","floor":40},{"not_picked":["Guardian:PrimingBeam","Guardian:PrismaticBarrier","Guardian:ShieldSpikes+1"],"picked":"SKIP","floor":43},{"not_picked":["Guardian:ShieldCharger","Guardian:Recover+1","Guardian:PrimingBeam+1"],"picked":"SKIP","floor":44},{"not_picked":["Guardian:Gem_Blue","Guardian:PrismaticBarrier"],"picked":"Guardian:TimeCapacitor+1","floor":46},{"not_picked":["Guardian:TemporalStrike","Guardian:Gem_Cyan","Guardian:AncientConstruct"],"picked":"SKIP","floor":47},{"not_picked":["Guardian:RollAttack+1","Guardian:Preprogram","Guardian:PiercingHide"],"picked":"SKIP","floor":49},{"not_picked":["Guardian:Gem_Orange","Guardian:BronzeArmor+1","Guardian:Incinerate"],"picked":"SKIP","floor":52}],"player_experience":399750,"relics_obtained":[{"floor":1.0,"key":"conspire:BottledYoYo"},{"floor":6.0,"key":"ats:Originium"},{"floor":6.0,"key":"Replay:Towering Pillar of Hats"},{"floor":10.0,"key":"ats:Originium"},{"floor":10.0,"key":"Runesmith:Locket"},{"floor":14.0,"key":"ats:Originium"},{"floor":14.0,"key":"DemoMod:MeltedRock"},{"floor":24.0,"key":"MagicDraw2"},{"floor":26.0,"key":"Smiling Mask"},{"floor":28.0,"key":"testmod-IndustrialRevolution"},{"floor":30.0,"key":"Darkstone Periapt"},{"floor":38,"key":"halation:KoshaPiece"},{"floor":41,"key":"Ccalipers"},{"floor":43,"key":"Juzu Bracelet"},{"floor":45,"key":"infinitespire:Magic Flask"},{"floor":46,"key":"BelialBook"},{"floor":52,"key":"Anchor"}],"event_choices":[{"damage_healed":0,"gold_gain":0,"player_choice":"Upgraded","damage_taken":0,"max_hp_gain":0,"max_hp_loss":0,"event_name":"Upgrade Shrine","floor":37,"gold_loss":0,"cards_upgraded":["PropBag"]},{"damage_healed":0,"gold_gain":0,"player_choice":"Fight","damage_taken":0,"max_hp_gain":0,"max_hp_loss":0,"event_name":"Mysterious Sphere","floor":45,"gold_loss":0}],"is_beta":false,"boss_relics":[{"not_picked":["Astrolabe","Bromod:ArcaneBarrier"],"picked":"ExusiaiGun"},{"not_picked":[]},{"not_picked":["Transparent","hubris:ScarierMask"],"picked":"MagicMushroom"},{"not_picked":[]}],"items_purged_floors":[0,47],"is_endless":false,"potions_floor_spawned":[13,14,15,16,19,28,43,46],"ascension_level":4}}