{"host":"at64dhdf9kc8hjax","time":1609571808,"event":{"mods":["Act Like it!","BaseMod","Dota2Spire","Friendly Minions","Gensokyo","Highlight Path","Minty Spire (QoL Compilation)","Quick Restart","RumiaBox-露米娅的神秘盒子","Spicy Shops","StSLib","SuperFastMode","【遗物卡牌】REMEMod"],"gold_per_floor":[109,127,302,321,321,321,351,351,400,400,400,400,434,453,453,557,557,569,844,864,864,864],"floor_reached":21,"playtime":1399,"items_purged":[],"score":299,"play_id":"e6544119-d533-4eea-ad9e-3fd49aa30a91","local_time":"20210102151648","is_ascension_mode":true,"campfire_choices":[{"data":"Prepared","floor":6.0,"key":"SMITH"},{"data":"Neutralize","floor":8.0,"key":"SMITH"},{"floor":10.0,"key":"REST"},{"data":"Underhanded Strike","floor":12.0,"key":"SMITH"},{"floor":15.0,"key":"REST"}],"circlet_count":0,"master_deck":["AscendersBane","Strike_G","Strike_G","Strike_G","Strike_G","Strike_G","Defend_G","Defend_G","Defend_G","Defend_G","Defend_G","Survivor","Neutralize+1","REME_GreenPollution","Prepared+1","Dagger Throw","Underhanded Strike+1","Endless Agony","Terror","Burst","Regret"],"relics":["Ring of the Snake","REME_ComplimentaryCards","Dream Catcher","Dota2Spire:ArcaneBoots","REME_PoisonedDagger","Dota2Spire:MagicBottle","HoveringKite"],"acts_visited":["Exordium","TheCity"],"potions_floor_usage":[20],"damage_taken":[{"damage":2.0,"enemies":"Small Slimes","floor":1.0,"turns":8.0},{"damage":0.0,"enemies":"2 Louse","floor":2.0,"turns":5.0},{"damage":4.0,"enemies":"Jaw Worm","floor":4.0,"turns":6.0},{"damage":41.0,"enemies":"Lagavulin","floor":7.0,"turns":8.0},{"damage":18.0,"enemies":"Gremlin Nob","floor":13.0,"turns":4.0},{"damage":2.0,"enemies":"Gremlin Gang","floor":14.0,"turns":5.0},{"damage":3.0,"enemies":"The Guardian","floor":16.0,"turns":9.0},{"damage":16.0,"enemies":"Spheric Guardian","floor":18.0,"turns":4.0},{"damage":28,"enemies":"2 Thieves","floor":20,"turns":4},{"damage":34,"enemies":"Cultist and Chosen","floor":21,"turns":6}],"seed_played":"-8335093513199647502","potions_obtained":[{"floor":4.0,"key":"Dota2Spire:Clarity"},{"floor":7.0,"key":"EssenceOfSteel"},{"floor":13.0,"key":"DistilledChaos"},{"floor":16.0,"key":"PowerPotion"}],"is_trial":false,"path_per_floor":["M","M","?","M","?","R","E","R","T","R","?","R","E","M","R","B",null,"M","?","M","M"],"character_chosen":"THE_SILENT","items_purchased":[],"campfire_rested":2,"item_purchase_floors":[],"current_hp_per_floor":[68,68,68,64,64,64,23,23,23,46,39,39,21,28,51,57,72,56,56,34,0,0],"gold":864,"neow_bonus":"TEN_PERCENT_HP_BONUS","is_daily":false,"chose_seed":false,"campfire_upgraded":3,"win_rate":0.0,"timestamp":1609571808,"path_taken":["M","M","?","M","?","R","E","R","T","R","?","R","E","M","R","BOSS","M","?","M","M"],"items_purchased_type":[],"build_version":"2020-12-22","purchased_purges":0,"victory":false,"max_hp_per_floor":[77,77,77,77,77,77,77,77,77,77,77,77,77,77,77,77,77,77,77,77,77,77],"card_choices":[{"not_picked":["Underhanded Strike","REME_ShadowStrike"],"picked":"Prepared","floor":1.0},{"not_picked":["Dash","Sucker Punch","Riddle With Holes"],"picked":"SKIP","floor":2.0},{"not_picked":["Dash","Flying Knee","Masterful Stab"],"picked":"SKIP","floor":4.0},{"not_picked":["REME_SpectralBlade","Expertise"],"picked":"Dagger Throw","floor":7.0},{"not_picked":["Quick Slash","Prepared"],"picked":"Underhanded Strike","floor":10.0},{"not_picked":["Grand Finale","Dagger Spray","Underhanded Strike"],"picked":"SKIP","floor":13.0},{"not_picked":["Footwork","Crippling Poison"],"picked":"Endless Agony","floor":14.0},{"not_picked":["Reflex","PiercingWail"],"picked":"Terror","floor":15.0},{"not_picked":["Phantasmal Killer","A Thousand Cuts"],"picked":"Burst","floor":16.0},{"not_picked":["Flying Knee","Heel Hook","Sucker Punch"],"picked":"SKIP","floor":18.0},{"not_picked":["Underhanded Strike","Slice","Eviscerate"],"picked":"SKIP","floor":20}],"player_experience":227668,"relics_obtained":[{"floor":7.0,"key":"Dream Catcher"},{"floor":9.0,"key":"Dota2Spire:ArcaneBoots"},{"floor":13.0,"key":"Dota2Spire:MagicBottle"}],"event_choices":[{"damage_healed":0.0,"max_hp_gain":0.0,"max_hp_loss":0.0,"gold_gain":175.0,"event_name":"Liars Game","player_choice":"AGREE","floor":3.0,"gold_loss":0.0,"damage_taken":0.0,"cards_obtained":["Doubt"]},{"cards_removed":["Doubt"],"damage_healed":0.0,"max_hp_gain":0.0,"max_hp_loss":0.0,"gold_gain":0.0,"event_name":"Living Wall","player_choice":"Forget","floor":5.0,"gold_loss":0.0,"damage_taken":0.0},{"damage_healed":0.0,"max_hp_gain":0.0,"max_hp_loss":0.0,"gold_gain":0.0,"event_name":"Scrap Ooze","player_choice":"Success","floor":11.0,"gold_loss":0.0,"damage_taken":7.0,"relics_obtained":["REME_PoisonedDagger"]},{"damage_healed":0.0,"max_hp_gain":0.0,"max_hp_loss":0.0,"gold_gain":275.0,"event_name":"Golden Shrine","player_choice":"Desecrate","floor":19.0,"gold_loss":0.0,"damage_taken":0.0,"cards_obtained":["Regret"]}],"is_beta":false,"boss_relics":[{"not_picked":["Ring of the Serpent","Cursed Key"],"picked":"HoveringKite"}],"items_purged_floors":[],"is_endless":false,"potions_floor_spawned":[4,7,13,16],"killed_by":"Cultist and Chosen","ascension_level":12}}