{"host":"gx7yyrn1gkym3qpb","time":1609598356,"event":{"mods":["AchievementEnabler","BaseMod","Better Altar","Better Match","Better Note","Better Sensory Stone","Better Skull","Better Third Choice","Highlight Path","Minty Spire (QoL Compilation)","Permanent Neow","Quick Restart","StSLib","Unceasing Turn Reminder"],"gold_per_floor":[114,126,144,163,176,206,206,218,218,243,13,46,46,71,71,142,142,155,168,181,181,201,234,234,267,293,293,193,227,240,251,251,329,329,346,361,236,255,273,273,303,318,318,336,361,66,97,97,97,97,97,97,97,125,125],"floor_reached":56,"playtime":3434,"items_purged":["Strike_R","Writhe","Strike_R","Clumsy"],"score":2206,"play_id":"44015666-3496-49b9-a10a-32d7c7af99be","local_time":"20210102093916","is_ascension_mode":true,"campfire_choices":[{"data":"Fire Breathing","floor":7.0,"key":"SMITH"},{"data":"Battle Trance","floor":13.0,"key":"SMITH"},{"data":"Burning Pact","floor":15.0,"key":"SMITH"},{"data":"Power Through","floor":24.0,"key":"SMITH"},{"data":"Demon Form","floor":27.0,"key":"SMITH"},{"data":"Sentinel","floor":32.0,"key":"SMITH"},{"floor":40.0,"key":"RECALL"},{"floor":49,"key":"REST"},{"floor":52,"key":"REST"}],"circlet_count":0,"master_deck":["AscendersBane","Strike_R","Strike_R","Defend_R","Defend_R","Defend_R","Defend_R","Bash+1","Fire Breathing+1","Power Through+1","Bludgeon+1","Burning Pact+1","Battle Trance+1","Immolate","Shrug It Off+1","Sentinel+1","Evolve+1","Demon Form+1","Impervious","Fiend Fire"],"relics":["Burning Blood","Thread and Needle","Toy Ornithopter","Matryoshka","White Beast Statue","Oddly Smooth Stone","Self Forming Clay","Odd Mushroom","Cursed Key","Lantern","Whetstone","Ancient Tea Set","Mercury Hourglass","Fusion Hammer","Paper Frog","Dream Catcher","Art of War","InkBottle","ClockworkSouvenir","Pear","Anchor"],"acts_visited":["Exordium","TheCity","TheBeyond","TheEnding"],"potions_floor_usage":[55,55,55,55],"damage_taken":[{"damage":1.0,"enemies":"Cultist","floor":1.0,"turns":4.0},{"damage":0.0,"enemies":"2 Louse","floor":2.0,"turns":3.0},{"damage":0.0,"enemies":"Jaw Worm","floor":3.0,"turns":6.0},{"damage":13.0,"enemies":"3 Louse","floor":4.0,"turns":5.0},{"damage":21.0,"enemies":"Exordium Thugs","floor":5.0,"turns":4.0},{"damage":48.0,"enemies":"Lagavulin","floor":6.0,"turns":13.0},{"damage":8.0,"enemies":"Lots of Slimes","floor":8.0,"turns":4.0},{"damage":6.0,"enemies":"3 Sentries","floor":10.0,"turns":5.0},{"damage":6.0,"enemies":"Lagavulin","floor":12.0,"turns":8.0},{"damage":0.0,"enemies":"The Mushroom Lair","floor":14.0,"turns":3.0},{"damage":34.0,"enemies":"Slime Boss","floor":16.0,"turns":6.0},{"damage":0.0,"enemies":"3 Byrds","floor":18.0,"turns":3.0},{"damage":2.0,"enemies":"2 Thieves","floor":19.0,"turns":5.0},{"damage":2.0,"enemies":"Snecko","floor":20.0,"turns":4.0},{"damage":0.0,"enemies":"Sentry and Sphere","floor":22.0,"turns":3.0},{"damage":0.0,"enemies":"Book of Stabbing","floor":23.0,"turns":7.0},{"damage":12.0,"enemies":"Slavers","floor":25.0,"turns":4.0},{"damage":7.0,"enemies":"Book of Stabbing","floor":29.0,"turns":6.0},{"damage":2.0,"enemies":"Centurion and Healer","floor":30.0,"turns":5.0},{"damage":2.0,"enemies":"3 Cultists","floor":31.0,"turns":4.0},{"damage":16.0,"enemies":"Collector","floor":33.0,"turns":9.0},{"damage":0.0,"enemies":"Orb Walker","floor":35.0,"turns":3.0},{"damage":0.0,"enemies":"3 Shapes","floor":36.0,"turns":4.0},{"damage":19.0,"enemies":"Spire Growth","floor":38.0,"turns":6.0},{"damage":18.0,"enemies":"Maw","floor":39.0,"turns":8.0},{"damage":8.0,"enemies":"Nemesis","floor":41.0,"turns":9.0},{"damage":0.0,"enemies":"3 Darklings","floor":42.0,"turns":3.0},{"damage":0.0,"enemies":"Writhing Mass","floor":44.0,"turns":6.0},{"damage":5.0,"enemies":"Giant Head","floor":45.0,"turns":8.0},{"damage":0.0,"enemies":"Reptomancer","floor":47.0,"turns":5.0},{"damage":57,"enemies":"Awakened One","floor":50,"turns":12},{"damage":41,"enemies":"Shield and Spear","floor":54,"turns":7},{"damage":53,"enemies":"The Heart","floor":55,"turns":7}],"seed_played":"-7816554268759178920","potions_obtained":[{"floor":1.0,"key":"PowerPotion"},{"floor":2.0,"key":"BloodPotion"},{"floor":6.0,"key":"Ancient Potion"},{"floor":8.0,"key":"Block Potion"},{"floor":10.0,"key":"FairyPotion"},{"floor":14.0,"key":"PowerPotion"},{"floor":16.0,"key":"SneckoOil"},{"floor":18.0,"key":"Block Potion"},{"floor":19.0,"key":"FairyPotion"},{"floor":25.0,"key":"BlessingOfTheForge"},{"floor":29.0,"key":"EssenceOfSteel"},{"floor":33.0,"key":"DuplicationPotion"},{"floor":35.0,"key":"PowerPotion"},{"floor":38.0,"key":"EntropicBrew"}],"is_trial":false,"path_per_floor":["M","M","M","M","M","E","R","M","T","E","$","E","R","?","R","B",null,"M","M","M","?","M","E","R","E","T","R","$","E","M","M","R","B",null,"M","M","$","M","M","R","E","M","T","M","E","$","E","?","R","B",null,"R","$","E","B",null],"character_chosen":"IRONCLAD","items_purchased":["Oddly Smooth Stone","ClockworkSouvenir"],"campfire_rested":2,"item_purchase_floors":[11,46],"current_hp_per_floor":[55,61,67,60,45,18,18,16,16,16,16,16,16,22,22,28,63,69,73,75,75,75,75,75,69,69,69,69,68,72,75,75,65,73,75,75,75,62,50,50,48,54,54,60,61,61,77,77,85,34,72,85,85,50,23],"gold":125,"neow_bonus":"ONE_RARE_RELIC","is_daily":false,"chose_seed":false,"campfire_upgraded":6,"win_rate":0.0,"timestamp":1609598356,"path_taken":["M","M","M","M","M","E","R","M","T","E","?","E","R","?","R","BOSS","M","M","M","?","M","E","R","E","T","R","?","E","?","M","R","BOSS","M","?","?","M","M","R","E","M","T","?","E","$","E","?","R","BOSS","R","$","E","BOSS"],"items_purchased_type":["Relic","Relic"],"build_version":"2020-12-22","purchased_purges":4,"victory":true,"max_hp_per_floor":[75,75,75,75,75,75,75,75,75,75,75,75,75,75,75,75,75,75,75,75,75,75,75,75,75,75,75,75,75,75,75,75,75,75,75,75,75,75,75,75,75,75,75,75,75,75,85,85,85,85,85,85,85,85,85],"card_choices":[{"not_picked":["Sever Soul","Clash"],"picked":"Fire Breathing","floor":1.0},{"not_picked":["Rampage","Heavy Blade","Second Wind"],"picked":"SKIP","floor":2.0},{"not_picked":["Intimidate","Havoc","Flex"],"picked":"SKIP","floor":3.0},{"not_picked":["Evolve","Wild Strike"],"picked":"Power Through","floor":4.0},{"not_picked":["Anger","Clash","Clothesline"],"picked":"SKIP","floor":5.0},{"not_picked":["Sever Soul","Body Slam","Clash"],"picked":"SKIP","floor":6.0},{"not_picked":["Havoc","Infernal Blade"],"picked":"Bludgeon","floor":8.0},{"not_picked":["Sever Soul","Warcry"],"picked":"Burning Pact","floor":10.0},{"not_picked":["Brutality","Shockwave"],"picked":"Battle Trance","floor":12.0},{"not_picked":["Exhume","Corruption"],"picked":"Immolate","floor":16.0},{"not_picked":["Flex","Infernal Blade","Pommel Strike"],"picked":"SKIP","floor":18.0},{"not_picked":["Hemokinesis+1","Body Slam","Iron Wave"],"picked":"SKIP","floor":19.0},{"not_picked":["True Grit","Sword Boomerang+1"],"picked":"Shrug It Off+1","floor":20.0},{"not_picked":["Disarm+1","Shrug It Off"],"picked":"Evolve+1","floor":22.0},{"not_picked":["Anger","Seeing Red","Wild Strike"],"picked":"SKIP","floor":23.0},{"not_picked":["Fire Breathing","Perfected Strike"],"picked":"Demon Form","floor":25.0},{"not_picked":["Cleave+1","Rage","Headbutt"],"picked":"SKIP","floor":29.0},{"not_picked":["Warcry","Iron Wave","True Grit"],"picked":"SKIP","floor":30.0},{"not_picked":["Infernal Blade","Demon Form","Armaments"],"picked":"SKIP","floor":31.0},{"not_picked":["Double Tap","Bludgeon"],"picked":"Impervious","floor":33.0},{"not_picked":["Rupture","Havoc+1","Anger"],"picked":"SKIP","floor":35.0},{"not_picked":["Twin Strike+1","Ghostly Armor+1","Body Slam"],"picked":"SKIP","floor":36.0},{"not_picked":["Spot Weakness+1","Shrug It Off+1","Seeing Red+1"],"picked":"SKIP","floor":38.0},{"not_picked":["Dark Embrace","Rampage","Flex+1"],"picked":"SKIP","floor":39.0},{"not_picked":["Whirlwind+1","True Grit","Headbutt"],"picked":"SKIP","floor":41.0},{"not_picked":["Sword Boomerang","Sever Soul","Clash+1"],"picked":"SKIP","floor":42.0},{"not_picked":["Iron Wave+1","Whirlwind","Blood for Blood+1"],"picked":"SKIP","floor":44.0},{"not_picked":["Havoc","Pummel","Ghostly Armor+1"],"picked":"SKIP","floor":45.0},{"not_picked":["True Grit","Body Slam","Demon Form"],"picked":"SKIP","floor":47.0},{"not_picked":["Flex","Sword Boomerang"],"picked":"Fiend Fire","floor":54}],"player_experience":374118,"relics_obtained":[{"floor":6.0,"key":"Toy Ornithopter"},{"floor":9.0,"key":"Matryoshka"},{"floor":10.0,"key":"White Beast Statue"},{"floor":12.0,"key":"Self Forming Clay"},{"floor":14.0,"key":"Odd Mushroom"},{"floor":23.0,"key":"Lantern"},{"floor":25.0,"key":"Whetstone"},{"floor":26.0,"key":"Ancient Tea Set"},{"floor":29.0,"key":"Mercury Hourglass"},{"floor":41.0,"key":"Paper Frog"},{"floor":43.0,"key":"Dream Catcher"},{"floor":43.0,"key":"Art of War"},{"floor":45.0,"key":"InkBottle"},{"floor":47.0,"key":"Pear"},{"floor":54,"key":"Anchor"}],"event_choices":[{"damage_healed":0.0,"max_hp_gain":0.0,"max_hp_loss":0.0,"gold_gain":0.0,"event_name":"Mushrooms","player_choice":"Fought Mushrooms","floor":14.0,"gold_loss":0.0,"damage_taken":0.0},{"damage_healed":0.0,"max_hp_gain":0.0,"max_hp_loss":0.0,"gold_gain":0.0,"cards_transformed":["Strike_R"],"event_name":"Transmorgrifier","player_choice":"Transformed","floor":21.0,"gold_loss":0.0,"damage_taken":0.0,"cards_obtained":["Sentinel"]},{"damage_healed":0.0,"max_hp_gain":0.0,"max_hp_loss":0.0,"gold_gain":0.0,"event_name":"Lab","player_choice":"Got Potions","floor":48.0,"gold_loss":0.0,"damage_taken":0.0}],"is_beta":false,"boss_relics":[{"not_picked":["Empty Cage","Calling Bell"],"picked":"Cursed Key"},{"not_picked":["Velvet Choker","Busted Crown"],"picked":"Fusion Hammer"}],"items_purged_floors":[11,28,37,46],"is_endless":false,"potions_floor_spawned":[1,2,6,8,10,12,14,16,18,19,20,22,23,25,29,30,31,33,35,36,38,39,41,42,44,45,47,54],"ascension_level":15}}