{"host":"sav7uxregyirlf69","time":1609560078,"event":{"mods":["AchievementEnabler","BaseMod","Colored Map","DeckTracker","Keyboard Shortcuts","Minty Spire (QoL Compilation)","READ ME - Guardian Mod","StSLib","SuperFastMode"],"gold_per_floor":[115,115,127,138,158,158,183,67,67,67,77,96,16,16,16,16,16],"floor_reached":16,"playtime":255,"items_purged":["Strike_G","Strike_G"],"score":204,"play_id":"f5a0e0bc-51bd-4d34-8f22-fd5ee7b14696","local_time":"20210102130118","is_ascension_mode":true,"campfire_choices":[{"data":"Riddle With Holes","floor":6,"key":"SMITH"},{"floor":10,"key":"REST"},{"data":"Neutralize","floor":15,"key":"SMITH"}],"circlet_count":0,"master_deck":["AscendersBane","Strike_G","Strike_G","Strike_G","Defend_G","Defend_G","Defend_G","Defend_G","Defend_G","Survivor","Neutralize+1","Riddle With Holes+1","Escape Plan","Blade Dance","Finisher+1","Accuracy+1","Infinite Blades","Backflip"],"relics":["Ring of the Snake","NeowsBlessing","Molten Egg 2","The Courier"],"acts_visited":["Exordium"],"potions_floor_usage":[7,7,16],"damage_taken":[{"damage":0,"enemies":"Cultist","floor":1,"turns":1},{"damage":0,"enemies":"2 Louse","floor":3,"turns":1},{"damage":0,"enemies":"Jaw Worm","floor":4,"turns":1},{"damage":3,"enemies":"Red Slaver","floor":5,"turns":5},{"damage":31,"enemies":"Lagavulin","floor":7,"turns":6},{"damage":1,"enemies":"Blue Slaver","floor":11,"turns":2},{"damage":15,"enemies":"Gremlin Gang","floor":12,"turns":5},{"damage":28,"enemies":"The Guardian","floor":16,"turns":10}],"seed_played":"7126163854916676710","potions_obtained":[{"floor":2,"key":"DuplicationPotion"},{"floor":2,"key":"AttackPotion"},{"floor":7,"key":"PowerPotion"}],"is_trial":false,"path_per_floor":["M","?","M","M","M","R","E","$","T","R","M","M","$","?","R","B"],"character_chosen":"THE_SILENT","items_purchased":["Accuracy"],"campfire_rested":1,"item_purchase_floors":[8],"current_hp_per_floor":[59,59,59,59,56,56,25,25,25,44,43,28,28,28,28,0,0],"gold":16,"neow_bonus":"THREE_ENEMY_KILL","is_daily":false,"chose_seed":false,"campfire_upgraded":2,"win_rate":0.0,"timestamp":1609560078,"path_taken":["M","?","?","?","M","R","E","$","T","R","M","M","$","?","R","BOSS"],"items_purchased_type":["Card"],"build_version":"2020-12-22","purchased_purges":2,"victory":false,"max_hp_per_floor":[66,66,66,66,66,66,66,66,66,66,66,66,66,66,66,66,66],"card_choices":[{"not_picked":["PiercingWail","Dodge and Roll"],"picked":"Riddle With Holes","floor":1},{"not_picked":["Flechettes","Sucker Punch"],"picked":"Escape Plan","floor":3},{"not_picked":["Outmaneuver","Night Terror"],"picked":"Blade Dance","floor":4},{"not_picked":["Cloak And Dagger","Underhanded Strike","Bane"],"picked":"SKIP","floor":5},{"not_picked":["Sucker Punch+1","Deadly Poison"],"picked":"Finisher+1","floor":7},{"not_picked":["Riddle With Holes+1","Bane+1"],"picked":"Infinite Blades","floor":11},{"not_picked":["Infinite Blades","Setup"],"picked":"Backflip","floor":12}],"player_experience":1109415,"relics_obtained":[{"floor":7,"key":"Molten Egg 2"},{"floor":9,"key":"The Courier"}],"event_choices":[{"damage_healed":0,"gold_gain":0,"player_choice":"Got Potions","damage_taken":0,"max_hp_gain":0,"max_hp_loss":0,"event_name":"Lab","floor":2,"gold_loss":0},{"damage_healed":0,"gold_gain":0,"player_choice":"Grow","damage_taken":0,"max_hp_gain":0,"max_hp_loss":0,"event_name":"Living Wall","floor":14,"gold_loss":0,"cards_upgraded":["Accuracy"]}],"is_beta":false,"boss_relics":[],"items_purged_floors":[8,13],"is_endless":false,"potions_floor_spawned":[5,7],"killed_by":"The Guardian","ascension_level":20}}