{"host":"zr590xw2unlz0wv7","time":1609609062,"event":{"mods":["BaseMod","Minty Spire (QoL Compilation)","READ ME - Guardian Mod","StSLib"],"gold_per_floor":[111,130,130,146,165,165,183,183,238,238,258,276,276,304,316,427,439,470,482,494,522,544,556,599,245,268,268,268],"floor_reached":27,"playtime":767,"items_purged":["Defend_P+1"],"score":294,"play_id":"e50f893a-b446-4929-ac91-ca8c9fdc22da","local_time":"20210103013742","is_ascension_mode":true,"campfire_choices":[{"data":"Eruption","floor":6.0,"key":"SMITH"},{"floor":8.0,"key":"REST"},{"floor":10.0,"key":"RECALL"},{"data":"Judgement","floor":13.0,"key":"SMITH"},{"floor":15.0,"key":"REST"},{"floor":23.0,"key":"REST"}],"circlet_count":0,"master_deck":["Strike_P+1","Strike_P+1","Strike_P+1","Strike_P+1","Defend_P+1","Defend_P+1","Defend_P+1","Eruption+1","Vigilance","FlyingSleeves","Wireheading","Judgement+1","DeusExMachina"],"relics":["PureWater","Boot","Letter Opener","Vajra","MawBank","Sozu","Eternal Feather","GoldenEye"],"acts_visited":["Exordium","TheCity"],"potions_floor_usage":[],"damage_taken":[{"damage":0.0,"enemies":"Cultist","floor":1.0,"turns":2.0},{"damage":0.0,"enemies":"Small Slimes","floor":2.0,"turns":2.0},{"damage":0.0,"enemies":"Jaw Worm","floor":4.0,"turns":2.0},{"damage":9.0,"enemies":"Looter","floor":5.0,"turns":3.0},{"damage":16.0,"enemies":"Blue Slaver","floor":7.0,"turns":3.0},{"damage":5.0,"enemies":"Exordium Wildlife","floor":11.0,"turns":2.0},{"damage":3.0,"enemies":"2 Fungi Beasts","floor":12.0,"turns":3.0},{"damage":20.0,"enemies":"Lagavulin","floor":14.0,"turns":5.0},{"damage":38.0,"enemies":"Slime Boss","floor":16.0,"turns":4.0},{"damage":0.0,"enemies":"Spheric Guardian","floor":18.0,"turns":1.0},{"damage":10.0,"enemies":"Shell Parasite","floor":21.0,"turns":6.0},{"damage":18.0,"enemies":"Snake Plant","floor":22.0,"turns":4.0},{"damage":38.0,"enemies":"Slavers","floor":24.0,"turns":5.0},{"damage":19,"enemies":"Centurion and Healer","floor":27,"turns":3}],"seed_played":"8475443772416498757","potions_obtained":[{"floor":1.0,"key":"SpeedPotion"},{"floor":4.0,"key":"Strength Potion"},{"floor":7.0,"key":"Fruit Juice"},{"floor":11.0,"key":"Block Potion"}],"is_trial":false,"path_per_floor":["M","M","?","M","M","R","M","R","T","R","M","M","R","E","R","B",null,"M","?","?","M","M","R","E","$","T","M"],"character_chosen":"WATCHER","items_purchased":["GoldenEye"],"campfire_rested":3,"item_purchase_floors":[25],"current_hp_per_floor":[72,72,54,54,45,45,34,57,57,57,52,49,49,29,52,14,61,61,61,61,51,33,56,18,18,18,0,0],"gold":268,"neow_bonus":"RANDOM_COMMON_RELIC","is_daily":false,"chose_seed":false,"campfire_upgraded":2,"win_rate":0.0,"timestamp":1609609062,"path_taken":["M","?","?","M","M","R","M","R","T","R","M","M","R","E","R","BOSS","M","?","?","M","M","R","E","?","T","?"],"items_purchased_type":["Relic"],"build_version":"2020-12-22","purchased_purges":1,"victory":false,"max_hp_per_floor":[72,72,72,72,72,72,77,77,77,77,77,77,77,77,77,77,77,77,77,77,77,77,77,77,77,77,77,77],"card_choices":[{"not_picked":["Swivel","Study","WaveOfTheHand"],"picked":"SKIP","floor":1.0},{"not_picked":["EmptyBody","Conclude","WreathOfFlame"],"picked":"SKIP","floor":2.0},{"not_picked":["EmptyBody","Prostrate"],"picked":"FlyingSleeves","floor":4.0},{"not_picked":["CrushJoints","Collect"],"picked":"Wireheading","floor":5.0},{"not_picked":["SashWhip","WreathOfFlame"],"picked":"Judgement","floor":7.0},{"not_picked":["EmptyFist","Crescendo","FollowUp"],"picked":"SKIP","floor":11.0},{"not_picked":["PathToVictory","EmptyBody","BowlingBash"],"picked":"SKIP","floor":12.0},{"not_picked":["Fasting2","Sanctity","PathToVictory"],"picked":"SKIP","floor":14.0},{"not_picked":["LessonLearned","Devotion"],"picked":"DeusExMachina","floor":16.0},{"not_picked":["PathToVictory","Wallop+1","ForeignInfluence+1"],"picked":"SKIP","floor":18.0},{"not_picked":["EmptyBody","Evaluate","FlurryOfBlows"],"picked":"SKIP","floor":21.0},{"not_picked":["CutThroughFate+1","ClearTheMind","JustLucky"],"picked":"SKIP","floor":22.0},{"not_picked":["BowlingBash","Brilliance","ClearTheMind"],"picked":"SKIP","floor":24.0}],"player_experience":533350,"relics_obtained":[{"floor":9.0,"key":"Vajra"},{"floor":14.0,"key":"MawBank"},{"floor":24.0,"key":"Eternal Feather"}],"event_choices":[{"damage_healed":0.0,"max_hp_gain":0.0,"max_hp_loss":0.0,"gold_gain":0.0,"event_name":"Scrap Ooze","player_choice":"Success","floor":3.0,"gold_loss":0.0,"damage_taken":18.0,"relics_obtained":["Letter Opener"]},{"damage_healed":0.0,"max_hp_gain":0.0,"max_hp_loss":0.0,"gold_gain":0.0,"event_name":"Back to Basics","player_choice":"Simplicity","floor":19.0,"gold_loss":0.0,"damage_taken":0.0,"cards_upgraded":["Strike_P","Strike_P","Strike_P","Strike_P","Defend_P","Defend_P","Defend_P","Defend_P"]},{"damage_healed":0.0,"max_hp_gain":0.0,"max_hp_loss":0.0,"gold_gain":0.0,"event_name":"Ghosts","player_choice":"Ignored","floor":20.0,"gold_loss":0.0,"damage_taken":0.0}],"is_beta":false,"boss_relics":[{"not_picked":["Black Star","Velvet Choker"],"picked":"Sozu"}],"items_purged_floors":[25],"is_endless":false,"potions_floor_spawned":[1,4,7,11,22],"killed_by":"Centurion and Healer","ascension_level":5}}