{"host":"odz7g4gpgch153rb","time":1609560130,"event":{"mods":["AchievementEnabler","BaseMod","Better Match","Better Third Choice","BetterRewards","GifTheSpireLib","Infinite Spire","Jedi Mod","Minty Spire (QoL Compilation)","Quick Restart","Replay The Spire","Spikes Relics","StSLib","Stuff the Spire","The Blue Laboratory","Trackpad"],"gold_per_floor":[110,121,121,134,59,73,84,12,91,124,124,124,137,137,137,137,137],"floor_reached":16,"playtime":942,"items_purged":["Strike_P"],"score":243,"play_id":"4d0e1544-9fcf-4c39-af07-139be523121b","local_time":"20210101230210","is_ascension_mode":true,"campfire_choices":[{"data":"Eruption","floor":12,"key":"SMITH"},{"data":"Bandage Up","floor":15,"key":"SMITH"}],"circlet_count":0,"master_deck":["AscendersBane","Strike_P","Defend_P","Defend_P","Defend_P","Defend_P","Eruption+1","Vigilance","Bandage Up+1","Consecrate","SashWhip","BowlingBash","FollowUp","SandsOfTime","Scrawl+1","BowlingBash","Replay:ManipulateFuture"],"relics":["PureWater","Strawberry","CherryCoatedStake","trackpad:RapidFire","BrokenLever","Replay:Kaleidoscope"],"acts_visited":["Exordium"],"potions_floor_usage":[7,10,10,13,16],"damage_taken":[{"damage":2,"enemies":"Jaw Worm","floor":1,"turns":3},{"damage":0,"enemies":"Cultist","floor":2,"turns":2},{"damage":9,"enemies":"infinitespire:Voidling","floor":4,"turns":3},{"damage":0,"enemies":"2 Fungi Beasts","floor":6,"turns":2},{"damage":18,"enemies":"Exordium Thugs","floor":7,"turns":4},{"damage":1,"enemies":"Replay:BlueRogue","floor":10,"turns":3},{"damage":0,"enemies":"Looter","floor":13,"turns":2},{"damage":44,"enemies":"The Guardian","floor":16,"turns":8}],"seed_played":"5506597927805034751","potions_obtained":[{"floor":4,"key":"blueLaboratory:BubblePotion"},{"floor":10,"key":"BlessingOfTheForge"},{"floor":13,"key":"blueLaboratory:LouseDecoction"}],"is_trial":false,"path_per_floor":["M","M","?","M","$","M","M","$","T","E","?","R","M","?","R","B"],"character_chosen":"WATCHER","items_purchased":["Strawberry","Bandage Up","trackpad:RapidFire","Consecrate","Strength Potion","DistilledChaos"],"campfire_rested":0,"item_purchase_floors":[0,0,0,0,0,8],"current_hp_per_floor":[42,42,42,37,37,43,31,31,31,34,34,34,40,40,40,2,2],"gold":137,"neow_bonus":"","is_daily":false,"chose_seed":false,"campfire_upgraded":2,"win_rate":0.0,"timestamp":1609560130,"path_taken":["M","M","?","?","$","M","?","$","T","E","?","R","M","?","R","BOSS"],"items_purchased_type":["Relic","Card","Relic","Card","Potion","Potion"],"build_version":"2020-12-22","purchased_purges":1,"victory":false,"max_hp_per_floor":[79,79,79,79,79,79,79,79,79,79,79,79,79,79,79,79,79],"card_choices":[{"not_picked":["CutThroughFate","EmptyFist"],"picked":"SashWhip","floor":1},{"not_picked":["Wallop","FollowUp"],"picked":"BowlingBash","floor":2},{"not_picked":["FlurryOfBlows","ThirdEye"],"picked":"FollowUp","floor":4},{"not_picked":["Sanctity","Fasting2","Replay:ManipulateFuture"],"picked":"SKIP","floor":6},{"not_picked":["ClearTheMind","WreathOfFlame"],"picked":"SandsOfTime","floor":7},{"not_picked":["ThirdEye","SashWhip"],"picked":"TalkToTheHand","floor":10},{"not_picked":["JustLucky","Replay:Hum"],"picked":"BowlingBash","floor":13}],"player_experience":984203,"relics_obtained":[{"floor":9,"key":"BrokenLever"},{"floor":10,"key":"Replay:Kaleidoscope"}],"event_choices":[{"cards_removed":["Strike_P"],"damage_healed":0,"gold_gain":0,"player_choice":"Offered Basic","damage_taken":0,"max_hp_gain":0,"max_hp_loss":0,"event_name":"Bonfire Elementals","floor":3,"gold_loss":0},{"damage_healed":0,"gold_gain":0,"cards_transformed":["Strike_P"],"player_choice":"Transformed","damage_taken":0,"max_hp_gain":0,"max_hp_loss":0,"event_name":"Transmorgrifier","floor":14,"gold_loss":0,"cards_obtained":["Replay:ManipulateFuture"]}],"is_beta":false,"boss_relics":[],"items_purged_floors":[5],"is_endless":false,"potions_floor_spawned":[4,10,13],"killed_by":"The Guardian","ascension_level":12}}