{"host":"yer03dsd277nstsn","time":1609568310,"event":{"mods":["BaseMod","Colored Powertips","Minty Spire (QoL Compilation)"],"gold_per_floor":[114,389,74,85,95,126,126,160,160,160,177,194,37,56,56,155,155,170,180,180,180],"floor_reached":20,"playtime":1135,"items_purged":[],"score":251,"play_id":"33c7a9b5-de0e-481b-9c58-d47fb37dbe51","local_time":"20210102001830","is_ascension_mode":true,"campfire_choices":[{"data":"Chill","floor":10,"key":"SMITH"},{"floor":15,"key":"REST"}],"circlet_count":0,"master_deck":["Strike_B","Strike_B","Strike_B","Defend_B","Defend_B","Defend_B","Defend_B","Zap","Dualcast","Barrage","Rebound","Chill+1","Blizzard+1","Glacier","Hologram","Coolheaded","Ball Lightning","Echo Form","Core Surge"],"relics":["Cracked Core","NeowsBlessing","Frozen Eye","StoneCalendar","Pear","Kunai","Empty Cage"],"acts_visited":["Exordium","TheCity"],"potions_floor_usage":[8,16,16,20,20,20],"damage_taken":[{"damage":0,"enemies":"2 Louse","floor":1,"turns":1},{"damage":0,"enemies":"Cultist","floor":4,"turns":1},{"damage":0,"enemies":"Small Slimes","floor":5,"turns":1},{"damage":5,"enemies":"3 Sentries","floor":6,"turns":5},{"damage":33,"enemies":"Lagavulin","floor":8,"turns":7},{"damage":7,"enemies":"2 Fungi Beasts","floor":11,"turns":2},{"damage":6,"enemies":"Looter","floor":12,"turns":3},{"damage":20,"enemies":"Gremlin Gang","floor":14,"turns":4},{"damage":17,"enemies":"Hexaghost","floor":16,"turns":9},{"damage":25,"enemies":"2 Thieves","floor":18,"turns":5},{"damage":33,"enemies":"Chosen","floor":19,"turns":7},{"damage":18,"enemies":"Shelled Parasite and Fungi","floor":20,"turns":3}],"seed_played":"2301554076361519921","potions_obtained":[{"floor":1,"key":"GamblersBrew"},{"floor":5,"key":"Weak Potion"},{"floor":6,"key":"PotionOfCapacity"},{"floor":14,"key":"GamblersBrew"},{"floor":16,"key":"ColorlessPotion"},{"floor":18,"key":"Swift Potion"}],"is_trial":false,"path_per_floor":["M","?","$","M","M","E","?","E","T","R","M","M","$","M","R","B",null,"M","M","M"],"character_chosen":"DEFECT","items_purchased":["Frozen Eye","Rebound","Chill","Blizzard","Echo Form"],"campfire_rested":1,"item_purchase_floors":[3,3,3,3,13],"current_hp_per_floor":[68,68,68,68,68,63,63,40,40,40,33,27,27,7,32,15,68,43,10,0,0],"gold":180,"neow_bonus":"THREE_ENEMY_KILL","is_daily":false,"chose_seed":false,"campfire_upgraded":1,"win_rate":0.0,"timestamp":1609568310,"path_taken":["M","?","?","M","M","E","?","E","T","R","?","M","$","M","R","BOSS","M","M","?"],"items_purchased_type":["Relic","Card","Card","Card","Card"],"build_version":"2020-12-22","purchased_purges":0,"victory":false,"max_hp_per_floor":[75,75,75,75,75,75,75,85,85,85,85,85,85,85,85,85,85,85,85,85,85],"card_choices":[{"not_picked":["Self Repair","Redo"],"picked":"Barrage","floor":1},{"not_picked":["Gash","Cold Snap"],"picked":"Glacier","floor":4},{"not_picked":["Gash","Heatsinks"],"picked":"Hologram","floor":5},{"not_picked":["Static Discharge","Leap"],"picked":"Coolheaded","floor":6},{"not_picked":["Heatsinks","Storm","Scrape"],"picked":"SKIP","floor":8},{"not_picked":["Heatsinks","All For One"],"picked":"Ball Lightning","floor":11},{"not_picked":["Go for the Eyes","Doom and Gloom","FTL"],"picked":"SKIP","floor":12},{"not_picked":["Reinforced Body","FTL","Barrage"],"picked":"SKIP","floor":14},{"not_picked":["All For One","Thunder Strike"],"picked":"Core Surge","floor":16},{"not_picked":["Compile Driver","Barrage","Stack"],"picked":"SKIP","floor":18},{"not_picked":["Lockon","Barrage","Static Discharge+1"],"picked":"SKIP","floor":19}],"player_experience":433507,"relics_obtained":[{"floor":6,"key":"StoneCalendar"},{"floor":8,"key":"Pear"},{"floor":9,"key":"Kunai"}],"event_choices":[{"damage_healed":0,"gold_gain":275,"player_choice":"Desecrate","damage_taken":0,"max_hp_gain":0,"max_hp_loss":0,"event_name":"Golden Shrine","floor":2,"gold_loss":0,"cards_obtained":["Regret"]},{"damage_healed":0,"gold_gain":0,"player_choice":"Upgraded","damage_taken":0,"max_hp_gain":0,"max_hp_loss":0,"event_name":"Upgrade Shrine","floor":7,"gold_loss":0,"cards_upgraded":["Blizzard"]}],"is_beta":false,"boss_relics":[{"not_picked":["Tiny House","Black Star"],"picked":"Empty Cage"}],"items_purged_floors":[],"is_endless":false,"potions_floor_spawned":[1,5,6,14,16,18],"killed_by":"Shelled Parasite and Fungi","ascension_level":7}}