{"host":"rxpu8tqu58sn7qk5","time":1609550271,"event":{"mods":["BaseMod","Colored Map","Colored Powertips","Downfall","Hubris","Minty Spire (QoL Compilation)","Replay The Spire","StSLib"],"gold_per_floor":[111,186,197,372,388,407,407,407,434,51,51,51,51,79,79,176,176,187,187,114,131,151,484,282,294,294,309,309,309,409,409,409,409,409],"floor_reached":33,"playtime":1897,"items_purged":[],"score":388,"play_id":"174452bb-d6e6-4758-899b-8549d025d5e2","local_time":"20210101201751","is_ascension_mode":false,"campfire_choices":[{"data":"Hemokinesis","floor":7,"key":"SMITH"},{"data":"ReplayTheSpireMod:Brewmster","floor":11,"key":"SMITH"},{"data":"Double Tap","floor":28,"key":"SMITH"},{"floor":32,"key":"DIG"}],"circlet_count":0,"master_deck":["Strike_R","Strike_R","Strike_R","Strike_R","Strike_R","Defend_R+1","Defend_R","Defend_R","Defend_R","Bash","Clumsy","Hemokinesis+1","Cleave","Doubt","Thunderclap","Headbutt","Parasite","ReplayTheSpireMod:Brewmster+1","Iron Wave+1","Double Tap+1","Offering","Spreading Infection","sneckomod:Bewildered","Overencumbered","Power Through","Spot Weakness","Armaments+1","Hemokinesis+1","Demonic Infusion","Violence","expansioncontent:AwakenDeath","ReplayTheSpireMod:Trickstab","Cleave+1","Pain"],"relics":["Burning Blood","Unceasing Top","Juzu Bracelet","Ring of Panic","ReplayTheSpireMod:Ring of Addiction","Potion Belt","Toy Ornithopter","Snack Pack","Replay:Ancient Bell","Blood Vial","Onion Ring","hubris:GlazedTorus","Old Coin","ReplayTheSpireMod:ShopPack","hubris:BottledHeart","hubris:BundleOfHerbs","Kunai","WarpedTongs","Eternal Feather"],"acts_visited":["Exordium","TheCity"],"potions_floor_usage":[14,14,16,16,16,16,16,16,21,22,22,22,23,23,23,23,23,23,25,25,30,30,30,30,30,30,30,30,30,33,33,33,33,33,33,33,33],"damage_taken":[{"damage":6,"enemies":"Small Slimes","floor":1,"turns":3},{"damage":10,"enemies":"2 Louse","floor":3,"turns":3},{"damage":8,"enemies":"Jaw Worm","floor":5,"turns":3},{"damage":3,"enemies":"2 Fungi Beasts","floor":6,"turns":3},{"damage":4,"enemies":"Gremlin Nob","floor":14,"turns":3},{"damage":44,"enemies":"Hexaghost","floor":16,"turns":9},{"damage":7,"enemies":"Shell Parasite","floor":18,"turns":2},{"damage":12,"enemies":"Spheric Guardian","floor":21,"turns":3},{"damage":28,"enemies":"Centurion and Healer","floor":22,"turns":5},{"damage":55,"enemies":"Slavers","floor":23,"turns":7},{"damage":28,"enemies":"Snake Plant","floor":25,"turns":3},{"damage":10,"enemies":"Snecko","floor":27,"turns":2},{"damage":0,"enemies":"Colosseum Slavers","floor":30,"turns":7},{"damage":16,"enemies":"Colosseum Nobs","floor":30,"turns":5},{"damage":2,"enemies":"Collector","floor":33,"turns":8}],"seed_played":"6797352481801720698","potions_obtained":[{"floor":3,"key":"Explosive Potion"},{"floor":5,"key":"Milkshake"},{"floor":6,"key":"LifebloodPotion"},{"floor":13,"key":"Block Potion"},{"floor":13,"key":"LiquidBronze"},{"floor":14,"key":"Weak Potion"},{"floor":18,"key":"HeartOfIron"},{"floor":23,"key":"Languid Potion"},{"floor":25,"key":"LifebloodPotion"},{"floor":27,"key":"LifebloodPotion"}],"is_trial":false,"path_per_floor":["M","?","M","?","M","M","R","?","T","$","R","?","?","E","R_BF","B",null,"M","?","$","M","M","E","$","M","T","M","R","?","?","?","R_BF","B"],"character_chosen":"IRONCLAD","items_purchased":["ReplayTheSpireMod:Brewmster","Iron Wave+1","Double Tap","Power Through","ReplayTheSpireMod:ShopPack","Demonic Infusion"],"campfire_rested":0,"item_purchase_floors":[10,10,10,20,24,24],"current_hp_per_floor":[80,69,65,65,63,66,66,80,80,80,80,80,80,80,80,80,80,80,80,78,78,64,78,78,66,66,66,66,1,1,1,1,0,0],"gold":409,"neow_bonus":"ONE_RARE_RELIC","is_daily":false,"chose_seed":false,"campfire_upgraded":3,"win_rate":0.0,"timestamp":1609550271,"path_taken":["M","?","M","?","M","M","R","?","T","$","R","?","?","E","R_BF","BOSS","M","?","$","M","M","E","$","M","T","M","R","?","?","?","R_BF","BOSS"],"items_purchased_type":["Card","Card","Card","Card","Relic","Card"],"build_version":"2020-12-22","purchased_purges":0,"victory":false,"max_hp_per_floor":[80,80,80,80,80,80,80,80,80,80,80,80,80,80,80,80,80,80,80,78,78,78,78,78,78,78,78,78,1,1,1,1,1,1],"card_choices":[{"not_picked":["Metallicize","Life Link"],"picked":"Hemokinesis","floor":1},{"not_picked":["Headbutt","Sword Boomerang"],"picked":"Cleave","floor":3},{"not_picked":["Twin Strike","Warcry"],"picked":"Thunderclap","floor":5},{"not_picked":["True Grit","Sword Boomerang"],"picked":"Headbutt","floor":6},{"not_picked":["Anger","Cleave","Clash"],"picked":"SKIP","floor":14},{"not_picked":["hubris:StunningStrike","Exhume"],"picked":"Offering","floor":16},{"not_picked":["Decay","hubris:Gluttony"],"picked":"Spreading Infection","floor":17},{"not_picked":["Regret","Sickly"],"picked":"sneckomod:Bewildered","floor":17},{"not_picked":["hexamod:Haunted","Spreading Infection"],"picked":"Overencumbered","floor":17},{"not_picked":["ReplayTheSpireMod:Strike From Hell","Clash","Havoc+1"],"picked":"SKIP","floor":18},{"not_picked":["hubris:CleavingFinish","Cleave"],"picked":"Spot Weakness","floor":21},{"not_picked":["Flame Barrier","Headbutt"],"picked":"Armaments+1","floor":22},{"not_picked":["ReplayTheSpireMod:LeadingStrike","ReplayTheSpireMod:Limb From Limb+1"],"picked":"Hemokinesis+1","floor":23},{"not_picked":["Master of Strategy","Secret Weapon"],"picked":"Violence","floor":24},{"not_picked":["Specialist","Trip"],"picked":"expansioncontent:AwakenDeath","floor":24},{"not_picked":["Swift Strike","ReplayTheSpireMod:Uncanny Aura"],"picked":"ReplayTheSpireMod:Trickstab","floor":24},{"not_picked":["Infernal Blade","Twin Strike","Clash"],"picked":"SKIP","floor":25},{"not_picked":["Havoc","Twin Strike"],"picked":"Cleave+1","floor":27}],"player_experience":117861,"relics_obtained":[{"floor":9,"key":"Juzu Bracelet"},{"floor":13,"key":"Ring of Panic"},{"floor":13,"key":"ReplayTheSpireMod:Ring of Addiction"},{"floor":13,"key":"Potion Belt"},{"floor":13,"key":"Toy Ornithopter"},{"floor":14,"key":"Snack Pack"},{"floor":23,"key":"Old Coin"},{"floor":30,"key":"hubris:BundleOfHerbs"},{"floor":30,"key":"Kunai"},{"floor":32,"key":"Eternal Feather"}],"event_choices":[{"damage_healed":0,"gold_gain":75,"player_choice":"Gather Gold","damage_taken":11,"max_hp_gain":0,"max_hp_loss":0,"event_name":"World of Goop","floor":2,"gold_loss":0},{"damage_healed":0,"gold_gain":175,"player_choice":"AGREE","damage_taken":0,"max_hp_gain":0,"max_hp_loss":0,"event_name":"Liars Game","floor":4,"gold_loss":0,"cards_obtained":["Doubt"]},{"damage_healed":20,"gold_gain":0,"player_choice":"Healed and dodged fight","damage_taken":0,"max_hp_gain":0,"max_hp_loss":0,"event_name":"Mushrooms","floor":8,"gold_loss":0,"cards_obtained":["Parasite"]},{"damage_healed":0,"gold_gain":0,"player_choice":"Ignored","damage_taken":0,"max_hp_gain":0,"max_hp_loss":0,"event_name":"Beggar","floor":19,"gold_loss":0},{"damage_healed":0,"gold_gain":0,"player_choice":"Fight","damage_taken":0,"max_hp_gain":0,"max_hp_loss":0,"event_name":"Colosseum","floor":30,"gold_loss":0},{"damage_healed":0,"gold_gain":0,"player_choice":"Fought Nobs","damage_taken":0,"max_hp_gain":0,"max_hp_loss":0,"event_name":"Colosseum","floor":30,"gold_loss":0},{"damage_healed":0,"gold_gain":0,"player_choice":"Rummage","damage_taken":0,"relics_obtained":["WarpedTongs"],"max_hp_gain":0,"max_hp_loss":0,"event_name":"Accursed Blacksmith","floor":31,"gold_loss":0,"cards_obtained":["Pain"]}],"is_beta":false,"boss_relics":[{"not_picked":["hubris:CrackedHourglass","Empty Cage"],"picked":"Replay:Ancient Bell"},{"not_picked":["Replay:Bandana","Nunchaku"],"picked":"Blood Vial"},{"not_picked":["Mirror","hubris:IronBody"],"picked":"Onion Ring"},{"not_picked":["Charon\u0027s Ashes","WingedGreaves"],"picked":"hubris:GlazedTorus"}],"items_purged_floors":[],"is_endless":false,"potions_floor_spawned":[3,5,6,14,18,23,25,27],"killed_by":"Collector","ascension_level":0}}