{"host":"vumwfieg2b2mnrfl","time":1609554584,"event":{"mods":["AchievementEnabler","BaseMod","Minty Spire (QoL Compilation)","Rare Cards Sparkle","Relic Stats"],"gold_per_floor":[118,135,151,151,151,184,184,184,184,222,222,258,272,288,288,409,409,429,443,290,290,304,304,304],"floor_reached":23,"playtime":800,"items_purged":[],"score":299,"play_id":"6e185715-cfd1-47c2-a185-af77b4e01f47","local_time":"20210101202944","is_ascension_mode":true,"campfire_choices":[{"data":"Eruption","floor":7,"key":"SMITH"},{"data":"MentalFortress","floor":15,"key":"SMITH"}],"circlet_count":0,"master_deck":["Eruption+1","Vigilance","EmptyFist","FollowUp","Consecrate","Wallop","InnerPeace","EmptyBody","MentalFortress+1","Protect","CutThroughFate","Omniscience","EmptyBody","Perseverance","ClearTheMind","CutThroughFate","Alpha","Blasphemy","EmptyFist","FlurryOfBlows+1","Conclude","Halt"],"relics":["PureWater","Regal Pillow","Bloody Idol","Mummified Hand","PreservedInsect","Akabeko","Spirit Poop","Shuriken","Pandora\u0027s Box","Bag of Preparation"],"acts_visited":["Exordium","TheCity"],"potions_floor_usage":[10,16,16],"damage_taken":[{"damage":2,"enemies":"Jaw Worm","floor":1,"turns":5},{"damage":2,"enemies":"2 Louse","floor":2,"turns":2},{"damage":5,"enemies":"Small Slimes","floor":3,"turns":4},{"damage":8,"enemies":"3 Sentries","floor":6,"turns":5},{"damage":0,"enemies":"Gremlin Nob","floor":10,"turns":3},{"damage":11,"enemies":"3 Sentries","floor":12,"turns":4},{"damage":0,"enemies":"Exordium Thugs","floor":13,"turns":4},{"damage":1,"enemies":"Looter","floor":14,"turns":2},{"damage":0,"enemies":"Slime Boss","floor":16,"turns":5},{"damage":18,"enemies":"3 Byrds","floor":18,"turns":7},{"damage":13,"enemies":"2 Thieves","floor":19,"turns":4},{"damage":21,"enemies":"Snake Plant","floor":22,"turns":2},{"damage":99999,"enemies":"Gremlin Leader","floor":23,"turns":4}],"seed_played":"-1407366297020767776","potions_obtained":[{"floor":6,"key":"Fire Potion"},{"floor":10,"key":"Strength Potion"},{"floor":13,"key":"Energy Potion"},{"floor":14,"key":"LiquidMemories"},{"floor":16,"key":"FearPotion"}],"is_trial":false,"path_per_floor":["M","M","M","?","?","E","R","$","T","E","?","E","M","M","R","B",null,"M","M","$","?","M","E"],"character_chosen":"WATCHER","items_purchased":["Bag of Preparation"],"campfire_rested":0,"item_purchase_floors":[20],"current_hp_per_floor":[70,68,63,63,63,55,55,55,55,55,55,44,44,43,43,43,72,54,41,41,41,25,0,0],"gold":304,"neow_bonus":"RANDOM_COMMON_RELIC","is_daily":false,"chose_seed":false,"campfire_upgraded":2,"win_rate":0.0,"timestamp":1609554584,"path_taken":["M","M","M","?","?","E","R","$","T","E","?","E","M","M","R","BOSS","M","?","$","?","M","E"],"items_purchased_type":["Relic"],"build_version":"2020-12-22","purchased_purges":0,"victory":false,"max_hp_per_floor":[72,72,72,72,72,72,72,72,72,72,72,72,72,72,72,72,72,72,72,72,72,72,72,72],"relic_stats":{"Regal Pillow":0,"counters":[13,50],"Mummified Hand":[10],"Shuriken":[13],"Bloody Idol":5,"Pandora\u0027s Box":["EmptyBody","Perseverance","ClearTheMind","CutThroughFate","Alpha","Blasphemy","EmptyFist"],"PreservedInsect":97,"Bag of Preparation":[4],"obtain_stats":[{"Regal Pillow":0,"Golden Idol":4,"Mummified Hand":6,"Shuriken":12,"Bloody Idol":21,"Spirit Poop":11,"Pandora\u0027s Box":17,"PreservedInsect":9,"Bag of Preparation":20,"PureWater":0,"Akabeko":10},{"Regal Pillow":0,"Golden Idol":3,"Mummified Hand":4,"Shuriken":6,"Bloody Idol":11,"Spirit Poop":5,"Pandora\u0027s Box":9,"PreservedInsect":4,"Bag of Preparation":11,"PureWater":0,"Akabeko":5},{"Regal Pillow":0,"Golden Idol":11,"Mummified Hand":16,"Shuriken":23,"Bloody Idol":45,"Spirit Poop":19,"Pandora\u0027s Box":34,"PreservedInsect":16,"Bag of Preparation":45,"PureWater":0,"Akabeko":19}]},"card_choices":[{"not_picked":["PathToVictory","Prostrate"],"picked":"EmptyFist","floor":1},{"not_picked":["CrushJoints","CutThroughFate"],"picked":"FollowUp","floor":2},{"not_picked":["EmptyFist","Nirvana"],"picked":"Consecrate","floor":3},{"not_picked":["EmptyMind","ForeignInfluence"],"picked":"InnerPeace","floor":6},{"not_picked":["Sanctity","EmptyMind"],"picked":"EmptyBody","floor":10},{"not_picked":["PathToVictory","Halt"],"picked":"MentalFortress","floor":12},{"not_picked":["Brilliance","CrushJoints"],"picked":"Protect","floor":13},{"not_picked":["SashWhip","JustLucky"],"picked":"CutThroughFate","floor":14},{"not_picked":["Devotion","Blasphemy"],"picked":"Omniscience","floor":16},{"not_picked":["ThirdEye","CutThroughFate"],"picked":"FlurryOfBlows+1","floor":18},{"not_picked":["FlyingSleeves","WaveOfTheHand"],"picked":"Conclude","floor":19},{"not_picked":["Indignation+1","ForeignInfluence+1"],"picked":"Halt","floor":22}],"player_experience":348862,"relics_obtained":[{"floor":6,"key":"Mummified Hand"},{"floor":9,"key":"PreservedInsect"},{"floor":10,"key":"Akabeko"},{"floor":12,"key":"Shuriken"}],"event_choices":[{"damage_healed":0,"gold_gain":0,"player_choice":"Take Wound","damage_taken":0,"relics_obtained":["Golden Idol"],"max_hp_gain":0,"max_hp_loss":0,"event_name":"Golden Idol","floor":4,"gold_loss":0,"cards_obtained":["Injury"]},{"damage_healed":0,"gold_gain":0,"cards_transformed":["Strike_P"],"player_choice":"Change","damage_taken":0,"max_hp_gain":0,"max_hp_loss":0,"event_name":"Living Wall","floor":5,"gold_loss":0,"cards_obtained":["Wallop"]},{"cards_removed":["Injury"],"damage_healed":0,"gold_gain":0,"player_choice":"Offered Curse","damage_taken":0,"relics_obtained":["Spirit Poop"],"max_hp_gain":0,"max_hp_loss":0,"event_name":"Bonfire Elementals","floor":11,"gold_loss":0},{"damage_healed":0,"gold_gain":0,"player_choice":"Gave Idol","damage_taken":0,"relics_obtained":["Bloody Idol"],"max_hp_gain":0,"max_hp_loss":0,"event_name":"Forgotten Altar","floor":21,"relics_lost":["Golden Idol"],"gold_loss":0}],"is_beta":false,"boss_relics":[{"not_picked":["Runic Pyramid","Ectoplasm"],"picked":"Pandora\u0027s Box"}],"items_purged_floors":[],"is_endless":false,"potions_floor_spawned":[6,10,13,14,16],"killed_by":"Gremlin Leader","ascension_level":1}}