{"host":"ynimr9ugvc6f046i","time":1609553961,"event":{"mods":["2.2 Compatiblity","BaseMod","Colored Map","DeckTracker","Highlight Path","Keyboard Shortcuts","Minty Spire (QoL Compilation)","Permanent Neow","Quick Restart","StSLib","SuperFastMode"],"gold_per_floor":[311,65,65,65,88,126,126,126,173,214,214,228,243,243,243,243,243],"floor_reached":16,"playtime":287,"items_purged":["Strike_G"],"score":216,"play_id":"a7109c0b-2fa2-4095-95a7-35801096e408","local_time":"20210102111921","is_ascension_mode":true,"campfire_choices":[{"data":"Crippling Poison","floor":7,"key":"SMITH"},{"data":"Calculated Gamble","floor":15,"key":"SMITH"}],"circlet_count":0,"master_deck":["AscendersBane","Strike_G","Strike_G","Strike_G","Defend_G","Defend_G","Defend_G","Defend_G","Defend_G","Survivor","Neutralize","Crippling Poison+1","Dagger Spray","Calculated Gamble","Reflex","Calculated Gamble+1","Dagger Throw+1"],"relics":["Ring of the Snake","Old Coin","ClockworkSouvenir","Golden Idol","HornCleat","Molten Egg 2","Snake Skull","Eternal Feather","Pantograph"],"acts_visited":["Exordium"],"potions_floor_usage":[6,16],"damage_taken":[{"damage":9,"enemies":"Jaw Worm","floor":1,"turns":7},{"damage":0,"enemies":"Small Slimes","floor":5,"turns":5},{"damage":7,"enemies":"3 Sentries","floor":6,"turns":10},{"damage":18,"enemies":"Gremlin Nob","floor":10,"turns":5},{"damage":0,"enemies":"Cultist","floor":12,"turns":4},{"damage":0,"enemies":"Blue Slaver","floor":13,"turns":3},{"damage":54,"enemies":"Slime Boss","floor":16,"turns":6}],"seed_played":"-8031086542456141204","potions_obtained":[{"floor":5,"key":"DuplicationPotion"},{"floor":10,"key":"Energy Potion"},{"floor":13,"key":"FearPotion"}],"is_trial":false,"path_per_floor":["M","$","?","?","M","E","R","?","T","E","?","M","M","T","R","B"],"character_chosen":"THE_SILENT","items_purchased":["ClockworkSouvenir"],"campfire_rested":0,"item_purchase_floors":[2],"current_hp_per_floor":[50,50,50,15,15,8,8,28,28,10,10,10,10,10,19,0,0],"gold":243,"neow_bonus":"ONE_RARE_RELIC","is_daily":false,"chose_seed":false,"campfire_upgraded":2,"win_rate":0.0,"timestamp":1609553961,"path_taken":["M","$","?","?","?","E","R","?","T","E","?","M","?","?","R","BOSS"],"items_purchased_type":["Relic"],"build_version":"2020-12-22","purchased_purges":1,"victory":false,"max_hp_per_floor":[66,66,60,60,60,60,60,60,60,60,60,60,60,60,60,60,60],"card_choices":[{"not_picked":["Backflip","Outmaneuver"],"picked":"Crippling Poison","floor":1},{"not_picked":["Slice","Quick Slash"],"picked":"Dagger Spray","floor":5},{"not_picked":["Blade Dance","PiercingWail"],"picked":"Calculated Gamble","floor":6},{"not_picked":["Night Terror","Cloak And Dagger"],"picked":"Reflex","floor":10},{"not_picked":["Underhanded Strike+1","Outmaneuver"],"picked":"Calculated Gamble","floor":12},{"not_picked":["Deflect","Dodge and Roll"],"picked":"Dagger Throw+1","floor":13}],"player_experience":531918,"relics_obtained":[{"floor":6,"key":"Molten Egg 2"},{"floor":9,"key":"Snake Skull"},{"floor":10,"key":"Eternal Feather"},{"floor":14,"key":"Pantograph"}],"event_choices":[{"damage_healed":0,"gold_gain":0,"player_choice":"Lose Max HP","damage_taken":0,"relics_obtained":["Golden Idol"],"max_hp_gain":0,"max_hp_loss":6,"event_name":"Golden Idol","floor":3,"gold_loss":0},{"damage_healed":0,"gold_gain":0,"player_choice":"Success","damage_taken":35,"relics_obtained":["HornCleat"],"max_hp_gain":0,"max_hp_loss":0,"event_name":"Scrap Ooze","floor":4,"gold_loss":0},{"damage_healed":20,"gold_gain":0,"player_choice":"Banana","damage_taken":0,"max_hp_gain":0,"max_hp_loss":0,"event_name":"Big Fish","floor":8,"gold_loss":0},{"cards_removed":["Strike_G"],"damage_healed":0,"gold_gain":0,"player_choice":"Purged","damage_taken":0,"max_hp_gain":0,"max_hp_loss":0,"event_name":"Purifier","floor":11,"gold_loss":0}],"is_beta":false,"boss_relics":[],"items_purged_floors":[2],"is_endless":false,"potions_floor_spawned":[5,10,13],"killed_by":"Slime Boss","ascension_level":20}}