{"host":"1q1wpq6df472foxy","time":1609563117,"event":{"mods":["BaseMod","DeckTracker","Highlight Path","Minty Spire (QoL Compilation)","Quick Restart","StSLib","SuperFastMode"],"gold_per_floor":[117,117,136,26,41,41,60,70,95,95,95],"floor_reached":10,"playtime":377,"items_purged":["Strike_R"],"score":85,"play_id":"e93ed0cd-8a6f-4e33-ad54-f8ae68c44449","local_time":"20210102135157","is_ascension_mode":false,"campfire_choices":[{"floor":6,"key":"RECALL"}],"circlet_count":0,"master_deck":["Strike_R","Strike_R","Strike_R","Strike_R","Defend_R","Defend_R","Defend_R","Defend_R","Bash","Feed","Rampage"],"relics":["Burning Blood","Regal Pillow"],"acts_visited":["Exordium"],"potions_floor_usage":[8,10,10,10,10],"damage_taken":[{"damage":4,"enemies":"Jaw Worm","floor":1,"turns":4},{"damage":10,"enemies":"2 Louse","floor":3,"turns":3},{"damage":5,"enemies":"Small Slimes","floor":5,"turns":4},{"damage":11,"enemies":"Blue Slaver","floor":7,"turns":5},{"damage":12,"enemies":"Gremlin Gang","floor":8,"turns":4},{"damage":21,"enemies":"Lagavulin","floor":10,"turns":5}],"seed_played":"-7507309385294219628","potions_obtained":[{"floor":5,"key":"Explosive Potion"},{"floor":7,"key":"EntropicBrew"}],"is_trial":false,"path_per_floor":["M","?","M","$","M","R","M","M","T","E"],"character_chosen":"IRONCLAD","items_purchased":["Rampage"],"campfire_rested":0,"item_purchase_floors":[4],"current_hp_per_floor":[61,43,42,42,46,46,44,41,41,20,20],"gold":95,"neow_bonus":"THREE_RARE_CARDS","is_daily":false,"chose_seed":false,"campfire_upgraded":0,"win_rate":0.0,"timestamp":1609563117,"path_taken":["M","?","M","$","M","R","M","M","T","E"],"items_purchased_type":["Card"],"build_version":"2020-12-22","purchased_purges":1,"victory":false,"max_hp_per_floor":[83,83,86,86,89,89,92,95,95,95,95],"card_choices":[{"not_picked":["Impervious","Bludgeon"],"picked":"Feed","floor":0},{"not_picked":["True Grit","Pommel Strike","Sentinel"],"picked":"SKIP","floor":1},{"not_picked":["Wild Strike","Shockwave","Clothesline"],"picked":"SKIP","floor":3},{"not_picked":["Feel No Pain","Clothesline","Wild Strike"],"picked":"SKIP","floor":5},{"not_picked":["Dropkick","Clothesline","Intimidate"],"picked":"SKIP","floor":7},{"not_picked":["Perfected Strike","Disarm","Iron Wave"],"picked":"SKIP","floor":8}],"player_experience":371867,"relics_obtained":[],"event_choices":[{"damage_healed":0,"gold_gain":0,"player_choice":"Success","damage_taken":18,"relics_obtained":["Regal Pillow"],"max_hp_gain":0,"max_hp_loss":0,"event_name":"Scrap Ooze","floor":2,"gold_loss":0}],"is_beta":false,"boss_relics":[],"items_purged_floors":[4],"is_endless":false,"potions_floor_spawned":[5,7],"killed_by":"Lagavulin","ascension_level":0}}