{"host":"tiwza2kisyyrpq7h","time":1609603939,"event":{"mods":["BaseMod","Colored Powertips","Minty Spire (QoL Compilation)","Quick Restart","Rare Cards Sparkle","StSLib","SuperFastMode","The Servant 0.9.4","óô»ðÖ¸ÄÏ"],"gold_per_floor":[116,128,178,0,10,10,35,35,58,58,69,98,98,115,115,191,191,204,204,215,215,215],"floor_reached":21,"playtime":509,"items_purged":[],"score":349,"play_id":"9b6182ad-6706-4cbe-9d5d-8ff60ed4ccc5","local_time":"20210103001219","is_ascension_mode":true,"campfire_choices":[{"data":"Enlightenment","floor":6.0,"key":"SMITH"},{"data":"Judgement","floor":8.0,"key":"SMITH"},{"data":"Eruption","floor":10.0,"key":"SMITH"},{"data":"Wireheading","floor":15.0,"key":"SMITH"}],"circlet_count":0,"master_deck":["AscendersBane","Strike_P","Strike_P","Strike_P","Strike_P","Defend_P","Defend_P","Defend_P","Defend_P","Eruption+1","Vigilance","InnerPeace","InnerPeace","Enlightenment+1","Judgement+1","FollowUp","PathToVictory","Wireheading+1","Ragnarok","CutThroughFate","Vault","EmptyBody","Wallop"],"relics":["PureWater","NeowsBlessing","Regal Pillow","Art of War","Odd Mushroom","Tiny Chest","VioletLotus"],"acts_visited":["Exordium","TheCity"],"potions_floor_usage":[21],"damage_taken":[{"damage":0.0,"enemies":"2 Louse","floor":1.0,"turns":1.0},{"damage":0.0,"enemies":"Cultist","floor":2.0,"turns":1.0},{"damage":0.0,"enemies":"Jaw Worm","floor":5.0,"turns":1.0},{"damage":19.0,"enemies":"3 Sentries","floor":7.0,"turns":9.0},{"damage":3.0,"enemies":"3 Louse","floor":11.0,"turns":2.0},{"damage":0.0,"enemies":"The Mushroom Lair","floor":12.0,"turns":2.0},{"damage":2.0,"enemies":"Large Slime","floor":14.0,"turns":2.0},{"damage":21.0,"enemies":"The Guardian","floor":16.0,"turns":5.0},{"damage":25.0,"enemies":"Chosen","floor":18.0,"turns":5.0},{"damage":20.0,"enemies":"3 Byrds","floor":20.0,"turns":5.0},{"damage":28,"enemies":"Shelled Parasite and Fungi","floor":21,"turns":3}],"seed_played":"7760455454307458332","potions_obtained":[{"floor":1.0,"key":"FearPotion"},{"floor":11.0,"key":"BlessingOfTheForge"},{"floor":12.0,"key":"DuplicationPotion"},{"floor":14.0,"key":"Swift Potion"},{"floor":18.0,"key":"SteroidPotion"}],"is_trial":false,"path_per_floor":["M","M","?","$","M","R","E","R","T","R","M","?","?","M","R","B",null,"M","?","M","M"],"character_chosen":"WATCHER","items_purchased":["Enlightenment","Judgement"],"campfire_rested":0,"item_purchase_floors":[4,4],"current_hp_per_floor":[61,61,55,55,55,55,36,36,36,36,33,33,33,31,31,10,54,29,29,9,0,0],"gold":215,"neow_bonus":"THREE_ENEMY_KILL","is_daily":false,"chose_seed":false,"campfire_upgraded":4,"win_rate":0.0,"timestamp":1609603939,"path_taken":["M","M","?","?","?","R","E","R","T","R","M","?","?","M","R","BOSS","M","?","?","M"],"items_purchased_type":["Card","Card"],"build_version":"2020-12-22","purchased_purges":0,"victory":false,"max_hp_per_floor":[68,68,68,68,68,68,68,68,68,68,68,68,68,68,68,68,68,68,68,68,68,68],"card_choices":[{"not_picked":["ClearTheMind","SandsOfTime"],"picked":"InnerPeace","floor":1.0},{"not_picked":["Evaluate","SashWhip"],"picked":"InnerPeace","floor":2.0},{"not_picked":["Prostrate","ReachHeaven"],"picked":"FollowUp","floor":5.0},{"not_picked":["CarveReality","FlyingSleeves"],"picked":"PathToVictory","floor":7.0},{"not_picked":["JustLucky","CrushJoints"],"picked":"Wireheading","floor":11.0},{"not_picked":["EmptyFist","SignatureMove"],"picked":"Ragnarok","floor":12.0},{"not_picked":["CrushJoints","Prostrate"],"picked":"CutThroughFate","floor":14.0},{"not_picked":["SpiritShield","Establishment"],"picked":"Vault","floor":16.0},{"not_picked":["Crescendo","Swivel"],"picked":"EmptyBody","floor":18.0},{"not_picked":["Protect","Prostrate"],"picked":"Wallop","floor":20.0}],"player_experience":931068,"relics_obtained":[{"floor":7.0,"key":"Regal Pillow"},{"floor":9.0,"key":"Art of War"},{"floor":12.0,"key":"Odd Mushroom"}],"event_choices":[{"damage_healed":0.0,"max_hp_gain":0.0,"max_hp_loss":0.0,"gold_gain":50.0,"event_name":"FaceTrader","player_choice":"Touch","floor":3.0,"gold_loss":0.0,"damage_taken":6.0},{"damage_healed":0.0,"max_hp_gain":0.0,"max_hp_loss":0.0,"gold_gain":0.0,"event_name":"Mushrooms","player_choice":"Fought Mushrooms","floor":12.0,"gold_loss":0.0,"damage_taken":0.0},{"damage_healed":0.0,"max_hp_gain":0.0,"max_hp_loss":0.0,"gold_gain":0.0,"event_name":"Big Fish","player_choice":"Box","floor":13.0,"gold_loss":0.0,"damage_taken":0.0,"relics_obtained":["Tiny Chest"],"cards_obtained":["Regret"]},{"cards_removed":["Regret"],"damage_healed":0.0,"max_hp_gain":0.0,"max_hp_loss":0.0,"gold_gain":0.0,"event_name":"Fountain of Cleansing","player_choice":"Removed Curses","floor":19.0,"gold_loss":0.0,"damage_taken":0.0}],"is_beta":false,"boss_relics":[{"not_picked":["SacredBark","Tiny House"],"picked":"VioletLotus"}],"items_purged_floors":[],"is_endless":false,"potions_floor_spawned":[1,11,12,14,18],"killed_by":"Shelled Parasite and Fungi","ascension_level":19}}