{"host":"i0avyit1s6jb1siw","time":1609585023,"event":{"mods":["BaseMod","DeckTracker","Dota2Spire","Highlight Path","Minty Spire (QoL Compilation)","Quick Restart","Replay The Spire","StSLib","SuperFastMode"],"gold_per_floor":[118,118,135,147,147,147,72,72,98,110,157,189,101,130,130,203,203,219,219,239,257,270,270,195,195,273,273,298,313,313,330,330,404,404,421,421,439,489,503,503,503],"floor_reached":40,"playtime":970,"items_purged":["Defend_G","Strike_G"],"score":932,"play_id":"09d10c95-1fe2-49ac-bbfb-aeb5aa4078a7","local_time":"20210102115703","is_ascension_mode":true,"campfire_choices":[{"data":"Bane","floor":6.0,"key":"SMITH"},{"data":"Replay:Poison Smokescreen","floor":8.0,"key":"SMITH"},{"data":"Neutralize","floor":10.0,"key":"SMITH"},{"data":"Noxious Fumes","floor":15,"key":"SMITH"},{"floor":23,"key":"REST"},{"data":"Crippling Poison","floor":25,"key":"SMITH"},{"data":"Poison Darts","floor":27,"key":"SMITH"},{"floor":32,"key":"REST"}],"circlet_count":0,"master_deck":["AscendersBane","Survivor","Neutralize+1","Replay:Poison Smokescreen+1","Bane+1","Noxious Fumes+1","Crippling Poison+1","Adrenaline+1","Poison Darts+1","Dash","Toxin Wave","Blur","Dodge and Roll","Escape Plan","PiercingWail","Calculated Gamble","ReplayTheSpireMod:Necrosis","Footwork","After Image"],"relics":["Black Star","MawBank","HornCleat","InkBottle","Strawberry","Lizard Tail","Pandora\u0027s Box","Replay:Baseball","Calipers","Sozu"],"acts_visited":["Exordium","TheCity","TheBeyond"],"potions_floor_usage":[11,14,14,31,33,33],"damage_taken":[{"damage":0.0,"enemies":"Small Slimes","floor":1.0,"turns":5.0},{"damage":0.0,"enemies":"Jaw Worm","floor":3.0,"turns":5.0},{"damage":2.0,"enemies":"Cultist","floor":4.0,"turns":5.0},{"damage":23,"enemies":"Gremlin Nob","floor":11,"turns":4},{"damage":14,"enemies":"3 Louse","floor":12,"turns":4},{"damage":0,"enemies":"3 Sentries","floor":14,"turns":5},{"damage":40,"enemies":"Slime Boss","floor":16,"turns":10},{"damage":7,"enemies":"Shell Parasite","floor":18,"turns":5},{"damage":0,"enemies":"Spheric Guardian","floor":20,"turns":4},{"damage":4,"enemies":"Centurion and Healer","floor":21,"turns":6},{"damage":20,"enemies":"Cultist and Chosen","floor":22,"turns":6},{"damage":34,"enemies":"Book of Stabbing","floor":28,"turns":6},{"damage":0,"enemies":"Snecko","floor":29,"turns":4},{"damage":4,"enemies":"3 Cultists","floor":31,"turns":5},{"damage":31,"enemies":"Champ","floor":33,"turns":11},{"damage":0,"enemies":"Orb Walker","floor":35,"turns":4},{"damage":0,"enemies":"3 Darklings","floor":37,"turns":5},{"damage":29,"enemies":"4 Shapes","floor":39,"turns":4},{"damage":32,"enemies":"Giant Head","floor":40,"turns":7}],"seed_played":"-3553688170602621833","potions_obtained":[{"floor":1.0,"key":"LiquidMemories"},{"floor":3.0,"key":"Venom Potion"},{"floor":11,"key":"Toxic Potion"},{"floor":21,"key":"Weak Potion"},{"floor":22,"key":"Dota2Spire:HealingSalve"},{"floor":31,"key":"AttackPotion"}],"is_trial":false,"path_per_floor":["M","?","M","M","?","R","$","R","T","R","E","M","$","E","R","B",null,"M","?","M","M","M","R","?","R","T","R","E","M","?","M","R","B",null,"M","?","M","?","M","E"],"character_chosen":"THE_SILENT","items_purchased":[],"campfire_rested":2,"item_purchase_floors":[],"current_hp_per_floor":[59,59,59,57,50,50,50,50,50,50,27,13,13,20,20,19,60,53,53,53,49,29,50,50,50,50,50,16,16,16,27,48,17,59,59,59,59,59,30,0,0],"gold":503,"neow_bonus":"BOSS_RELIC","is_daily":false,"chose_seed":false,"campfire_upgraded":6,"win_rate":0.0,"timestamp":1609585023,"path_taken":["M","?","M","M","?","R","$","R","T","R","E","M","?","E","R","BOSS","M","?","?","M","M","R","?","R","T","R","E","M","?","M","R","BOSS","M","?","M","?","?","E"],"items_purchased_type":[],"build_version":"2020-12-22","purchased_purges":2,"victory":false,"max_hp_per_floor":[66,66,66,66,66,66,66,66,66,66,66,66,66,73,73,73,73,73,73,73,73,73,73,73,73,73,73,73,73,73,73,73,73,73,73,73,73,73,73,73,73],"card_choices":[{"not_picked":["Riddle With Holes","ReplayTheSpireMod:The Works"],"picked":"Replay:Poison Smokescreen","floor":1.0},{"not_picked":["Outmaneuver","Underhanded Strike"],"picked":"Dagger Spray","floor":3.0},{"not_picked":["Predator","Flying Knee"],"picked":"Bane","floor":4.0},{"not_picked":["Dodge and Roll","Acrobatics"],"picked":"Noxious Fumes","floor":11},{"not_picked":["Doppelganger","Bane"],"picked":"Crippling Poison","floor":12},{"not_picked":["Masterful Stab","Bane","Prepared"],"picked":"SKIP","floor":14},{"not_picked":["Burst","Venomology"],"picked":"Adrenaline","floor":16},{"not_picked":["Sucker Punch","Slice"],"picked":"Escape Plan","floor":18},{"not_picked":["Dagger Throw","Prepared"],"picked":"PiercingWail","floor":20},{"not_picked":["Prepared","Draining Mist","Deflect"],"picked":"SKIP","floor":21},{"not_picked":["Dodge and Roll","Infinite Blades","Dagger Spray"],"picked":"SKIP","floor":22},{"not_picked":["Bouncing Flask","Predator"],"picked":"Calculated Gamble","floor":28},{"not_picked":["Backflip","Slice"],"picked":"ReplayTheSpireMod:Necrosis","floor":29},{"not_picked":["Poisoned Stab","Prepared"],"picked":"Footwork","floor":31},{"not_picked":["Malaise","Venomology"],"picked":"After Image","floor":33},{"not_picked":["Outmaneuver","Prepared","Bouncing Flask"],"picked":"SKIP","floor":35},{"not_picked":["ReplayTheSpireMod:Tripwire","ReplayTheSpireMod:Shiv Toss","Backflip"],"picked":"SKIP","floor":37},{"not_picked":["Dodge and Roll","Blade Dance","Dagger Throw"],"picked":"SKIP","floor":39}],"player_experience":2160195,"relics_obtained":[{"floor":9.0,"key":"MawBank"},{"floor":11,"key":"HornCleat"},{"floor":11,"key":"InkBottle"},{"floor":14,"key":"Strawberry"},{"floor":14,"key":"Lizard Tail"},{"floor":28,"key":"Replay:Baseball"},{"floor":28,"key":"Calipers"}],"event_choices":[{"cards_removed":["Strike_G"],"damage_healed":0.0,"max_hp_gain":0.0,"max_hp_loss":0.0,"gold_gain":0.0,"event_name":"Golden Wing","player_choice":"Card Removal","floor":5.0,"gold_loss":0.0,"damage_taken":7.0},{"damage_healed":0,"gold_gain":0,"player_choice":"Forge","damage_taken":0,"max_hp_gain":0,"max_hp_loss":0,"event_name":"Accursed Blacksmith","floor":19,"gold_loss":0,"cards_upgraded":["Adrenaline"]},{"cards_removed":["Quick Slash"],"damage_healed":0,"gold_gain":0,"player_choice":"Gave Gold","damage_taken":0,"max_hp_gain":0,"max_hp_loss":0,"event_name":"Beggar","floor":24,"gold_loss":75},{"cards_removed":["Dagger Spray"],"damage_healed":0,"gold_gain":0,"player_choice":"Purged","damage_taken":0,"max_hp_gain":0,"max_hp_loss":0,"event_name":"Purifier","floor":30,"gold_loss":0},{"cards_removed":["Flechettes"],"damage_healed":0,"gold_gain":0,"player_choice":"Removed Attack","damage_taken":0,"max_hp_gain":0,"max_hp_loss":0,"event_name":"Falling","floor":36,"gold_loss":0},{"damage_healed":0,"gold_gain":50,"player_choice":"Pray","damage_taken":0,"max_hp_gain":0,"max_hp_loss":0,"event_name":"Golden Shrine","floor":38,"gold_loss":0}],"is_beta":false,"boss_relics":[{"not_picked":["Replay:Bronze Core","Replay:Wanted Poster"],"picked":"Pandora\u0027s Box"},{"not_picked":["Replay:Drink Me","Runic Dome"],"picked":"Sozu"}],"items_purged_floors":[7,13],"is_endless":false,"potions_floor_spawned":[1,3,11,21,22,31,39],"killed_by":"Giant Head","ascension_level":20}}