{"host":"hvutsrv30nr3m3gn","time":1609569470,"event":{"mods":["BaseMod","Colored Powertips","Downfall","Hermit","Marisa????????","Minty Spire (QoL Compilation)","StSLib","The Animator","The Bug Knight","The Cursed"],"gold_per_floor":[99,99,99,99,119,149,149,74,74,91,102,122,107,125,138,138,138],"floor_reached":16,"playtime":731,"items_purged":[],"score":102,"play_id":"ac18bc7d-c7a8-4290-ba07-390b938e2557","local_time":"20210101233750","is_ascension_mode":false,"campfire_choices":[{"data":"hermit:Snapshot","floor":1,"key":"SMITH"},{"data":"hermit:HighCaliber","floor":8,"key":"SMITH"}],"circlet_count":0,"master_deck":["hermit:Strike_Hermit","hermit:Strike_Hermit","hermit:Strike_Hermit","hermit:Strike_Hermit","hermit:Defend_Hermit","hermit:Defend_Hermit","hermit:Defend_Hermit","hermit:Defend_Hermit","hermit:Snapshot+1","hermit:Covet","hermit:WideOpen","hermit:Quickdraw","hermit:Vantage","hermit:Dive","hermit:HighCaliber+1","hermit:Glare","hermit:SprayPray","hermit:Snipe","hermit:BodyArmor","hermit:Ricochet","hermit:Maintenance"],"relics":["hermit:Momento","downfall:HeartsMalice","Nunchaku","downfall:HeartBlessingBlue"],"acts_visited":["Exordium"],"potions_floor_usage":[16,16,16],"damage_taken":[{"damage":0,"enemies":"Cultist","floor":2,"turns":1},{"damage":0,"enemies":"Jaw Worm","floor":3,"turns":1},{"damage":0,"enemies":"downfall:FleeingMerchant","floor":4,"turns":1},{"damage":0,"enemies":"Small Slimes","floor":5,"turns":2},{"damage":16,"enemies":"Lagavulin","floor":6,"turns":8},{"damage":0,"enemies":"Blue Slaver","floor":10,"turns":2},{"damage":2,"enemies":"Red Slaver","floor":11,"turns":3},{"damage":3,"enemies":"Large Slime","floor":12,"turns":5},{"damage":5,"enemies":"downfall:FleeingMerchant","floor":13,"turns":4},{"damage":13,"enemies":"Exordium Thugs","floor":14,"turns":4},{"damage":7,"enemies":"Blue Slaver","floor":15,"turns":4},{"damage":42,"enemies":"downfall:Ironclad","floor":16,"turns":5}],"seed_played":"994459860755438052","potions_obtained":[{"floor":5,"key":"Slimebound:ThreeZeroPotion"},{"floor":11,"key":"Energy Potion"},{"floor":15,"key":"Energy Potion"}],"is_trial":false,"path_per_floor":["R","M","M","$","M","E","T","R","?","M","M","M","$","M","M","B"],"character_chosen":"HERMIT","items_purchased":[],"campfire_rested":0,"item_purchase_floors":[],"current_hp_per_floor":[75,75,75,75,75,59,59,69,69,69,67,64,59,46,39,0,0],"gold":138,"neow_bonus":"THREE_ENEMY_KILL","is_daily":false,"chose_seed":false,"campfire_upgraded":2,"win_rate":0.0,"timestamp":1609569470,"path_taken":["R","M","?","$","M","E","T","R","?","M","M","M","$","M","M","BOSS"],"items_purchased_type":[],"build_version":"2020-12-22","purchased_purges":0,"victory":false,"max_hp_per_floor":[75,75,75,75,75,75,75,85,85,85,85,85,85,85,85,85,85],"card_choices":[{"not_picked":["hermit:Roulette","hermit:Misfire"],"picked":"hermit:WideOpen","floor":2},{"not_picked":["hermit:Glare","hermit:Vantage"],"picked":"hermit:Quickdraw","floor":3},{"not_picked":["hermit:Malice","hermit:Midnight"],"picked":"hermit:Vantage","floor":4},{"not_picked":["hermit:LowProfile","hermit:OverwhelmingPower"],"picked":"hermit:Dive","floor":5},{"not_picked":["hermit:HighNoon","hermit:Coalescence"],"picked":"hermit:HighCaliber","floor":6},{"not_picked":["hermit:BodyArmor","hermit:Virtue"],"picked":"hermit:Glare","floor":10},{"not_picked":["hermit:Gestalt","hermit:LuckOfTheDraw"],"picked":"hermit:SprayPray","floor":11},{"not_picked":["hermit:Desperado","hermit:FlashPowder"],"picked":"hermit:Snipe","floor":12},{"not_picked":["hermit:BlackWind","hermit:Dissolve"],"picked":"hermit:BodyArmor","floor":13},{"not_picked":["hermit:Gestalt","hermit:GhostlyPresence"],"picked":"hermit:Ricochet","floor":14},{"not_picked":["hermit:Spite","hermit:SprayPray"],"picked":"hermit:Maintenance","floor":15}],"player_experience":73207,"relics_obtained":[{"floor":6,"key":"Nunchaku"}],"event_choices":[],"is_beta":false,"boss_relics":[],"items_purged_floors":[],"is_endless":false,"potions_floor_spawned":[5,11,15],"killed_by":"downfall:Ironclad","ascension_level":0}}