{"host":"3rixevx6n8b56xaj","time":1609605590,"event":{"mods":["2.2 Compatiblity","AchievementEnabler","Arknights The Spire","BaseMod","Colored Map","DeckTracker","Friendly Minions","Minty Spire (QoL Compilation)","StSLib","SuperFastMode"],"gold_per_floor":[362,372,226,245,108,138,138,150,204,204,229,244,244,261,261,363,363,378,396,407,426,426,426],"floor_reached":22,"playtime":625,"items_purged":["Regret","Strike_P"],"score":225,"play_id":"233af743-4210-4fc6-9979-d916dccc24f9","local_time":"20210103013950","is_ascension_mode":false,"campfire_choices":[{"data":"Eruption","floor":7,"key":"SMITH"},{"data":"MentalFortress","floor":15,"key":"SMITH"}],"circlet_count":0,"master_deck":["Strike_P","Strike_P","Strike_P","Defend_P","Defend_P","Defend_P","Eruption+1","Vigilance","MentalFortress+1","FlurryOfBlows","FearNoEvil","EmptyFist","InnerPeace","Pray","DevaForm","Prostrate+1"],"relics":["PureWater","Shuriken","Orichalcum","Happy Flower","Runic Dome"],"acts_visited":["Exordium","TheCity"],"potions_floor_usage":[11,12,19,20,22],"damage_taken":[{"damage":21,"enemies":"Jaw Worm","floor":1,"turns":4},{"damage":24,"enemies":"Cultist","floor":2,"turns":6},{"damage":0,"enemies":"2 Louse","floor":4,"turns":2},{"damage":15,"enemies":"3 Sentries","floor":6,"turns":7},{"damage":0,"enemies":"Large Slime","floor":8,"turns":3},{"damage":0,"enemies":"Gremlin Nob","floor":11,"turns":2},{"damage":5,"enemies":"2 Fungi Beasts","floor":12,"turns":2},{"damage":0,"enemies":"Exordium Wildlife","floor":14,"turns":2},{"damage":3,"enemies":"The Guardian","floor":16,"turns":7},{"damage":18,"enemies":"3 Byrds","floor":18,"turns":6},{"damage":1,"enemies":"Shell Parasite","floor":19,"turns":4},{"damage":20,"enemies":"3 Cultists","floor":20,"turns":4},{"damage":31,"enemies":"Shelled Parasite and Fungi","floor":21,"turns":6},{"damage":5,"enemies":"Centurion and Healer","floor":22,"turns":1}],"seed_played":"1522692340161209811","potions_obtained":[{"floor":6,"key":"BlessingOfTheForge"},{"floor":10,"key":"Ambrosia"},{"floor":10,"key":"AttackPotion"},{"floor":11,"key":"Explosive Potion"},{"floor":12,"key":"GamblersBrew"},{"floor":14,"key":"BottledMiracle"},{"floor":21,"key":"SkillPotion"}],"is_trial":false,"path_per_floor":["M","M","$","M","$","E","R","M","T","?","E","M","?","M","R","B",null,"M","M","M","M","M"],"character_chosen":"WATCHER","items_purchased":["FearNoEvil","InnerPeace"],"campfire_rested":0,"item_purchase_floors":[3,5],"current_hp_per_floor":[51,27,27,27,27,12,12,12,12,12,12,7,7,7,7,4,72,54,53,33,2,0,0],"gold":426,"neow_bonus":"TWO_FIFTY_GOLD","is_daily":false,"chose_seed":false,"campfire_upgraded":2,"win_rate":0.0,"timestamp":1609605590,"path_taken":["M","M","$","M","$","E","R","M","T","?","E","?","?","M","R","BOSS","M","M","M","?","M"],"items_purchased_type":["Card","Card"],"build_version":"2020-12-22","purchased_purges":2,"victory":false,"max_hp_per_floor":[72,72,72,72,72,72,72,72,72,72,72,72,72,72,72,72,72,72,72,72,72,72,72],"card_choices":[{"not_picked":["Prostrate","CrushJoints"],"picked":"MentalFortress","floor":1},{"not_picked":["Worship","EmptyFist"],"picked":"FlurryOfBlows","floor":2},{"not_picked":["EmptyBody","Wallop"],"picked":"EmptyFist","floor":4},{"not_picked":["Blasphemy","CarveReality"],"picked":"Pray","floor":6},{"not_picked":["SandsOfTime","FlurryOfBlows","ThirdEye"],"picked":"SKIP","floor":8},{"not_picked":["Consecrate","Blasphemy","MasterReality"],"picked":"SKIP","floor":11},{"not_picked":["Protect","Sanctity","BattleHymn"],"picked":"SKIP","floor":12},{"not_picked":["ThirdEye","Prostrate","Consecrate"],"picked":"SKIP","floor":14},{"not_picked":["Establishment","Scrawl"],"picked":"DevaForm","floor":16},{"not_picked":["CutThroughFate","ClearTheMind","SandsOfTime+1"],"picked":"SKIP","floor":18},{"not_picked":["SashWhip","CutThroughFate","LikeWater"],"picked":"SKIP","floor":19},{"not_picked":["WreathOfFlame","EmptyFist+1"],"picked":"Prostrate+1","floor":20},{"not_picked":["Establishment","Worship","Crescendo"],"picked":"SKIP","floor":21}],"player_experience":600678,"relics_obtained":[{"floor":6,"key":"Shuriken"},{"floor":9,"key":"Orichalcum"},{"floor":11,"key":"Happy Flower"}],"event_choices":[{"damage_healed":0,"gold_gain":0,"player_choice":"Got Potions","damage_taken":0,"max_hp_gain":0,"max_hp_loss":0,"event_name":"Lab","floor":10,"gold_loss":0},{"cards_removed":["Defend_P"],"damage_healed":0,"gold_gain":0,"player_choice":"Purged","damage_taken":0,"max_hp_gain":0,"max_hp_loss":0,"event_name":"Purifier","floor":13,"gold_loss":0}],"is_beta":false,"boss_relics":[{"not_picked":["Cursed Key","Astrolabe"],"picked":"Runic Dome"}],"items_purged_floors":[3,5],"is_endless":false,"potions_floor_spawned":[6,11,12,14,18,21],"killed_by":"Centurion and Healer","ascension_level":0}}