{"host":"0cnf9zf1gia27zti","time":1609557364,"event":{"mods":["BaseMod","Better Third Choice","BetterRewards","Card Forge","ChefMod","Colored Map","Colored Powertips","Conspire","Downfall","Googly Eyes","Infinite Spire","Minty Spire (QoL Compilation)","Practice Mode","Quick Restart","Replay The Spire","Shade Mod","Spicy Shops","StSLib","The Marked"],"gold_per_floor":[138,138,88,88,33,33,66,201,201,303,2,2,135,215,215,472,472,529,529,529,529],"floor_reached":20,"playtime":903,"items_purged":[],"score":426,"play_id":"7ace566e-e5ee-4819-8530-8459f219b383","local_time":"20210102031604","daily_mods":["SealedDeck","Heirloom","downfall:Lament","DeadlyEvents","Elite Swarm","Midas"],"is_ascension_mode":true,"campfire_choices":[{"floor":6,"key":"REST"},{"floor":12,"key":"REST"},{"floor":15,"key":"REST"}],"circlet_count":0,"master_deck":["AscendersBane","Pommel Strike","Heavy Blade","Cleave","Cleave","Cleave","Thunderclap","ReplayTheSpireMod:Stacked","Shrug It Off","Shrug It Off+1","Iron Wave+1","conspire:SpireCoStock+1","Shrug It Off","Limit Break+1","Barricade+1","Demonic Infusion+1","Limit Break+1","Inflame+1","Rampage"],"relics":["Burning Blood","Hammer of Thor","Seething Fire","Anvil of the Gods","NeowsBlessing","Ring of Chaos","infinitespire:Joker Card","infinitespire:Golems Mask","Turnip","StrikeDummy","infinitespire:Beetle Shell","Membership Card","Golden Egg","Toy Ornithopter"],"acts_visited":["Exordium","TheCity"],"potions_floor_usage":[10,18],"damage_taken":[{"damage":0,"enemies":"Small Slimes","floor":1,"turns":1},{"damage":0,"enemies":"Jaw Worm","floor":7,"turns":1},{"damage":0,"enemies":"Lagavulin","floor":8,"turns":2},{"damage":4,"enemies":"3 Sentries","floor":10,"turns":4},{"damage":25,"enemies":"Lagavulin","floor":13,"turns":7},{"damage":0,"enemies":"2 Louse","floor":14,"turns":3},{"damage":31,"enemies":"Hexaghost","floor":16,"turns":12},{"damage":14,"enemies":"Shell Parasite","floor":18,"turns":7},{"damage":73,"enemies":"Book of Stabbing","floor":20,"turns":6}],"seed_played":"-3998776396712174475","potions_obtained":[{"floor":1,"key":"Ancient Potion"},{"floor":7,"key":"Fire Potion"},{"floor":16,"key":"champ:CounterPotion"}],"is_trial":true,"path_per_floor":["M","?","?","?","$","R","M","E","T","E","$","R","E","M","R","B",null,"M","?","E"],"character_chosen":"IRONCLAD","items_purchased":["Shrug It Off","Membership Card","Golden Egg"],"campfire_rested":3,"item_purchase_floors":[5,11,11],"current_hp_per_floor":[74,79,79,79,79,80,80,80,80,80,80,80,61,67,80,55,74,71,71,0,0],"gold":529,"neow_bonus":"","is_daily":false,"chose_seed":false,"campfire_upgraded":0,"win_rate":0.0,"timestamp":1609557364,"path_taken":["M","?","?","?","$","R","M","E","T","E","$","R","?","M","R","BOSS","M","?","?"],"items_purchased_type":["Card","Relic","Relic"],"build_version":"2020-12-22","purchased_purges":0,"victory":false,"max_hp_per_floor":[75,80,80,80,80,80,80,80,80,80,80,80,80,80,80,80,80,80,80,80,80],"card_choices":[{"not_picked":["ReplayTheSpireMod:LeadingStrike","ReplayTheSpireMod:Corrosion Curse","Run Through"],"picked":"SKIP","floor":1},{"not_picked":["Wild Strike","Body Slam","Evolve"],"picked":"SKIP","floor":7},{"not_picked":["Replay:Many Hands","Bludgeon"],"picked":"Limit Break","floor":8},{"not_picked":["Demonic Infusion","Double Tap"],"picked":"Barricade","floor":10},{"not_picked":["Barricade","Berserk"],"picked":"Demonic Infusion","floor":13},{"not_picked":["Run Through","Searing Blow","Pummel"],"picked":"SKIP","floor":14},{"not_picked":["Bludgeon","Berserk"],"picked":"Limit Break","floor":16},{"not_picked":["Havoc","Iron Wave"],"picked":"Rampage","floor":18}],"player_experience":2866321,"relics_obtained":[{"floor":4,"key":"infinitespire:Golems Mask"},{"floor":8,"key":"Turnip"},{"floor":9,"key":"StrikeDummy"},{"floor":10,"key":"infinitespire:Beetle Shell"},{"floor":13,"key":"Toy Ornithopter"}],"event_choices":[{"damage_healed":0,"gold_gain":0,"player_choice":"Donut","damage_taken":0,"max_hp_gain":5,"max_hp_loss":0,"event_name":"Big Fish","floor":2,"gold_loss":0},{"damage_healed":0,"gold_gain":0,"player_choice":"Invest 1","damage_taken":0,"max_hp_gain":0,"max_hp_loss":0,"event_name":"conspire:Investor","floor":3,"gold_loss":0},{"damage_healed":0,"gold_gain":0,"player_choice":"Ignored","damage_taken":0,"max_hp_gain":0,"max_hp_loss":0,"event_name":"Transmorgrifier","floor":19,"gold_loss":0}],"is_beta":false,"boss_relics":[{"not_picked":["Runic Dome","Replay:Wanted Poster","Painkiller Herb"]}],"items_purged_floors":[],"is_endless":false,"potions_floor_spawned":[1,7,16],"killed_by":"Book of Stabbing","ascension_level":20}}