{"host":"ltca6yxwulbhza25","time":1609556047,"event":{"mods":["BaseMod","Colored Map","Colored Powertips","Minty Spire (QoL Compilation)","Quick Restart","StSLib","The Blue Laboratory","The Cursed","The Forsaken","The Marked"],"gold_per_floor":[309,327,1,14,114,142,142,161,161,161,18,43,43,55,55,153,203,213,213,226,226,226,226,226,240,240,254,154,69,69,69],"floor_reached":30,"playtime":1364,"items_purged":["theMarked:Defend","theMarked:TunnelVision"],"score":288,"play_id":"52d7f2f4-bcd9-41cb-8be4-e4d4943ac6b1","local_time":"20210102105407","is_ascension_mode":false,"campfire_choices":[{"data":"theMarked:RogueSparks","floor":7.0,"key":"SMITH"},{"floor":10.0,"key":"RECALL"},{"data":"theMarked:RogueSparks","floor":15,"key":"SMITH"},{"data":"theMarked:KeepCalmAndFightOn","floor":23,"key":"SMITH"}],"circlet_count":0,"master_deck":["theMarked:Strike+1","theMarked:Strike+1","theMarked:Strike+1","theMarked:Defend+1","theMarked:Defend+1","theMarked:Defend+1","theMarked:SoldierOfQuellstein","theMarked:RogueSparks+1","theMarked:KeepCalmAndFightOn+1","theMarked:Overcharge+1","theMarked:RogueSparks+1","theMarked:SummonStrength+1","Necronomicurse","theMarked:LightningStrikesTwice"],"relics":["theMarked:ArtifactOfAir","Toxic Egg 2","Kunai","Juzu Bracelet","Tiny House","Necronomicon","Matryoshka","Centennial Puzzle"],"acts_visited":["Exordium","TheCity"],"potions_floor_usage":[16,20,25,27,30],"damage_taken":[{"damage":0.0,"enemies":"Jaw Worm","floor":1.0,"turns":3.0},{"damage":0.0,"enemies":"Cultist","floor":2.0,"turns":3.0},{"damage":0.0,"enemies":"2 Louse","floor":4.0,"turns":2.0},{"damage":6.0,"enemies":"3 Sentries","floor":6.0,"turns":5.0},{"damage":4.0,"enemies":"Blue Slaver","floor":8.0,"turns":3.0},{"damage":0,"enemies":"Gremlin Nob","floor":12,"turns":3},{"damage":1,"enemies":"Looter","floor":14,"turns":3},{"damage":25,"enemies":"Hexaghost","floor":16,"turns":7},{"damage":0,"enemies":"Spheric Guardian","floor":18,"turns":3},{"damage":6,"enemies":"2 Thieves","floor":20,"turns":3},{"damage":9,"enemies":"Snecko","floor":25,"turns":4},{"damage":13,"enemies":"Snake Plant","floor":27,"turns":3},{"damage":12,"enemies":"Colosseum Slavers","floor":30,"turns":3},{"damage":31,"enemies":"Colosseum Nobs","floor":30,"turns":3}],"seed_played":"1580764603248893952","potions_obtained":[{"floor":1.0,"key":"Strength Potion"},{"floor":4.0,"key":"blueLaboratory:PyrophylliteBrew"},{"floor":12,"key":"DistilledChaos"},{"floor":14,"key":"Fire Potion"},{"floor":17,"key":"Block Potion"},{"floor":20,"key":"blueLaboratory:RememoryPotion"},{"floor":25,"key":"Energy Potion"}],"is_trial":false,"path_per_floor":["M","M","$","M","?","E","R","M","T","R","$","E","?","M","R","B",null,"M","?","M","?","?","R","?","M","T","M","$","?","?"],"character_chosen":"THE_DEFAULT","items_purchased":["Toxic Egg 2","Juzu Bracelet"],"campfire_rested":0,"item_purchase_floors":[3,11],"current_hp_per_floor":[77,77,77,77,77,71,71,67,67,67,67,67,72,71,71,46,87,87,87,81,81,65,65,65,56,56,43,43,43,0,0],"gold":69,"neow_bonus":"TEN_PERCENT_HP_BONUS","is_daily":false,"chose_seed":false,"campfire_upgraded":3,"win_rate":0.0,"timestamp":1609556047,"path_taken":["M","M","$","M","?","E","R","M","T","R","?","E","?","M","R","BOSS","M","?","M","?","?","R","?","M","T","M","$","?","?"],"items_purchased_type":["Relic","Relic"],"build_version":"2020-12-22","purchased_purges":2,"victory":false,"max_hp_per_floor":[77,77,77,77,77,77,77,77,77,77,77,77,82,82,82,82,87,87,87,87,87,87,87,87,87,87,87,87,87,87,87],"card_choices":[{"not_picked":["theMarked:TakeCover","theMarked:StartUp"],"picked":"theMarked:RogueSparks","floor":1.0},{"not_picked":["theMarked:Parkour","theMarked:Frustration"],"picked":"theMarked:KeepCalmAndFightOn","floor":2.0},{"not_picked":["theMarked:WastefulAttack","theMarked:RepellingDischarge+1","theMarked:SwordAndMagic"],"picked":"SKIP","floor":4.0},{"not_picked":["theMarked:Parry+1","theMarked:ElementalBlade+1"],"picked":"theMarked:Overcharge+1","floor":6.0},{"not_picked":["theMarked:ContemptForTheProud","theMarked:Parry+1","theMarked:Defy"],"picked":"SKIP","floor":8.0},{"not_picked":["theMarked:HeritageOfTheMarked","theMarked:ReduceFriction+1","theMarked:Static+1"],"picked":"SKIP","floor":12},{"not_picked":["theMarked:EnhanceMovement+1","theMarked:ElectricStrings"],"picked":"theMarked:RogueSparks","floor":14},{"not_picked":["theMarked:ChannelForce+1","theMarked:Defy"],"picked":"theMarked:SummonStrength","floor":16},{"not_picked":["theMarked:ElementalBlade+1","theMarked:Standoff","theMarked:WastefulAttack"],"picked":"SKIP","floor":18},{"not_picked":["theMarked:Parry+1","theMarked:TwofoldDefense+1","theMarked:Seal+1"],"picked":"SKIP","floor":20},{"not_picked":["theMarked:ContemptForTheProud","theMarked:ReduceFriction+1","theMarked:EmpowerWeapon+1"],"picked":"SKIP","floor":25},{"not_picked":["theMarked:WastefulAttack+1","theMarked:BanishingStrike","theMarked:Frustration+1"],"picked":"SKIP","floor":27}],"player_experience":32697,"relics_obtained":[{"floor":6.0,"key":"Kunai"},{"floor":22,"key":"Necronomicon"},{"floor":26,"key":"Matryoshka"}],"event_choices":[{"damage_healed":0.0,"max_hp_gain":0.0,"max_hp_loss":0.0,"gold_gain":100.0,"event_name":"Golden Shrine","player_choice":"Pray","floor":5.0,"gold_loss":0.0,"damage_taken":0.0},{"damage_healed":0,"gold_gain":0,"player_choice":"Donut","damage_taken":0,"max_hp_gain":5,"max_hp_loss":0,"event_name":"Big Fish","floor":13,"gold_loss":0},{"damage_healed":0,"gold_gain":0,"player_choice":"Simplicity","damage_taken":0,"max_hp_gain":0,"max_hp_loss":0,"event_name":"Back to Basics","floor":19,"gold_loss":0,"cards_upgraded":["theMarked:Strike","theMarked:Strike","theMarked:Strike","theMarked:Defend"]},{"damage_healed":0,"gold_gain":0,"player_choice":"Upgraded","damage_taken":0,"max_hp_gain":0,"max_hp_loss":0,"event_name":"Upgrade Shrine","floor":21,"gold_loss":0,"cards_upgraded":["theMarked:SummonStrength"]},{"damage_healed":0,"gold_gain":0,"player_choice":"Obtained Book","damage_taken":16,"max_hp_gain":0,"max_hp_loss":0,"event_name":"Cursed Tome","floor":22,"gold_loss":0},{"damage_healed":0,"gold_gain":0,"cards_transformed":["theMarked:Strike","theMarked:Strike"],"player_choice":"Became Test Subject","damage_taken":0,"max_hp_gain":0,"max_hp_loss":0,"event_name":"Drug Dealer","floor":24,"gold_loss":0,"cards_obtained":["theMarked:TunnelVision","theMarked:LightningStrikesTwice"]},{"damage_healed":0,"gold_gain":0,"player_choice":"Obtained Relic","damage_taken":0,"relics_obtained":["Centennial Puzzle"],"max_hp_gain":0,"max_hp_loss":0,"event_name":"Addict","floor":29,"gold_loss":85},{"damage_healed":0,"gold_gain":0,"player_choice":"Fight","damage_taken":0,"max_hp_gain":0,"max_hp_loss":0,"event_name":"Colosseum","floor":30,"gold_loss":0},{"damage_healed":0,"gold_gain":0,"player_choice":"Fought Nobs","damage_taken":0,"max_hp_gain":0,"max_hp_loss":0,"event_name":"Colosseum","floor":30,"gold_loss":0}],"is_beta":false,"boss_relics":[{"not_picked":["Velvet Choker","theForsaken:PaleLantern"],"picked":"Tiny House"}],"items_purged_floors":[3,28],"is_endless":false,"potions_floor_spawned":[1,4,12,14,20,25],"killed_by":"Colosseum Nobs","ascension_level":0}}