{"host":"a0d98l75j0h1o085","time":1609586711,"event":{"mods":["AlwaysNeverKeys","BaseMod","Downfall","Highlight Path","Minty Spire (QoL Compilation)","StSLib"],"gold_per_floor":[117,117,42,56,56,56,81,99,144,158,169,169,188,198,198,301,301,316,316,316,335,335,335,363,363,386,301,317,317,334,345,345,444,444,459,459,474,486,313,340,615,316,396,415,415,415,307,320,320,320],"floor_reached":51,"playtime":6815,"items_purged":["Pain","Defend_G","Regret"],"score":824,"play_id":"24bdd702-d720-43be-9c52-c68bc4a27659","local_time":"20210102112511","is_ascension_mode":false,"campfire_choices":[{"data":"Neutralize","floor":6.0,"key":"SMITH"},{"data":"Backflip","floor":12.0,"key":"SMITH"},{"data":"Backflip","floor":15.0,"key":"SMITH"},{"data":"Accuracy","floor":23.0,"key":"SMITH"},{"data":"Well Laid Plans","floor":25.0,"key":"SMITH"},{"data":"Malaise","floor":32,"key":"SMITH"},{"data":"Night Terror","floor":46,"key":"SMITH"},{"floor":49,"key":"REST"}],"circlet_count":0,"master_deck":["Strike_G","Strike_G","Strike_G","Strike_G","Defend_G","Defend_G","Defend_G","Defend_G+1","Survivor","Neutralize+1","Infinite Blades","Footwork+1","Backflip+1","Infinite Blades","Venomology+1","Backflip+1","Well Laid Plans+1","Malaise+1","Accuracy+1","Blade Dance","Finisher","After Image","Footwork","Night Terror+1","Thinking Ahead","Backflip"],"relics":["Ring of the Snake","NeowsBlessing","WarpedTongs","Ancient Tea Set","Blood Vial","SlaversCollar","Question Card","Toy Ornithopter","Singing Bowl","SacredBark","War Paint","Letter Opener","Oddly Smooth Stone"],"acts_visited":["Exordium","TheCity","TheBeyond"],"potions_floor_usage":[30,31,33,35,37,37,40,44,44,50,50,50,50],"damage_taken":[{"damage":0.0,"enemies":"Jaw Worm","floor":1.0,"turns":1.0},{"damage":0.0,"enemies":"Cultist","floor":4.0,"turns":1.0},{"damage":0.0,"enemies":"Lagavulin","floor":7.0,"turns":1.0},{"damage":0.0,"enemies":"2 Louse","floor":8.0,"turns":3.0},{"damage":3.0,"enemies":"Lots of Slimes","floor":10.0,"turns":6.0},{"damage":1.0,"enemies":"Blue Slaver","floor":11.0,"turns":5.0},{"damage":0.0,"enemies":"Large Slime","floor":13.0,"turns":5.0},{"damage":0.0,"enemies":"Gremlin Gang","floor":14.0,"turns":6.0},{"damage":1.0,"enemies":"Hexaghost","floor":16.0,"turns":11.0},{"damage":0.0,"enemies":"3 Byrds","floor":18.0,"turns":8.0},{"damage":0.0,"enemies":"Shell Parasite","floor":21.0,"turns":8.0},{"damage":9.0,"enemies":"Slavers","floor":24.0,"turns":7.0},{"damage":0.0,"enemies":"Snecko","floor":28.0,"turns":5.0},{"damage":8,"enemies":"Centurion and Healer","floor":30,"turns":6},{"damage":0,"enemies":"Shelled Parasite and Fungi","floor":31,"turns":6},{"damage":0,"enemies":"Champ","floor":33,"turns":12},{"damage":0,"enemies":"3 Darklings","floor":35,"turns":7},{"damage":3,"enemies":"Orb Walker","floor":37,"turns":5},{"damage":6,"enemies":"3 Darklings","floor":38,"turns":7},{"damage":17,"enemies":"Nemesis","floor":40,"turns":7},{"damage":20,"enemies":"Sphere and 2 Shapes","floor":44,"turns":8},{"damage":15,"enemies":"Spire Growth","floor":48,"turns":8},{"damage":0,"enemies":"Time Eater","floor":50,"turns":7}],"seed_played":"668400049104388330","potions_obtained":[{"floor":4.0,"key":"Poison Potion"},{"floor":7.0,"key":"PowerPotion"},{"floor":10.0,"key":"sneckomod:MuddlingPotion"},{"floor":13.0,"key":"DuplicationPotion"},{"floor":28.0,"key":"DistilledChaos"},{"floor":30,"key":"DistilledChaos"},{"floor":31,"key":"EssenceOfSteel"},{"floor":35,"key":"SteroidPotion"},{"floor":40,"key":"Strength Potion"}],"is_trial":false,"path_per_floor":["M","?","$","M","?","R","E","M","T","M","M","R","M","M","R","B",null,"M","?","?","M","?","R","E","R","T","?","M","?","M","M","R","B",null,"M","?","M","M","$","E","?","$","T","M","?","R","?","M","R","B",null],"character_chosen":"THE_SILENT","items_purchased":["Footwork","Thinking Ahead"],"campfire_rested":1,"item_purchase_floors":[39,42],"current_hp_per_floor":[70,70,70,70,70,70,70,70,70,67,68,68,70,70,70,69,70,70,70,64,66,53,53,46,46,46,46,55,55,56,65,65,72,81,83,83,85,79,79,68,68,68,68,60,60,60,60,49,75,87],"gold":320,"neow_bonus":"THREE_ENEMY_KILL","is_daily":false,"chose_seed":false,"campfire_upgraded":7,"win_rate":0.0,"timestamp":1609586711,"path_taken":["M","?","$","?","?","R","E","M","T","M","M","R","M","?","R","BOSS","M","?","?","?","?","R","E","R","T","?","M","?","M","M","R","BOSS","M","?","M","?","$","E","?","$","T","?","?","R","?","M","R","BOSS"],"items_purchased_type":["Card","Card"],"build_version":"2020-12-22","purchased_purges":3,"victory":true,"max_hp_per_floor":[70,70,70,70,70,70,70,70,70,70,70,70,70,70,70,70,70,70,70,70,70,75,75,75,75,75,75,77,77,79,81,81,81,81,83,83,85,85,85,85,85,85,85,85,85,85,85,87,87,87],"card_choices":[{"not_picked":["Sucker Punch","Blade Dance"],"picked":"Infinite Blades","floor":1.0},{"not_picked":["Prepared","Dodge and Roll"],"picked":"Footwork","floor":4.0},{"not_picked":["Burst","Acrobatics"],"picked":"Backflip","floor":7.0},{"not_picked":["Acrobatics","Eviscerate"],"picked":"Infinite Blades","floor":8.0},{"not_picked":["Masterful Stab","Flying Knee"],"picked":"Venomology","floor":10.0},{"not_picked":["Dodge and Roll","Quick Slash"],"picked":"Backflip","floor":11.0},{"not_picked":["Leg Sweep","Caltrops","Sucker Punch"],"picked":"SKIP","floor":13.0},{"not_picked":["Distraction","Blade Dance"],"picked":"Well Laid Plans","floor":14.0},{"not_picked":["Wraith Form v2","Burst"],"picked":"Malaise","floor":16.0},{"not_picked":["Choke","Heel Hook","Slice"],"picked":"SKIP","floor":18.0},{"not_picked":["Poisoned Stab","Masterful Stab+1"],"picked":"Blade Dance","floor":21.0},{"not_picked":["Concentrate+1","Prepared"],"picked":"Finisher","floor":24.0},{"not_picked":["Deflect+1","Underhanded Strike","Well Laid Plans","Prepared"],"picked":"Singing Bowl","floor":28.0},{"not_picked":["Choke+1","Deflect","Heel Hook","Dagger Spray+1"],"picked":"Singing Bowl","floor":30},{"not_picked":["Acrobatics","Outmaneuver","Well Laid Plans","Poisoned Stab"],"picked":"Singing Bowl","floor":31},{"not_picked":["Die Die Die","Glass Knife","Unload"],"picked":"After Image","floor":33},{"not_picked":["Quick Slash+1","Crippling Poison+1","Heel Hook","Sucker Punch"],"picked":"Singing Bowl","floor":35},{"not_picked":["PiercingWail+1","Distraction","Dagger Spray","Outmaneuver+1"],"picked":"Singing Bowl","floor":37},{"not_picked":["Blur+1","Distraction","Underhanded Strike"],"picked":"Backstab+1","floor":38},{"not_picked":["Eviscerate","Bane+1","Flying Knee+1"],"picked":"Night Terror","floor":40},{"not_picked":["Masterful Stab","Dodge and Roll+1","Poisoned Stab"],"picked":"Backflip","floor":44},{"not_picked":["Eviscerate","Dagger Spray+1","Prepared+1","Backflip"],"picked":"Singing Bowl","floor":48}],"player_experience":839574,"relics_obtained":[{"floor":7.0,"key":"Ancient Tea Set"},{"floor":9.0,"key":"Blood Vial"},{"floor":24.0,"key":"Question Card"},{"floor":26.0,"key":"Toy Ornithopter"},{"floor":40,"key":"War Paint"},{"floor":43,"key":"Letter Opener"}],"event_choices":[{"damage_healed":0.0,"max_hp_gain":0.0,"max_hp_loss":0.0,"gold_gain":0.0,"event_name":"Accursed Blacksmith","player_choice":"Rummage","floor":2.0,"gold_loss":0.0,"damage_taken":0.0,"relics_obtained":["WarpedTongs"],"cards_obtained":["Pain"]},{"damage_healed":0.0,"max_hp_gain":0.0,"max_hp_loss":0.0,"gold_gain":0.0,"event_name":"Upgrade Shrine","player_choice":"Upgraded","floor":5.0,"gold_loss":0.0,"damage_taken":0.0,"cards_upgraded":["Footwork"]},{"damage_healed":0.0,"max_hp_gain":0.0,"max_hp_loss":0.0,"gold_gain":0.0,"event_name":"The Library","player_choice":"Read","floor":19.0,"gold_loss":0.0,"damage_taken":0.0,"cards_obtained":["Accuracy"]},{"damage_healed":0.0,"max_hp_gain":0.0,"max_hp_loss":0.0,"gold_gain":0.0,"event_name":"Knowing Skull","player_choice":"","floor":20.0,"potions_obtained":[],"gold_loss":0.0,"damage_taken":6.0,"cards_obtained":[]},{"damage_healed":0.0,"max_hp_gain":5.0,"max_hp_loss":0.0,"gold_gain":0.0,"event_name":"Forgotten Altar","player_choice":"Shed Blood","floor":22.0,"gold_loss":0.0,"damage_taken":18.0},{"damage_healed":0.0,"max_hp_gain":0.0,"max_hp_loss":0.0,"gold_gain":0.0,"event_name":"Addict","player_choice":"Obtained Relic","floor":27.0,"gold_loss":85.0,"damage_taken":0.0,"relics_obtained":["Singing Bowl"]},{"damage_healed":0.0,"max_hp_gain":0.0,"max_hp_loss":0.0,"gold_gain":0.0,"event_name":"Ghosts","player_choice":"Ignored","floor":29.0,"gold_loss":0.0,"damage_taken":0.0},{"cards_removed":["Strike_G"],"damage_healed":0,"gold_gain":0,"player_choice":"Offered Basic","damage_taken":0,"max_hp_gain":0,"max_hp_loss":0,"event_name":"Bonfire Elementals","floor":36,"gold_loss":0},{"damage_healed":0,"gold_gain":275,"player_choice":"Desecrate","damage_taken":0,"max_hp_gain":0,"max_hp_loss":0,"event_name":"Golden Shrine","floor":41,"gold_loss":0,"cards_obtained":["Regret"]},{"cards_removed":["Backstab"],"damage_healed":0,"gold_gain":0,"player_choice":"Removed Attack","damage_taken":0,"max_hp_gain":0,"max_hp_loss":0,"event_name":"Falling","floor":45,"gold_loss":0},{"damage_healed":0,"gold_gain":0,"player_choice":"Paid Gold","damage_taken":0,"relics_obtained":["Oddly Smooth Stone"],"max_hp_gain":0,"max_hp_loss":0,"event_name":"WeMeetAgain","floor":47,"gold_loss":108}],"is_beta":false,"boss_relics":[{"not_picked":["Fusion Hammer","Snecko Eye"],"picked":"SlaversCollar"},{"not_picked":["Empty Cage","Runic Dome"],"picked":"SacredBark"}],"items_purged_floors":[3,39,42],"is_endless":false,"potions_floor_spawned":[4,7,10,13,28,30,31,35,38,40],"ascension_level":0}}