{"host":"iajupulv8i19r34s","time":1609553537,"event":{"mods":["2.2 Compatiblity","BaseMod","Bestiary","Better Altar","Better Match","Better Note","Better Sensory Stone","Better Skull","Better Third Choice","Better-Laid Plans","BetterRewards","Block Reminder","Colored Powertips","Custom Start","Defuse TimeMaze Blight","Emptier Cage","Gremlin Skip","Hermit","Highlight Path","Minty Spire (QoL Compilation)","Permanent Neow","Random Character Button","Rare Cards Sparkle","Relic Sorter","Relic Stats","StSLib","Synergy Search","The Hierophant","everything is the same but u backflip on backflip"],"gold_per_floor":[107,107,118,193,203,203,219,238,309,325,275,16,33,33,33,113,113,129,140,65,65,91,113,40,40,65,27,56,56,89,89,89,69,69],"floor_reached":33,"playtime":26860,"items_purged":["hierophant:Embezzle+1"],"score":286,"play_id":"3e8d6bdf-005c-4d91-b75f-fa17ef7279b9","local_time":"20210101211217","is_ascension_mode":false,"campfire_choices":[{"floor":6,"key":"REST"},{"data":"hierophant:RepressedViolence","floor":15,"key":"SMITH"},{"data":"hierophant:ChurchCoffers","floor":25,"key":"SMITH"},{"data":"hierophant:Determination","floor":29,"key":"SMITH"},{"data":"hierophant:Kindle","floor":32,"key":"SMITH"}],"circlet_count":0,"master_deck":["hierophant:Strike_Hierophant","hierophant:Strike_Hierophant","hierophant:Strike_Hierophant","hierophant:Strike_Hierophant","hierophant:Punish","hierophant:Defend_Hierophant","hierophant:ChurchCoffers+1","Thinking Ahead","hierophant:Endure","hierophant:MorningPrayer","hierophant:Blessing","hierophant:RepressedViolence+1","hierophant:Endure","hierophant:Blessing","hierophant:Determination+1","hierophant:Doubloon","hierophant:SealAway+1","hierophant:ConvertCurrency+1","hierophant:OrnateBuckler","hierophant:Doubloon","hierophant:Charity","hierophant:Flagellation","hierophant:CoinFling","hierophant:Doubloon","hierophant:Doubloon","hierophant:CoinFling","hierophant:Kindle+1","HandOfGreed+1"],"relics":["hierophant:PropheticMaskRelic","WarpedTongs","Pantograph","Shuriken","PreservedInsect","Astrolabe","CaptainsWheel","Bag of Marbles"],"acts_visited":["Exordium","TheCity"],"potions_floor_usage":[8,13,22,23,33],"damage_taken":[{"damage":0,"enemies":"Jaw Worm","floor":1,"turns":5},{"damage":10,"enemies":"Cultist","floor":3,"turns":6},{"damage":4,"enemies":"Small Slimes","floor":5,"turns":5},{"damage":32,"enemies":"Exordium Thugs","floor":7,"turns":8},{"damage":15,"enemies":"Looter","floor":8,"turns":3},{"damage":7,"enemies":"3 Louse","floor":10,"turns":3},{"damage":0,"enemies":"Large Slime","floor":13,"turns":6},{"damage":74,"enemies":"Hexaghost","floor":16,"turns":19},{"damage":51,"enemies":"Shell Parasite","floor":18,"turns":8},{"damage":20,"enemies":"Chosen","floor":19,"turns":8},{"damage":32,"enemies":"Centurion and Healer","floor":21,"turns":10},{"damage":14,"enemies":"Shelled Parasite and Fungi","floor":22,"turns":7},{"damage":11,"enemies":"Slavers","floor":23,"turns":6},{"damage":25,"enemies":"Chosen and Byrds","floor":28,"turns":9},{"damage":12,"enemies":"3 Cultists","floor":30,"turns":5},{"damage":102,"enemies":"Automaton","floor":33,"turns":12}],"seed_played":"4180189725663323855","potions_obtained":[{"floor":5,"key":"Fire Potion"},{"floor":7,"key":"SkillPotion"},{"floor":8,"key":"Weak Potion"},{"floor":13,"key":"Fruit Juice"},{"floor":19,"key":"Block Potion"},{"floor":21,"key":"EntropicBrew"},{"floor":22,"key":"Swift Potion"},{"floor":28,"key":"EssenceOfSteel"}],"is_trial":false,"path_per_floor":["M","?","M","?","M","R","M","M","T","M","?","$","M","T","R","B",null,"M","M","$","M","M","E","$","R","T","$","M","R","M","?","R","B"],"character_chosen":"HIEROPHANT","items_purchased":["Shuriken","hierophant:Flagellation","hierophant:CoinFling"],"campfire_rested":1,"item_purchase_floors":[12,24,27],"current_hp_per_floor":[54,54,44,37,33,55,30,22,22,22,22,22,37,37,37,2,80,55,57,57,63,80,72,72,72,72,72,72,72,80,80,80,0,0],"gold":69,"neow_bonus":"RANDOM_COLORLESS_2","is_daily":false,"chose_seed":false,"campfire_upgraded":4,"win_rate":0.0,"timestamp":1609553537,"path_taken":["M","?","?","?","M","R","?","M","T","M","?","$","M","?","R","BOSS","M","M","$","M","M","E","$","R","T","$","M","R","M","?","R","BOSS"],"items_purchased_type":["Relic","Card","Card"],"build_version":"2020-12-22","purchased_purges":1,"victory":false,"max_hp_per_floor":[75,75,75,75,75,75,75,75,75,75,75,75,80,80,80,80,80,80,80,80,80,80,80,80,80,80,80,80,80,80,80,80,80,80],"relic_stats":{"counters":[16,120],"Shuriken":[19],"Pantograph":25,"Astrolabe":["hierophant:SealAway","hierophant:Embezzle","hierophant:ConvertCurrency"],"PreservedInsect":40,"obtain_stats":[{"CaptainsWheel":23,"Shuriken":12,"hierophant:PropheticMaskRelic":0,"Pantograph":9,"Astrolabe":17,"PreservedInsect":14,"Bag of Marbles":26,"WarpedTongs":2},{"CaptainsWheel":13,"Shuriken":6,"hierophant:PropheticMaskRelic":0,"Pantograph":5,"Astrolabe":8,"PreservedInsect":7,"Bag of Marbles":13,"WarpedTongs":1},{"CaptainsWheel":94,"Shuriken":30,"hierophant:PropheticMaskRelic":0,"Pantograph":27,"Astrolabe":55,"PreservedInsect":36,"Bag of Marbles":94,"WarpedTongs":5}],"WarpedTongs":[108]},"card_choices":[{"not_picked":["Magnetism","Violence"],"picked":"Thinking Ahead","floor":0},{"not_picked":["hierophant:Refuge","hierophant:OrnateBuckler"],"picked":"hierophant:Endure","floor":1},{"not_picked":["hierophant:Martyrdom","hierophant:MorningPrayer","hierophant:Chorus"],"picked":"SKIP","floor":3},{"not_picked":["hierophant:Martyrdom","hierophant:Chorus"],"picked":"hierophant:MorningPrayer","floor":3},{"not_picked":["hierophant:Sermon","hierophant:Doubloon"],"picked":"hierophant:Blessing","floor":5},{"not_picked":["hierophant:Sermon","hierophant:SealAway","hierophant:Encroach"],"picked":"SKIP","floor":7},{"not_picked":["hierophant:Sermon","hierophant:Doubloon"],"picked":"hierophant:RepressedViolence","floor":8},{"not_picked":["hierophant:FlamingChariot","hierophant:OrnateBuckler"],"picked":"hierophant:Endure","floor":10},{"not_picked":["hierophant:DeathKnell","hierophant:ThreeLashes"],"picked":"hierophant:Blessing","floor":13},{"not_picked":["hierophant:BulkyChest","hierophant:Cornucopia"],"picked":"hierophant:Determination","floor":16},{"not_picked":["hierophant:RepressedViolence+1","hierophant:Glossolalia","hierophant:TollTheBells+1"],"picked":"SKIP","floor":18},{"not_picked":["hierophant:Zeal","hierophant:Community"],"picked":"hierophant:OrnateBuckler","floor":19},{"not_picked":["hierophant:Dazzle","hierophant:ThreeLashes","hierophant:Charity"],"picked":"SKIP","floor":21},{"not_picked":["hierophant:ThreeLashes","hierophant:FaithHealing"],"picked":"hierophant:Charity","floor":22},{"not_picked":["hierophant:Sermon+1","hierophant:Blessing","hierophant:Remorse+1"],"picked":"SKIP","floor":23},{"not_picked":["hierophant:Sermon","hierophant:AuricBeam"],"picked":"hierophant:CoinFling","floor":28},{"not_picked":["hierophant:DisplayOfPower","hierophant:PassingBell"],"picked":"hierophant:Kindle","floor":30}],"player_experience":3310,"relics_obtained":[{"floor":9,"key":"Pantograph"},{"floor":14,"key":"PreservedInsect"},{"floor":23,"key":"CaptainsWheel"},{"floor":26,"key":"Bag of Marbles"}],"event_choices":[{"damage_healed":0,"gold_gain":0,"player_choice":"Rummage","damage_taken":0,"relics_obtained":["WarpedTongs"],"max_hp_gain":0,"max_hp_loss":0,"event_name":"Accursed Blacksmith","floor":2,"gold_loss":0,"cards_obtained":["Pain"]},{"damage_healed":0,"gold_gain":75,"player_choice":"Touch","damage_taken":7,"max_hp_gain":0,"max_hp_loss":0,"event_name":"FaceTrader","floor":4,"gold_loss":0},{"cards_removed":["Pain"],"damage_healed":0,"gold_gain":0,"player_choice":"Card Removal","damage_taken":0,"max_hp_gain":0,"max_hp_loss":0,"event_name":"The Cleric","floor":11,"gold_loss":50},{"cards_removed":["hierophant:RepressedViolence"],"damage_healed":0,"gold_gain":0,"player_choice":"Take \u0026 Give","damage_taken":0,"max_hp_gain":0,"max_hp_loss":0,"event_name":"betterNote:BetterNote","floor":31,"gold_loss":0,"cards_obtained":["HandOfGreed"]}],"is_beta":false,"boss_relics":[{"not_picked":["Coffee Dripper","Sozu"],"picked":"Astrolabe"}],"items_purged_floors":[20],"is_endless":false,"potions_floor_spawned":[5,7,8,13,19,21,22,28,30],"killed_by":"Automaton","ascension_level":0}}