{"host":"uzcks4yhskks9i02","time":1609577831,"event":{"mods":["BaseMod","Minty Spire (QoL Compilation)","Quick Restart"],"gold_per_floor":[20,40,40,57,68,98,98,98,125,151,168,168,197,217,217,321,321,340,17,17,31,43,54,83,83,138,154,184,184,195,155,155,259,259,277,157,202,220,220,253,253,253,253,253,253,253,54,68,68,68],"floor_reached":51,"playtime":4349,"items_purged":["Strike_R","Rage+1"],"score":1128,"play_id":"32b4c209-1a4c-45cc-8007-3da081c1fd3d","local_time":"20210102015711","is_ascension_mode":true,"campfire_choices":[{"floor":7.0,"key":"REST"},{"data":"Juggernaut","floor":12.0,"key":"SMITH"},{"data":"Shockwave","floor":15.0,"key":"SMITH"},{"floor":25.0,"key":"REST"},{"floor":29.0,"key":"REST"},{"data":"Flame Barrier","floor":32.0,"key":"SMITH"},{"floor":42.0,"key":"DIG"},{"floor":44.0,"key":"DIG"},{"floor":46.0,"key":"REST"},{"floor":49.0,"key":"DIG"}],"circlet_count":0,"master_deck":["AscendersBane","Defend_R","Defend_R","Defend_R","Defend_R","Bash+1","Offering+1","Flame Barrier+1","Metallicize","Shockwave+1","Wild Strike","Iron Wave","Disarm","Juggernaut+1","Impervious","Power Through","Feed","Rage+1","Warcry+1","Dual Wield","Rage+1","Fire Breathing+1","Power Through+1","Rage+1","Body Slam+1","Barricade","Shrug It Off+1","Shrug It Off+1","Wild Strike+1","Madness+1","Madness+1","Disarm+1","Master of Strategy+1"],"relics":["Burning Blood","Toy Ornithopter","Potion Belt","Omamori","Orichalcum","Astrolabe","Toxic Egg 2","Self Forming Clay","Bag of Preparation","Champion Belt","Cursed Key","Shovel","Pear","Juzu Bracelet","Question Card","Peace Pipe","Lantern"],"acts_visited":["Exordium","TheCity","TheBeyond"],"potions_floor_usage":[50,50,50,50,50],"damage_taken":[{"damage":0.0,"enemies":"Small Slimes","floor":1.0,"turns":3.0},{"damage":9.0,"enemies":"Jaw Worm","floor":2.0,"turns":5.0},{"damage":12.0,"enemies":"2 Louse","floor":4.0,"turns":2.0},{"damage":10.0,"enemies":"Lots of Slimes","floor":5.0,"turns":7.0},{"damage":43.0,"enemies":"3 Sentries","floor":6.0,"turns":11.0},{"damage":12.0,"enemies":"Lagavulin","floor":10.0,"turns":7.0},{"damage":2.0,"enemies":"2 Fungi Beasts","floor":11.0,"turns":5.0},{"damage":28.0,"enemies":"3 Sentries","floor":13.0,"turns":7.0},{"damage":3.0,"enemies":"Looter","floor":14.0,"turns":4.0},{"damage":42.0,"enemies":"Slime Boss","floor":16.0,"turns":12.0},{"damage":23.0,"enemies":"Spheric Guardian","floor":18.0,"turns":5.0},{"damage":12.0,"enemies":"3 Byrds","floor":21.0,"turns":5.0},{"damage":6.0,"enemies":"Snake Plant","floor":22.0,"turns":4.0},{"damage":8.0,"enemies":"Cultist and Chosen","floor":23.0,"turns":6.0},{"damage":36.0,"enemies":"Slavers","floor":24.0,"turns":6.0},{"damage":8.0,"enemies":"Centurion and Healer","floor":27.0,"turns":9.0},{"damage":25.0,"enemies":"Book of Stabbing","floor":28.0,"turns":8.0},{"damage":12.0,"enemies":"Shelled Parasite and Fungi","floor":30.0,"turns":8.0},{"damage":35.0,"enemies":"Collector","floor":33.0,"turns":11.0},{"damage":14.0,"enemies":"3 Darklings","floor":35.0,"turns":6.0},{"damage":20.0,"enemies":"2 Orb Walkers","floor":37.0,"turns":5.0},{"damage":6.0,"enemies":"Orb Walker","floor":38.0,"turns":3.0},{"damage":6.0,"enemies":"Giant Head","floor":40.0,"turns":6.0},{"damage":11.0,"enemies":"Writhing Mass","floor":48.0,"turns":6.0},{"damage":32,"enemies":"Awakened One","floor":50,"turns":13}],"seed_played":"-7987402672484113297","potions_obtained":[{"floor":1.0,"key":"EntropicBrew"},{"floor":2.0,"key":"DuplicationPotion"},{"floor":10.0,"key":"Fruit Juice"},{"floor":13.0,"key":"AttackPotion"},{"floor":14.0,"key":"DuplicationPotion"},{"floor":16.0,"key":"LiquidBronze"},{"floor":18.0,"key":"Regen Potion"},{"floor":21.0,"key":"ElixirPotion"},{"floor":28.0,"key":"SkillPotion"},{"floor":31.0,"key":"CultistPotion"},{"floor":31.0,"key":"GamblersBrew"},{"floor":38.0,"key":"Fruit Juice"},{"floor":40.0,"key":"PowerPotion"}],"is_trial":false,"path_per_floor":["M","M","?","M","M","E","R","?","T","E","M","R","E","M","R","B",null,"M","$","?","M","M","M","E","R","T","M","E","R","M","?","R","B",null,"M","$","?","M","?","E","?","R","T","R","?","R","$","M","R","B",null],"character_chosen":"IRONCLAD","items_purchased":["Toxic Egg 2","Rage+1","Shrug It Off+1","Block Potion","SkillPotion"],"campfire_rested":4,"item_purchase_floors":[19,19,36,47,47],"current_hp_per_floor":[78,75,75,69,65,28,52,36,36,55,64,64,47,50,50,14,67,50,50,50,61,61,59,34,59,59,57,38,63,62,62,62,33,72,64,64,50,63,51,61,61,61,61,61,61,91,91,86,86,85],"gold":68,"neow_bonus":"THREE_RARE_CARDS","is_daily":false,"chose_seed":false,"campfire_upgraded":3,"win_rate":0.0,"timestamp":1609577831,"path_taken":["M","M","?","M","M","E","R","?","T","E","M","R","E","M","R","BOSS","M","$","?","M","M","M","E","R","T","M","E","R","M","?","R","BOSS","M","?","?","M","?","E","?","R","T","R","?","R","$","M","R","BOSS"],"items_purchased_type":["Relic","Card","Card","Potion","Potion"],"build_version":"2020-12-22","purchased_purges":2,"victory":true,"max_hp_per_floor":[80,80,80,80,80,80,80,80,80,85,85,85,85,85,85,85,85,85,85,85,85,85,85,85,85,85,85,85,85,85,85,85,85,85,85,85,85,93,93,103,103,103,103,103,103,103,103,103,103,103],"card_choices":[{"not_picked":["Limit Break","Barricade"],"picked":"Offering","floor":0.0},{"not_picked":["Sentinel","Second Wind"],"picked":"Flame Barrier","floor":1.0},{"not_picked":["Heavy Blade","Wild Strike"],"picked":"Metallicize","floor":2.0},{"not_picked":["Infernal Blade","Flex"],"picked":"Shockwave","floor":4.0},{"not_picked":["Metallicize","Armaments"],"picked":"Wild Strike","floor":5.0},{"not_picked":["Dual Wield","Pommel Strike"],"picked":"Iron Wave","floor":6.0},{"not_picked":["Reckless Charge","Headbutt"],"picked":"Disarm","floor":10.0},{"not_picked":["Sword Boomerang","Cleave"],"picked":"Juggernaut","floor":11.0},{"not_picked":["Flex","Warcry"],"picked":"Impervious","floor":13.0},{"not_picked":["Cleave","Infernal Blade"],"picked":"Power Through","floor":14.0},{"not_picked":["Brutality","Limit Break"],"picked":"Feed","floor":16.0},{"not_picked":["Twin Strike","Clash"],"picked":"Dual Wield","floor":18.0},{"not_picked":["Twin Strike+1","Rupture","Pummel"],"picked":"SKIP","floor":21.0},{"not_picked":["Headbutt","Carnage","Havoc+1"],"picked":"SKIP","floor":22.0},{"not_picked":["Perfected Strike","Warcry+1"],"picked":"Fire Breathing+1","floor":23.0},{"not_picked":["Thunderclap","Clothesline","Fiend Fire"],"picked":"SKIP","floor":24.0},{"not_picked":["Havoc+1","Sever Soul"],"picked":"Power Through+1","floor":27.0},{"not_picked":["Headbutt","Rupture+1"],"picked":"Rage+1","floor":28.0},{"not_picked":["Clothesline","Twin Strike"],"picked":"Body Slam+1","floor":30.0},{"not_picked":["Bludgeon","Reaper"],"picked":"Barricade","floor":33.0},{"not_picked":["Havoc+1","Headbutt"],"picked":"Shrug It Off+1","floor":35.0},{"not_picked":["Evolve","Clothesline+1"],"picked":"Wild Strike+1","floor":38.0},{"not_picked":["Sword Boomerang","Pommel Strike"],"picked":"Disarm+1","floor":40.0},{"not_picked":["Transmutation+1","Flash of Steel","Mind Blast"],"picked":"Master of Strategy+1","floor":45.0},{"not_picked":["Cleave+1","Clash","Havoc+1","Rampage"],"picked":"SKIP","floor":48.0}],"player_experience":475211,"relics_obtained":[{"floor":6.0,"key":"Toy Ornithopter"},{"floor":9.0,"key":"Potion Belt"},{"floor":10.0,"key":"Omamori"},{"floor":13.0,"key":"Orichalcum"},{"floor":24.0,"key":"Self Forming Clay"},{"floor":26.0,"key":"Bag of Preparation"},{"floor":28.0,"key":"Champion Belt"},{"floor":37.0,"key":"Shovel"},{"floor":40.0,"key":"Pear"},{"floor":42.0,"key":"Juzu Bracelet"},{"floor":43.0,"key":"Question Card"},{"floor":44.0,"key":"Peace Pipe"},{"floor":49.0,"key":"Lantern"}],"event_choices":[{"damage_healed":0.0,"max_hp_gain":0.0,"max_hp_loss":0.0,"gold_gain":0.0,"event_name":"The Cleric","player_choice":"Leave","floor":3.0,"gold_loss":0.0,"damage_taken":0.0},{"damage_healed":0.0,"max_hp_gain":0.0,"max_hp_loss":0.0,"gold_gain":0.0,"event_name":"Shining Light","player_choice":"Entered Light","floor":8.0,"gold_loss":0.0,"damage_taken":16.0,"cards_upgraded":["Bash","Offering"]},{"damage_healed":0.0,"max_hp_gain":0.0,"max_hp_loss":0.0,"gold_gain":0.0,"event_name":"Ghosts","player_choice":"Ignored","floor":20.0,"gold_loss":0.0,"damage_taken":0.0},{"damage_healed":0.0,"max_hp_gain":0.0,"max_hp_loss":0.0,"gold_gain":0.0,"event_name":"The Woman in Blue","player_choice":"Bought 3 Potions","floor":31.0,"gold_loss":0.0,"damage_taken":0.0},{"damage_healed":0.0,"max_hp_gain":0.0,"max_hp_loss":0.0,"gold_gain":0.0,"event_name":"Mysterious Sphere","player_choice":"Fight","floor":37.0,"gold_loss":0.0,"damage_taken":0.0},{"damage_healed":0.0,"max_hp_gain":0.0,"max_hp_loss":0.0,"gold_gain":0.0,"event_name":"Winding Halls","player_choice":"Embrace Madness","floor":39.0,"gold_loss":0.0,"damage_taken":12.0,"cards_obtained":["Madness","Madness"]},{"cards_removed":["Strike_R"],"damage_healed":0.0,"max_hp_gain":0.0,"max_hp_loss":0.0,"gold_gain":0.0,"event_name":"Falling","player_choice":"Removed Attack","floor":41.0,"gold_loss":0.0,"damage_taken":0.0},{"damage_healed":0.0,"max_hp_gain":0.0,"max_hp_loss":0.0,"gold_gain":0.0,"event_name":"SensoryStone","player_choice":"Memory 1","floor":45.0,"gold_loss":0.0,"damage_taken":0.0}],"is_beta":false,"boss_relics":[{"not_picked":["Black Star","Runic Cube"],"picked":"Astrolabe"},{"not_picked":["Philosopher\u0027s Stone","Runic Pyramid"],"picked":"Cursed Key"}],"items_purged_floors":[36,47],"is_endless":false,"potions_floor_spawned":[1,2,10,13,14,16,18,21,28,38,40,48],"ascension_level":10}}