{"host":"oeeu8njhzvf3llor","time":1609628776,"event":{"mods":["BaseMod","Better Match","Better Note","Better Skull","Better Third Choice","Hubris","Minty Spire (QoL Compilation)","Rare Cards Sparkle","Replay The Spire","Shop Mod","Spicy Shops","StSLib","Swap Starting Deck Mod"],"gold_per_floor":[109,109,119,2,2,35,68,68,68,78,103,103,119,154,154,256,256,256,256],"floor_reached":18,"playtime":718,"items_purged":[],"score":187,"play_id":"b94b3c01-9a1d-4860-8afe-57b74827c887","local_time":"20210102180616","is_ascension_mode":true,"campfire_choices":[{"data":"Dash","floor":8.0,"key":"SMITH"},{"data":"PiercingWail","floor":12.0,"key":"SMITH"},{"floor":15.0,"key":"REST"}],"circlet_count":0,"master_deck":["Strike_G","Strike_G","Strike_G","Strike_G","Defend_G","Defend_G","Defend_G","Defend_G","Defend_G","Survivor","Neutralize+1","Dagger Spray","Sucker Punch","Dash+1","PiercingWail+1","hubris:Compulsion","Dagger Spray","Sucker Punch","Quick Slash","A Thousand Cuts"],"relics":["Ring of the Snake","hubris:TenFootPole","ReplayTheSpireMod:CursedCoin","MerchantsRug","Chameleon Ring","Juzu Bracelet","Onion Ring","Ring of Chaos"],"acts_visited":["Exordium","TheCity"],"potions_floor_usage":[16],"damage_taken":[{"damage":0.0,"enemies":"Cultist","floor":1.0,"turns":3.0},{"damage":0.0,"enemies":"2 Louse","floor":3.0,"turns":2.0},{"damage":1.0,"enemies":"Replay:BlueRogue","floor":6.0,"turns":8.0},{"damage":2.0,"enemies":"Jaw Worm","floor":10.0,"turns":5.0},{"damage":8.0,"enemies":"Lagavulin","floor":11.0,"turns":4.0},{"damage":3.0,"enemies":"Looter","floor":13.0,"turns":4.0},{"damage":16.0,"enemies":"Replay:BlueRogue","floor":14.0,"turns":5.0},{"damage":23,"enemies":"Fading Forest","floor":16,"turns":11},{"damage":7,"enemies":"Chosen","floor":18,"turns":4}],"seed_played":"3739057594863295726","potions_obtained":[{"floor":3.0,"key":"PowerPotion"},{"floor":10.0,"key":"Poison Potion"},{"floor":13.0,"key":"ColorlessPotion"},{"floor":14.0,"key":"Block Potion"},{"floor":16,"key":"Elixir"}],"is_trial":false,"path_per_floor":["M","?","M","$","?","E","$","R","T","M","E","R","M","E","R","B",null,"M"],"character_chosen":"THE_SILENT","items_purchased":["Dash","SkillPotion","ReplayTheSpireMod:CursedCoin","MerchantsRug"],"campfire_rested":1,"item_purchase_floors":[4,4,7,7],"current_hp_per_floor":[70,70,70,70,70,69,69,69,69,67,59,59,56,40,61,48,70,63,63],"gold":256,"neow_bonus":"RANDOM_COMMON_RELIC","is_daily":false,"chose_seed":false,"campfire_upgraded":2,"win_rate":0.0,"timestamp":1609628776,"path_taken":["M","?","?","$","?","E","$","R","T","?","E","R","M","E","R","BOSS","M"],"items_purchased_type":["Card","Potion","Relic","Relic"],"build_version":"2020-12-22","purchased_purges":0,"victory":false,"max_hp_per_floor":[70,70,70,70,70,70,70,70,70,70,70,70,70,70,70,70,70,70,70],"card_choices":[{"not_picked":["Quick Slash","Tactician"],"picked":"Dagger Spray","floor":1.0},{"not_picked":["Flying Knee","PiercingWail"],"picked":"Sucker Punch","floor":3.0},{"not_picked":["hubris:SlightOfHand","Finisher"],"picked":"PiercingWail","floor":6.0},{"not_picked":["Burst","Cloak And Dagger"],"picked":"Dagger Spray","floor":10.0},{"not_picked":["Tactician","Well Laid Plans"],"picked":"Sucker Punch","floor":11.0},{"not_picked":["Prepared","PiercingWail","Escape Plan"],"picked":"SKIP","floor":13.0},{"not_picked":["Expertise","Slice"],"picked":"Quick Slash","floor":14.0},{"not_picked":["Malaise","Storm of Steel"],"picked":"A Thousand Cuts","floor":16}],"player_experience":488572,"relics_obtained":[{"floor":6.0,"key":"hubris:TenFootPole"},{"floor":9.0,"key":"Chameleon Ring"},{"floor":11.0,"key":"Juzu Bracelet"},{"floor":14.0,"key":"Onion Ring"}],"event_choices":[{"cards_removed":["Strike_G"],"damage_healed":0.0,"max_hp_gain":0.0,"max_hp_loss":0.0,"gold_gain":0.0,"event_name":"Bonfire Elementals","player_choice":"Offered Basic","floor":2.0,"gold_loss":0.0,"damage_taken":0.0},{"damage_healed":0.0,"max_hp_gain":0.0,"max_hp_loss":0.0,"gold_gain":0.0,"event_name":"Upgrade Shrine","player_choice":"Upgraded","floor":5.0,"gold_loss":0.0,"damage_taken":0.0,"cards_upgraded":["Neutralize"]}],"is_beta":false,"boss_relics":[{"not_picked":["Replay:Bronze Core","Tiny House"],"picked":"Ring of Chaos"}],"items_purged_floors":[],"is_endless":false,"potions_floor_spawned":[3,10,13,14,16],"killed_by":"Chosen","ascension_level":1}}