{"host":"1bmpebsu0h6jmm2g","time":1609588583,"event":{"mods":["BaseMod","Colored Map","Highlight Path","Keyboard Shortcuts","Minty Spire (QoL Compilation)","Permanent Neow","Quick Restart","Relic Stats","Slay the Relics Exporter","StSLib","SuperFastMode"],"gold_per_floor":[117,167,92,110,120,120,151,165,242,253,267,280,280,293,293,293,293],"floor_reached":16,"playtime":268,"items_purged":["Defend_G"],"score":212,"play_id":"0470c270-7b85-414f-a99c-996dba6af5d7","local_time":"20210102205623","is_ascension_mode":true,"campfire_choices":[{"data":"Dagger Spray","floor":6.0,"key":"SMITH"},{"floor":13.0,"key":"REST"},{"data":"Neutralize","floor":15.0,"key":"SMITH"}],"circlet_count":0,"master_deck":["AscendersBane","Strike_G","Strike_G","Strike_G","Strike_G","Strike_G","Defend_G","Defend_G","Defend_G","Defend_G","Survivor","Neutralize+1","Grand Finale","Dagger Spray+1","Backstab","Prepared","Reflex"],"relics":["Ring of the Snake","Pocketwatch","Frozen Egg 2"],"acts_visited":["Exordium"],"potions_floor_usage":[],"damage_taken":[{"damage":0.0,"enemies":"Cultist","floor":1.0,"turns":4.0},{"damage":7.0,"enemies":"Small Slimes","floor":4.0,"turns":6.0},{"damage":2.0,"enemies":"Jaw Worm","floor":5.0,"turns":4.0},{"damage":36.0,"enemies":"Lagavulin","floor":7.0,"turns":6.0},{"damage":6.0,"enemies":"3 Louse","floor":8.0,"turns":3.0},{"damage":1.0,"enemies":"Looter","floor":10.0,"turns":3.0},{"damage":0.0,"enemies":"Red Slaver","floor":11.0,"turns":1.0},{"damage":0.0,"enemies":"2 Fungi Beasts","floor":12.0,"turns":2.0},{"damage":3.0,"enemies":"3 Louse","floor":14.0,"turns":2.0},{"damage":1,"enemies":"Hexaghost","floor":16,"turns":8}],"seed_played":"1847025120898065042","potions_obtained":[{"floor":1.0,"key":"EntropicBrew"},{"floor":10.0,"key":"CunningPotion"},{"floor":11.0,"key":"SteroidPotion"},{"floor":14.0,"key":"Weak Potion"}],"is_trial":false,"path_per_floor":["M","?","$","M","M","R","E","M","T","M","M","M","R","M","R","B"],"character_chosen":"THE_SILENT","items_purchased":[],"campfire_rested":1,"item_purchase_floors":[],"current_hp_per_floor":[59,53,53,46,44,44,8,2,2,1,1,1,20,17,17,16,16],"gold":293,"neow_bonus":"ONE_RANDOM_RARE_CARD","is_daily":false,"chose_seed":false,"campfire_upgraded":2,"win_rate":0.0,"timestamp":1609588583,"path_taken":["M","?","?","M","M","R","E","?","T","M","M","M","R","M","R","BOSS"],"items_purchased_type":[],"build_version":"2020-12-22","purchased_purges":1,"victory":false,"max_hp_per_floor":[66,66,66,66,66,66,66,66,66,66,66,66,66,66,66,66,66],"relic_stats":{"counters":[10,39],"obtain_stats":[{"Frozen Egg 2":9,"Ring of the Snake":0,"Pocketwatch":7},{"Frozen Egg 2":5,"Ring of the Snake":0,"Pocketwatch":4},{"Frozen Egg 2":23,"Ring of the Snake":0,"Pocketwatch":20}],"Ring of the Snake":[20],"Pocketwatch":[21]},"card_choices":[{"not_picked":["Distraction","Outmaneuver","Cloak And Dagger"],"picked":"SKIP","floor":1.0},{"not_picked":["Underhanded Strike","Slice"],"picked":"Dagger Spray","floor":4.0},{"not_picked":["Underhanded Strike","Outmaneuver","Crippling Poison"],"picked":"SKIP","floor":5.0},{"not_picked":["Concentrate","Envenom"],"picked":"Backstab","floor":7.0},{"not_picked":["Blade Dance","Poisoned Stab","Deflect"],"picked":"SKIP","floor":8.0},{"not_picked":["Underhanded Strike","Blur"],"picked":"Prepared","floor":10.0},{"not_picked":["Skewer","Slice","Bane"],"picked":"SKIP","floor":11.0},{"not_picked":["PiercingWail","Deadly Poison"],"picked":"Reflex","floor":12.0},{"not_picked":["Skewer","Glass Knife","Distraction"],"picked":"SKIP","floor":14.0}],"player_experience":480434,"relics_obtained":[{"floor":7.0,"key":"Pocketwatch"},{"floor":9.0,"key":"Frozen Egg 2"}],"event_choices":[{"damage_healed":0.0,"max_hp_gain":0.0,"max_hp_loss":0.0,"gold_gain":50.0,"event_name":"FaceTrader","player_choice":"Touch","floor":2.0,"gold_loss":0.0,"damage_taken":6.0}],"is_beta":false,"boss_relics":[],"items_purged_floors":[3],"is_endless":false,"potions_floor_spawned":[1,10,11,14],"killed_by":"Hexaghost","ascension_level":20}}