{"host":"w9yruvs4bqht6bhw","time":1609609660,"event":{"mods":["BaseMod","Colored Powertips","Minty Spire (QoL Compilation)"],"gold_per_floor":[110,127,147,97,97,97,130,151,151,169,199,199,226,239,239,239,239],"floor_reached":16,"playtime":536,"items_purged":[],"score":138,"play_id":"d1701254-6187-4ce2-857f-c968264e689f","local_time":"20210102124740","is_ascension_mode":true,"campfire_choices":[{"data":"Shockwave","floor":6,"key":"SMITH"},{"data":"Double Tap","floor":12,"key":"SMITH"},{"floor":15,"key":"REST"}],"circlet_count":0,"master_deck":["Strike_R","Strike_R","Strike_R","Strike_R","Strike_R","Defend_R","Defend_R","Defend_R","Defend_R","Bash","Twin Strike","Shockwave+1","Sword Boomerang","Inflame","Pommel Strike","Pommel Strike","Double Tap+1","Uppercut"],"relics":["Burning Blood","StoneCalendar","Golden Idol","Tiny Chest","Bronze Scales","Odd Mushroom","Oddly Smooth Stone"],"acts_visited":["Exordium"],"potions_floor_usage":[7,10,16],"damage_taken":[{"damage":1,"enemies":"Cultist","floor":1,"turns":4},{"damage":9,"enemies":"Jaw Worm","floor":2,"turns":5},{"damage":0,"enemies":"2 Louse","floor":3,"turns":3},{"damage":15,"enemies":"Lagavulin","floor":7,"turns":7},{"damage":16,"enemies":"Looter","floor":8,"turns":4},{"damage":7,"enemies":"Gremlin Gang","floor":10,"turns":4},{"damage":27,"enemies":"The Mushroom Lair","floor":11,"turns":4},{"damage":18,"enemies":"Exordium Thugs","floor":14,"turns":6},{"damage":52,"enemies":"The Guardian","floor":16,"turns":5}],"seed_played":"2977034460649160173","potions_obtained":[{"floor":3,"key":"DuplicationPotion"},{"floor":10,"key":"BloodPotion"},{"floor":14,"key":"SteroidPotion"}],"is_trial":false,"path_per_floor":["M","M","M","?","?","R","E","M","T","M","?","R","T","M","R","B"],"character_chosen":"IRONCLAD","items_purchased":[],"campfire_rested":1,"item_purchase_floors":[],"current_hp_per_floor":[77,74,80,80,60,60,51,41,41,56,35,35,35,23,47,0,0],"gold":239,"neow_bonus":"ONE_RARE_RELIC","is_daily":false,"chose_seed":false,"campfire_upgraded":2,"win_rate":0.0,"timestamp":1609609660,"path_taken":["M","M","?","?","?","R","E","M","T","M","?","R","?","M","R","BOSS"],"items_purchased_type":[],"build_version":"2020-12-22","purchased_purges":0,"victory":false,"max_hp_per_floor":[80,80,80,80,80,80,80,80,80,80,80,80,80,80,80,80,80],"card_choices":[{"not_picked":["Havoc","Body Slam"],"picked":"Twin Strike","floor":1},{"not_picked":["True Grit","Body Slam"],"picked":"Shockwave","floor":2},{"not_picked":["Dual Wield","Thunderclap"],"picked":"Sword Boomerang","floor":3},{"not_picked":["Infernal Blade","Clothesline"],"picked":"Inflame","floor":7},{"not_picked":["Searing Blow","Wild Strike"],"picked":"Pommel Strike","floor":8},{"not_picked":["Cleave","Whirlwind"],"picked":"Pommel Strike","floor":10},{"not_picked":["Evolve","Pummel"],"picked":"Double Tap","floor":11},{"not_picked":["Clothesline","Rupture"],"picked":"Uppercut","floor":14}],"player_experience":255848,"relics_obtained":[{"floor":7,"key":"Tiny Chest"},{"floor":9,"key":"Bronze Scales"},{"floor":11,"key":"Odd Mushroom"},{"floor":13,"key":"Oddly Smooth Stone"}],"event_choices":[{"cards_removed":["Writhe"],"damage_healed":0,"gold_gain":0,"player_choice":"Card Removal","damage_taken":0,"max_hp_gain":0,"max_hp_loss":0,"event_name":"The Cleric","floor":4,"gold_loss":50},{"damage_healed":0,"gold_gain":0,"player_choice":"Take Damage","damage_taken":20,"relics_obtained":["Golden Idol"],"max_hp_gain":0,"max_hp_loss":0,"event_name":"Golden Idol","floor":5,"gold_loss":0},{"damage_healed":0,"gold_gain":0,"player_choice":"Fought Mushrooms","damage_taken":0,"max_hp_gain":0,"max_hp_loss":0,"event_name":"Mushrooms","floor":11,"gold_loss":0}],"is_beta":false,"boss_relics":[],"items_purged_floors":[],"is_endless":false,"potions_floor_spawned":[3,10,14],"killed_by":"The Guardian","ascension_level":7}}