{"host":"qy7jow5usmjkdnnq","time":1609625880,"event":{"mods":["BaseMod","Colored Map","Downfall","Minty Spire (QoL Compilation)","Permanent Neow","Relic Stats","StSLib"],"gold_per_floor":[349,361,361,377,390,99,122,156,56,73,83,113,13,26,42,42,42,42],"floor_reached":16,"playtime":1876,"items_purged":["Regret"],"score":137,"play_id":"eefd6388-6aff-46ce-95e8-478136719c1b","local_time":"20210102231800","is_ascension_mode":true,"campfire_choices":[{"floor":1,"key":"RECALL"},{"data":"champ:GladiatorStyle","floor":9,"key":"SMITH"},{"data":"champ:Lariat","floor":13,"key":"SMITH"}],"circlet_count":0,"master_deck":["champ:Strike","champ:Strike","champ:Strike","champ:Strike","champ:Defend","champ:Defend","champ:Defend","champ:Defend","champ:Execute","champ:Taunt","champ:AdrenalArmor","champ:GladiatorStyle+1","champ:BringItOn","champ:Lariat+1","champ:StanceDance","champ:BringItOn","champ:StanceDance","champ:EnragedBash","champ:GladiatorStyle"],"relics":["champ:ChampionCrown","Oddly Smooth Stone","champ:FightingForDummies","Lantern","downfall:HeartBlessingRed","Calipers","downfall:HeartBlessingGreen"],"acts_visited":["Exordium"],"potions_floor_usage":[16,16],"damage_taken":[{"damage":6,"enemies":"Small Slimes","floor":2,"turns":3},{"damage":9,"enemies":"Cultist","floor":4,"turns":4},{"damage":11,"enemies":"Jaw Worm","floor":5,"turns":3},{"damage":17,"enemies":"downfall:FleeingMerchant","floor":6,"turns":4},{"damage":22,"enemies":"Lagavulin","floor":8,"turns":8},{"damage":13,"enemies":"2 Fungi Beasts","floor":10,"turns":4},{"damage":13,"enemies":"Exordium Wildlife","floor":11,"turns":5},{"damage":36,"enemies":"3 Sentries","floor":12,"turns":10},{"damage":9,"enemies":"Lots of Slimes","floor":14,"turns":5},{"damage":15,"enemies":"Exordium Thugs","floor":15,"turns":5},{"damage":85,"enemies":"downfall:Defect","floor":16,"turns":14}],"seed_played":"1302136553430100564","potions_obtained":[{"floor":2,"key":"Dexterity Potion"},{"floor":3,"key":"downfall:CursedFountainPotion"},{"floor":4,"key":"Energy Potion"}],"is_trial":false,"path_per_floor":["R","M","?","M","M","$","T","E","R","M","M","E","R","M","M","B"],"character_chosen":"THE_CHAMP","items_purchased":["champ:StanceDance","Oddly Smooth Stone"],"campfire_rested":0,"item_purchase_floors":[6,6],"current_hp_per_floor":[90,89,89,87,83,75,75,66,66,66,66,56,56,56,56,0,0,0],"gold":42,"neow_bonus":"TWO_FIFTY_GOLD","is_daily":false,"chose_seed":false,"campfire_upgraded":2,"win_rate":0.0,"timestamp":1609625880,"path_taken":["R","M","?","M","?","$","T","E","R","M","M","E","R","M","M","BOSS"],"items_purchased_type":["Card","Relic"],"build_version":"2020-12-22","purchased_purges":1,"victory":false,"max_hp_per_floor":[90,90,90,90,90,90,90,90,90,90,90,90,90,90,90,90,90,90],"relic_stats":{"counters":[11,65],"obtain_stats":[{"Lantern":8,"Calipers":12,"downfall:HeartBlessingRed":9,"Oddly Smooth Stone":6,"champ:ChampionCrown":0,"downfall:HeartBlessingGreen":13,"champ:FightingForDummies":7},{"Lantern":5,"Calipers":8,"downfall:HeartBlessingRed":5,"Oddly Smooth Stone":4,"champ:ChampionCrown":0,"downfall:HeartBlessingGreen":8,"champ:FightingForDummies":4},{"Lantern":22,"Calipers":41,"downfall:HeartBlessingRed":22,"Oddly Smooth Stone":14,"champ:ChampionCrown":0,"downfall:HeartBlessingGreen":41,"champ:FightingForDummies":14}]},"card_choices":[{"not_picked":["champ:BerserkersShout","champ:EnGarde"],"picked":"champ:AdrenalArmor","floor":2},{"not_picked":["champ:Circumvent","champ:HeartStrike"],"picked":"champ:GladiatorStyle","floor":4},{"not_picked":["champ:PreemptiveStrike","champ:TornadoPunch"],"picked":"champ:BringItOn","floor":5},{"not_picked":["champ:BladeFlurry","champ:HeartStrike"],"picked":"champ:Lariat","floor":6},{"not_picked":["champ:CalledShot","champ:StrikeOfGenius"],"picked":"champ:BringItOn","floor":8},{"not_picked":["champ:Circumvent","champ:Shatter"],"picked":"champ:StanceDance","floor":10},{"not_picked":["champ:TornadoPunch","champ:AdrenalArmor"],"picked":"champ:EnragedBash","floor":11},{"not_picked":["champ:EnGarde","champ:TornadoPunch","champ:BringItOn"],"picked":"SKIP","floor":12},{"not_picked":["champ:EnGarde","champ:TornadoPunch","champ:BringItOn"],"picked":"SKIP","floor":12},{"not_picked":["champ:Haymaker","champ:SkillfulDodge"],"picked":"champ:GladiatorStyle","floor":14},{"not_picked":["champ:RisingSlash","champ:ViciousMockery","champ:SetATrap"],"picked":"SKIP","floor":15}],"player_experience":580851,"relics_obtained":[{"floor":7,"key":"champ:FightingForDummies"},{"floor":8,"key":"Lantern"},{"floor":12,"key":"Calipers"}],"event_choices":[],"is_beta":false,"boss_relics":[],"items_purged_floors":[6],"is_endless":false,"potions_floor_spawned":[2,4,5,10,12],"killed_by":"downfall:Defect","ascension_level":4}}