{"host":"bjzqjr1ycgj8gt55","time":1609566547,"event":{"mods":["BaseMod","Better Altar","Better Match","Better Sensory Stone","Better Skull","Better Third Choice","Better Vampires","Block Reminder","Colored Map","Colored Powertips","Downfall","GifTheSpireLib","Hermit","Infinite Spire","Minty Spire (QoL Compilation)","Rare Cards Sparkle","Red Circlet Mod","Spicy Shops","StSLib","Waifu the Spire","everything is the same but u backflip on backflip","slay the spire mod where everything is the same but ironclad has a cowboy hat"],"gold_per_floor":[199,209,384,384,384,384,411,411,427,456,456,456,470,489,499,499,499,499],"floor_reached":16,"playtime":689,"items_purged":[],"score":100,"play_id":"fdd1e2a2-225a-4512-b0c6-5ce351652ef5","local_time":"20210101234907","is_ascension_mode":false,"campfire_choices":[{"data":"hexamod:Sear","floor":1,"key":"SMITH"},{"data":"hexamod:Float","floor":6,"key":"SMITH"},{"floor":8,"key":"REST"},{"data":"hexamod:GhostflameBarrier","floor":12,"key":"SMITH"}],"circlet_count":0,"master_deck":["hexamod:Strike","hexamod:Strike","hexamod:Strike","hexamod:Strike+1","hexamod:Defend","hexamod:Defend","hexamod:Defend","hexamod:Defend","hexamod:Sear+1","hexamod:Float+1","hexamod:Firestarter+1","hexamod:AdvancingGuard","hexamod:GhostflameBarrier+1","PanicButton","hexamod:GhostflameBarrier","hexamod:FirstSeal"],"relics":["hexamod:SpiritBrand","Pear","Whetstone","infinitespire:PuzzleCube"],"acts_visited":["Exordium"],"potions_floor_usage":[],"damage_taken":[{"damage":6,"enemies":"2 Louse","floor":2,"turns":3},{"damage":1,"enemies":"Jaw Worm","floor":9,"turns":3},{"damage":8,"enemies":"Gremlin Nob","floor":10,"turns":3},{"damage":0,"enemies":"Small Slimes","floor":13,"turns":3},{"damage":6,"enemies":"3 Louse","floor":14,"turns":5},{"damage":9,"enemies":"Exordium Wildlife","floor":15,"turns":7},{"damage":64,"enemies":"downfall:Defect","floor":16,"turns":10}],"seed_played":"-3780958521495196927","potions_obtained":[{"floor":2,"key":"champ:CounterPotion"},{"floor":13,"key":"hexamod:DoubleChargePotion"},{"floor":14,"key":"champ:CounterPotion"}],"is_trial":false,"path_per_floor":["R","M","?","?","?","R","T","R","M","E","?","R","M","M","M","B"],"character_chosen":"THE_SPIRIT","items_purchased":[],"campfire_rested":1,"item_purchase_floors":[],"current_hp_per_floor":[70,64,64,56,56,56,56,80,79,71,71,71,71,65,63,0,0,0],"gold":499,"neow_bonus":"HUNDRED_GOLD","is_daily":false,"chose_seed":false,"campfire_upgraded":3,"win_rate":0.0,"timestamp":1609566547,"path_taken":["R","M","?","?","?","R","T","R","M","E","?","R","M","M","M","BOSS"],"items_purchased_type":[],"build_version":"2020-12-22","purchased_purges":0,"victory":false,"max_hp_per_floor":[70,70,70,80,80,80,80,80,80,80,80,80,80,80,80,80,80,80],"card_choices":[{"not_picked":["hexamod:SpectersWail","hexamod:HauntingEcho"],"picked":"hexamod:Firestarter","floor":2},{"not_picked":["hexamod:FastForward","hexamod:HauntingEcho"],"picked":"hexamod:AdvancingGuard","floor":9},{"not_picked":["hexamod:SpectersWail","hexamod:SoulSteal"],"picked":"hexamod:GhostflameBarrier","floor":10},{"not_picked":["Magnetism","Mind Blast"],"picked":"PanicButton","floor":11},{"not_picked":["hexamod:Again","hexamod:NecessarySacrifice"],"picked":"hexamod:GhostflameBarrier","floor":13},{"not_picked":["hexamod:HauntingEcho","hexamod:SwordOfDarkness"],"picked":"hexamod:FirstSeal","floor":14},{"not_picked":["hexamod:NightmareStrike","hexamod:Hexaguard","hexamod:SkipABeat"],"picked":"SKIP","floor":15}],"player_experience":153199,"relics_obtained":[{"floor":7,"key":"Whetstone"},{"floor":10,"key":"infinitespire:PuzzleCube"}],"event_choices":[{"damage_healed":0,"gold_gain":0,"player_choice":"Relic ","damage_taken":18,"max_hp_gain":0,"max_hp_loss":0,"event_name":"betterThird:BetterScrap","floor":4,"gold_loss":0,"cards_obtained":["Fusion"]},{"cards_removed":["Doubt"],"damage_healed":0,"gold_gain":0,"player_choice":"Card Removal","damage_taken":0,"max_hp_gain":0,"max_hp_loss":0,"event_name":"The Cleric","floor":5,"gold_loss":0},{"damage_healed":0,"gold_gain":1,"player_choice":"1","damage_taken":0,"max_hp_gain":0,"max_hp_loss":0,"event_name":"betterStone:BetterStone","floor":11,"gold_loss":0}],"is_beta":false,"boss_relics":[],"items_purged_floors":[],"is_endless":false,"potions_floor_spawned":[2,13,14,15],"killed_by":"downfall:Defect","ascension_level":0}}