{"host":"r6wilvrr1tovskr2","time":1609561385,"event":{"mods":["2.2 Compatiblity","AchievementEnabler","Aspiration","BaseMod","Bestiary","Better Altar","Better Match","Better Note","Better Sensory Stone","Better Skull","Better Third Choice","Colored Powertips","Conspire","Curses Come First","Energized Spire","GifTheSpireLib","Halation","Highlight Path","Hubris","Infinite Spire","Marked Mod","Minty Spire (QoL Compilation)","Quick Restart","Replay The Spire","Shop Mod","Spicy Shops","Spikes Relics","StSLib","Stuff the Spire","The Blue Laboratory","vexMod"],"gold_per_floor":[110,110,176,187,222,256,274,274,297,314,341,341,341,24,24,124,124,112,37,52,52,52,52,52,86,86,104,120,120,132,163,163,261,927,939,939,939,1938,1958,1958,1958],"floor_reached":40,"playtime":2770,"items_purged":["Strike_G"],"score":715,"play_id":"f660d38c-b9d2-4464-acb0-746ef95c5457","local_time":"20210101222305","is_ascension_mode":true,"campfire_choices":[{"floor":8.0,"key":"REST"},{"floor":13.0,"key":"REST"},{"floor":23,"key":"REST"},{"floor":29,"key":"REST"},{"floor":32,"key":"REST"}],"circlet_count":0,"master_deck":["Strike_G","Defend_G","Defend_G","Defend_G","Defend_G","Defend_G","Survivor","Neutralize","Eviscerate","Replay:Fractal Strike","Predator","Wraith Form v2","Caltrops","Footwork","Expertise","Poison Darts","conspire:DoublingDagger","Necronomicurse","Infinite Blades","A Thousand Cuts","Normality","Normality"],"relics":["Ring of the Snake","NeowsBlessing","Replay:Baseball","Strawberry","halation:VictoryRuler","SpikesRelics:DaevaFist","Letter Opener","infinitespire:Cupcake","Necronomicon","Basket Of Snakes","Smiling Mask","halation:WeightlessCrab","infinitespire:Joker Card","vexMod:RockOfEvil"],"acts_visited":["Exordium","TheCity","TheBeyond"],"potions_floor_usage":[16,25,31,33,40],"damage_taken":[{"damage":0.0,"enemies":"Cultist","floor":1.0,"turns":1.0},{"damage":0.0,"enemies":"Jaw Worm","floor":4.0,"turns":1.0},{"damage":0.0,"enemies":"conspire:MimicChest","floor":5.0,"turns":1.0},{"damage":20.0,"enemies":"Gremlin Nob","floor":6.0,"turns":4.0},{"damage":1.0,"enemies":"Small Slimes","floor":7.0,"turns":4.0},{"damage":0.0,"enemies":"Exordium Wildlife","floor":10.0,"turns":4.0},{"damage":35.0,"enemies":"3 Sentries","floor":11.0,"turns":13.0},{"damage":14,"enemies":"The Guardian","floor":16,"turns":13},{"damage":0,"enemies":"2 Thieves","floor":18,"turns":4},{"damage":15,"enemies":"3 Byrds","floor":20,"turns":4},{"damage":0,"enemies":"Book of Stabbing","floor":25,"turns":5},{"damage":10,"enemies":"Cultist and Chosen","floor":27,"turns":5},{"damage":20,"enemies":"3 Cultists","floor":28,"turns":6},{"damage":4,"enemies":"Snake Plant","floor":30,"turns":4},{"damage":26,"enemies":"Nightmare","floor":31,"turns":8},{"damage":20,"enemies":"hubris:MusketHawk","floor":33,"turns":10},{"damage":1,"enemies":"Orb Walker","floor":35,"turns":4},{"damage":4,"enemies":"3 Shapes","floor":39,"turns":4},{"damage":64,"enemies":"Nightmare","floor":40,"turns":6}],"seed_played":"-5357914241118932846","potions_obtained":[{"floor":3.0,"key":"CultistPotion"},{"floor":3.0,"key":"blueLaboratory:EnvenomedCoating"},{"floor":5.0,"key":"Block Potion"},{"floor":7.0,"key":"Poison Potion"},{"floor":16,"key":"blueLaboratory:HeartbeatPotion"},{"floor":18,"key":"blueLaboratory:EnragingPotion"},{"floor":27,"key":"PowerPotion"},{"floor":28,"key":"Weak Potion"}],"is_trial":false,"path_per_floor":["M","?","?","M","?","E","M","R","T","M","E","?","R","$","R","B",null,"M","?","M","?","?","R","T","E","T","M","M","R","M","NM","R","B",null,"M","?","?","?","M","NM"],"character_chosen":"THE_SILENT","items_purchased":["Letter Opener"],"campfire_rested":5,"item_purchase_floors":[14],"current_hp_per_floor":[63,46,29,29,36,16,15,38,38,38,3,10,33,33,33,19,63,63,63,48,32,32,55,55,55,55,45,25,48,44,18,41,21,63,62,62,62,62,58,0,0],"gold":1958,"neow_bonus":"THREE_ENEMY_KILL","is_daily":false,"chose_seed":false,"campfire_upgraded":0,"win_rate":0.0,"timestamp":1609561385,"path_taken":["M","?","?","M","?","E","?","R","T","?","E","?","R","$","R","BOSS","M","?","M","?","?","R","?","E","T","?","M","R","M","NM","R","BOSS","M","?","?","?","?","NM"],"items_purchased_type":["Relic"],"build_version":"2020-12-22","purchased_purges":1,"victory":false,"max_hp_per_floor":[70,70,70,70,77,77,77,77,77,77,77,77,77,77,77,77,77,77,77,77,77,77,77,77,77,77,77,77,77,77,77,77,77,77,77,77,77,77,77,77,77],"card_choices":[{"not_picked":["Replay:Poison Smokescreen","StuffTheSpire:Fury"],"picked":"Eviscerate","floor":1.0},{"not_picked":["infinitespire:FinalStrike","infinitespire:Collect"],"picked":"Replay:Fractal Strike","floor":2.0},{"not_picked":["Bouncing Flask","Dodge and Roll"],"picked":"Predator","floor":4.0},{"not_picked":["Cloak And Dagger","Flying Knee"],"picked":"Wraith Form v2","floor":6.0},{"not_picked":["StuffTheSpire:Injection","Slice"],"picked":"Caltrops","floor":7.0},{"not_picked":["Dodge and Roll","Masterful Stab"],"picked":"Footwork","floor":10.0},{"not_picked":["Escape Plan","Unload","Fluid Movement"],"picked":"SKIP","floor":11.0},{"not_picked":["Unload","Phantasmal Killer"],"picked":"Poison Darts","floor":16},{"not_picked":["Poisoned Stab","Outmaneuver+1"],"picked":"conspire:DoublingDagger","floor":18},{"not_picked":["Blade Dance","hubris:SlightOfHand"],"picked":"PiercingWail","floor":20},{"not_picked":["ReplayTheSpireMod:Necrosis","Quick Slash"],"picked":"Infinite Blades","floor":25},{"not_picked":["Hidden Blade+1","Blade Dance","Prepared"],"picked":"SKIP","floor":27},{"not_picked":["Quick Slash","Replay:Poison Smokescreen","Riddle With Holes+1"],"picked":"SKIP","floor":28},{"not_picked":["Setup","Night Terror","Blade Dance+1"],"picked":"SKIP","floor":30},{"not_picked":["Blade Dance","StuffTheSpire:Python"],"picked":"A Thousand Cuts","floor":31},{"not_picked":["Cloak And Dagger","hubris:SlightOfHand+1","Blur+1"],"picked":"SKIP","floor":35},{"not_picked":["Sucker Punch","Cloak And Dagger","Bane+1"],"picked":"SKIP","floor":39}],"player_experience":1174975,"relics_obtained":[{"floor":3.0,"key":"Replay:Baseball"},{"floor":5.0,"key":"Strawberry"},{"floor":6.0,"key":"halation:VictoryRuler"},{"floor":11.0,"key":"SpikesRelics:DaevaFist"},{"floor":21,"key":"Necronomicon"},{"floor":24,"key":"Basket Of Snakes"},{"floor":25,"key":"Smiling Mask"},{"floor":26,"key":"halation:WeightlessCrab"},{"floor":31,"key":"infinitespire:Joker Card"}],"event_choices":[{"cards_removed":["Strike_G"],"damage_healed":0,"gold_gain":0,"player_choice":"Gave Gold","damage_taken":0,"max_hp_gain":0,"max_hp_loss":0,"event_name":"Beggar","floor":19,"gold_loss":75},{"damage_healed":0,"gold_gain":0,"player_choice":"Obtained Book","damage_taken":16,"max_hp_gain":0,"max_hp_loss":0,"event_name":"Cursed Tome","floor":21,"gold_loss":0},{"cards_removed":["Strike_G"],"damage_healed":0,"gold_gain":0,"player_choice":"Elegance","damage_taken":0,"max_hp_gain":0,"max_hp_loss":0,"event_name":"betterThird:BetterWriting","floor":22,"gold_loss":0},{"damage_healed":0,"gold_gain":0,"player_choice":"Leave","damage_taken":0,"max_hp_gain":0,"max_hp_loss":0,"event_name":"conspire:Investor","floor":36,"gold_loss":0},{"cards_removed":["PiercingWail"],"damage_healed":0,"gold_gain":0,"player_choice":"Removed Skill","damage_taken":0,"max_hp_gain":0,"max_hp_loss":0,"event_name":"Falling","floor":37,"gold_loss":0},{"damage_healed":0,"gold_gain":999,"player_choice":"Gold","damage_taken":0,"max_hp_gain":0,"max_hp_loss":0,"event_name":"MindBloom","floor":38,"gold_loss":0,"cards_obtained":["Normality","Normality"]}],"is_beta":false,"boss_relics":[{"not_picked":["vexMod:MegatonBomb","conspire:RunicOctahedron"],"picked":"infinitespire:Cupcake"},{"not_picked":["Painkiller Herb","vexMod:ImprovementManual"],"picked":"vexMod:RockOfEvil"}],"items_purged_floors":[14],"is_endless":true,"potions_floor_spawned":[5,7,16,18,27,28],"killed_by":"Nightmare","ascension_level":8}}