{"host":"mitsb0f2d3kywzzp","time":1609616907,"event":{"mods":["AchievementEnabler","BaseMod","Colored Map","Colored Powertips","Downfall","Hermit","Highlight Path","Marisa????????","Minty Spire (QoL Compilation)","READ ME - Guardian Mod","Rare Cards Sparkle","Replay The Spire","StSLib","SuperFastMode","The Cursed","The Necromancer","The Servant 0.9.4"],"gold_per_floor":[109,184,194,240,240,240,268,268,268,7,40,52,52,64,64,162,162,178,67,67,67,77,112,112,112,112],"floor_reached":25,"playtime":2066,"items_purged":["Voices"],"score":227,"play_id":"0c0c6f0c-9d59-4838-a647-586ec5bcbe77","local_time":"20210102144827","is_ascension_mode":false,"campfire_choices":[{"data":"Perfected Strike","floor":6,"key":"SMITH"},{"floor":8,"key":"REST"},{"floor":13,"key":"REST"},{"floor":15,"key":"REST"},{"floor":24,"key":"REST"}],"circlet_count":0,"master_deck":["Strike_R+1","Strike_R+1","Strike_R+1","Strike_R+1","Defend_R+1","Defend_R+1","Defend_R+1","Defend_R+1","Bash","ReplayTheSpireMod:Muscle Training","Shrug It Off","Perfected Strike+1","True Grit","True Grit","Offering","Defy Death","Defy Death","Feel No Pain","Wild Strike","Dropkick","Barricade","Perfected Strike","Rupture","Body Slam+1","Second Wind"],"relics":["Burning Blood","Replay:Bottled Steam","Ring of Hypnosis","ReplayTheSpireMod:Ring of Exchange","Art of War","King of Hearts","Replay:Wax Seal","Toolbox","Pen Nib","Black Star","Du-Vu Doll","Snack Pack"],"acts_visited":["Exordium","TheCity"],"potions_floor_usage":[16,16,23,23],"damage_taken":[{"damage":2,"enemies":"Cultist","floor":1,"turns":3},{"damage":3,"enemies":"2 Louse","floor":3,"turns":3},{"damage":56,"enemies":"Gremlin Nob","floor":7,"turns":6},{"damage":15,"enemies":"Lagavulin","floor":11,"turns":7},{"damage":8,"enemies":"Small Slimes","floor":12,"turns":3},{"damage":1,"enemies":"Looter","floor":14,"turns":3},{"damage":23,"enemies":"Hexaghost","floor":16,"turns":9},{"damage":28,"enemies":"Spheric Guardian","floor":18,"turns":9},{"damage":29,"enemies":"2 Thieves","floor":22,"turns":5},{"damage":16,"enemies":"Replay:Snechameleon","floor":23,"turns":8},{"damage":78,"enemies":"Gremlin Leader","floor":25,"turns":14}],"seed_played":"-3663998914733505215","potions_obtained":[{"floor":3,"key":"SkillPotion"},{"floor":14,"key":"DuplicationPotion"},{"floor":16,"key":"Venom Potion"},{"floor":22,"key":"BloodPotion"}],"is_trial":false,"path_per_floor":["M","?","M","?","?","R","E","R","T","$","E","M","R","M","R","B",null,"M","$","?","?","M","E","R","E"],"character_chosen":"IRONCLAD","items_purchased":["Replay:Wax Seal","Defy Death","Toolbox","Rupture"],"campfire_rested":4,"item_purchase_floors":[10,10,10,19],"current_hp_per_floor":[80,69,72,72,72,72,22,46,46,46,37,35,59,64,80,63,80,58,58,58,58,35,41,65,0,0],"gold":112,"neow_bonus":"TRANSFORM_CARD","is_daily":false,"chose_seed":false,"campfire_upgraded":1,"win_rate":0.0,"timestamp":1609616907,"path_taken":["M","?","M","?","?","R","E","R","T","?","E","M","R","?","R","BOSS","M","$","?","?","M","E","R","E"],"items_purchased_type":["Relic","Card","Relic","Card"],"build_version":"2020-12-22","purchased_purges":1,"victory":false,"max_hp_per_floor":[80,80,80,80,80,80,80,80,80,80,80,80,80,80,80,80,80,80,80,80,80,80,80,80,80,80],"card_choices":[{"not_picked":["Replay:Undeath\u0027s Touch","Perfected Strike"],"picked":"Shrug It Off","floor":1},{"not_picked":["Dual Wield","Clothesline"],"picked":"Perfected Strike","floor":3},{"not_picked":["Armaments","ReplayTheSpireMod:Strike From Hell"],"picked":"True Grit","floor":4},{"not_picked":["Headbutt","Sword Boomerang"],"picked":"True Grit","floor":4},{"not_picked":["Havoc","True Grit"],"picked":"Offering","floor":7},{"not_picked":["Run Through","Sever Soul"],"picked":"Feel No Pain","floor":11},{"not_picked":["Run Through","Massacre"],"picked":"Wild Strike","floor":12},{"not_picked":["Dark Embrace","Pummel"],"picked":"Dropkick","floor":14},{"not_picked":["Limit Break","Demonic Infusion"],"picked":"Barricade","floor":16},{"not_picked":["Cleave+1","Clothesline"],"picked":"Perfected Strike","floor":18},{"not_picked":["Wild Strike","ReplayTheSpireMod:Limb From Limb"],"picked":"Body Slam+1","floor":22},{"not_picked":["Heavy Blade","Run Through"],"picked":"Second Wind","floor":23}],"player_experience":321333,"relics_obtained":[{"floor":4,"key":"Replay:Bottled Steam"},{"floor":5,"key":"Ring of Hypnosis"},{"floor":5,"key":"ReplayTheSpireMod:Ring of Exchange"},{"floor":7,"key":"Art of War"},{"floor":9,"key":"King of Hearts"},{"floor":11,"key":"Pen Nib"},{"floor":23,"key":"Du-Vu Doll"},{"floor":23,"key":"Snack Pack"}],"event_choices":[{"damage_healed":0,"gold_gain":75,"player_choice":"Gather Gold","damage_taken":11,"max_hp_gain":0,"max_hp_loss":0,"event_name":"World of Goop","floor":2,"gold_loss":0},{"damage_healed":0,"gold_gain":0,"player_choice":"Simplicity","damage_taken":0,"max_hp_gain":0,"max_hp_loss":0,"event_name":"Back to Basics","floor":20,"gold_loss":0,"cards_upgraded":["Strike_R","Strike_R","Strike_R","Strike_R","Defend_R","Defend_R","Defend_R","Defend_R"]}],"is_beta":false,"boss_relics":[{"not_picked":["Astrolabe","Replay:Ancient Bell"],"picked":"Black Star"}],"items_purged_floors":[19],"is_endless":false,"potions_floor_spawned":[3,14,16,22],"killed_by":"Gremlin Leader","ascension_level":0}}