{"host":"dl7h25vjpuplx29g","time":1609574271,"event":{"mods":["BaseMod","Colored Map","Minty Spire (QoL Compilation)"],"gold_per_floor":[113,131,131,206,221,221,10,10,64,64,79,89,124,141,141,218,218,232,30,46,66,66,66,93,93,145,155,169,198,215,0,0,74,74,86,86,86,96,16,41,41,70,70,99,99,147,158,158,158,158],"floor_reached":51,"playtime":6550,"items_purged":["Strike_B"],"score":1300,"play_id":"371a1213-6db5-4485-9169-f300acc40264","local_time":"20210102165751","is_ascension_mode":true,"campfire_choices":[{"data":"Dualcast","floor":6.0,"key":"SMITH"},{"data":"Consume","floor":8.0,"key":"SMITH"},{"floor":15.0,"key":"REST"},{"data":"Shame","floor":23.0,"key":"PURGE"},{"data":"Aggregate","floor":25.0,"key":"SMITH"},{"floor":32.0,"key":"REST"},{"floor":41,"key":"REST"},{"data":"Undo","floor":45,"key":"PURGE"},{"floor":49,"key":"REST"}],"circlet_count":0,"master_deck":["AscendersBane","Zap","Dualcast+1","Beam Cell","Chaos+1","Conserve Battery+1","Consume+1","Swift Strike","Go for the Eyes","Ball Lightning","Machine Learning","Reinforced Body","Multi-Cast","BootSequence","Static Discharge","Rip and Tear+1","Hologram+1","Compile Driver","Aggregate+1","Self Repair","Loop","Hologram","Cold Snap+1","Skim","Capacitor","Stack","Turbo","Coolheaded","Biased Cognition","Streamline+1","Reinforced Body+1","Darkness","Hologram+1","Steam+1","Turbo","Double Energy+1","Chrysalis"],"relics":["Cracked Core","NeowsBlessing","Ancient Tea Set","Matryoshka","Pandora\u0027s Box","Lee\u0027s Waffle","Peace Pipe","InkBottle","HornCleat","Centennial Puzzle","Pen Nib","Runic Pyramid","Lantern","War Paint","Whetstone","Dead Branch","Bottled Lightning","Nunchaku"],"acts_visited":["Exordium","TheCity","TheBeyond"],"potions_floor_usage":[40,42,42,42,47],"damage_taken":[{"damage":0.0,"enemies":"Cultist","floor":1.0,"turns":1.0},{"damage":0.0,"enemies":"Small Slimes","floor":2.0,"turns":1.0},{"damage":0.0,"enemies":"2 Louse","floor":5.0,"turns":1.0},{"damage":15.0,"enemies":"Exordium Wildlife","floor":11.0,"turns":5.0},{"damage":0.0,"enemies":"2 Fungi Beasts","floor":12.0,"turns":3.0},{"damage":12.0,"enemies":"Lagavulin","floor":13.0,"turns":5.0},{"damage":13.0,"enemies":"Large Slime","floor":14.0,"turns":4.0},{"damage":6.0,"enemies":"The Guardian","floor":16.0,"turns":10.0},{"damage":33.0,"enemies":"Shell Parasite","floor":18.0,"turns":5.0},{"damage":12.0,"enemies":"Chosen","floor":20.0,"turns":4.0},{"damage":26.0,"enemies":"3 Cultists","floor":21.0,"turns":7.0},{"damage":28.0,"enemies":"Gremlin Leader","floor":24.0,"turns":8.0},{"damage":0.0,"enemies":"Snake Plant","floor":27.0,"turns":3.0},{"damage":17.0,"enemies":"Snecko","floor":28.0,"turns":7.0},{"damage":15.0,"enemies":"Book of Stabbing","floor":29.0,"turns":6.0},{"damage":4.0,"enemies":"Centurion and Healer","floor":30.0,"turns":7.0},{"damage":44.0,"enemies":"Automaton","floor":33.0,"turns":9.0},{"damage":33.0,"enemies":"3 Darklings","floor":35.0,"turns":6.0},{"damage":10.0,"enemies":"3 Shapes","floor":38.0,"turns":2.0},{"damage":19,"enemies":"Giant Head","floor":40,"turns":6},{"damage":10,"enemies":"Reptomancer","floor":42,"turns":5},{"damage":0,"enemies":"Giant Head","floor":44,"turns":6},{"damage":0,"enemies":"3 Darklings","floor":47,"turns":2},{"damage":33,"enemies":"Donu and Deca","floor":50,"turns":6}],"seed_played":"-1666340808840301757","potions_obtained":[{"floor":2.0,"key":"CultistPotion"},{"floor":11.0,"key":"FearPotion"},{"floor":18.0,"key":"Block Potion"},{"floor":24.0,"key":"FocusPotion"},{"floor":30.0,"key":"EntropicBrew"},{"floor":40,"key":"Weak Potion"},{"floor":42,"key":"Swift Potion"},{"floor":47,"key":"GamblersBrew"}],"is_trial":false,"path_per_floor":["M","M","?","?","M","R","$","R","T","?","M","M","E","M","R","B",null,"M","$","M","M","?","R","E","R","T","M","M","E","M","?","R","B",null,"M","?","?","M","$","E","R","E","T","E","R","T","M","?","R","B",null],"character_chosen":"DEFECT","items_purchased":["Consume","Swift Strike","Lee\u0027s Waffle","Hologram","Darkness"],"campfire_rested":4,"item_purchase_floors":[7,7,19,19,39],"current_hp_per_floor":[64,64,50,39,39,39,39,39,39,44,29,29,17,4,26,20,62,36,83,78,59,59,59,38,38,38,45,35,27,30,30,54,17,67,41,41,41,31,31,19,43,40,40,47,47,47,54,54,78,52],"gold":158,"neow_bonus":"THREE_ENEMY_KILL","is_daily":false,"chose_seed":false,"campfire_upgraded":3,"win_rate":0.0,"timestamp":1609574271,"path_taken":["M","?","?","?","M","R","$","R","T","?","M","?","E","M","R","BOSS","M","$","M","M","?","R","E","R","T","M","M","E","M","?","R","BOSS","M","?","?","?","$","E","R","E","T","E","R","?","M","?","R","BOSS"],"items_purchased_type":["Card","Card","Relic","Card","Card"],"build_version":"2020-12-22","purchased_purges":1,"victory":true,"max_hp_per_floor":[71,71,71,71,71,71,71,71,71,76,76,76,76,76,76,76,76,76,83,83,83,83,83,83,83,83,83,83,83,83,83,83,83,83,83,83,83,83,83,83,83,83,83,83,83,83,83,83,83,83],"card_choices":[{"not_picked":["Steam","Storm"],"picked":"Beam Cell","floor":1.0},{"not_picked":["Hologram","Steam"],"picked":"Chaos","floor":2.0},{"not_picked":["Recycle","Multi-Cast"],"picked":"Conserve Battery","floor":5.0},{"not_picked":["Beam Cell","Steam"],"picked":"Go for the Eyes","floor":11.0},{"not_picked":["Creative AI","Lockon"],"picked":"Ball Lightning","floor":12.0},{"not_picked":["Sweeping Beam","Static Discharge"],"picked":"Machine Learning","floor":13.0},{"not_picked":["Hologram","Gash"],"picked":"Reinforced Body","floor":14.0},{"not_picked":["Buffer","Reboot"],"picked":"Multi-Cast","floor":16.0},{"not_picked":["Steam","Auto Shields"],"picked":"Loop","floor":18.0},{"not_picked":["Rebound","Self Repair"],"picked":"Cold Snap","floor":20.0},{"not_picked":["Tempest","Ball Lightning"],"picked":"Undo","floor":21.0},{"not_picked":["Rebound+1","Reinforced Body"],"picked":"Skim","floor":24.0},{"not_picked":["Turbo","Leap"],"picked":"Capacitor","floor":27.0},{"not_picked":["Buffer","Redo"],"picked":"Stack","floor":28.0},{"not_picked":["Stack","Skim"],"picked":"Turbo","floor":29.0},{"not_picked":["Hello World","Chill"],"picked":"Coolheaded","floor":30.0},{"not_picked":["Seek","Multi-Cast"],"picked":"Biased Cognition","floor":33.0},{"not_picked":["Go for the Eyes","Barrage"],"picked":"Streamline+1","floor":35.0},{"not_picked":["Compile Driver","FTL"],"picked":"Reinforced Body+1","floor":38.0},{"not_picked":["Barrage","Steam Power"],"picked":"Hologram+1","floor":40},{"not_picked":["Compile Driver+1","Melter+1"],"picked":"Steam+1","floor":42},{"not_picked":["White Noise","Sweeping Beam"],"picked":"Turbo","floor":44},{"not_picked":["Beam Cell","Steam"],"picked":"Double Energy+1","floor":47},{"not_picked":["Master of Strategy","Good Instincts"],"picked":"Chrysalis","floor":48}],"player_experience":1451703,"relics_obtained":[{"floor":9.0,"key":"Ancient Tea Set"},{"floor":13.0,"key":"Matryoshka"},{"floor":24.0,"key":"InkBottle"},{"floor":26.0,"key":"HornCleat"},{"floor":26.0,"key":"Centennial Puzzle"},{"floor":29.0,"key":"Pen Nib"},{"floor":40,"key":"Lantern"},{"floor":42,"key":"War Paint"},{"floor":43,"key":"Whetstone"},{"floor":43,"key":"Dead Branch"},{"floor":44,"key":"Bottled Lightning"},{"floor":46,"key":"Nunchaku"}],"event_choices":[{"damage_healed":0.0,"max_hp_gain":0.0,"max_hp_loss":0.0,"gold_gain":0.0,"event_name":"Shining Light","player_choice":"Entered Light","floor":3.0,"gold_loss":0.0,"damage_taken":14.0,"cards_upgraded":["Defend_B","Chaos"]},{"damage_healed":0.0,"max_hp_gain":0.0,"max_hp_loss":0.0,"gold_gain":75.0,"event_name":"World of Goop","player_choice":"Gather Gold","floor":4.0,"gold_loss":0.0,"damage_taken":11.0},{"damage_healed":0.0,"max_hp_gain":5.0,"max_hp_loss":0.0,"gold_gain":0.0,"event_name":"Big Fish","player_choice":"Donut","floor":10.0,"gold_loss":0.0,"damage_taken":0.0},{"damage_healed":0.0,"max_hp_gain":0.0,"max_hp_loss":0.0,"gold_gain":0.0,"event_name":"Addict","player_choice":"Stole Relic","floor":22.0,"gold_loss":0.0,"damage_taken":0.0,"relics_obtained":["Peace Pipe"],"cards_obtained":["Shame"]},{"damage_healed":0.0,"max_hp_gain":0.0,"max_hp_loss":0.0,"gold_gain":0.0,"event_name":"Masked Bandits","player_choice":"Paid Fearfully","floor":31.0,"gold_loss":215.0,"damage_taken":0.0},{"damage_healed":0.0,"max_hp_gain":0.0,"max_hp_loss":0.0,"gold_gain":0.0,"event_name":"The Moai Head","player_choice":"Ignored","floor":36.0,"gold_loss":0.0,"damage_taken":0.0},{"damage_healed":0.0,"max_hp_gain":0.0,"max_hp_loss":0.0,"gold_gain":0.0,"event_name":"SecretPortal","player_choice":"Ignored","floor":37.0,"gold_loss":0.0,"damage_taken":0.0},{"damage_healed":0,"gold_gain":0,"player_choice":"Memory 1","damage_taken":0,"max_hp_gain":0,"max_hp_loss":0,"event_name":"SensoryStone","floor":48,"gold_loss":0}],"is_beta":false,"boss_relics":[{"not_picked":["Sozu","SacredBark"],"picked":"Pandora\u0027s Box"},{"not_picked":["Coffee Dripper","Velvet Choker"],"picked":"Runic Pyramid"}],"items_purged_floors":[7],"is_endless":false,"potions_floor_spawned":[2,11,12,18,24,29,30,40,42,47],"ascension_level":14}}