{"host":"bizh8s6kqxoug1aw","time":1609610161,"event":{"mods":["AchievementEnabler","BaseMod","Better Vampires","Colored Powertips","Downfall","Minty Spire (QoL Compilation)","Replay The Spire","StSLib"],"gold_per_floor":[112,112,112,131,144,144,170,170,194,194,194,212,212,223,223,327,427,396,412,412,412,324,324,352,104,131,131,143,175,90,158,158,158,158],"floor_reached":33,"playtime":2909,"items_purged":[],"score":283,"play_id":"c50facd6-d852-4f32-b225-5d1c194116b2","local_time":"20210103015601","is_ascension_mode":false,"campfire_choices":[{"floor":6,"key":"REST"},{"floor":8,"key":"REST"},{"data":"Dualcast","floor":13,"key":"SMITH"},{"data":"Fusion","floor":15,"key":"SMITH"},{"floor":23,"key":"REST"},{"floor":27,"key":"REST"},{"floor":32,"key":"REST"}],"circlet_count":0,"master_deck":["Strike_B+1","Strike_B+3","Strike_B+2","Defend_B+1","Defend_B+2","Defend_B+1","Defend_B+3","Zap+1","Dualcast+1","Fusion+1","Coolheaded","Conserve Battery","Amplify+1","Beam Cell","Panic Button","Tempest","Aggregate","Storm+1","Static Discharge+1","Compile Driver","ReplaySolidLightProjector","Pot Of Greed","Pot Of Greed","Reboot","ReplaySolidLightProjector"],"relics":["Cracked Core","Gremlin Food","Simple Rune","Replay:Mystery Machine","Replay:Wanted Poster","Prayer Wheel","Centennial Puzzle","Orichalcum","Divine Protection","Grinning Jar","Bottled Tornado","Gambling Chip","Replay:Ringing Soul"],"acts_visited":["Exordium","TheCity"],"potions_floor_usage":[7,7,16,16,19,24,33],"damage_taken":[{"damage":3,"enemies":"Jaw Worm","floor":1,"turns":3},{"damage":6,"enemies":"2 Louse","floor":4,"turns":2},{"damage":0,"enemies":"Cultist","floor":5,"turns":5},{"damage":24,"enemies":"3 Sentries","floor":7,"turns":12},{"damage":0,"enemies":"2 Fungi Beasts","floor":12,"turns":4},{"damage":12,"enemies":"Exordium Wildlife","floor":14,"turns":5},{"damage":66,"enemies":"Hexaghost","floor":16,"turns":16},{"damage":30,"enemies":"2 Thieves","floor":18,"turns":5},{"damage":13,"enemies":"Chosen","floor":19,"turns":6},{"damage":10,"enemies":"Snake Plant","floor":22,"turns":5},{"damage":42,"enemies":"Slavers","floor":24,"turns":5},{"damage":3,"enemies":"Sentry and Sphere","floor":28,"turns":4},{"damage":53,"enemies":"Gremlin Leader","floor":29,"turns":6},{"damage":38,"enemies":"Champ","floor":33,"turns":8}],"seed_played":"3920469506931670332","potions_obtained":[{"floor":1,"key":"Swift Potion"},{"floor":3,"key":"Dexterity Potion"},{"floor":3,"key":"Slimebound:ThreeZeroPotion"},{"floor":3,"key":"GamblersBrew"},{"floor":14,"key":"SteroidPotion"},{"floor":16,"key":"Fire Potion"},{"floor":18,"key":"Swift Potion"},{"floor":22,"key":"FairyPotion"},{"floor":28,"key":"Venom Potion"}],"is_trial":false,"path_per_floor":["M","?","?","M","M","R","E","R","T","?","T","M","R","M","R","B",null,"M","M","?","?","M","R","E","$","T","R","M","E","?","T","R","B"],"character_chosen":"DEFECT","items_purchased":["Divine Protection"],"campfire_rested":5,"item_purchase_floors":[25],"current_hp_per_floor":[79,63,63,57,57,81,57,81,81,81,81,81,81,69,69,3,82,52,39,39,39,29,53,11,11,11,35,32,7,7,7,31,0,0],"gold":158,"neow_bonus":"TEN_PERCENT_HP_BONUS","is_daily":false,"chose_seed":false,"campfire_upgraded":2,"win_rate":0.0,"timestamp":1609610161,"path_taken":["M","?","?","M","?","R","E","R","T","?","?","M","R","M","R","BOSS","M","M","?","?","?","R","E","$","T","R","?","E","?","?","R","BOSS"],"items_purchased_type":["Relic"],"build_version":"2020-12-22","purchased_purges":0,"victory":false,"max_hp_per_floor":[82,82,82,82,82,82,82,82,82,82,82,82,82,82,82,82,82,82,82,82,82,82,82,82,82,82,82,82,82,82,82,82,82,82],"card_choices":[{"not_picked":["Skim","Leap"],"picked":"Fusion","floor":1},{"not_picked":["Hologram","Barrage"],"picked":"Coolheaded","floor":4},{"not_picked":["Cold Snap","Coolheaded"],"picked":"Conserve Battery","floor":5},{"not_picked":["Melter","Leap"],"picked":"Amplify","floor":7},{"not_picked":["Cold Snap","Conserve Battery"],"picked":"Beam Cell","floor":12},{"not_picked":["Doom and Gloom","Loop"],"picked":"Panic Button","floor":14},{"not_picked":["All For One","Machine Learning"],"picked":"ReplayTheSpireMod:Fabricate Wheel","floor":16},{"not_picked":["Coolheaded","Panic Button"],"picked":"Tempest","floor":18},{"not_picked":["Conserve Battery+1","ReplaySort"],"picked":"Aggregate","floor":18},{"not_picked":["Melter","Hologram+1"],"picked":"Storm+1","floor":19},{"not_picked":["Conserve Battery+1","FIFO Queue"],"picked":"Static Discharge+1","floor":19},{"not_picked":["Rip and Tear","ReplayGash"],"picked":"Compile Driver","floor":22},{"not_picked":["ReplaySort","Sweeping Beam+1","Cold Snap"],"picked":"SKIP","floor":22},{"not_picked":["Static Discharge","Darkness"],"picked":"ReplaySolidLightProjector","floor":24},{"not_picked":["Go for the Eyes+1","Skim"],"picked":"Reboot","floor":28},{"not_picked":["Sweeping Beam+1","Cold Snap","Crystallizer"],"picked":"SKIP","floor":28},{"not_picked":["Scrape","Conserve Battery"],"picked":"ReplaySolidLightProjector","floor":29}],"player_experience":33144,"relics_obtained":[{"floor":7,"key":"Gremlin Food"},{"floor":9,"key":"Simple Rune"},{"floor":11,"key":"Replay:Mystery Machine"},{"floor":24,"key":"Orichalcum"},{"floor":26,"key":"Grinning Jar"},{"floor":29,"key":"Bottled Tornado"},{"floor":31,"key":"Replay:Ringing Soul"}],"event_choices":[{"damage_healed":0,"gold_gain":0,"player_choice":"Entered Light","damage_taken":16,"max_hp_gain":0,"max_hp_loss":0,"event_name":"Shining Light","floor":2,"gold_loss":0,"cards_upgraded":["Strike_B","Defend_B"]},{"damage_healed":0,"gold_gain":0,"player_choice":"Got Potions","damage_taken":0,"max_hp_gain":0,"max_hp_loss":0,"event_name":"Lab","floor":3,"gold_loss":0},{"damage_healed":0,"gold_gain":0,"player_choice":"Simplicity","damage_taken":0,"max_hp_gain":0,"max_hp_loss":0,"event_name":"Back to Basics","floor":20,"gold_loss":0,"cards_upgraded":["Strike_B","Strike_B","Strike_B","Defend_B","Defend_B","Defend_B","Defend_B"]},{"damage_healed":0,"gold_gain":0,"player_choice":"Obtained Relic","damage_taken":0,"relics_obtained":["Gambling Chip"],"max_hp_gain":0,"max_hp_loss":0,"event_name":"Addict","floor":30,"gold_loss":85}],"is_beta":false,"boss_relics":[{"not_picked":["Sozu","Busted Crown"],"picked":"Replay:Wanted Poster"}],"items_purged_floors":[],"is_endless":false,"potions_floor_spawned":[1,14,16,18,22,28],"killed_by":"Champ","ascension_level":0}}