{"host":"65a95dzim48ko8ke","time":1609584696,"event":{"mods":["BaseMod","Better Third Choice","Colored Powertips","MarisaÅiñ∂âJÅ@ñÇóùçπÅj","Minty Spire (QoL Compilation)","Quick Restart","Rare Cards Sparkle","Spicy Shops","StSLib"],"gold_per_floor":[367,367,382,345,345,345,38,38,65,95,126,51,51,85,85,204,204,222,222,222,263,51,51,66,109,109,133,133,133,148,148,148,269,269,283,346,371,395,13,53,53,87,87,126,151,171,171,194,194,194,194,194,1,40,40],"floor_reached":56,"playtime":4193,"items_purged":["Writhe","Pride"],"score":1734,"play_id":"3a7fc28d-cf15-4892-8b21-a1ccfc87c0c2","local_time":"20210102195136","is_ascension_mode":true,"campfire_choices":[{"floor":6,"key":"REST"},{"data":"Venomology","floor":8,"key":"SMITH"},{"data":"MysteriousBeam","floor":15,"key":"SMITH"},{"data":"ManaRampage","floor":23,"key":"SMITH"},{"data":"FinalSpark","floor":29,"key":"SMITH"},{"data":"GasGiant","floor":32,"key":"SMITH"},{"floor":47,"key":"RECALL"},{"floor":49,"key":"REST"},{"data":"CollectingQuirk","floor":52,"key":"SMITH"}],"circlet_count":0,"master_deck":["Strike_MRS+1","Strike_MRS+1","Strike_MRS+1","Defend_MRS+1","Defend_MRS+1","Defend_MRS+1","Defend_MRS+1","MasterSpark","UpSweep","ShootTheMoon","MysteriousBeam+1","Burst+1","Venomology+1","FinalSpark+1","ShootingEcho","MagicAbsorber","OortCloud","ManaRampage+1","PowerUp","GasGiant","Singularity","CollectingQuirk+1","StarlightTyphoon+1","AsteroidBelt","SuperPerseids+1","GasGiant+1","BlazingStar","AlicesGift+1","Acceleration+1","EventHorizon","DarkSpark+1","6A+1","Acceleration+1","Regret","SprinkleStarSeal","MysteriousBeam+1","ChargeUpSpray+1","6A+1","CollectingQuirk+1","PulseMagic","OrrerysSun+1"],"relics":["MiniHakkero","betterThird:SlimedRelic","Lee\u0027s Waffle","Lantern","Oddly Smooth Stone","White Beast Statue","Golden Idol","Blue Candle","SacredBark","TungstenRod","Red Mask","Art of War","FossilizedHelix","Cursed Key","Shovel","Membership Card","Bronze Scales","Turnip","Molten Egg 2","Unceasing Top","Happy Flower","Thread and Needle","Vajra","Strawberry"],"acts_visited":["Exordium","TheCity","TheBeyond","TheEnding"],"potions_floor_usage":[11,11,14,18,18,21,21,24,24,24,25,27,27,27,33,36,37,37,38,40,40,40,40,42,44,44,44,45,48,50,50,54,55,55,55],"damage_taken":[{"damage":5.0,"enemies":"Small Slimes","floor":1.0,"turns":4.0},{"damage":2,"enemies":"Jaw Worm","floor":3,"turns":3},{"damage":2,"enemies":"Gremlin Nob","floor":11,"turns":3},{"damage":22,"enemies":"Lagavulin","floor":14,"turns":6},{"damage":20,"enemies":"The Guardian","floor":16,"turns":8},{"damage":6,"enemies":"Chosen","floor":18,"turns":5},{"damage":5,"enemies":"Masked Bandits","floor":21,"turns":4},{"damage":0,"enemies":"Shell Parasite","floor":24,"turns":4},{"damage":24,"enemies":"Slavers","floor":25,"turns":9},{"damage":8,"enemies":"Centurion and Healer","floor":27,"turns":4},{"damage":12,"enemies":"Snake Plant","floor":30,"turns":4},{"damage":49,"enemies":"Collector","floor":33,"turns":9},{"damage":0,"enemies":"3 Shapes","floor":35,"turns":4},{"damage":0,"enemies":"Mind Bloom Boss Battle","floor":36,"turns":4},{"damage":0,"enemies":"3 Darklings","floor":37,"turns":6},{"damage":8,"enemies":"Maw","floor":38,"turns":7},{"damage":0,"enemies":"Giant Head","floor":40,"turns":5},{"damage":0,"enemies":"Reptomancer","floor":42,"turns":5},{"damage":37,"enemies":"Giant Head","floor":44,"turns":9},{"damage":5,"enemies":"Transient","floor":45,"turns":5},{"damage":0,"enemies":"Jaw Worm Horde","floor":46,"turns":2},{"damage":0,"enemies":"3 Darklings","floor":48,"turns":2},{"damage":0,"enemies":"Awakened One","floor":50,"turns":9},{"damage":37,"enemies":"Shield and Spear","floor":54,"turns":6},{"damage":52,"enemies":"The Heart","floor":55,"turns":6}],"seed_played":"2099193297350568735","potions_obtained":[{"floor":1.0,"key":"SteroidPotion"},{"floor":3,"key":"SteroidPotion"},{"floor":11,"key":"SpeedPotion"},{"floor":14,"key":"Explosive Potion"},{"floor":16,"key":"Swift Potion"},{"floor":18,"key":"SpeedPotion"},{"floor":21,"key":"Regen Potion"},{"floor":24,"key":"FairyPotion"},{"floor":25,"key":"SteroidPotion"},{"floor":27,"key":"CultistPotion"},{"floor":33,"key":"GamblersBrew"},{"floor":35,"key":"DuplicationPotion"},{"floor":36,"key":"SteroidPotion"},{"floor":37,"key":"EntropicBrew"},{"floor":38,"key":"CultistPotion"},{"floor":40,"key":"ColorlessPotion"},{"floor":44,"key":"Explosive Potion"},{"floor":45,"key":"AttackPotion"},{"floor":48,"key":"LiquidBronze"},{"floor":54,"key":"Swift Potion"}],"is_trial":false,"path_per_floor":["M","?","M","?","?","R","$","R","T","?","E","$","?","E","R","B",null,"M","?","?","?","$","R","M","E","T","M","?","R","M","?","R","B",null,"M","?","M","M","$","E","?","E","T","E","M","M","R","M","R","B",null,"R","$","E","B",null],"character_chosen":"MARISA","items_purchased":["FinalSpark","Lee\u0027s Waffle","MagicAbsorber","CollectingQuirk","Membership Card","Bronze Scales","Turnip","CollectingQuirk+1","Vajra","PulseMagic"],"campfire_rested":2,"item_purchase_floors":[7,7,12,22,39,39,39,53,53,53],"current_hp_per_floor":[45,38,36,25,8,30,82,82,82,82,80,80,60,38,38,18,66,60,60,60,55,55,55,82,58,58,50,50,50,38,38,38,49,74,74,74,74,66,66,66,66,66,66,29,24,24,24,24,48,48,74,74,74,44,53],"gold":40,"neow_bonus":"TWO_FIFTY_GOLD","is_daily":false,"chose_seed":false,"campfire_upgraded":6,"win_rate":0.0,"timestamp":1609584696,"path_taken":["M","?","M","?","?","R","$","R","T","?","E","$","?","E","R","BOSS","M","?","?","?","$","R","M","E","T","M","?","R","?","?","R","BOSS","M","?","M","M","?","E","?","E","T","E","?","M","R","M","R","BOSS","R","$","E","BOSS"],"items_purchased_type":["Card","Relic","Card","Card","Relic","Relic","Relic","Card","Relic","Card"],"build_version":"2020-12-22","purchased_purges":2,"victory":true,"max_hp_per_floor":[75,75,75,75,75,75,82,82,82,82,82,82,82,82,82,82,82,82,82,82,82,82,82,82,82,82,82,82,82,82,82,82,82,82,82,82,82,82,82,82,82,82,82,82,82,82,82,82,82,82,82,82,82,89,89],"card_choices":[{"not_picked":["Singularity","OpenUniverse"],"picked":"ShootTheMoon","floor":1.0},{"not_picked":["SporeBomb","GrandCross"],"picked":"MysteriousBeam","floor":3},{"not_picked":["IllusionStar","WitchOfGreed"],"picked":"ShootingEcho","floor":11},{"not_picked":["GravityBeat","WitchOfGreed"],"picked":"OortCloud","floor":14},{"not_picked":["MaximisePower","BinaryStars"],"picked":"ManaRampage","floor":16},{"not_picked":["GalacticHalo+1","SuperPerseids+1"],"picked":"PowerUp","floor":18},{"not_picked":["MysteriousBeam","DC"],"picked":"Singularity","floor":21},{"not_picked":["PowerUp+1","UnstableBomb"],"picked":"StarlightTyphoon+1","floor":24},{"not_picked":["SporeBomb","GalacticHalo"],"picked":"AsteroidBelt","floor":25},{"not_picked":["MagicAbsorber","FairyDestructionRay"],"picked":"SuperPerseids+1","floor":27},{"not_picked":["SporeBomb","MysteriousBeam+1"],"picked":"GasGiant","floor":30},{"not_picked":["TreasureHunter","MaximisePower"],"picked":"BlazingStar","floor":33},{"not_picked":["DoubleSpark+1","AsteroidBelt"],"picked":"AlicesGift+1","floor":35},{"not_picked":["IllusionStar","SuperPerseids+1"],"picked":"Acceleration+1","floor":36},{"not_picked":["DC+1","LuminesStrike"],"picked":"EventHorizon","floor":37},{"not_picked":["MysteriousBeam","NonDirectionalLaser"],"picked":"DarkSpark+1","floor":38},{"not_picked":["MaximisePower","MachineGunSpark+1"],"picked":"6A+1","floor":40},{"not_picked":["PropBag+1","IllusionStar+1"],"picked":"Acceleration+1","floor":42},{"not_picked":["GasGiant+1","UnstableBomb+1"],"picked":"SprinkleStarSeal","floor":44},{"not_picked":["Robbery+1","Orbital"],"picked":"MysteriousBeam+1","floor":45},{"not_picked":["GrandCross+1","6A+1"],"picked":"ChargeUpSpray+1","floor":46},{"not_picked":["MagicAbsorber","AsteroidBelt+1"],"picked":"6A+1","floor":48},{"not_picked":["WitchOfGreed","AsteroidBelt"],"picked":"OrrerysSun+1","floor":54}],"player_experience":340434,"relics_obtained":[{"floor":9,"key":"Lantern"},{"floor":11,"key":"White Beast Statue"},{"floor":14,"key":"Blue Candle"},{"floor":21,"key":"Red Mask"},{"floor":25,"key":"Art of War"},{"floor":26,"key":"FossilizedHelix"},{"floor":36,"key":"Shovel"},{"floor":40,"key":"Molten Egg 2"},{"floor":41,"key":"Unceasing Top"},{"floor":42,"key":"Happy Flower"},{"floor":44,"key":"Thread and Needle"},{"floor":54,"key":"Strawberry"}],"event_choices":[{"cards_removed":["Strike_MRS"],"damage_healed":0.0,"max_hp_gain":0.0,"max_hp_loss":0.0,"gold_gain":0.0,"event_name":"Golden Wing","player_choice":"Card Removal","floor":2.0,"gold_loss":0.0,"damage_taken":7.0},{"damage_healed":0,"gold_gain":0,"player_choice":"Slimed","damage_taken":11,"max_hp_gain":0,"max_hp_loss":0,"event_name":"betterThird:BetterGoop","floor":4,"gold_loss":37},{"damage_healed":0,"gold_gain":1,"player_choice":"Card Card ","damage_taken":17,"max_hp_gain":0,"max_hp_loss":0,"event_name":"betterThird:BetterScrap","floor":5,"gold_loss":0,"cards_obtained":["Burst","Venomology"]},{"damage_healed":0,"gold_gain":30,"player_choice":"Searched \u00272\u0027 times","damage_taken":0,"relics_obtained":["Oddly Smooth Stone"],"max_hp_gain":0,"max_hp_loss":0,"event_name":"Dead Adventurer","floor":10,"gold_loss":0},{"damage_healed":0,"gold_gain":0,"player_choice":"Take Damage","damage_taken":20,"relics_obtained":["Golden Idol"],"max_hp_gain":0,"max_hp_loss":0,"event_name":"Golden Idol","floor":13,"gold_loss":0},{"damage_healed":0,"gold_gain":0,"player_choice":"Read","damage_taken":0,"max_hp_gain":0,"max_hp_loss":0,"event_name":"The Library","floor":19,"gold_loss":0,"cards_obtained":["GasGiant"]},{"damage_healed":0,"gold_gain":0,"player_choice":"Opened","damage_taken":0,"relics_obtained":["TungstenRod"],"max_hp_gain":0,"max_hp_loss":0,"event_name":"The Mausoleum","floor":20,"gold_loss":0,"cards_obtained":["Writhe"]},{"damage_healed":0,"gold_gain":0,"player_choice":"Fought Bandits","damage_taken":0,"max_hp_gain":0,"max_hp_loss":0,"event_name":"Masked Bandits","floor":21,"gold_loss":0},{"damage_healed":0,"gold_gain":0,"player_choice":"Ignored","damage_taken":0,"max_hp_gain":0,"max_hp_loss":0,"event_name":"Ghosts","floor":28,"gold_loss":0},{"damage_healed":0,"gold_gain":0,"player_choice":"Simplicity","damage_taken":0,"max_hp_gain":0,"max_hp_loss":7,"event_name":"betterThird:BetterWriting","floor":31,"gold_loss":0},{"damage_healed":0,"gold_gain":0,"player_choice":"Fight","damage_taken":0,"max_hp_gain":0,"max_hp_loss":0,"event_name":"MindBloom","floor":36,"gold_loss":0},{"damage_healed":0,"gold_gain":0,"player_choice":"Relic","damage_taken":0,"max_hp_gain":0,"max_hp_loss":0,"event_name":"Wheel of Change","floor":41,"gold_loss":0}],"is_beta":false,"boss_relics":[{"not_picked":["Velvet Choker","Runic Dome"],"picked":"SacredBark"},{"not_picked":["Astrolabe","Fusion Hammer"],"picked":"Cursed Key"}],"items_purged_floors":[22,39],"is_endless":false,"potions_floor_spawned":[1,3,11,14,16,18,21,24,25,27,30,33,35,36,37,38,40,42,44,45,46,48,54],"ascension_level":6}}