{"host":"3l94tha3a4jgu0q4","time":1609593501,"event":{"mods":["2.2 Compatiblity","AchievementEnabler","BaseMod","Colored Map","Colored Powertips","Highlight Path","Minty Spire (QoL Compilation)","Permanent Neow","StSLib","SuperFastMode"],"gold_per_floor":[159,170,170,186,186,186,204,278,278,278,278],"floor_reached":10,"playtime":406,"items_purged":[],"score":93,"play_id":"36d51399-c16b-4ece-9168-24386e6c7cbd","local_time":"20210102051821","is_ascension_mode":true,"campfire_choices":[{"data":"Study","floor":6,"key":"SMITH"}],"circlet_count":0,"master_deck":["AscendersBane","Strike_P","Strike_P","Strike_P+1","Defend_P","Defend_P","Defend_P","Defend_P","Eruption+1","Vigilance","Indignation","Study+1","TalkToTheHand","ClearTheMind","Worship"],"relics":["Tiny House","Mercury Hourglass","Mummified Hand"],"acts_visited":["Exordium"],"potions_floor_usage":[2,2,10],"damage_taken":[{"damage":5,"enemies":"Small Slimes","floor":1,"turns":3},{"damage":0,"enemies":"Cultist","floor":2,"turns":2},{"damage":7,"enemies":"Jaw Worm","floor":4,"turns":4},{"damage":45,"enemies":"Gremlin Gang","floor":7,"turns":6},{"damage":15,"enemies":"Lagavulin","floor":10,"turns":5}],"seed_played":"7463512582102485197","potions_obtained":[{"floor":0,"key":"Explosive Potion"},{"floor":1,"key":"Explosive Potion"},{"floor":7,"key":"Energy Potion"}],"is_trial":false,"path_per_floor":["M","M","?","M","?","R","M","T","T","E"],"character_chosen":"WATCHER","items_purchased":[],"campfire_rested":0,"item_purchase_floors":[],"current_hp_per_floor":[65,65,65,58,58,58,13,13,13,0,0],"gold":278,"neow_bonus":"BOSS_RELIC","is_daily":false,"chose_seed":false,"campfire_upgraded":1,"win_rate":0.0,"timestamp":1609593501,"path_taken":["M","M","?","M","?","R","?","?","T","E"],"items_purchased_type":[],"build_version":"2020-12-22","purchased_purges":0,"victory":false,"max_hp_per_floor":[77,77,77,77,77,77,77,77,77,77,77],"card_choices":[{"not_picked":["Halt","Consecrate"],"picked":"Indignation","floor":0},{"not_picked":["WreathOfFlame","BowlingBash"],"picked":"Study","floor":1},{"not_picked":["Crescendo","PathToVictory"],"picked":"TalkToTheHand","floor":2},{"not_picked":["ThirdEye","CrushJoints"],"picked":"ClearTheMind","floor":4},{"not_picked":["SashWhip","Conclude"],"picked":"Worship","floor":7}],"player_experience":1877351,"relics_obtained":[{"floor":8,"key":"Mercury Hourglass"},{"floor":9,"key":"Mummified Hand"}],"event_choices":[{"damage_healed":0,"gold_gain":0,"player_choice":"Grow","damage_taken":0,"max_hp_gain":0,"max_hp_loss":0,"event_name":"Living Wall","floor":3,"gold_loss":0,"cards_upgraded":["Eruption"]},{"cards_removed":["Strike_P"],"damage_healed":0,"gold_gain":0,"player_choice":"Purged","damage_taken":0,"max_hp_gain":0,"max_hp_loss":0,"event_name":"Purifier","floor":5,"gold_loss":0}],"is_beta":false,"boss_relics":[],"items_purged_floors":[],"is_endless":false,"potions_floor_spawned":[1,7],"killed_by":"Lagavulin","ascension_level":12}}