{"host":"pf47v7h0307523iy","time":1609630416,"event":{"mods":["BaseMod","Minty Spire (QoL Compilation)"],"gold_per_floor":[110,110,110,134,134,134,152,152,232,275,8,8,44,62,62,62,62],"floor_reached":16,"playtime":552,"items_purged":[],"score":216,"play_id":"da5c815f-e17c-4817-ba74-a4c9e53f4bab","local_time":"20210103013336","is_ascension_mode":true,"campfire_choices":[{"data":"Neutralize","floor":6,"key":"SMITH"},{"data":"Masterful Stab","floor":8,"key":"SMITH"},{"data":"Dagger Spray","floor":12,"key":"SMITH"},{"floor":15,"key":"REST"}],"circlet_count":0,"master_deck":["AscendersBane","Strike_G","Strike_G","Strike_G","Strike_G","Strike_G","Defend_G","Defend_G","Defend_G","Defend_G","Defend_G","Survivor+1","Neutralize+1","Acrobatics","Regret","PiercingWail+1","Masterful Stab+1","Dagger Spray+1","Escape Plan","Heel Hook+1"],"relics":["Ring of the Snake","Tiny Chest","Golden Idol","Mummified Hand","Turnip","Molten Egg 2","Eternal Feather"],"acts_visited":["Exordium"],"potions_floor_usage":[10,10,13],"damage_taken":[{"damage":1,"enemies":"Small Slimes","floor":1,"turns":4},{"damage":1,"enemies":"Jaw Worm","floor":4,"turns":6},{"damage":3,"enemies":"2 Louse","floor":7,"turns":3},{"damage":10,"enemies":"Gremlin Nob","floor":10,"turns":4},{"damage":20,"enemies":"Lagavulin","floor":13,"turns":8},{"damage":9,"enemies":"2 Fungi Beasts","floor":14,"turns":2},{"damage":39,"enemies":"Slime Boss","floor":16,"turns":7}],"seed_played":"9158091361163132139","potions_obtained":[{"floor":4,"key":"Strength Potion"},{"floor":7,"key":"GhostInAJar"},{"floor":10,"key":"SkillPotion"},{"floor":14,"key":"Ancient Potion"}],"is_trial":false,"path_per_floor":["M","?","?","M","?","R","M","R","T","E","$","R","E","M","R","B"],"character_chosen":"THE_SILENT","items_purchased":["Molten Egg 2"],"campfire_rested":1,"item_purchase_floors":[11],"current_hp_per_floor":[64,64,64,63,43,43,40,40,40,30,30,30,10,1,32,0,0],"gold":62,"neow_bonus":"TEN_PERCENT_HP_BONUS","is_daily":false,"chose_seed":false,"campfire_upgraded":3,"win_rate":0.0,"timestamp":1609630416,"path_taken":["M","?","?","M","?","R","M","R","T","E","$","R","E","?","R","BOSS"],"items_purchased_type":["Relic"],"build_version":"2020-12-22","purchased_purges":0,"victory":false,"max_hp_per_floor":[72,72,65,65,65,65,65,65,65,65,65,65,65,65,65,65,65],"card_choices":[{"not_picked":["Acrobatics","Distraction","Reflex"],"picked":"SKIP","floor":1},{"not_picked":["Acrobatics","Distraction","Reflex"],"picked":"SKIP","floor":1},{"not_picked":["Distraction","Reflex"],"picked":"Acrobatics","floor":1},{"not_picked":["Reflex","Quick Slash"],"picked":"PiercingWail","floor":4},{"not_picked":["PiercingWail","Catalyst"],"picked":"Masterful Stab","floor":7},{"not_picked":["Prepared","Dodge and Roll"],"picked":"Dagger Spray","floor":10},{"not_picked":["Deflect","Setup"],"picked":"Escape Plan","floor":13},{"not_picked":["Cloak And Dagger","Eviscerate+1"],"picked":"Heel Hook+1","floor":14}],"player_experience":1578012,"relics_obtained":[{"floor":9,"key":"Mummified Hand"},{"floor":10,"key":"Turnip"},{"floor":13,"key":"Eternal Feather"}],"event_choices":[{"damage_healed":0,"gold_gain":0,"player_choice":"Box","damage_taken":0,"relics_obtained":["Tiny Chest"],"max_hp_gain":0,"max_hp_loss":0,"event_name":"Big Fish","floor":2,"gold_loss":0,"cards_obtained":["Regret"]},{"damage_healed":0,"gold_gain":0,"player_choice":"Lose Max HP","damage_taken":0,"relics_obtained":["Golden Idol"],"max_hp_gain":0,"max_hp_loss":7,"event_name":"Golden Idol","floor":3,"gold_loss":0},{"damage_healed":0,"gold_gain":0,"player_choice":"Entered Light","damage_taken":20,"max_hp_gain":0,"max_hp_loss":0,"event_name":"Shining Light","floor":5,"gold_loss":0,"cards_upgraded":["Survivor","PiercingWail"]}],"is_beta":false,"boss_relics":[],"items_purged_floors":[],"is_endless":false,"potions_floor_spawned":[4,7,10,14],"killed_by":"Slime Boss","ascension_level":20}}