{"host":"9tch52zpouts7b2p","time":1609565033,"event":{"mods":["BaseMod","Colored Map","Minty Spire (QoL Compilation)","StSLib","UnlockEverythingMod"],"gold_per_floor":[12,24,44,44,63,81,96,96,96,121,121,121,138,26,26,123,123,105,116,116,116],"floor_reached":20,"playtime":1552,"items_purged":["Strike_B"],"score":185,"play_id":"26f3e6dd-6766-40c8-a2e7-d3f17d1a74dc","local_time":"20210102132353","is_ascension_mode":true,"campfire_choices":[{"floor":11,"key":"REST"},{"data":"Genetic Algorithm","floor":15,"key":"SMITH"}],"circlet_count":0,"master_deck":["Strike_B","Defend_B","Defend_B","Defend_B","Defend_B","Zap","Dualcast","Fission","Fusion","Chill","Rip and Tear","Auto Shields","Genetic Algorithm+1","Stack","Parasite","Scrape","Glacier","Meteor Strike","Auto Shields+1","Lockon"],"relics":["Cracked Core","Lantern","InkBottle","Anchor","Empty Cage"],"acts_visited":["Exordium","TheCity"],"potions_floor_usage":[6,13,16],"damage_taken":[{"damage":1,"enemies":"Cultist","floor":1,"turns":3},{"damage":5,"enemies":"Small Slimes","floor":2,"turns":3},{"damage":12,"enemies":"Jaw Worm","floor":3,"turns":3},{"damage":11,"enemies":"Blue Slaver","floor":5,"turns":3},{"damage":3,"enemies":"Large Slime","floor":6,"turns":5},{"damage":7,"enemies":"Exordium Wildlife","floor":7,"turns":7},{"damage":9,"enemies":"Exordium Thugs","floor":13,"turns":4},{"damage":30,"enemies":"The Guardian","floor":16,"turns":18},{"damage":3,"enemies":"2 Thieves","floor":18,"turns":5},{"damage":24,"enemies":"Spheric Guardian","floor":19,"turns":6},{"damage":66,"enemies":"3 Cultists","floor":20,"turns":6}],"seed_played":"-7009007636652026523","potions_obtained":[{"floor":3,"key":"AttackPotion"},{"floor":5,"key":"AttackPotion"},{"floor":7,"key":"Swift Potion"}],"is_trial":false,"path_per_floor":["M","M","M","?","M","M","M","?","T","T","R","?","M","$","R","B",null,"M","M","M"],"character_chosen":"DEFECT","items_purchased":["Glacier"],"campfire_rested":1,"item_purchase_floors":[14],"current_hp_per_floor":[74,69,57,75,64,61,54,47,47,47,69,75,66,66,66,36,75,72,48,0,0],"gold":116,"neow_bonus":"THREE_RARE_CARDS","is_daily":false,"chose_seed":false,"campfire_upgraded":1,"win_rate":0.0,"timestamp":1609565033,"path_taken":["M","?","M","?","M","M","M","?","T","?","R","?","?","$","R","BOSS","M","M","M"],"items_purchased_type":["Card"],"build_version":"2020-12-22","purchased_purges":1,"victory":false,"max_hp_per_floor":[75,75,75,75,75,75,75,75,75,75,75,75,75,75,75,75,75,75,75,75,75],"card_choices":[{"not_picked":["Buffer","Thunder Strike"],"picked":"Fission","floor":0},{"not_picked":["Leap","Reprogram"],"picked":"Fusion","floor":1},{"not_picked":["Coolheaded","Redo"],"picked":"Chill","floor":2},{"not_picked":["Barrage","Consume"],"picked":"Rip and Tear","floor":3},{"not_picked":["Gash","Ball Lightning"],"picked":"Auto Shields","floor":5},{"not_picked":["Multi-Cast","Turbo"],"picked":"Genetic Algorithm","floor":6},{"not_picked":["Streamline","Redo"],"picked":"Stack","floor":7},{"not_picked":["Ball Lightning","Hologram"],"picked":"Scrape","floor":13},{"not_picked":["Core Surge","Machine Learning"],"picked":"Meteor Strike","floor":16},{"not_picked":["Streamline","Gash"],"picked":"Auto Shields+1","floor":18},{"not_picked":["Gash","Beam Cell"],"picked":"Lockon","floor":19}],"player_experience":109233,"relics_obtained":[{"floor":9,"key":"InkBottle"},{"floor":10,"key":"Anchor"}],"event_choices":[{"damage_healed":25,"gold_gain":0,"player_choice":"Banana","damage_taken":0,"max_hp_gain":0,"max_hp_loss":0,"event_name":"Big Fish","floor":4,"gold_loss":0},{"damage_healed":0,"gold_gain":0,"player_choice":"Success","damage_taken":7,"relics_obtained":["Lantern"],"max_hp_gain":0,"max_hp_loss":0,"event_name":"Scrap Ooze","floor":8,"gold_loss":0},{"damage_healed":18,"gold_gain":0,"player_choice":"Healed and dodged fight","damage_taken":0,"max_hp_gain":0,"max_hp_loss":0,"event_name":"Mushrooms","floor":12,"gold_loss":0,"cards_obtained":["Parasite"]}],"is_beta":false,"boss_relics":[{"not_picked":["Philosopher\u0027s Stone","SlaversCollar"],"picked":"Empty Cage"}],"items_purged_floors":[14],"is_endless":false,"potions_floor_spawned":[3,5,7],"killed_by":"3 Cultists","ascension_level":2}}