{"host":"okln270zkafj6dck","time":1609625749,"event":{"mods":["BaseMod","Minty Spire (QoL Compilation)","Permanent Neow","Quick Restart","Relic Stats","StSLib","SuperFastMode"],"gold_per_floor":[10,28,40,51,69,69,104,130,153,153,153,172,197,209,209,284,284,304,304,304],"floor_reached":19,"playtime":486,"items_purged":[],"score":362,"play_id":"793878bf-c987-4c73-95ee-76acd4d7b513","local_time":"20210102141549","is_ascension_mode":true,"campfire_choices":[{"floor":6.0,"key":"REST"},{"floor":10.0,"key":"REST"},{"data":"Noxious Fumes","floor":11.0,"key":"SMITH"},{"data":"Neutralize","floor":15.0,"key":"SMITH"}],"circlet_count":0,"master_deck":["AscendersBane","Strike_G","Strike_G","Strike_G","Strike_G","Strike_G","Defend_G","Defend_G","Defend_G","Defend_G","Defend_G","Survivor","Neutralize+1","Poisoned Stab","Footwork","Calculated Gamble","Deadly Poison","Bouncing Flask","Noxious Fumes+1","Burst"],"relics":["Ring of the Snake","WingedGreaves","Question Card","Art of War","PreservedInsect","Bag of Marbles","Runic Pyramid"],"acts_visited":["Exordium","TheCity"],"potions_floor_usage":[16],"damage_taken":[{"damage":1.0,"enemies":"Cultist","floor":1.0,"turns":5.0},{"damage":10.0,"enemies":"Small Slimes","floor":2.0,"turns":3.0},{"damage":0.0,"enemies":"2 Louse","floor":3.0,"turns":4.0},{"damage":16.0,"enemies":"Exordium Thugs","floor":4.0,"turns":8.0},{"damage":14.0,"enemies":"3 Louse","floor":5.0,"turns":6.0},{"damage":21.0,"enemies":"Lagavulin","floor":7.0,"turns":6.0},{"damage":0.0,"enemies":"Looter","floor":12.0,"turns":4.0},{"damage":18.0,"enemies":"Gremlin Nob","floor":13.0,"turns":4.0},{"damage":1.0,"enemies":"Blue Slaver","floor":14.0,"turns":4.0},{"damage":10,"enemies":"The Guardian","floor":16,"turns":8},{"damage":6,"enemies":"Chosen","floor":18,"turns":6},{"damage":54,"enemies":"Masked Bandits","floor":19,"turns":3}],"seed_played":"922332962713753637","potions_obtained":[{"floor":2.0,"key":"Weak Potion"},{"floor":3.0,"key":"Swift Potion"},{"floor":4.0,"key":"Swift Potion"},{"floor":12.0,"key":"Ancient Potion"}],"is_trial":false,"path_per_floor":["M","M","M","M","M","R","E","T","T","R","R","M","E","M","R","B",null,"M","?"],"character_chosen":"THE_SILENT","items_purchased":[],"campfire_rested":2,"item_purchase_floors":[],"current_hp_per_floor":[58,48,48,32,18,37,16,16,16,35,35,35,17,16,16,6,51,45,0,0],"gold":304,"neow_bonus":"ONE_RARE_RELIC","is_daily":false,"chose_seed":false,"campfire_upgraded":2,"win_rate":0.0,"timestamp":1609625749,"path_taken":["M","?","M","M","M","R","E","?","T","R","R","M","E","M","R","BOSS","M","?"],"items_purchased_type":[],"build_version":"2020-12-22","purchased_purges":0,"victory":false,"max_hp_per_floor":[66,66,66,66,66,66,66,66,66,66,66,66,66,66,66,66,66,66,66,66],"relic_stats":{"counters":[12,61],"PreservedInsect":22,"Art of War":[13],"Question Card":5,"obtain_stats":[{"WingedGreaves":0,"PreservedInsect":9,"Art of War":8,"Bag of Marbles":13,"Question Card":7,"Ring of the Snake":0,"Runic Pyramid":17},{"WingedGreaves":0,"PreservedInsect":6,"Art of War":6,"Bag of Marbles":8,"Question Card":6,"Ring of the Snake":0,"Runic Pyramid":10},{"WingedGreaves":0,"PreservedInsect":32,"Art of War":32,"Bag of Marbles":40,"Question Card":32,"Ring of the Snake":0,"Runic Pyramid":52}],"Ring of the Snake":[24]},"card_choices":[{"not_picked":["Backstab","Riddle With Holes"],"picked":"Poisoned Stab","floor":1.0},{"not_picked":["Endless Agony","PiercingWail"],"picked":"Footwork","floor":2.0},{"not_picked":["Prepared","Bane"],"picked":"Calculated Gamble","floor":3.0},{"not_picked":["Deflect","Quick Slash"],"picked":"Deadly Poison","floor":4.0},{"not_picked":["Outmaneuver","Heel Hook"],"picked":"Bouncing Flask","floor":5.0},{"not_picked":["Prepared","Heel Hook"],"picked":"Noxious Fumes","floor":7.0},{"not_picked":["Sucker Punch","Blade Dance","Quick Slash","Cloak And Dagger"],"picked":"SKIP","floor":12.0},{"not_picked":["Masterful Stab","Envenom","Predator","Setup"],"picked":"SKIP","floor":13.0},{"not_picked":["Eviscerate","Heel Hook","Noxious Fumes","Outmaneuver"],"picked":"SKIP","floor":14.0},{"not_picked":["After Image","Unload","Tools of the Trade"],"picked":"Burst","floor":16},{"not_picked":["Deadly Poison","Accuracy","Prepared","Quick Slash"],"picked":"SKIP","floor":18}],"player_experience":75821,"relics_obtained":[{"floor":7.0,"key":"Question Card"},{"floor":8.0,"key":"Art of War"},{"floor":9.0,"key":"PreservedInsect"},{"floor":13.0,"key":"Bag of Marbles"}],"event_choices":[{"damage_healed":0,"gold_gain":0,"player_choice":"Fought Bandits","damage_taken":0,"max_hp_gain":0,"max_hp_loss":0,"event_name":"Masked Bandits","floor":19,"gold_loss":0}],"is_beta":false,"boss_relics":[{"not_picked":["WristBlade","Snecko Eye"],"picked":"Runic Pyramid"}],"items_purged_floors":[],"is_endless":false,"potions_floor_spawned":[2,3,4,12],"killed_by":"Masked Bandits","ascension_level":20}}