{"host":"wgmbtq7u7cgqo6r7","time":1609565705,"event":{"mods":["BaseMod","Colored Powertips","Marisa（霧雨　魔理沙）","Minty Spire (QoL Compilation)","Rare Cards Sparkle","StSLib","everything is the same but u backflip on backflip"],"gold_per_floor":[111,111,122,141,166,166,191,291,340,381,406,431,431,61,61,175,175,202,219,219,262,262,262],"floor_reached":22,"playtime":1216,"items_purged":[],"score":200,"play_id":"223ee93a-0b6a-49b9-9390-58f548050771","local_time":"20210102003505","is_ascension_mode":true,"campfire_choices":[{"floor":6,"key":"REST"},{"floor":13,"key":"REST"},{"floor":15,"key":"REST"}],"circlet_count":0,"master_deck":["Strike_MRS","Strike_MRS","Strike_MRS","Defend_MRS","Defend_MRS","Defend_MRS","MasterSpark","UpSweep","EventHorizon+1","Singularity","Robbery","SuperPerseids","ShootTheMoon","MilkyWay","WitchLeyline","AsteroidBelt","CasketOfStar","AbsoluteMagnitude","JA","MilkyWay+1","AlicesGift+1"],"relics":["MiniHakkero","Incense Burner","Mercury Hourglass","OrangePellets","Empty Cage"],"acts_visited":["Exordium","TheCity"],"potions_floor_usage":[10,16,16,19,21],"damage_taken":[{"damage":2,"enemies":"2 Louse","floor":1,"turns":2},{"damage":6,"enemies":"Cultist","floor":3,"turns":3},{"damage":1,"enemies":"Jaw Worm","floor":4,"turns":3},{"damage":27,"enemies":"Lots of Slimes","floor":5,"turns":5},{"damage":15,"enemies":"Looter","floor":7,"turns":3},{"damage":22,"enemies":"3 Sentries","floor":10,"turns":8},{"damage":0,"enemies":"Large Slime","floor":11,"turns":5},{"damage":10,"enemies":"Exordium Wildlife","floor":12,"turns":4},{"damage":10,"enemies":"Hexaghost","floor":16,"turns":9},{"damage":15,"enemies":"Chosen","floor":18,"turns":5},{"damage":12,"enemies":"Spheric Guardian","floor":19,"turns":3},{"damage":29,"enemies":"Snake Plant","floor":21,"turns":5},{"damage":16,"enemies":"Centurion and Healer","floor":22,"turns":2}],"seed_played":"4796338259140292378","potions_obtained":[{"floor":1,"key":"ShroomBrew"},{"floor":7,"key":"Dexterity Potion"},{"floor":10,"key":"Weak Potion"},{"floor":12,"key":"SpeedPotion"},{"floor":16,"key":"FearPotion"},{"floor":18,"key":"SkillPotion"}],"is_trial":false,"path_per_floor":["M","?","M","M","M","R","M","?","T","E","M","M","R","$","R","B",null,"M","M","?","M","M"],"character_chosen":"MARISA","items_purchased":["CasketOfStar","AbsoluteMagnitude","OrangePellets"],"campfire_rested":3,"item_purchase_floors":[14,14,14],"current_hp_per_floor":[66,66,60,59,32,52,37,37,37,15,15,5,25,25,45,35,68,53,41,41,12,0,0],"gold":262,"neow_bonus":"ONE_RARE_RELIC","is_daily":false,"chose_seed":false,"campfire_upgraded":0,"win_rate":0.0,"timestamp":1609565705,"path_taken":["M","?","M","?","M","R","M","?","T","E","?","M","R","?","R","BOSS","M","M","?","M","M"],"items_purchased_type":["Card","Card","Relic"],"build_version":"2020-12-22","purchased_purges":0,"victory":false,"max_hp_per_floor":[68,68,68,68,68,68,68,68,68,68,68,68,68,68,68,68,68,68,68,68,68,68,68],"card_choices":[{"not_picked":["MachineGunSpark","LuminesStrike"],"picked":"EventHorizon","floor":1},{"not_picked":["PowerUp","UnstableBomb"],"picked":"Singularity","floor":3},{"not_picked":["OortCloud","GrandCross"],"picked":"Robbery","floor":4},{"not_picked":["MysteriousBeam","UnstableBomb"],"picked":"SuperPerseids","floor":5},{"not_picked":["MilkyWay","FairyDestructionRay"],"picked":"ShootTheMoon","floor":7},{"not_picked":["WitchOfGreed","GravityBeat"],"picked":"MilkyWay","floor":10},{"not_picked":["GravityBeat","SporeBomb"],"picked":"WitchLeyline","floor":11},{"not_picked":["GalacticHalo","MilkyWay"],"picked":"AsteroidBelt","floor":12},{"not_picked":["SuperNova","TreasureHunter"],"picked":"JA","floor":16},{"not_picked":["DC","WitchLeyline+1","LuminesStrike"],"picked":"SKIP","floor":18},{"not_picked":["SuperPerseids","WitchOfGreed+1"],"picked":"MilkyWay+1","floor":19},{"not_picked":["SporeBomb","MagicAbsorber"],"picked":"AlicesGift+1","floor":21}],"player_experience":118747,"relics_obtained":[{"floor":10,"key":"Mercury Hourglass"}],"event_choices":[{"damage_healed":0,"gold_gain":0,"player_choice":"Upgraded","damage_taken":0,"max_hp_gain":0,"max_hp_loss":0,"event_name":"Upgrade Shrine","floor":2,"gold_loss":0,"cards_upgraded":["EventHorizon"]},{"damage_healed":0,"gold_gain":100,"player_choice":"Pray","damage_taken":0,"max_hp_gain":0,"max_hp_loss":0,"event_name":"Golden Shrine","floor":8,"gold_loss":0},{"damage_healed":0,"gold_gain":0,"player_choice":"Ignored","damage_taken":0,"max_hp_gain":0,"max_hp_loss":0,"event_name":"Ghosts","floor":20,"gold_loss":0}],"is_beta":false,"boss_relics":[{"not_picked":["Coffee Dripper","Velvet Choker"],"picked":"Empty Cage"}],"items_purged_floors":[],"is_endless":false,"potions_floor_spawned":[1,7,10,12,16,18],"killed_by":"Centurion and Healer","ascension_level":1}}