{"host":"9sqwgc7o3s0c6ttp","time":1609579319,"event":{"mods":["AchievementEnabler","Act Like it!","Arknights The Spire","Aspiration","BaseMod","CapriCore","Colored Map","Colored Powertips","Dota2Spire","Friendly Minions","Gensokyo","GungeonMod","HololiveMod","Infinite Spire","Minty Spire (QoL Compilation)","Pale of the Ancients","Replay The Spire","StSLib","Waifu the Spire","WarShipGirlsR/??á´Ò³R mod"],"gold_per_floor":[113,388,399,410,73,73,83,4,4,19,19,19,38,73,73,178,178,195,26,102,121,10,38,38,51,51,51,314,331,349,368,380,380,380,380],"floor_reached":34,"playtime":1573,"items_purged":["Regret"],"score":317,"play_id":"5527faf8-f0d5-424e-8ca9-32f179bda0c1","local_time":"20210102182159","is_ascension_mode":true,"campfire_choices":[{"data":"ats:Neurotoxin","floor":6.0,"key":"SMITH"},{"data":"ats:Healing Strengthening","floor":12.0,"key":"SMITH"},{"floor":24.0,"key":"REST"},{"data":"ats:Composite Medical Shells","floor":27.0,"key":"SMITH"},{"data":"ats:Composite Medical Shells","floor":33,"key":"SMITH"}],"circlet_count":0,"master_deck":["ats:Strike C","ats:Strike G","ats:Strike S","ats:Strike V","ats:Armor Crushing Shot+1","ats:Defend","ats:Defend","ats:Defend","ats:Defend","ats:Emotion Absorption","ats:Consecutive Shot Auto","ats:Neurotoxin+1","ats:Revitalization","ats:Healing Strengthening+1","ats:Healing Drone+1","ats:Overload","ats:Flexible Camouflage","ats:Calcification","ats:Counter Healing Mode","ats:Flexible Camouflage+1","ats:Calcification+1","ats:Curse Doll+1","Apotheosis+1","ats:Composite Medical Shells+1","Gensokyo:SummonFieryMouse","ats:Assault Order+1","ats:Healing Drone+1","ats:Revitalization+1","ats:Composite Medical Shells+1","ats:Encircling Forest+1","ats:Encircling Forest+1"],"relics":["ats:Sanity","Question Card","ats:Originium","Toxic Egg 2","Painkiller Herb","Dota2Spire:LinkenSphere","infinitespire:Lucky Rock","Gensokyo:Companionship"],"acts_visited":["Exordium","Gensokyo:Gensokyoer","Gensokyo:Gensokyoer"],"potions_floor_usage":[34,34],"damage_taken":[{"damage":1.0,"enemies":"Cultist","floor":1.0,"turns":3.0},{"damage":11.0,"enemies":"Small Slimes","floor":3.0,"turns":4.0},{"damage":15.0,"enemies":"2 Louse","floor":4.0,"turns":3.0},{"damage":25.0,"enemies":"Gremlin Gang","floor":7.0,"turns":5.0},{"damage":37.0,"enemies":"Exordium Wildlife","floor":10.0,"turns":7.0},{"damage":7.0,"enemies":"3 Louse","floor":13.0,"turns":3.0},{"damage":28.0,"enemies":"Lagavulin","floor":14.0,"turns":6.0},{"damage":28.0,"enemies":"Slime Boss","floor":16.0,"turns":10.0},{"damage":24.0,"enemies":"Gensokyo:Chomper","floor":18.0,"turns":5.0},{"damage":56.0,"enemies":"Gensokyo:3_Dogs","floor":21.0,"turns":7.0},{"damage":160.0,"enemies":"Gensokyo:Reisen","floor":23.0,"turns":12.0},{"damage":47.0,"enemies":"Gensokyo:Wraith","floor":25.0,"turns":5.0},{"damage":33.0,"enemies":"DemoMod:4_Bullet_Kins_with_one_veteran","floor":28.0,"turns":8.0},{"damage":24.0,"enemies":"DemoMod:2_Veteran_bullet_kins_and_red_shotgun_kin","floor":29.0,"turns":6.0},{"damage":63.0,"enemies":"DemoMod:2_Mousers","floor":30.0,"turns":10.0},{"damage":23.0,"enemies":"DemoMod:Red_and_blue_shotgun_kin_with_gunsinger","floor":31.0,"turns":4.0},{"damage":47,"enemies":"DemoMod:Veteran_shot_gun_kin_and_blue_shotgun_kin_with_gunsinger","floor":32,"turns":4},{"damage":76,"enemies":"DemoMod:ResourcefulRat","floor":34,"turns":8}],"seed_played":"-2832121595842401776","potions_obtained":[{"floor":3.0,"key":"DistilledChaos"},{"floor":13.0,"key":"Dota2Spire:HealingSalve"},{"floor":14.0,"key":"Dexterity Potion"},{"floor":21.0,"key":"Regen Potion"},{"floor":25.0,"key":"LiquidMemories"},{"floor":29.0,"key":"SkillPotion"},{"floor":31,"key":"Reflective Coating"}],"is_trial":false,"path_per_floor":["M","?","M","M","$","R","M","$","T","M","?","R","M","E","R_BF","B",null,"?","T","T","?","COS","E","T","?","T","T","?","?","?","?","?","T","B"],"character_chosen":"DOCTOR_CLASS","items_purchased":["ats:Healing Strengthening","ats:Healing Drone","DemoMod:GnawedKey","ats:Overload","Apotheosis+1"],"campfire_rested":1,"item_purchase_floors":[5,5,5,8,19],"current_hp_per_floor":[71,71,60,45,45,45,52,52,52,41,41,41,38,49,70,72,72,72,72,72,64,64,6,27,55,72,72,65,66,72,72,49,49,0,0],"gold":380,"neow_bonus":"UPGRADE_CARD","is_daily":false,"chose_seed":false,"campfire_upgraded":4,"win_rate":0.0,"timestamp":1609579319,"path_taken":["M","?","M","M","$","R","?","?","T","M","?","R","M","E","R_BF","BOSS","?","T","?","?","COS","E","T","?","T","T","?","?","?","?","?","T","BOSS"],"items_purchased_type":["Card","Card","Relic","Card","Card"],"build_version":"2020-12-22","purchased_purges":1,"victory":false,"max_hp_per_floor":[72,72,72,72,72,72,72,72,72,72,72,72,72,72,72,72,72,72,72,72,72,72,72,72,72,72,72,72,72,72,72,72,72,72,72],"card_choices":[{"not_picked":["ats:Support Order","ats:Shadow Raid"],"picked":"ats:Consecutive Shot Auto","floor":1.0},{"not_picked":["ats:Shell Defense","ats:Very Hot Blade"],"picked":"ats:Neurotoxin","floor":3.0},{"not_picked":["ats:Sword Rain","ats:Ignite"],"picked":"ats:Revitalization","floor":4.0},{"not_picked":["ats:Childhood Dance","ats:Shadow Raid","ats:Assault Order"],"picked":"SKIP","floor":7.0},{"not_picked":["ats:Soul Absorption","ats:Consecutive Shot Auto","ats:Dogmatic Field"],"picked":"ats:Flexible Camouflage","floor":10.0},{"not_picked":["ats:Closed Bolt Burst Fire","ats:Shell Defense","ats:Steam Pump"],"picked":"ats:Counter Healing Mode","floor":13.0},{"not_picked":["ats:Consecutive Shot Auto","ats:Leaping Hammer","ats:Blood Oath"],"picked":"ats:Flexible Camouflage+1","floor":14.0},{"not_picked":["ats:Durian+1","ats:Disruption Kick","ats:Nebulous Foxfire+1"],"picked":"ats:Calcification+1","floor":16.0},{"not_picked":["ats:Charging Defense+1","ats:Explosion Area Strengthen","ats:Mental Burst+1"],"picked":"ats:Curse Doll+1","floor":18.0},{"not_picked":["ats:Steam Pump+1","ats:Consecutive Shot Auto","ats:Leaping Hammer","ats:Childhood Dance+1"],"picked":"SKIP","floor":21.0},{"not_picked":["ats:Consecutive Shot Auto+1","ats:Neurotoxin","ats:Demon Strength"],"picked":"ats:Composite Medical Shells","floor":23.0},{"not_picked":["ats:Apocalypse+1","ats:Spore Proliferation+1","ats:Neurotoxin"],"picked":"ats:Assault Order+1","floor":25.0},{"not_picked":["ats:Powerful Strike+1","ats:Defend Order+1","ats:Revitalization+1"],"picked":"ats:Healing Drone+1","floor":28.0},{"not_picked":["ats:Powerful Strike","ats:Cat Scratch+1","ats:Blood Oath"],"picked":"ats:Revitalization+1","floor":29.0},{"not_picked":["ats:Encircling Forest+1","ats:Leaping Hammer","ats:Support Order+1"],"picked":"ats:Composite Medical Shells","floor":30.0},{"not_picked":["ats:Sword Rain","ats:Leaping Hammer+1","ats:Poison Spread+1"],"picked":"ats:Encircling Forest+1","floor":31},{"not_picked":["ats:Neurotoxin","ats:Shell Defense+1","ats:Powerful Strike"],"picked":"ats:Encircling Forest+1","floor":32}],"player_experience":349953,"relics_obtained":[{"floor":9.0,"key":"Question Card"},{"floor":14.0,"key":"ats:Originium"},{"floor":14.0,"key":"Toxic Egg 2"},{"floor":20.0,"key":"Dota2Spire:LinkenSphere"},{"floor":23.0,"key":"ats:Originium"},{"floor":23.0,"key":"infinitespire:Lucky Rock"}],"event_choices":[{"damage_healed":0.0,"max_hp_gain":0.0,"max_hp_loss":0.0,"gold_gain":275.0,"event_name":"Golden Shrine","player_choice":"Desecrate","floor":2.0,"gold_loss":0.0,"damage_taken":0.0,"cards_obtained":["Regret"]},{"damage_healed":0.0,"max_hp_gain":0.0,"max_hp_loss":0.0,"gold_gain":0.0,"event_name":"Match and Keep!","player_choice":"1 cards matched","floor":11.0,"gold_loss":0.0,"damage_taken":0.0,"cards_obtained":["ats:Calcification"]}],"is_beta":false,"boss_relics":[{"not_picked":["Kintsugi","Snecko Eye"],"picked":"Painkiller Herb"}],"items_purged_floors":[5],"is_endless":false,"potions_floor_spawned":[3,13,14,21,23,25,29,31],"killed_by":"DemoMod:ResourcefulRat","ascension_level":3}}