{"host":"5fasz840ryq7obdf","time":1609586206,"event":{"mods":["AchievementEnabler","BaseMod","Bestiary","Better Altar","Better Skull","Better Third Choice","BetterRewards","Block Reminder","Colored Powertips","Curses Come First","Highlight Path","Minty Spire (QoL Compilation)","Quick Restart","Relic Sorter","Relic Stats","Replay The Spire","Shop Mod","Spicy Shops","StSLib","SuperFastMode","ojb\u0027s Better Paths Mod","ojb\u0027s Info Mod"],"gold_per_floor":[112,126,126,70,88,120,45,57,57,22,22,49,49,63,63,63,63],"floor_reached":16,"playtime":713,"items_purged":[],"score":266,"play_id":"a3736f7a-9dd5-4912-af0b-e6d6a32bd329","local_time":"20210102111646","is_ascension_mode":true,"campfire_choices":[{"data":"TalkToTheHand","floor":15.0,"key":"SMITH"}],"circlet_count":0,"master_deck":["AscendersBane","Strike_P","Strike_P","Strike_P","Defend_P","Defend_P","Defend_P","Defend_P","Eruption+1","Vigilance","Weave","FollowUp+1","TalkToTheHand+1","Replay:Cycle","Consecrate","EmptyBody+1","Regret","Protect","JustLucky+1"],"relics":["PureWater","NeowsBlessing","Calipers","Pear","The Courier","Replay:Purple Gloves","Molten Egg 2","Sundial"],"acts_visited":["Exordium"],"potions_floor_usage":[16],"damage_taken":[{"damage":0.0,"enemies":"Small Slimes","floor":1.0,"turns":1.0},{"damage":0.0,"enemies":"Cultist","floor":2.0,"turns":1.0},{"damage":0.0,"enemies":"Lagavulin","floor":6.0,"turns":1.0},{"damage":0.0,"enemies":"2 Louse","floor":8.0,"turns":3.0},{"damage":19.0,"enemies":"3 Sentries","floor":12.0,"turns":8.0},{"damage":8.0,"enemies":"Looter","floor":14.0,"turns":4.0},{"damage":46,"enemies":"Fading Forest","floor":16,"turns":10}],"seed_played":"-5324554330677872188","potions_obtained":[{"floor":6.0,"key":"FearPotion"},{"floor":14.0,"key":"Swift Potion"}],"is_trial":false,"path_per_floor":["M","M","?","$","?","E","?","M","T","$","?","E","T","M","R","B"],"character_chosen":"WATCHER","items_purchased":["FollowUp+1","EmptyBody+1"],"campfire_rested":0,"item_purchase_floors":[4,10],"current_hp_per_floor":[61,61,61,61,39,49,49,49,49,49,49,30,30,22,22,0,0],"gold":63,"neow_bonus":"THREE_ENEMY_KILL","is_daily":false,"chose_seed":false,"campfire_upgraded":1,"win_rate":0.0,"timestamp":1609586206,"path_taken":["M","M","?","?","?","E","?","M","T","$","?","E","?","M","R","BOSS"],"items_purchased_type":["Card","Card"],"build_version":"2020-12-22","purchased_purges":0,"victory":false,"max_hp_per_floor":[68,68,68,68,68,78,78,78,78,78,78,78,78,78,78,78,78],"relic_stats":{"counters":[7,28],"Sundial":[2],"obtain_stats":[{"Calipers":5,"Pear":6,"NeowsBlessing":0,"Sundial":13,"Replay:Purple Gloves":11,"Molten Egg 2":12,"The Courier":9,"PureWater":0},{"Calipers":2,"Pear":3,"NeowsBlessing":0,"Sundial":5,"Replay:Purple Gloves":4,"Molten Egg 2":5,"The Courier":4,"PureWater":0},{"Calipers":2,"Pear":3,"NeowsBlessing":0,"Sundial":14,"Replay:Purple Gloves":6,"Molten Egg 2":14,"The Courier":6,"PureWater":0}]},"card_choices":[{"not_picked":["ClearTheMind","Halt","Nirvana"],"picked":"SKIP","floor":1.0},{"not_picked":["JustLucky","Evaluate"],"picked":"Weave","floor":2.0},{"not_picked":["JustLucky","Protect"],"picked":"TalkToTheHand","floor":5.0},{"not_picked":["Replay:BluntJabs","FollowUp"],"picked":"Replay:Cycle","floor":6.0},{"not_picked":["BowlingBash","Crescendo"],"picked":"Consecrate","floor":8.0},{"not_picked":["MasterReality","LikeWater"],"picked":"Protect","floor":12.0},{"not_picked":["Replay:Vibes","Replay:AtTheReady"],"picked":"JustLucky+1","floor":14.0}],"player_experience":1359824,"relics_obtained":[{"floor":5.0,"key":"Calipers"},{"floor":6.0,"key":"Pear"},{"floor":9.0,"key":"The Courier"},{"floor":12.0,"key":"Molten Egg 2"},{"floor":13.0,"key":"Sundial"}],"event_choices":[{"damage_healed":0.0,"max_hp_gain":0.0,"max_hp_loss":0.0,"gold_gain":0.0,"event_name":"Upgrade Shrine","player_choice":"Upgraded","floor":3.0,"gold_loss":0.0,"damage_taken":0.0,"cards_upgraded":["Eruption"]},{"cards_removed":["Strike_P"],"damage_healed":0.0,"max_hp_gain":0.0,"max_hp_loss":0.0,"gold_gain":0.0,"event_name":"The Cleric","player_choice":"Card Removal","floor":7.0,"gold_loss":75.0,"damage_taken":0.0},{"damage_healed":0.0,"max_hp_gain":0.0,"max_hp_loss":0.0,"gold_gain":0.0,"event_name":"Big Fish","player_choice":"Box","floor":11.0,"gold_loss":0.0,"damage_taken":0.0,"relics_obtained":["Replay:Purple Gloves"],"cards_obtained":["Regret"]}],"is_beta":false,"boss_relics":[],"items_purged_floors":[],"is_endless":false,"potions_floor_spawned":[6,14],"killed_by":"Fading Forest","ascension_level":20}}