{"host":"dcj2yvrgcvh5dl2s","time":1609574668,"event":{"mods":["BaseMod","Better Note","Block Reminder","Colored Powertips","DeckTracker","Minty Spire (QoL Compilation)","Quick Restart","Rare Cards Sparkle","Relic Stats","StSLib"],"gold_per_floor":[110,260,280,36,50,50,83,96,96,107,107,107,123,123,123,221,221,236,23,23,37,37,37,37,37],"floor_reached":24,"playtime":760,"items_purged":["Normality","Strike_R"],"score":372,"play_id":"ed58544b-747e-4677-80c1-f74572ae5612","local_time":"20210102180428","is_ascension_mode":true,"campfire_choices":[{"data":"Body Slam","floor":6,"key":"SMITH"},{"floor":15,"key":"REST"},{"floor":23,"key":"REST"}],"circlet_count":0,"master_deck":["AscendersBane","Strike_R","Strike_R","Strike_R","Defend_R","Defend_R","Defend_R","Defend_R","Bash","Mayhem+1","Sword Boomerang","Body Slam+1","Shrug It Off","Pommel Strike","Battle Trance","Berserk","Exhume","Offering","Seeing Red+1","Flex","Shrug It Off","Shrug It Off"],"relics":["Burning Blood","Akabeko","Unceasing Top","Bird Faced Urn","Golden Idol","Fusion Hammer"],"acts_visited":["Exordium","TheCity"],"potions_floor_usage":[7,13,16,24,24],"damage_taken":[{"damage":15,"enemies":"Small Slimes","floor":1,"turns":4},{"damage":17,"enemies":"2 Louse","floor":3,"turns":3},{"damage":0,"enemies":"Cultist","floor":5,"turns":2},{"damage":45,"enemies":"3 Sentries","floor":7,"turns":11},{"damage":4,"enemies":"3 Louse","floor":8,"turns":3},{"damage":13,"enemies":"Red Slaver","floor":10,"turns":3},{"damage":0,"enemies":"Gremlin Gang","floor":13,"turns":1},{"damage":31,"enemies":"The Guardian","floor":16,"turns":13},{"damage":21,"enemies":"Spheric Guardian","floor":18,"turns":5},{"damage":22,"enemies":"3 Byrds","floor":21,"turns":7},{"damage":53,"enemies":"Gremlin Leader","floor":24,"turns":7}],"seed_played":"6749860343246516027","potions_obtained":[{"floor":3,"key":"Block Potion"},{"floor":7,"key":"SneckoOil"},{"floor":10,"key":"AttackPotion"},{"floor":18,"key":"SteroidPotion"},{"floor":21,"key":"HeartOfIron"}],"is_trial":false,"path_per_floor":["M","?","M","$","M","R","E","M","T","M","?","?","M","?","R","B",null,"M","$","?","M","$","R","E"],"character_chosen":"IRONCLAD","items_purchased":["Akabeko","Flex","Shrug It Off"],"campfire_rested":2,"item_purchase_floors":[4,19,19],"current_hp_per_floor":[59,59,48,48,54,54,15,17,17,10,3,3,9,9,29,8,53,40,40,40,26,26,46,0,0],"gold":37,"neow_bonus":"RANDOM_COLORLESS_2","is_daily":false,"chose_seed":false,"campfire_upgraded":1,"win_rate":0.0,"timestamp":1609574668,"path_taken":["M","?","M","$","M","R","E","M","T","M","?","?","M","?","R","BOSS","M","?","?","?","$","R","E"],"items_purchased_type":["Relic","Card","Card"],"build_version":"2020-12-22","purchased_purges":2,"victory":false,"max_hp_per_floor":[75,75,75,75,75,75,75,75,75,75,75,68,68,68,68,68,68,68,68,68,68,68,68,68,68],"relic_stats":{"counters":[11,59],"Golden Idol":29,"Bird Faced Urn":[12],"obtain_stats":[{"Golden Idol":12,"Bird Faced Urn":9,"Fusion Hammer":17,"Burning Blood":0,"Akabeko":4,"Unceasing Top":7},{"Golden Idol":6,"Bird Faced Urn":5,"Fusion Hammer":8,"Burning Blood":0,"Akabeko":2,"Unceasing Top":4},{"Golden Idol":26,"Bird Faced Urn":23,"Fusion Hammer":40,"Burning Blood":0,"Akabeko":7,"Unceasing Top":20}],"Burning Blood":60,"Unceasing Top":[0]},"card_choices":[{"not_picked":["Magnetism","Secret Technique"],"picked":"Mayhem","floor":0},{"not_picked":["Perfected Strike","Havoc"],"picked":"Sword Boomerang","floor":1},{"not_picked":["Seeing Red","Wild Strike","Sever Soul"],"picked":"SKIP","floor":3},{"not_picked":["Reckless Charge","Clothesline"],"picked":"Body Slam","floor":5},{"not_picked":["Second Wind","Clash"],"picked":"Shrug It Off","floor":7},{"not_picked":["Havoc","Sentinel"],"picked":"Pommel Strike","floor":8},{"not_picked":["Inflame","Headbutt"],"picked":"Battle Trance","floor":10},{"not_picked":["Perfected Strike","Shockwave"],"picked":"Berserk","floor":13},{"not_picked":["Juggernaut","Fiend Fire"],"picked":"Offering","floor":16},{"not_picked":["Clothesline","Clash"],"picked":"Seeing Red+1","floor":18},{"not_picked":["Wild Strike+1","Dark Embrace"],"picked":"Shrug It Off","floor":21}],"player_experience":2145642,"relics_obtained":[{"floor":7,"key":"Unceasing Top"},{"floor":9,"key":"Bird Faced Urn"}],"event_choices":[{"damage_healed":0,"gold_gain":150,"player_choice":"AGREE","damage_taken":0,"max_hp_gain":0,"max_hp_loss":0,"event_name":"Liars Game","floor":2,"gold_loss":0,"cards_obtained":["Doubt"]},{"cards_removed":["Doubt"],"damage_healed":0,"gold_gain":0,"player_choice":"Card Removal","damage_taken":7,"max_hp_gain":0,"max_hp_loss":0,"event_name":"Golden Wing","floor":11,"gold_loss":0},{"damage_healed":0,"gold_gain":0,"player_choice":"Lose Max HP","damage_taken":0,"relics_obtained":["Golden Idol"],"max_hp_gain":0,"max_hp_loss":7,"event_name":"Golden Idol","floor":12,"gold_loss":0},{"damage_healed":0,"gold_gain":0,"cards_transformed":["Strike_R"],"player_choice":"Transformed","damage_taken":0,"max_hp_gain":0,"max_hp_loss":0,"event_name":"Transmorgrifier","floor":14,"gold_loss":0,"cards_obtained":["Exhume"]},{"damage_healed":0,"gold_gain":0,"player_choice":"Upgraded","damage_taken":0,"max_hp_gain":0,"max_hp_loss":0,"event_name":"Upgrade Shrine","floor":20,"gold_loss":0,"cards_upgraded":["Mayhem"]}],"is_beta":false,"boss_relics":[{"not_picked":["Runic Pyramid","SacredBark"],"picked":"Fusion Hammer"}],"items_purged_floors":[4,19],"is_endless":false,"potions_floor_spawned":[3,7,10,18,21],"killed_by":"Gremlin Leader","ascension_level":18}}