{"host":"ynimr9ugvc6f046i","time":1609554140,"event":{"mods":["2.2 Compatiblity","BaseMod","Colored Map","DeckTracker","Highlight Path","Keyboard Shortcuts","Minty Spire (QoL Compilation)","Permanent Neow","Quick Restart","StSLib","SuperFastMode"],"gold_per_floor":[16,32,32,56,80,80,98,98,98],"floor_reached":8,"playtime":158,"items_purged":[],"score":150,"play_id":"1618b038-4a15-4c4c-bb0a-c8ae84447e3f","local_time":"20210102112220","is_ascension_mode":true,"campfire_choices":[{"data":"Calculated Gamble","floor":6.0,"key":"SMITH"}],"circlet_count":0,"master_deck":["AscendersBane","Strike_G","Strike_G","Strike_G","Strike_G","Strike_G","Defend_G","Defend_G","Defend_G","Defend_G","Defend_G","Survivor","Neutralize","Die Die Die","Poisoned Stab","Calculated Gamble+1","Escape Plan","Backflip"],"relics":["Ring of the Snake","Golden Idol"],"acts_visited":["Exordium"],"potions_floor_usage":[8,8],"damage_taken":[{"damage":0.0,"enemies":"Jaw Worm","floor":1.0,"turns":5.0},{"damage":2.0,"enemies":"Cultist","floor":2.0,"turns":5.0},{"damage":4.0,"enemies":"Small Slimes","floor":4.0,"turns":3.0},{"damage":1.0,"enemies":"Looter","floor":5.0,"turns":4.0},{"damage":2.0,"enemies":"3 Louse","floor":7.0,"turns":2.0},{"damage":30,"enemies":"Gremlin Nob","floor":8,"turns":4}],"seed_played":"-7003205278358296465","potions_obtained":[{"floor":1.0,"key":"Swift Potion"},{"floor":5.0,"key":"BlessingOfTheForge"}],"is_trial":false,"path_per_floor":["M","M","?","M","M","R","M","E"],"character_chosen":"THE_SILENT","items_purchased":[],"campfire_rested":0,"item_purchase_floors":[],"current_hp_per_floor":[59,57,57,53,52,52,50,20,20],"gold":98,"neow_bonus":"THREE_RARE_CARDS","is_daily":false,"chose_seed":false,"campfire_upgraded":1,"win_rate":0.0,"timestamp":1609554140,"path_taken":["M","M","?","M","M","R","M","E"],"items_purchased_type":[],"build_version":"2020-12-22","purchased_purges":0,"victory":false,"max_hp_per_floor":[66,66,60,60,60,60,60,60,60],"card_choices":[{"not_picked":["Doppelganger","Tools of the Trade"],"picked":"Die Die Die","floor":0.0},{"not_picked":["Heel Hook","Endless Agony","Dagger Spray"],"picked":"SKIP","floor":1.0},{"not_picked":["Prepared","Expertise"],"picked":"Poisoned Stab","floor":2.0},{"not_picked":["Bane","Slice"],"picked":"Calculated Gamble","floor":4.0},{"not_picked":["Underhanded Strike","Outmaneuver"],"picked":"Escape Plan","floor":5.0},{"not_picked":["Prepared","Bane"],"picked":"Backflip","floor":7.0}],"player_experience":531918,"relics_obtained":[],"event_choices":[{"damage_healed":0.0,"max_hp_gain":0.0,"max_hp_loss":6.0,"gold_gain":0.0,"event_name":"Golden Idol","player_choice":"Lose Max HP","floor":3.0,"gold_loss":0.0,"damage_taken":0.0,"relics_obtained":["Golden Idol"]}],"is_beta":false,"boss_relics":[],"items_purged_floors":[],"is_endless":false,"potions_floor_spawned":[1,5],"killed_by":"Gremlin Nob","ascension_level":20}}