{"host":"50per11302020","time":1609580666,"event":{"mods":["AchievementEnabler","BaseMod","Colored Map","Minty Spire (QoL Compilation)","Relic Stats","StSLib"],"gold_per_floor":[126,138,169,191,223,235,279,291,303,265,297,309,347,379,391,504,516,540,512,539,566,578,578],"floor_reached":22,"playtime":1669,"items_purged":[],"score":245,"play_id":"22ccc917-bc25-4c47-bc32-bbf9e1a1fa41","local_time":"20210102014426","is_ascension_mode":true,"campfire_choices":[{"data":"Dagger Spray","floor":6,"key":"SMITH"},{"data":"Calculated Gamble","floor":8,"key":"SMITH"},{"data":"Corpse Explosion","floor":12,"key":"SMITH"},{"data":"Calculated Gamble","floor":15,"key":"SMITH"}],"circlet_count":0,"master_deck":["Strike_G","Strike_G","Strike_G","Defend_G","Defend_G","Defend_G","Defend_G","Defend_G","Survivor","Neutralize","Dodge and Roll","Deflect","Bane","Footwork","Dagger Spray+1","Calculated Gamble+1","Corpse Explosion+1","Calculated Gamble+1","Underhanded Strike","Bullet Time","Noxious Fumes","Blade Dance"],"relics":["Ring of the Snake","MawBank","Happy Flower","Bottled Flame","Odd Mushroom","StoneCalendar","Cursed Key"],"acts_visited":["Exordium","TheCity"],"potions_floor_usage":[7,7,16,16,20],"damage_taken":[{"damage":5,"enemies":"Jaw Worm","floor":1,"turns":7},{"damage":1,"enemies":"Small Slimes","floor":3,"turns":4},{"damage":3,"enemies":"2 Louse","floor":4,"turns":3},{"damage":7,"enemies":"Exordium Thugs","floor":5,"turns":9},{"damage":17,"enemies":"3 Sentries","floor":7,"turns":9},{"damage":6,"enemies":"The Mushroom Lair","floor":11,"turns":5},{"damage":1,"enemies":"Lagavulin","floor":13,"turns":7},{"damage":7,"enemies":"Gremlin Gang","floor":14,"turns":2},{"damage":11,"enemies":"Slime Boss","floor":16,"turns":7},{"damage":16,"enemies":"3 Byrds","floor":18,"turns":5},{"damage":2,"enemies":"Spheric Guardian","floor":20,"turns":5},{"damage":30,"enemies":"Snake Plant","floor":21,"turns":6},{"damage":11,"enemies":"Centurion and Healer","floor":22,"turns":2}],"seed_played":"4131565857030407165","potions_obtained":[{"floor":3,"key":"LiquidBronze"},{"floor":5,"key":"Regen Potion"},{"floor":11,"key":"Strength Potion"},{"floor":14,"key":"ColorlessPotion"},{"floor":16,"key":"SteroidPotion"},{"floor":18,"key":"GhostInAJar"},{"floor":19,"key":"LiquidMemories"},{"floor":19,"key":"Strength Potion"}],"is_trial":false,"path_per_floor":["M","?","M","M","M","R","E","R","T","?","?","R","E","M","R","B",null,"M","?","M","M","M"],"character_chosen":"THE_SILENT","items_purchased":[],"campfire_rested":0,"item_purchase_floors":[],"current_hp_per_floor":[65,65,64,61,54,54,52,52,52,52,46,46,45,38,38,27,59,43,43,41,11,0,0],"gold":578,"neow_bonus":"RANDOM_COMMON_RELIC","is_daily":false,"chose_seed":false,"campfire_upgraded":4,"win_rate":0.0,"timestamp":1609580666,"path_taken":["M","?","M","M","M","R","E","R","T","?","?","R","E","M","R","BOSS","M","?","M","M","M"],"items_purchased_type":[],"build_version":"2020-12-18","purchased_purges":0,"victory":false,"max_hp_per_floor":[70,70,70,70,70,70,70,70,70,70,70,70,70,70,70,70,70,70,70,70,70,70,70],"relic_stats":{"Happy Flower":[13],"counters":[13,71],"StoneCalendar":[66],"MawBank":264,"Cursed Key":0,"obtain_stats":[{"Bottled Flame":9,"Happy Flower":7,"StoneCalendar":13,"Odd Mushroom":11,"MawBank":0,"Cursed Key":17,"Ring of the Snake":0},{"Bottled Flame":5,"Happy Flower":5,"StoneCalendar":7,"Odd Mushroom":6,"MawBank":0,"Cursed Key":9,"Ring of the Snake":0},{"Bottled Flame":32,"Happy Flower":32,"StoneCalendar":44,"Odd Mushroom":37,"MawBank":0,"Cursed Key":53,"Ring of the Snake":0}],"Ring of the Snake":[26]},"card_choices":[{"not_picked":["Backflip","Deadly Poison"],"picked":"Dodge and Roll","floor":1},{"not_picked":["Quick Slash","Cloak And Dagger"],"picked":"Bane","floor":3},{"not_picked":["Predator","Heel Hook"],"picked":"Footwork","floor":4},{"not_picked":["Outmaneuver","Slice"],"picked":"Dagger Spray","floor":5},{"not_picked":["PiercingWail","Poisoned Stab"],"picked":"Calculated Gamble","floor":7},{"not_picked":["Distraction","Bane"],"picked":"Corpse Explosion","floor":11},{"not_picked":["PiercingWail","Acrobatics"],"picked":"Calculated Gamble","floor":13},{"not_picked":["Dagger Spray","Cloak And Dagger"],"picked":"Underhanded Strike","floor":14},{"not_picked":["Envenom","Unload"],"picked":"Bullet Time","floor":16},{"not_picked":["Deadly Poison+1","Cloak And Dagger+1"],"picked":"Noxious Fumes","floor":18},{"not_picked":["Bouncing Flask","Dash"],"picked":"Blade Dance","floor":20},{"not_picked":["Calculated Gamble","Flying Knee","Dagger Throw"],"picked":"SKIP","floor":21}],"player_experience":51319,"relics_obtained":[{"floor":7,"key":"Happy Flower"},{"floor":9,"key":"Bottled Flame"},{"floor":11,"key":"Odd Mushroom"},{"floor":13,"key":"StoneCalendar"}],"event_choices":[{"damage_healed":0,"gold_gain":0,"cards_transformed":["Strike_G"],"player_choice":"Change","damage_taken":0,"max_hp_gain":0,"max_hp_loss":0,"event_name":"Living Wall","floor":2,"gold_loss":0,"cards_obtained":["Deflect"]},{"cards_removed":["Strike_G"],"damage_healed":0,"gold_gain":0,"player_choice":"Card Removal","damage_taken":0,"max_hp_gain":0,"max_hp_loss":0,"event_name":"The Cleric","floor":10,"gold_loss":50},{"damage_healed":0,"gold_gain":0,"player_choice":"Fought Mushrooms","damage_taken":0,"max_hp_gain":0,"max_hp_loss":0,"event_name":"Mushrooms","floor":11,"gold_loss":0},{"damage_healed":0,"gold_gain":0,"player_choice":"Bought 3 Potions","damage_taken":0,"max_hp_gain":0,"max_hp_loss":0,"event_name":"The Woman in Blue","floor":19,"gold_loss":0}],"is_beta":true,"boss_relics":[{"not_picked":["Fusion Hammer","Philosopher\u0027s Stone"],"picked":"Cursed Key"}],"items_purged_floors":[],"is_endless":false,"potions_floor_spawned":[3,5,11,14,16,18],"killed_by":"Centurion and Healer","ascension_level":5}}