{"host":"rt0td7aa3g170xdl","time":1609586429,"event":{"mods":["2.2 Compatiblity","AchievementEnabler","BaseMod","Colored Map","DeckTracker","Keyboard Shortcuts","Minty Spire (QoL Compilation)","Permanent Neow","Quick Restart","SuperFastMode","everything is the same but u backflip on backflip"],"gold_per_floor":[118,118,118,118,118,118,153,153,207,251,251,251,275,296,296,425,425,450,474,499,512,533,533,533],"floor_reached":23,"playtime":907,"items_purged":[],"score":251,"play_id":"ebe885ff-ce42-4e67-8fd3-37fd54674b93","local_time":"20210102202029","is_ascension_mode":true,"campfire_choices":[{"data":"Neutralize","floor":6.0,"key":"SMITH"},{"floor":8.0,"key":"REST"},{"data":"Adrenaline","floor":11.0,"key":"SMITH"},{"floor":15.0,"key":"REST"}],"circlet_count":0,"master_deck":["Strike_G","Strike_G","Strike_G","Strike_G","Defend_G","Defend_G","Defend_G","Defend_G","Defend_G","Survivor","Neutralize+1","Adrenaline+1","Blade Dance","Blade Dance","Crippling Poison","Doppelganger","Envenom","Backflip","Choke","Venomology"],"relics":["Ring of the Snake","Vajra","Golden Idol","Ancient Tea Set","InkBottle","Potion Belt","Toy Ornithopter","WristBlade"],"acts_visited":["Exordium","TheCity"],"potions_floor_usage":[23,23],"damage_taken":[{"damage":3.0,"enemies":"2 Louse","floor":1.0,"turns":3.0},{"damage":26.0,"enemies":"Lagavulin","floor":7.0,"turns":8.0},{"damage":15.0,"enemies":"Gremlin Nob","floor":10.0,"turns":3.0},{"damage":0.0,"enemies":"Small Slimes","floor":13.0,"turns":2.0},{"damage":0.0,"enemies":"Cultist","floor":14.0,"turns":2.0},{"damage":26.0,"enemies":"Hexaghost","floor":16.0,"turns":10.0},{"damage":4.0,"enemies":"3 Byrds","floor":18.0,"turns":4.0},{"damage":6.0,"enemies":"2 Thieves","floor":19.0,"turns":3.0},{"damage":16,"enemies":"Cultist and Chosen","floor":20,"turns":6},{"damage":7,"enemies":"Centurion and Healer","floor":21,"turns":4},{"damage":7,"enemies":"3 Cultists","floor":22,"turns":5},{"damage":36,"enemies":"Slavers","floor":23,"turns":3}],"seed_played":"-1406010959033450758","potions_obtained":[{"floor":1.0,"key":"SkillPotion"},{"floor":7.0,"key":"FearPotion"},{"floor":14.0,"key":"GamblersBrew"},{"floor":22,"key":"Strength Potion"}],"is_trial":false,"path_per_floor":["M","?","?","?","T","R","E","R","T","E","R","?","M","M","R","B",null,"M","M","M","M","M","E"],"character_chosen":"THE_SILENT","items_purchased":[],"campfire_rested":2,"item_purchase_floors":[],"current_hp_per_floor":[67,55,60,42,42,42,16,38,38,23,23,23,23,23,45,24,62,58,52,36,29,22,0,0],"gold":533,"neow_bonus":"ONE_RANDOM_RARE_CARD","is_daily":false,"chose_seed":false,"campfire_upgraded":2,"win_rate":0.0,"timestamp":1609586429,"path_taken":["M","?","?","?","?","R","E","R","T","E","R","?","M","M","R","BOSS","M","?","M","M","M","E"],"items_purchased_type":[],"build_version":"2020-12-22","purchased_purges":0,"victory":false,"max_hp_per_floor":[70,70,75,75,75,75,75,75,75,75,75,75,75,75,75,75,75,75,75,75,75,75,75,75],"card_choices":[{"not_picked":["Choke","Outmaneuver"],"picked":"Blade Dance","floor":1.0},{"not_picked":["Deflect","Noxious Fumes"],"picked":"Blade Dance","floor":7.0},{"not_picked":["Cloak And Dagger","Setup"],"picked":"Crippling Poison","floor":10.0},{"not_picked":["Poisoned Stab","Tactician","Deadly Poison"],"picked":"SKIP","floor":13.0},{"not_picked":["Prepared","Crippling Poison"],"picked":"Doppelganger","floor":14.0},{"not_picked":["Doppelganger","Night Terror"],"picked":"Envenom","floor":16.0},{"not_picked":["Bane","Masterful Stab"],"picked":"Backflip","floor":18.0},{"not_picked":["Poisoned Stab","Deadly Poison","Sucker Punch+1"],"picked":"SKIP","floor":19.0},{"not_picked":["Setup+1","Underhanded Strike","Dodge and Roll"],"picked":"SKIP","floor":20},{"not_picked":["Quick Slash","Masterful Stab"],"picked":"Choke","floor":21},{"not_picked":["Dagger Throw","Deflect"],"picked":"Venomology","floor":22}],"player_experience":303410,"relics_obtained":[{"floor":5.0,"key":"Ancient Tea Set"},{"floor":7.0,"key":"InkBottle"},{"floor":9.0,"key":"Potion Belt"},{"floor":10.0,"key":"Toy Ornithopter"}],"event_choices":[{"damage_healed":0.0,"max_hp_gain":0.0,"max_hp_loss":0.0,"gold_gain":0.0,"event_name":"Scrap Ooze","player_choice":"Success","floor":2.0,"gold_loss":0.0,"damage_taken":12.0,"relics_obtained":["Vajra"]},{"damage_healed":0.0,"max_hp_gain":5.0,"max_hp_loss":0.0,"gold_gain":0.0,"event_name":"Big Fish","player_choice":"Donut","floor":3.0,"gold_loss":0.0,"damage_taken":0.0},{"damage_healed":0.0,"max_hp_gain":0.0,"max_hp_loss":0.0,"gold_gain":0.0,"event_name":"Golden Idol","player_choice":"Take Damage","floor":4.0,"gold_loss":0.0,"damage_taken":18.0,"relics_obtained":["Golden Idol"]},{"cards_removed":["Strike_G"],"damage_healed":0.0,"max_hp_gain":0.0,"max_hp_loss":0.0,"gold_gain":0.0,"event_name":"Bonfire Elementals","player_choice":"Offered Basic","floor":12.0,"gold_loss":0.0,"damage_taken":0.0}],"is_beta":false,"boss_relics":[{"not_picked":["Busted Crown","Tiny House"],"picked":"WristBlade"}],"items_purged_floors":[],"is_endless":false,"potions_floor_spawned":[1,7,14,22],"killed_by":"Slavers","ascension_level":5}}