{"host":"yecadp3kwkksam5a","time":1609590615,"event":{"mods":["Arknights The Spire","BaseMod","Minty Spire (QoL Compilation)","StSLib","The Hierophant"],"gold_per_floor":[112,37,37,67,95,136,136,186,198,210,266,309,343,355,367,472,484,528,549,443,457,382,422,422,422,445,445,445,483,264,302,302,402,402,436,461,461,328,384,428,447,447,473,126,161,191,235,235,235,235,235,235,15,59,59],"floor_reached":56,"playtime":1674,"items_purged":["Pain","Finisher","Dodge and Roll","Finisher","Storm of Steel"],"score":3188,"play_id":"e346c23f-63bd-461a-8f12-1c4565654b41","local_time":"20210102213015","is_ascension_mode":true,"campfire_choices":[{"data":"Phantasmal Killer","floor":7.0,"key":"SMITH"},{"data":"Accuracy","floor":10.0,"key":"SMITH"},{"data":"Envenom","floor":15.0,"key":"SMITH"},{"data":"Blade Dance","floor":24.0,"key":"SMITH"},{"data":"Blade Dance","floor":27.0,"key":"SMITH"},{"floor":32.0,"key":"RECALL"},{"data":"After Image","floor":42,"key":"SMITH"},{"data":"After Image","floor":49,"key":"SMITH"},{"data":"Thinking Ahead","floor":52,"key":"SMITH"}],"circlet_count":0,"master_deck":["AscendersBane","Blade Dance","Dodge and Roll+1","Cloak And Dagger+1","Cloak And Dagger+1","Blade Dance+1","Blade Dance+1","PiercingWail+1","Accuracy+1","Phantasmal Killer+1","Wraith Form v2+1","Accuracy+1","Wraith Form v2+1","Accuracy+1","Blade Dance+1","Cloak And Dagger+1","Blade Dance+1","Prepared+1","Escape Plan","Blade Dance","Backflip","Accuracy+1","Envenom+1","Blade Dance+1","Backflip","Thinking Ahead+1","After Image+1","Backflip+1","After Image+1","Blade Dance+1","Secret Technique+1","Backflip","Acrobatics"],"relics":["Ring of the Snake","Golden Idol","Nunchaku","CeramicFish","Toy Ornithopter","Mercury Hourglass","Lantern","Pandora\u0027s Box","Oddly Smooth Stone","Bottled Lightning","OrangePellets","Art of War","Orichalcum","Juzu Bracelet","PreservedInsect","Dream Catcher","Pen Nib","Kunai","WristBlade","Membership Card","Red Mask","Meat on the Bone","Question Card","War Paint","Mummified Hand","Thread and Needle","Question Card","MawBank","Ornamental Fan","Odd Mushroom","StrikeDummy","WristBlade","WarpedTongs","Anchor","Boot","Bronze Scales","Sundial","ClockworkSouvenir","Potion Belt","Coffee Dripper","DollysMirror","Ice Cream","Eternal Feather","Snake Skull","Lantern","War Paint","Strawberry","InkBottle","Happy Flower"],"acts_visited":["Exordium","TheCity","TheBeyond","TheEnding"],"potions_floor_usage":[],"damage_taken":[{"damage":0.0,"enemies":"Small Slimes","floor":1.0,"turns":1.0},{"damage":0.0,"enemies":"Jaw Worm","floor":4.0,"turns":1.0},{"damage":0.0,"enemies":"2 Louse","floor":5.0,"turns":1.0},{"damage":0.0,"enemies":"3 Sentries","floor":6.0,"turns":2.0},{"damage":0.0,"enemies":"Gremlin Nob","floor":8.0,"turns":1.0},{"damage":0.0,"enemies":"The Mushroom Lair","floor":11.0,"turns":1.0},{"damage":0.0,"enemies":"3 Sentries","floor":12.0,"turns":1.0},{"damage":0.0,"enemies":"Looter","floor":13.0,"turns":1.0},{"damage":0.0,"enemies":"The Guardian","floor":16.0,"turns":2.0},{"damage":0.0,"enemies":"3 Byrds","floor":18.0,"turns":1.0},{"damage":0.0,"enemies":"2 Thieves","floor":21.0,"turns":1.0},{"damage":0.0,"enemies":"Gremlin Leader","floor":23.0,"turns":1.0},{"damage":0.0,"enemies":"Book of Stabbing","floor":29.0,"turns":1.0},{"damage":0.0,"enemies":"Gremlin Leader","floor":31.0,"turns":2.0},{"damage":0.0,"enemies":"Collector","floor":33.0,"turns":1.0},{"damage":0.0,"enemies":"3 Darklings","floor":35.0,"turns":1.0},{"damage":0.0,"enemies":"3 Shapes","floor":36.0,"turns":1.0},{"damage":0,"enemies":"2 Orb Walkers","floor":39,"turns":2},{"damage":0,"enemies":"Nemesis","floor":40,"turns":3},{"damage":0,"enemies":"Maw","floor":41,"turns":3},{"damage":0,"enemies":"Giant Head","floor":45,"turns":1},{"damage":0,"enemies":"Transient","floor":46,"turns":4},{"damage":0,"enemies":"Nemesis","floor":47,"turns":1},{"damage":0,"enemies":"Donu and Deca","floor":50,"turns":3},{"damage":0,"enemies":"Shield and Spear","floor":54,"turns":2},{"damage":0,"enemies":"The Heart","floor":55,"turns":3}],"seed_played":"-319109170468836702","potions_obtained":[{"floor":4.0,"key":"BlessingOfTheForge"},{"floor":8.0,"key":"DistilledChaos"},{"floor":31.0,"key":"BlessingOfTheForge"},{"floor":36.0,"key":"SteroidPotion"},{"floor":39,"key":"GhostInAJar"}],"is_trial":false,"path_per_floor":["M","?","?","M","M","E","R","E","T","R","?","E","M","?","R","B",null,"M","?","$","M","?","E","R","?","T","R","?","E","$","E","R","B",null,"M","M","?","$","?","E","M","R","T","$","E","M","E","?","R","B",null,"R","$","E","B",null],"character_chosen":"THE_SILENT","items_purchased":["Anchor","ClockworkSouvenir","Thinking Ahead","DollysMirror","Snake Skull","Lantern","Blade Dance","Secret Technique","InkBottle"],"campfire_rested":0,"item_purchase_floors":[20,30,30,38,44,44,44,44,53],"current_hp_per_floor":[77,77,77,77,77,77,77,77,77,77,77,77,77,54,54,54,71,71,71,71,71,71,71,71,67,67,67,67,67,67,67,67,67,75,75,75,75,75,75,75,75,77,77,77,77,77,84,84,84,84,84,84,84,84,84],"gold":59,"neow_bonus":"TRANSFORM_CARD","is_daily":false,"chose_seed":false,"campfire_upgraded":8,"win_rate":0.0,"timestamp":1609590615,"path_taken":["M","?","?","M","M","E","R","E","T","R","?","E","M","?","R","BOSS","M","?","$","M","?","E","R","?","T","R","?","E","$","E","R","BOSS","M","M","?","$","?","E","M","R","T","$","E","M","E","?","R","BOSS","R","$","E","BOSS"],"items_purchased_type":["Relic","Relic","Card","Relic","Relic","Relic","Card","Card","Relic"],"build_version":"2020-12-22","purchased_purges":5,"victory":true,"max_hp_per_floor":[77,77,77,77,77,77,77,77,77,77,77,77,77,77,77,77,77,77,77,77,77,77,77,77,77,77,77,77,77,77,77,77,77,77,77,77,77,77,77,77,77,77,77,77,77,77,84,84,84,84,84,84,84,84,84],"card_choices":[{"not_picked":["Slice","Concentrate","Outmaneuver","Dagger Throw"],"picked":"SKIP","floor":1.0},{"not_picked":["Leg Sweep","Footwork","Masterful Stab"],"picked":"Blade Dance","floor":4.0},{"not_picked":["Slice","Outmaneuver","Predator"],"picked":"Backflip","floor":5.0},{"not_picked":["Slice","Flying Knee","Riddle With Holes","Calculated Gamble"],"picked":"SKIP","floor":6.0},{"not_picked":["Finisher","Sucker Punch","Deadly Poison","Infinite Blades"],"picked":"Accuracy","floor":8.0},{"not_picked":["Dagger Throw","Choke","Reflex","Prepared"],"picked":"Envenom","floor":11.0},{"not_picked":["Footwork","Quick Slash","Dodge and Roll","Cloak And Dagger","Dagger Throw"],"picked":"SKIP","floor":12.0},{"not_picked":["Tactician","All Out Attack","Dagger Throw","Outmaneuver"],"picked":"Blade Dance","floor":13.0},{"not_picked":["Bane","Dodge and Roll","Reflex","Deflect"],"picked":"Backflip","floor":18.0},{"not_picked":["Underhanded Strike+1","Infinite Blades","Poisoned Stab","Outmaneuver","Prepared"],"picked":"SKIP","floor":21.0},{"not_picked":["Venomology","Skewer","Endless Agony","Underhanded Strike","Outmaneuver"],"picked":"SKIP","floor":23.0},{"not_picked":["Tactician","Blur","Dodge and Roll","Noxious Fumes+1","Caltrops"],"picked":"SKIP","floor":29.0},{"not_picked":["Well Laid Plans","Heel Hook","Dash+1","Terror","Backstab+1"],"picked":"SKIP","floor":31.0},{"not_picked":["Doppelganger","Unload","Storm of Steel","Glass Knife"],"picked":"After Image","floor":33.0},{"not_picked":["PiercingWail+1","Quick Slash","Tactician","Bane"],"picked":"Backflip+1","floor":35.0},{"not_picked":["Die Die Die","Flying Knee+1","Dagger Throw","Underhanded Strike","Footwork"],"picked":"SKIP","floor":36.0},{"not_picked":["Dodge and Roll","Deflect+1","Bane","Bouncing Flask","Deadly Poison"],"picked":"SKIP","floor":40},{"not_picked":["Corpse Explosion","Backstab","Quick Slash","Deflect+1","Prepared+1"],"picked":"SKIP","floor":41},{"not_picked":["Flying Knee+1","Predator","Reflex","Well Laid Plans","Choke"],"picked":"SKIP","floor":45},{"not_picked":["Dagger Throw","Sucker Punch","Flying Knee","Bouncing Flask"],"picked":"Backflip","floor":46},{"not_picked":["All Out Attack+1","Phantasmal Killer","Caltrops","PiercingWail","Tools of the Trade"],"picked":"SKIP","floor":47},{"not_picked":["Backstab","Masterful Stab+1","Blur","Outmaneuver"],"picked":"Acrobatics","floor":54}],"player_experience":323547,"relics_obtained":[{"floor":6.0,"key":"Question Card"},{"floor":8.0,"key":"MawBank"},{"floor":9.0,"key":"Ornamental Fan"},{"floor":11.0,"key":"Odd Mushroom"},{"floor":12.0,"key":"StrikeDummy"},{"floor":23.0,"key":"Boot"},{"floor":26.0,"key":"Bronze Scales"},{"floor":29.0,"key":"Sundial"},{"floor":31.0,"key":"Potion Belt"},{"floor":39,"key":"Ice Cream"},{"floor":40,"key":"Eternal Feather"},{"floor":45,"key":"War Paint"},{"floor":47,"key":"Strawberry"},{"floor":54,"key":"Happy Flower"}],"event_choices":[{"cards_removed":["Survivor"],"damage_healed":0.0,"max_hp_gain":0.0,"max_hp_loss":0.0,"gold_gain":0.0,"event_name":"The Cleric","player_choice":"Card Removal","floor":2.0,"gold_loss":75.0,"damage_taken":0.0},{"cards_removed":["Neutralize"],"damage_healed":0.0,"max_hp_gain":0.0,"max_hp_loss":0.0,"gold_gain":0.0,"event_name":"Living Wall","player_choice":"Forget","floor":3.0,"gold_loss":0.0,"damage_taken":0.0},{"damage_healed":0.0,"max_hp_gain":0.0,"max_hp_loss":0.0,"gold_gain":0.0,"event_name":"Mushrooms","player_choice":"Fought Mushrooms","floor":11.0,"gold_loss":0.0,"damage_taken":0.0},{"damage_healed":0.0,"max_hp_gain":0.0,"max_hp_loss":0.0,"gold_gain":0.0,"event_name":"Shining Light","player_choice":"Entered Light","floor":14.0,"gold_loss":0.0,"damage_taken":23.0,"cards_upgraded":["Dodge and Roll","PiercingWail"]},{"damage_healed":0.0,"max_hp_gain":0.0,"max_hp_loss":0.0,"gold_gain":0.0,"event_name":"Accursed Blacksmith","player_choice":"Rummage","floor":19.0,"gold_loss":0.0,"damage_taken":0.0,"relics_obtained":["WarpedTongs"],"cards_obtained":["Pain"]},{"cards_removed":["Well Laid Plans"],"damage_healed":0.0,"max_hp_gain":0.0,"max_hp_loss":0.0,"gold_gain":0.0,"event_name":"Beggar","player_choice":"Gave Gold","floor":22.0,"gold_loss":75.0,"damage_taken":0.0},{"damage_healed":0.0,"max_hp_gain":0.0,"max_hp_loss":0.0,"gold_gain":0.0,"event_name":"The Woman in Blue","player_choice":"Bought 0 Potions","floor":25.0,"gold_loss":0.0,"damage_taken":0.0},{"damage_healed":0.0,"max_hp_gain":0.0,"max_hp_loss":0.0,"gold_gain":0.0,"event_name":"The Mausoleum","player_choice":"Ignored","floor":28.0,"gold_loss":0.0,"damage_taken":0.0},{"damage_healed":0.0,"max_hp_gain":0.0,"max_hp_loss":0.0,"gold_gain":0.0,"event_name":"Match and Keep!","player_choice":"0 cards matched","floor":37.0,"gold_loss":0.0,"damage_taken":0.0,"cards_obtained":[]},{"damage_healed":0,"gold_gain":0,"player_choice":"Fight","damage_taken":0,"max_hp_gain":0,"max_hp_loss":0,"event_name":"Mysterious Sphere","floor":39,"gold_loss":0},{"cards_removed":["Footwork"],"damage_healed":0,"gold_gain":0,"player_choice":"Purged","damage_taken":0,"max_hp_gain":0,"max_hp_loss":0,"event_name":"Purifier","floor":48,"gold_loss":0}],"is_beta":false,"boss_relics":[{"not_picked":["Busted Crown","Calling Bell"],"picked":"WristBlade"},{"not_picked":["Ring of the Serpent","Velvet Choker"],"picked":"Coffee Dripper"}],"items_purged_floors":[20,30,38,44,53],"is_endless":false,"potions_floor_spawned":[4,8,11,12,16,21,31,36,39,40,54],"ascension_level":17}}