{"host":"xwqwvmlzre68xjvm","time":1609569882,"event":{"mods":["BaseMod","Colored Map","Colored Powertips","Hermit","Minty Spire (QoL Compilation)","Replay The Spire","StSLib","SuperFastMode","Td1madao Mod","The Bug Knight","The Cursed","The Hierophant","The Runesmith"],"gold_per_floor":[109,284,370,270,270,270,302,302,302,335,144,144,180,196,196,320,320,345,191,144,163,187,223,223,241,241,282,307,346,616,636,636,760,760,783,293,356,356,370,406,406,449,531,44,57,78,78,97,97,97],"floor_reached":51,"playtime":3600,"items_purged":["Strike_R","Doubt","Strike_R","Defend_R","Defend_R"],"score":931,"play_id":"41b0fba0-5435-4b6d-b16c-4ffa6fe0032a","local_time":"20210102154442","is_ascension_mode":false,"campfire_choices":[{"data":"Body Slam","floor":6,"key":"SMITH"},{"data":"Entrench","floor":15,"key":"SMITH"},{"data":"ReplayReversal","floor":24,"key":"SMITH"},{"data":"True Grit","floor":32,"key":"SMITH"},{"floor":41,"key":"REST"},{"data":"Feel No Pain","floor":49,"key":"SMITH"}],"circlet_count":0,"master_deck":["Defend_R","Shrug It Off","Body Slam+1","True Grit+1","Shrug It Off","Survivor","Neutralize","Burning Pact","Entrench+1","Finesse","Swift Strike","ReplayReversal+1","Offering","Warcry","True Grit+1","Dark Embrace+1","Double Tap","Juggernaut","Ghostly Armor","Body Slam+1","Flex+1","Reckless Charge+1","Uppercut+1","ReplayTheSpireMod:Strike From Hell","Defy Death","Defy Death","Metallicize+1","Warcry","Feel No Pain+1","Defy Death+1"],"relics":["Burning Blood","Blood Vial","Incense Burner","Golden Idol","Anchor","Ice Cream","Blue Doll","SlaversCollar","Centennial Puzzle","Bottled Tornado","Counterbalance","HollowMod:PaleOreRelic","Astrolabe","Runesmith:AutoHammer","Replay:Rubber Ducky","Champion Belt","Mercury Hourglass","TungstenRod","Paper Frog","HollowMod:LifeEnderRelic","Replay:WaspNest"],"acts_visited":["Exordium","TheCity","TheBeyond"],"potions_floor_usage":[7,16,33,40,50,50,50],"damage_taken":[{"damage":5,"enemies":"Small Slimes","floor":1,"turns":4},{"damage":15,"enemies":"Lagavulin","floor":7,"turns":10},{"damage":5,"enemies":"3 Sentries","floor":10,"turns":16},{"damage":10,"enemies":"Lagavulin","floor":13,"turns":9},{"damage":0,"enemies":"2 Louse","floor":14,"turns":2},{"damage":10,"enemies":"The Guardian","floor":16,"turns":16},{"damage":6,"enemies":"2 Thieves","floor":18,"turns":3},{"damage":1,"enemies":"Shell Parasite","floor":21,"turns":6},{"damage":20,"enemies":"Snake Plant","floor":22,"turns":7},{"damage":3,"enemies":"Book of Stabbing","floor":23,"turns":6},{"damage":1,"enemies":"Centurion and Healer","floor":25,"turns":3},{"damage":7,"enemies":"Slavers","floor":27,"turns":5},{"damage":6,"enemies":"Cultist and Chosen","floor":28,"turns":5},{"damage":6,"enemies":"Gremlin Leader","floor":29,"turns":6},{"damage":6,"enemies":"Shelled Parasite and Fungi","floor":31,"turns":4},{"damage":6,"enemies":"Automaton","floor":33,"turns":5},{"damage":6,"enemies":"Orb Walker","floor":35,"turns":2},{"damage":40,"enemies":"Mind Bloom Boss Battle","floor":37,"turns":5},{"damage":6,"enemies":"3 Darklings","floor":39,"turns":5},{"damage":44,"enemies":"Giant Head","floor":40,"turns":10},{"damage":35,"enemies":"Reptomancer","floor":42,"turns":5},{"damage":5,"enemies":"Sphere and 2 Shapes","floor":45,"turns":5},{"damage":1,"enemies":"Jaw Worm Horde","floor":46,"turns":4},{"damage":5,"enemies":"Maw","floor":48,"turns":6},{"damage":5,"enemies":"Awakened One","floor":50,"turns":9}],"seed_played":"-4350982636602822760","potions_obtained":[{"floor":1,"key":"BlessingOfTheForge"},{"floor":10,"key":"BloodPotion"},{"floor":13,"key":"AttackPotion"},{"floor":16,"key":"CultistPotion"},{"floor":21,"key":"Dexterity Potion"},{"floor":28,"key":"SkillPotion"},{"floor":33,"key":"Explosive Potion"},{"floor":45,"key":"Block Potion"},{"floor":48,"key":"Ancient Potion"}],"is_trial":false,"path_per_floor":["M","?","?","$","?","R","E","?","T","E","$","?","E","M","R","B",null,"M","$","$","M","M","E","R","M","T","E","M","E","?","M","R","B",null,"M","$","?","?","M","E","R","E","T","$","M","M","?","M","R_BF","B",null],"character_chosen":"IRONCLAD","items_purchased":["Shrug It Off","Finesse","True Grit+1","Dark Embrace+1","Defy Death","Runesmith:AutoHammer","Replay:Rubber Ducky","Feel No Pain","Replay:WaspNest"],"campfire_rested":1,"item_purchase_floors":[4,11,19,20,36,36,36,44,44],"current_hp_per_floor":[80,80,60,60,60,60,53,33,33,36,36,36,34,42,42,40,80,80,80,80,80,66,71,71,78,78,79,80,80,53,55,55,57,80,80,80,46,46,48,12,36,9,9,9,12,19,70,70,70,70],"gold":97,"neow_bonus":"RANDOM_EVENT","is_daily":false,"chose_seed":false,"campfire_upgraded":5,"win_rate":0.0,"timestamp":1609569882,"path_taken":["M","?","?","$","?","R","E","?","T","E","?","?","E","M","R","BOSS","M","?","$","?","M","E","R","M","T","E","M","E","?","M","R","BOSS","M","?","?","?","?","E","R","E","T","$","M","M","?","M","R_BF","BOSS"],"items_purchased_type":["Card","Card","Card","Card","Card","Relic","Relic","Card","Relic"],"build_version":"2020-12-22","purchased_purges":5,"victory":true,"max_hp_per_floor":[80,80,80,80,80,80,80,80,80,80,80,80,80,80,80,80,80,80,80,80,80,80,80,80,80,80,80,80,80,80,80,80,80,80,80,80,80,80,80,80,80,80,80,80,80,80,70,70,70,70],"card_choices":[{"not_picked":["Perfected Strike","Anger"],"picked":"Shrug It Off","floor":1},{"not_picked":["Armaments","Warcry"],"picked":"Body Slam","floor":3},{"not_picked":["Rampage","Flex"],"picked":"True Grit","floor":3},{"not_picked":["Sword Boomerang","Cleave"],"picked":"Burning Pact","floor":7},{"not_picked":["Heavy Blade","Sever Soul"],"picked":"Entrench","floor":10},{"not_picked":["Disarm","Sever Soul"],"picked":"ReplayReversal","floor":13},{"not_picked":["Thunderclap","Replay:Undeath\u0027s Touch","ReplayTheSpireMod:LeadingStrike"],"picked":"SKIP","floor":14},{"not_picked":["Reaper","Replay:Many Hands"],"picked":"Offering","floor":16},{"not_picked":["Sword Boomerang","Perfected Strike+1"],"picked":"Warcry","floor":18},{"not_picked":["Shrug It Off","Rampage+1","Run Through"],"picked":"SKIP","floor":21},{"not_picked":["ReplayTheSpireMod:LeadingStrike","Clothesline","Twin Strike+1"],"picked":"SKIP","floor":22},{"not_picked":["Dropkick","Heavy Blade"],"picked":"Double Tap","floor":23},{"not_picked":["Run Through+1","Spot Weakness","Anger"],"picked":"SKIP","floor":25},{"not_picked":["Feed","ReplayTheSpireMod:Strike From Hell"],"picked":"Juggernaut","floor":27},{"not_picked":["Sword Boomerang","Headbutt+1","Clash"],"picked":"SKIP","floor":28},{"not_picked":["True Grit","ReplayTheSpireMod:Strike From Hell+1"],"picked":"Ghostly Armor","floor":29},{"not_picked":["ReplayReversal","Reckless Charge+1"],"picked":"Body Slam+1","floor":31},{"not_picked":["ReplayTheSpireMod:Limb From Limb","Uppercut"],"picked":"ReplayTheSpireMod:Strike From Hell","floor":35},{"not_picked":["Twin Strike+1","Flex"],"picked":"Metallicize+1","floor":37},{"not_picked":["Rampage+1","Combust+1"],"picked":"Warcry","floor":39},{"not_picked":["Twin Strike+1","Replay:Undeath\u0027s Touch+1","Heavy Blade+1"],"picked":"SKIP","floor":40},{"not_picked":["Reckless Charge","Heavy Blade+1","Flex+1"],"picked":"SKIP","floor":42},{"not_picked":["Headbutt","Armaments","Pommel Strike+1"],"picked":"SKIP","floor":45},{"not_picked":["ReplayTheSpireMod:Strike From Hell+1","Carnage+1"],"picked":"Defy Death+1","floor":46},{"not_picked":["Twin Strike","Flex+1","ReplayTheSpireMod:Limb From Limb+1"],"picked":"SKIP","floor":48}],"player_experience":26497,"relics_obtained":[{"floor":3,"key":"Blood Vial"},{"floor":7,"key":"Incense Burner"},{"floor":9,"key":"Anchor"},{"floor":10,"key":"Ice Cream"},{"floor":13,"key":"Blue Doll"},{"floor":23,"key":"Centennial Puzzle"},{"floor":26,"key":"Bottled Tornado"},{"floor":27,"key":"Counterbalance"},{"floor":29,"key":"HollowMod:PaleOreRelic"},{"floor":37,"key":"Champion Belt"},{"floor":40,"key":"TungstenRod"},{"floor":42,"key":"Paper Frog"},{"floor":43,"key":"HollowMod:LifeEnderRelic"}],"event_choices":[{"damage_healed":0,"gold_gain":175,"player_choice":"AGREE","damage_taken":0,"max_hp_gain":0,"max_hp_loss":0,"event_name":"Liars Game","floor":2,"gold_loss":0,"cards_obtained":["Doubt"]},{"damage_healed":0,"gold_gain":0,"player_choice":"Take Damage","damage_taken":20,"relics_obtained":["Golden Idol"],"max_hp_gain":0,"max_hp_loss":0,"event_name":"Golden Idol","floor":8,"gold_loss":0},{"damage_healed":0,"gold_gain":0,"player_choice":"1 cards matched","damage_taken":0,"max_hp_gain":0,"max_hp_loss":0,"event_name":"Match and Keep!","floor":12,"gold_loss":0,"cards_obtained":["Swift Strike"]},{"damage_healed":0,"gold_gain":270,"player_choice":"GOLD GOLD GOLD ","damage_taken":27,"max_hp_gain":0,"max_hp_loss":0,"event_name":"Knowing Skull","floor":30,"potions_obtained":[],"gold_loss":0,"cards_obtained":[]},{"damage_healed":0,"gold_gain":0,"player_choice":"Fight","damage_taken":0,"max_hp_gain":0,"max_hp_loss":0,"event_name":"MindBloom","floor":37,"gold_loss":0},{"damage_healed":0,"gold_gain":0,"player_choice":"Gave Potion","damage_taken":0,"relics_obtained":["Mercury Hourglass"],"max_hp_gain":0,"max_hp_loss":0,"event_name":"WeMeetAgain","floor":38,"gold_loss":0},{"damage_healed":70,"gold_gain":0,"player_choice":"Heal","damage_taken":0,"max_hp_gain":0,"max_hp_loss":10,"event_name":"The Moai Head","floor":47,"gold_loss":0}],"is_beta":false,"boss_relics":[{"not_picked":["Coffee Dripper","Philosopher\u0027s Stone"],"picked":"SlaversCollar"},{"not_picked":["Runic Pyramid","Velvet Choker"],"picked":"Astrolabe"}],"items_purged_floors":[4,11,19,36,44],"is_endless":false,"potions_floor_spawned":[1,10,13,16,21,23,25,28,33,37,45,48],"ascension_level":0}}