{"host":"fevvm7bbzuh4s1jc","time":1609570919,"event":{"mods":["BaseMod","Highlight Path","Minty Spire (QoL Compilation)","Relic Stats"],"gold_per_floor":[14,27,40,66,76,107,121,121,174,207,218,218,250,250,250,327,327,345,345,260,260,280,280,314,314,338,353,371,402,431,14,14,88,88,98,98,108,118,133,167,218,218,244,272,4,4,19,19,19,19,19,19],"floor_reached":51,"playtime":3815,"items_purged":["Strike_G","Choke"],"score":1534,"play_id":"295fff1b-1785-4234-be46-5c765145adcd","local_time":"20210102020159","is_ascension_mode":true,"campfire_choices":[{"data":"Phantasmal Killer","floor":8,"key":"SMITH"},{"data":"Die Die Die","floor":12,"key":"SMITH"},{"data":"Neutralize","floor":15,"key":"SMITH"},{"data":"Corpse Explosion","floor":23,"key":"SMITH"},{"data":"Footwork","floor":25,"key":"SMITH"},{"data":"Acrobatics","floor":32,"key":"SMITH"},{"floor":42,"key":"RECALL"},{"data":"Night Terror","floor":46,"key":"SMITH"},{"data":"Doppelganger","floor":49,"key":"SMITH"}],"circlet_count":0,"master_deck":["AscendersBane","Survivor","Neutralize+1","Phantasmal Killer+1","Blade Dance+1","Quick Slash","Predator","Die Die Die+1","Blur","Envenom+1","Corpse Explosion+1","Footwork+1","Underhanded Strike+1","Dodge and Roll","Crippling Poison","Leg Sweep","Dark Shackles","Acrobatics+1","Doppelganger+1","Heel Hook","Night Terror+1","Glass Knife","Tools of the Trade","Glass Knife","Riddle With Holes","Dagger Spray","Blur","Leg Sweep","Deflect","Footwork+1","Catalyst+1","Burst+1"],"relics":["Ring of the Snake","Toy Ornithopter","Gambling Chip","War Paint","Strawberry","Vajra","Coffee Dripper","Enchiridion","Nunchaku","MutagenicStrength","Letter Opener","Bronze Scales","MawBank","Lee\u0027s Waffle","Pandora\u0027s Box","Lantern","Tingsha","Toxic Egg 2","PreservedInsect"],"acts_visited":["Exordium","TheCity","TheBeyond"],"potions_floor_usage":[5,6,10,29,30,33,40,41,47,51,51],"damage_taken":[{"damage":6,"enemies":"Cultist","floor":1,"turns":5},{"damage":2,"enemies":"2 Louse","floor":2,"turns":4},{"damage":3,"enemies":"Small Slimes","floor":3,"turns":4},{"damage":1,"enemies":"Looter","floor":5,"turns":3},{"damage":27,"enemies":"3 Sentries","floor":6,"turns":7},{"damage":0,"enemies":"Large Slime","floor":7,"turns":3},{"damage":7,"enemies":"Lagavulin","floor":10,"turns":4},{"damage":1,"enemies":"Exordium Wildlife","floor":11,"turns":3},{"damage":1,"enemies":"Gremlin Nob","floor":13,"turns":3},{"damage":19,"enemies":"The Guardian","floor":16,"turns":12},{"damage":0,"enemies":"Shell Parasite","floor":18,"turns":3},{"damage":5,"enemies":"2 Thieves","floor":22,"turns":2},{"damage":7,"enemies":"Slavers","floor":24,"turns":2},{"damage":7,"enemies":"Shelled Parasite and Fungi","floor":27,"turns":4},{"damage":0,"enemies":"Centurion and Healer","floor":28,"turns":2},{"damage":0,"enemies":"Gremlin Leader","floor":29,"turns":5},{"damage":0,"enemies":"Snake Plant","floor":30,"turns":3},{"damage":46,"enemies":"Champ","floor":33,"turns":13},{"damage":0,"enemies":"Orb Walker","floor":35,"turns":1},{"damage":0,"enemies":"3 Shapes","floor":37,"turns":2},{"damage":3,"enemies":"Sphere and 2 Shapes","floor":38,"turns":5},{"damage":0,"enemies":"Transient","floor":39,"turns":6},{"damage":22,"enemies":"Giant Head","floor":40,"turns":7},{"damage":5,"enemies":"2 Orb Walkers","floor":41,"turns":3},{"damage":25,"enemies":"Nemesis","floor":44,"turns":7},{"damage":6,"enemies":"4 Shapes","floor":47,"turns":5},{"damage":19,"enemies":"Awakened One","floor":50,"turns":21},{"damage":55,"enemies":"Time Eater","floor":51,"turns":12}],"seed_played":"-3969358407594524860","potions_obtained":[{"floor":2,"key":"Block Potion"},{"floor":3,"key":"LiquidMemories"},{"floor":6,"key":"AttackPotion"},{"floor":16,"key":"Weak Potion"},{"floor":28,"key":"Poison Potion"},{"floor":29,"key":"Poison Potion"},{"floor":30,"key":"PowerPotion"},{"floor":33,"key":"Fire Potion"},{"floor":40,"key":"Strength Potion"},{"floor":44,"key":"Weak Potion"},{"floor":47,"key":"Block Potion"}],"is_trial":false,"path_per_floor":["M","M","M","T","M","E","M","R","T","E","M","R","E","?","R","B",null,"M","?","?","?","M","R","E","R","T","M","M","E","M","$","R","B",null,"M","?","M","M","M","E","?","R","T","E","$","R","M","?","R","B","B"],"character_chosen":"THE_SILENT","items_purchased":["Leg Sweep","Lee\u0027s Waffle","Dark Shackles","Acrobatics","PreservedInsect"],"campfire_rested":0,"item_purchase_floors":[31,31,31,31,45],"current_hp_per_floor":[53,51,48,48,52,30,30,30,30,35,34,34,33,33,33,14,58,58,37,37,37,32,32,25,25,25,18,18,23,28,80,80,37,69,69,69,69,66,66,49,49,49,49,24,24,24,23,62,62,43,0,0],"gold":19,"neow_bonus":"THREE_RARE_CARDS","is_daily":false,"chose_seed":false,"campfire_upgraded":8,"win_rate":0.0,"timestamp":1609570919,"path_taken":["M","M","?","?","M","E","M","R","T","E","M","R","E","?","R","BOSS","M","?","?","?","M","R","E","R","T","M","M","E","M","$","R","BOSS","M","?","M","M","M","E","?","R","T","E","$","R","M","?","R","BOSS","BOSS"],"items_purchased_type":["Card","Relic","Card","Card","Relic"],"build_version":"2020-12-22","purchased_purges":2,"victory":false,"max_hp_per_floor":[66,66,66,66,66,66,66,66,66,73,73,73,73,73,73,73,73,73,73,73,73,73,73,73,73,73,73,73,73,73,80,80,80,80,80,76,76,76,76,76,76,76,76,76,76,76,76,62,62,62,62,62],"relic_stats":{"Lee\u0027s Waffle":52,"counters":[28,151],"Tingsha":[134],"PreservedInsect":0,"Letter Opener":[246],"War Paint":["Blade Dance","Defend_G"],"MawBank":24,"Nunchaku":[21],"Gambling Chip":[101],"Bronze Scales":[313],"Pandora\u0027s Box":["Heel Hook","Night Terror","Glass Knife","Tools of the Trade","Choke","Glass Knife","Riddle With Holes","Dagger Spray","Blur"],"obtain_stats":[{"Lee\u0027s Waffle":31,"Lantern":40,"Vajra":13,"Enchiridion":19,"Tingsha":41,"PreservedInsect":45,"Letter Opener":24,"War Paint":9,"MawBank":29,"Nunchaku":20,"Gambling Chip":6,"Strawberry":10,"MutagenicStrength":21,"Bronze Scales":26,"Pandora\u0027s Box":34,"Coffee Dripper":17,"Toxic Egg 2":44,"Toy Ornithopter":4,"Ring of the Snake":0},{"Lee\u0027s Waffle":17,"Lantern":23,"Vajra":9,"Enchiridion":11,"Tingsha":24,"PreservedInsect":25,"Letter Opener":13,"War Paint":6,"MawBank":16,"Nunchaku":11,"Gambling Chip":5,"Strawberry":7,"MutagenicStrength":11,"Bronze Scales":13,"Pandora\u0027s Box":18,"Coffee Dripper":10,"Toxic Egg 2":25,"Toy Ornithopter":3,"Ring of the Snake":0},{"Lee\u0027s Waffle":69,"Lantern":103,"Vajra":36,"Enchiridion":51,"Tingsha":106,"PreservedInsect":113,"Letter Opener":55,"War Paint":26,"MawBank":66,"Nunchaku":51,"Gambling Chip":23,"Strawberry":30,"MutagenicStrength":51,"Bronze Scales":55,"Pandora\u0027s Box":82,"Coffee Dripper":48,"Toxic Egg 2":113,"Toy Ornithopter":13,"Ring of the Snake":0}],"Toy Ornithopter":53,"Ring of the Snake":[56]},"card_choices":[{"not_picked":["A Thousand Cuts","Burst"],"picked":"Phantasmal Killer","floor":0},{"not_picked":["Dagger Throw","Tactician"],"picked":"Blade Dance","floor":1},{"not_picked":["Infinite Blades","Deflect"],"picked":"Quick Slash","floor":2},{"not_picked":["Slice","Sucker Punch"],"picked":"Predator","floor":3},{"not_picked":["Backflip","Underhanded Strike","Flechettes"],"picked":"SKIP","floor":5},{"not_picked":["Poisoned Stab","Noxious Fumes"],"picked":"Die Die Die","floor":6},{"not_picked":["Deadly Poison","Well Laid Plans"],"picked":"Blur","floor":7},{"not_picked":["Deadly Poison","Underhanded Strike","Bane"],"picked":"SKIP","floor":10},{"not_picked":["All Out Attack","Dodge and Roll","Expertise"],"picked":"SKIP","floor":11},{"not_picked":["Grand Finale","Infinite Blades"],"picked":"Envenom","floor":13},{"not_picked":["Storm of Steel","Envenom"],"picked":"Corpse Explosion","floor":16},{"not_picked":["Quick Slash","Setup"],"picked":"Footwork","floor":18},{"not_picked":["Flying Knee","Heel Hook","Accuracy"],"picked":"SKIP","floor":22},{"not_picked":["Outmaneuver","Backflip"],"picked":"Underhanded Strike+1","floor":24},{"not_picked":["Poisoned Stab+1","Endless Agony","Underhanded Strike"],"picked":"SKIP","floor":27},{"not_picked":["Blade Dance","Outmaneuver"],"picked":"Dodge and Roll","floor":28},{"not_picked":["Bouncing Flask","Calculated Gamble"],"picked":"Crippling Poison","floor":29},{"not_picked":["Dagger Spray","Outmaneuver","Flying Knee"],"picked":"SKIP","floor":30},{"not_picked":["Glass Knife","A Thousand Cuts"],"picked":"Doppelganger","floor":33},{"not_picked":["Deflect","Poisoned Stab"],"picked":"Leg Sweep","floor":35},{"not_picked":["Eviscerate+1","Leg Sweep","Bane"],"picked":"SKIP","floor":37},{"not_picked":["Eviscerate+1","Leg Sweep","Bane"],"picked":"SKIP","floor":37},{"not_picked":["Riddle With Holes","PiercingWail"],"picked":"Deflect","floor":38},{"not_picked":["Dagger Throw","Masterful Stab"],"picked":"Footwork+1","floor":39},{"not_picked":["Heel Hook","Deflect","Flying Knee"],"picked":"SKIP","floor":40},{"not_picked":["PiercingWail","Underhanded Strike+1"],"picked":"Catalyst+1","floor":41},{"not_picked":["Outmaneuver+1","Underhanded Strike+1"],"picked":"Burst+1","floor":44},{"not_picked":["Reflex+1","Outmaneuver+1","Cloak And Dagger+1"],"picked":"SKIP","floor":47}],"player_experience":2614930,"relics_obtained":[{"floor":4,"key":"Toy Ornithopter"},{"floor":6,"key":"Gambling Chip"},{"floor":9,"key":"War Paint"},{"floor":10,"key":"Strawberry"},{"floor":13,"key":"Vajra"},{"floor":19,"key":"Enchiridion"},{"floor":24,"key":"Letter Opener"},{"floor":26,"key":"Bronze Scales"},{"floor":29,"key":"MawBank"},{"floor":40,"key":"Lantern"},{"floor":41,"key":"Tingsha"},{"floor":44,"key":"Toxic Egg 2"}],"event_choices":[{"damage_healed":0,"gold_gain":0,"player_choice":"Forge","damage_taken":0,"max_hp_gain":0,"max_hp_loss":0,"event_name":"Accursed Blacksmith","floor":14,"gold_loss":0,"cards_upgraded":["Envenom"]},{"damage_healed":0,"gold_gain":0,"player_choice":"Obtained Book","damage_taken":21,"max_hp_gain":0,"max_hp_loss":0,"event_name":"Cursed Tome","floor":19,"gold_loss":0},{"damage_healed":0,"gold_gain":0,"player_choice":"Obtained Relic","damage_taken":0,"relics_obtained":["Nunchaku"],"max_hp_gain":0,"max_hp_loss":0,"event_name":"Addict","floor":20,"gold_loss":85},{"damage_healed":0,"gold_gain":0,"player_choice":"Inject Mutagens","damage_taken":0,"relics_obtained":["MutagenicStrength"],"max_hp_gain":0,"max_hp_loss":0,"event_name":"Drug Dealer","floor":21,"gold_loss":0},{"damage_healed":0,"gold_gain":0,"player_choice":"Max HP","damage_taken":0,"max_hp_gain":0,"max_hp_loss":4,"event_name":"Winding Halls","floor":36,"gold_loss":0},{"damage_healed":0,"gold_gain":0,"player_choice":"Fight","damage_taken":0,"max_hp_gain":0,"max_hp_loss":0,"event_name":"Mysterious Sphere","floor":41,"gold_loss":0},{"damage_healed":62,"gold_gain":0,"player_choice":"Heal","damage_taken":0,"max_hp_gain":0,"max_hp_loss":14,"event_name":"The Moai Head","floor":48,"gold_loss":0}],"is_beta":false,"boss_relics":[{"not_picked":["Runic Pyramid","Empty Cage"],"picked":"Coffee Dripper"},{"not_picked":["Busted Crown","Snecko Eye"],"picked":"Pandora\u0027s Box"}],"items_purged_floors":[31,45],"is_endless":false,"potions_floor_spawned":[2,3,6,16,28,29,30,33,40,44,47],"killed_by":"Time Eater","ascension_level":20}}