{"host":"u7lm8z2rvb4dg2oo","time":1609570587,"event":{"mods":["AchievementEnabler","BaseMod","Colored Map","Colored Powertips","Curses Come First","Googly Eyes","Highlight Path","Minty Spire (QoL Compilation)","Quick Restart","StSLib"],"gold_per_floor":[13,118,118,118,118,138,138,173,186,186,204,204,222,240,254,254,354,354,366,221,234,1,14,14,14],"floor_reached":23,"playtime":1016,"items_purged":[],"score":275,"play_id":"554bf884-c254-4d15-ad87-c45b136b8c3f","local_time":"20210102015627","is_ascension_mode":true,"campfire_choices":[{"data":"WheelKick","floor":6.0,"key":"SMITH"},{"data":"CutThroughFate","floor":11.0,"key":"SMITH"},{"data":"Wireheading","floor":15.0,"key":"SMITH"}],"circlet_count":0,"master_deck":["Strike_P","Strike_P","Strike_P","Defend_P","Defend_P","Defend_P","Defend_P","Eruption+1","Vigilance","LikeWater","CutThroughFate","CutThroughFate+1","WheelKick+1","Pray","Wireheading+1","SpiritShield","CurseOfTheBell","WindmillStrike","Conclude","Mayhem","Prostrate"],"relics":["PureWater","Meat on the Bone","Singing Bowl","Calling Bell","Vajra","White Beast Statue","Peace Pipe","Potion Belt"],"acts_visited":["Exordium","TheCity"],"potions_floor_usage":[16,22,22],"damage_taken":[{"damage":0.0,"enemies":"Cultist","floor":1.0,"turns":3.0},{"damage":0.0,"enemies":"Jaw Worm","floor":5.0,"turns":3.0},{"damage":0.0,"enemies":"Gremlin Nob","floor":7.0,"turns":2.0},{"damage":0.0,"enemies":"2 Louse","floor":8.0,"turns":2.0},{"damage":42.0,"enemies":"Gremlin Gang","floor":10.0,"turns":5.0},{"damage":14.0,"enemies":"Lots of Slimes","floor":12.0,"turns":4.0},{"damage":0.0,"enemies":"Exordium Wildlife","floor":13.0,"turns":1.0},{"damage":0.0,"enemies":"2 Fungi Beasts","floor":14.0,"turns":2.0},{"damage":32,"enemies":"Hexaghost","floor":16,"turns":5},{"damage":14,"enemies":"Shell Parasite","floor":18,"turns":4},{"damage":0,"enemies":"Spheric Guardian","floor":20,"turns":2},{"damage":27,"enemies":"Snake Plant","floor":22,"turns":5},{"damage":42,"enemies":"Slavers","floor":23,"turns":1}],"seed_played":"2511130816090200109","potions_obtained":[{"floor":5.0,"key":"Block Potion"},{"floor":10.0,"key":"Regen Potion"},{"floor":13.0,"key":"FearPotion"},{"floor":18,"key":"StancePotion"},{"floor":20,"key":"Swift Potion"},{"floor":22,"key":"CultistPotion"}],"is_trial":false,"path_per_floor":["M","?","?","?","M","R","E","M","T","M","R","M","M","M","R","B",null,"M","$","M","$","M","E"],"character_chosen":"WATCHER","items_purchased":["Potion Belt","Conclude","Mayhem"],"campfire_rested":0,"item_purchase_floors":[19,21,21],"current_hp_per_floor":[25,72,72,72,72,72,72,72,72,72,44,44,44,46,46,46,26,65,51,51,53,53,38,0,0],"gold":14,"neow_bonus":"TRANSFORM_CARD","is_daily":false,"chose_seed":false,"campfire_upgraded":3,"win_rate":0.0,"timestamp":1609570587,"path_taken":["M","?","?","?","M","R","E","M","T","?","R","M","?","M","R","BOSS","M","$","M","$","M","E"],"items_purchased_type":["Relic","Card","Card"],"build_version":"2020-12-22","purchased_purges":0,"victory":false,"max_hp_per_floor":[72,72,72,72,72,72,72,72,72,72,74,74,76,78,78,78,78,78,78,78,80,80,80,80,80],"card_choices":[{"not_picked":["PathToVictory","Perseverance"],"picked":"CutThroughFate","floor":1.0},{"not_picked":["PathToVictory","Perseverance"],"picked":"CutThroughFate","floor":1.0},{"not_picked":["Crescendo","Fasting2"],"picked":"WheelKick","floor":5.0},{"not_picked":["Evaluate","PathToVictory","Halt"],"picked":"SKIP","floor":7.0},{"not_picked":["EmptyFist","FollowUp"],"picked":"Pray","floor":8.0},{"not_picked":["Prostrate","Halt","SandsOfTime"],"picked":"Singing Bowl","floor":10.0},{"not_picked":["WaveOfTheHand","EmptyMind","Halt"],"picked":"Singing Bowl","floor":12.0},{"not_picked":["Crescendo","Consecrate","FollowUp"],"picked":"Singing Bowl","floor":13.0},{"not_picked":["ThirdEye","Protect"],"picked":"Wireheading","floor":14.0},{"not_picked":["MasterReality","Omniscience"],"picked":"SpiritShield","floor":16},{"not_picked":["BowlingBash","Conclude+1"],"picked":"WindmillStrike","floor":18},{"not_picked":["EmptyBody","FlurryOfBlows","Study"],"picked":"Singing Bowl","floor":20},{"not_picked":["Nirvana+1","WindmillStrike"],"picked":"Prostrate","floor":22}],"player_experience":1033051,"relics_obtained":[{"floor":7.0,"key":"Meat on the Bone"},{"floor":9.0,"key":"Singing Bowl"},{"floor":17,"key":"Vajra"},{"floor":17,"key":"White Beast Statue"},{"floor":17,"key":"Peace Pipe"}],"event_choices":[{"damage_healed":0.0,"max_hp_gain":0.0,"max_hp_loss":0.0,"gold_gain":0.0,"event_name":"Liars Game","player_choice":"Ignored","floor":2.0,"gold_loss":0.0,"damage_taken":0.0},{"damage_healed":0.0,"max_hp_gain":0.0,"max_hp_loss":0.0,"gold_gain":0.0,"event_name":"Shining Light","player_choice":"Ignored","floor":3.0,"gold_loss":0.0,"damage_taken":0.0},{"damage_healed":0.0,"max_hp_gain":0.0,"max_hp_loss":0.0,"gold_gain":0.0,"event_name":"Upgrade Shrine","player_choice":"Upgraded","floor":4.0,"gold_loss":0.0,"damage_taken":0.0,"cards_upgraded":["Eruption"]}],"is_beta":false,"boss_relics":[{"not_picked":["Ectoplasm","Empty Cage"],"picked":"Calling Bell"}],"items_purged_floors":[],"is_endless":false,"potions_floor_spawned":[5,10,13,18,20,22],"killed_by":"Slavers","ascension_level":5}}