{"host":"3jjxuhjpio8e4zkv","time":1609605960,"event":{"mods":["BaseMod","Colored Map","Highlight Path","Minty Spire (QoL Compilation)","Permanent Neow","Relic Stats","StSLib"],"gold_per_floor":[109,128,128,36,54,54,74,74,97,97,117,117,3,16,16,109,109,85,85,100,120,144,187,187,187,187],"floor_reached":25,"playtime":1529,"items_purged":["Strike_G"],"score":480,"play_id":"a36ecbbf-2b34-47f0-a7a1-6aa14e26f78b","local_time":"20210102114600","is_ascension_mode":true,"campfire_choices":[{"data":"Cloak And Dagger","floor":6,"key":"SMITH"},{"floor":8,"key":"REST"},{"data":"Deadly Poison","floor":10,"key":"SMITH"},{"data":"Footwork","floor":15,"key":"SMITH"},{"data":"Burst","floor":24,"key":"SMITH"}],"circlet_count":0,"master_deck":["AscendersBane","Strike_G","Strike_G","Strike_G","Strike_G","Defend_G","Defend_G","Defend_G","Defend_G","Defend_G","Survivor","Neutralize","Deadly Poison+1","PanicButton","Cloak And Dagger+1","Catalyst+1","Night Terror","Well Laid Plans","All Out Attack","Footwork+1","Burst+1","Concentrate","Deflect","Skewer"],"relics":["Ring of the Snake","Dream Catcher","Orichalcum","Golden Idol","Runic Pyramid","Kunai"],"acts_visited":["Exordium","TheCity"],"potions_floor_usage":[18,21,23,25],"damage_taken":[{"damage":2,"enemies":"Small Slimes","floor":1,"turns":5},{"damage":4,"enemies":"2 Louse","floor":2,"turns":3},{"damage":3,"enemies":"Jaw Worm","floor":5,"turns":4},{"damage":11,"enemies":"Exordium Thugs","floor":7,"turns":4},{"damage":19,"enemies":"Lots of Slimes","floor":11,"turns":7},{"damage":0,"enemies":"Looter","floor":14,"turns":5},{"damage":4,"enemies":"The Guardian","floor":16,"turns":13},{"damage":0,"enemies":"2 Thieves","floor":18,"turns":4},{"damage":23,"enemies":"Shell Parasite","floor":20,"turns":6},{"damage":1,"enemies":"Centurion and Healer","floor":21,"turns":8},{"damage":1,"enemies":"Snecko","floor":22,"turns":4},{"damage":1,"enemies":"Gremlin Leader","floor":23,"turns":4},{"damage":40,"enemies":"Slavers","floor":25,"turns":3}],"seed_played":"-5006069685703765452","potions_obtained":[{"floor":2,"key":"GamblersBrew"},{"floor":5,"key":"GamblersBrew"},{"floor":7,"key":"Weak Potion"},{"floor":14,"key":"Dexterity Potion"},{"floor":18,"key":"Fruit Juice"},{"floor":21,"key":"Poison Potion"},{"floor":22,"key":"Energy Potion"}],"is_trial":false,"path_per_floor":["M","M","?","$","M","R","M","R","T","R","M","?","$","M","R","B",null,"M","?","M","M","M","E","R","E"],"character_chosen":"THE_SILENT","items_purchased":["PanicButton","All Out Attack"],"campfire_rested":1,"item_purchase_floors":[4,13],"current_hp_per_floor":[63,59,33,33,30,30,19,40,40,40,21,21,21,21,21,17,53,53,53,30,34,33,32,32,0,0],"gold":187,"neow_bonus":"TEN_PERCENT_HP_BONUS","is_daily":false,"chose_seed":false,"campfire_upgraded":4,"win_rate":0.0,"timestamp":1609605960,"path_taken":["M","M","?","$","M","R","M","R","T","R","M","?","?","M","R","BOSS","M","?","?","M","M","E","R","E"],"items_purchased_type":["Card","Card"],"build_version":"2020-12-22","purchased_purges":1,"victory":false,"max_hp_per_floor":[72,72,72,72,72,72,72,72,72,72,72,65,65,65,65,65,65,65,65,65,70,70,70,70,70,70],"relic_stats":{"Dream Catcher":1,"counters":[13,70],"Golden Idol":46,"Kunai":[0],"Orichalcum":[96],"obtain_stats":[{"Dream Catcher":3,"Golden Idol":12,"Kunai":23,"Orichalcum":9,"Ring of the Snake":0,"Runic Pyramid":17},{"Dream Catcher":2,"Golden Idol":5,"Kunai":12,"Orichalcum":4,"Ring of the Snake":0,"Runic Pyramid":7},{"Dream Catcher":8,"Golden Idol":23,"Kunai":67,"Orichalcum":16,"Ring of the Snake":0,"Runic Pyramid":41}],"Ring of the Snake":[26]},"card_choices":[{"not_picked":["Dodge and Roll","Cloak And Dagger"],"picked":"Deadly Poison","floor":1},{"not_picked":["Escape Plan","Underhanded Strike","Dodge and Roll"],"picked":"SKIP","floor":2},{"not_picked":["Dodge and Roll","Slice"],"picked":"Cloak And Dagger","floor":5},{"not_picked":["Expertise","Dagger Spray"],"picked":"Catalyst","floor":7},{"not_picked":["Backflip","Crippling Poison"],"picked":"Night Terror","floor":8},{"not_picked":["Backflip","Dagger Spray"],"picked":"Well Laid Plans","floor":11},{"not_picked":["Predator","Prepared"],"picked":"Footwork","floor":14},{"not_picked":["Venomology","A Thousand Cuts"],"picked":"Burst","floor":16},{"not_picked":["Finisher","Expertise"],"picked":"Concentrate","floor":18},{"not_picked":["Flying Knee","Blade Dance"],"picked":"Deflect","floor":20},{"not_picked":["Deflect","Well Laid Plans","Terror"],"picked":"SKIP","floor":21},{"not_picked":["Outmaneuver","Dash"],"picked":"Skewer","floor":22},{"not_picked":["Doppelganger","Well Laid Plans+1","Choke"],"picked":"SKIP","floor":23}],"player_experience":1168518,"relics_obtained":[{"floor":9,"key":"Orichalcum"},{"floor":23,"key":"Kunai"}],"event_choices":[{"damage_healed":0,"gold_gain":0,"player_choice":"Success","damage_taken":26,"relics_obtained":["Dream Catcher"],"max_hp_gain":0,"max_hp_loss":0,"event_name":"Scrap Ooze","floor":3,"gold_loss":0},{"damage_healed":0,"gold_gain":0,"player_choice":"Lose Max HP","damage_taken":0,"relics_obtained":["Golden Idol"],"max_hp_gain":0,"max_hp_loss":7,"event_name":"Golden Idol","floor":12,"gold_loss":0},{"damage_healed":0,"gold_gain":0,"player_choice":"Upgraded","damage_taken":0,"max_hp_gain":0,"max_hp_loss":0,"event_name":"Upgrade Shrine","floor":19,"gold_loss":0,"cards_upgraded":["Catalyst"]}],"is_beta":false,"boss_relics":[{"not_picked":["Velvet Choker","Empty Cage"],"picked":"Runic Pyramid"}],"items_purged_floors":[13],"is_endless":false,"potions_floor_spawned":[2,5,7,14,18,21,22],"killed_by":"Slavers","ascension_level":20}}