{"host":"k6u7q08ihsmpx7o5","time":1609614434,"event":{"mods":["BaseMod","Bestiary","Minty Spire (QoL Compilation)","StSLib"],"gold_per_floor":[115,165,177,197,210,210,220,220,220,246,246,88,122,122,122,122,122],"floor_reached":16,"playtime":854,"items_purged":[],"score":220,"play_id":"cc666768-62a3-4895-820b-1620f3df375e","local_time":"20210102200714","is_ascension_mode":true,"campfire_choices":[{"data":"Armaments","floor":6,"key":"SMITH"},{"floor":8,"key":"REST"},{"data":"Bash","floor":11,"key":"SMITH"},{"data":"Combust","floor":15,"key":"SMITH"}],"circlet_count":0,"master_deck":["AscendersBane","Strike_R","Strike_R","Strike_R","Strike_R","Strike_R","Defend_R","Defend_R","Defend_R","Defend_R","Bash+1","Cleave","Twin Strike","Offering","Armaments+1","Pommel Strike","Burning Pact","Combust+1","Bash","Second Wind"],"relics":["Runic Cube","Ice Cream","Matryoshka","Toolbox","Torii"],"acts_visited":["Exordium"],"potions_floor_usage":[],"damage_taken":[{"damage":8,"enemies":"Small Slimes","floor":1,"turns":4},{"damage":12,"enemies":"Cultist","floor":3,"turns":4},{"damage":7,"enemies":"2 Louse","floor":4,"turns":3},{"damage":14,"enemies":"Exordium Wildlife","floor":5,"turns":4},{"damage":1,"enemies":"3 Louse","floor":7,"turns":3},{"damage":13,"enemies":"Lagavulin","floor":10,"turns":5},{"damage":14,"enemies":"Gremlin Nob","floor":13,"turns":3},{"damage":15,"enemies":"Hexaghost","floor":16,"turns":4}],"seed_played":"-9197976639863808151","potions_obtained":[{"floor":5,"key":"EntropicBrew"},{"floor":7,"key":"SpeedPotion"}],"is_trial":false,"path_per_floor":["M","?","M","M","M","R","M","R","T","E","R","$","E","?","R","B"],"character_chosen":"IRONCLAD","items_purchased":["Toolbox"],"campfire_rested":1,"item_purchase_floors":[12],"current_hp_per_floor":[60,53,41,34,20,20,19,41,41,28,28,28,14,14,14,0,0],"gold":122,"neow_bonus":"BOSS_RELIC","is_daily":false,"chose_seed":false,"campfire_upgraded":3,"win_rate":0.0,"timestamp":1609614434,"path_taken":["M","?","?","M","M","R","M","R","T","E","R","$","E","?","R","BOSS"],"items_purchased_type":["Relic"],"build_version":"2020-12-22","purchased_purges":0,"victory":false,"max_hp_per_floor":[75,75,75,75,75,75,75,75,75,75,75,75,75,75,75,75,75],"card_choices":[{"not_picked":["Anger","Clash"],"picked":"Cleave","floor":1},{"not_picked":["Feel No Pain","Searing Blow"],"picked":"Twin Strike","floor":3},{"not_picked":["Havoc","Anger"],"picked":"Offering","floor":4},{"not_picked":["Warcry","True Grit"],"picked":"Armaments","floor":5},{"not_picked":["Combust","Feel No Pain"],"picked":"Pommel Strike","floor":7},{"not_picked":["Headbutt","Double Tap"],"picked":"Burning Pact","floor":10},{"not_picked":["Infernal Blade","Clash"],"picked":"Combust","floor":13}],"player_experience":1928726,"relics_obtained":[{"floor":9,"key":"Ice Cream"},{"floor":10,"key":"Matryoshka"},{"floor":13,"key":"Torii"}],"event_choices":[{"damage_healed":0,"gold_gain":50,"player_choice":"Touch","damage_taken":7,"max_hp_gain":0,"max_hp_loss":0,"event_name":"FaceTrader","floor":2,"gold_loss":0},{"damage_healed":0,"gold_gain":0,"player_choice":"2 cards matched","damage_taken":0,"max_hp_gain":0,"max_hp_loss":0,"event_name":"Match and Keep!","floor":14,"gold_loss":0,"cards_obtained":["Bash","Second Wind"]}],"is_beta":false,"boss_relics":[],"items_purged_floors":[],"is_endless":false,"potions_floor_spawned":[5,7],"killed_by":"Hexaghost","ascension_level":20}}