{"host":"9rplp4stncpaeegj","time":1609574531,"event":{"mods":["AchievementEnabler","BaseMod","Best Route Mod","Colored Map","Evolution","Highlight Path","Keyboard Shortcuts","Minty Spire (QoL Compilation)","Shop Mod","StSLib","The Animator"],"gold_per_floor":[109,109,52,68,80,80,80,80],"floor_reached":7,"playtime":520,"items_purged":[],"score":82,"play_id":"ddf0f320-e415-483a-8144-15e06668ece0","local_time":"20210102090211","is_ascension_mode":true,"campfire_choices":[{"data":"animator:Verdia","floor":6,"key":"SMITH"}],"circlet_count":0,"master_deck":["AscendersBane","animator:Strike_Konosuba","animator:Defend_Konosuba","animator:Strike","animator:Strike","animator:Strike","animator:Defend","animator:Defend","animator:Defend","animator:Kazuma","animator:Aqua+1","animator:Verdia+1"],"relics":["animator:LivingPicture","animator:TheMissingPiece","EVO:Axolotl","animator:PurgingStone","NeowsBlessing"],"acts_visited":["Exordium"],"potions_floor_usage":[7],"damage_taken":[{"damage":0.0,"enemies":"2 Louse","floor":1.0,"turns":1.0},{"damage":0,"enemies":"Small Slimes","floor":4,"turns":1},{"damage":0,"enemies":"Jaw Worm","floor":5,"turns":1},{"damage":62,"enemies":"3 Sentries","floor":7,"turns":13}],"seed_played":"-5752060781397341856","potions_obtained":[{"floor":1.0,"key":"FearPotion"},{"floor":4,"key":"LiquidBronze"}],"is_trial":false,"path_per_floor":["M","?","$","M","M","R","E"],"character_chosen":"THE_ANIMATOR","items_purchased":["animator:Verdia"],"campfire_rested":0,"item_purchase_floors":[3],"current_hp_per_floor":[56,56,56,56,59,59,0,0],"gold":80,"neow_bonus":"THREE_ENEMY_KILL","is_daily":false,"chose_seed":false,"campfire_upgraded":1,"win_rate":0.0,"timestamp":1609574531,"path_taken":["M","?","$","M","M","R","E"],"items_purchased_type":["Card"],"build_version":"2020-12-22","purchased_purges":0,"victory":false,"max_hp_per_floor":[60,60,60,60,60,60,60,60],"card_choices":[{"not_picked":["animator:Guy","animator:YachiyoNanami","animator:WinryRockbell"],"picked":"SKIP","floor":1.0},{"not_picked":["animator:HighElfArcher","animator:Ain","animator:Aqua"],"picked":"SKIP","floor":4},{"not_picked":["animator:Tet","animator:Pride","animator:Verdia"],"picked":"SKIP","floor":5},{"not_picked":["animator:Tet","animator:Pride","animator:Verdia"],"picked":"SKIP","floor":5}],"player_experience":130672,"relics_obtained":[],"event_choices":[{"damage_healed":0,"gold_gain":0,"player_choice":"Grow","damage_taken":0,"max_hp_gain":0,"max_hp_loss":0,"event_name":"Living Wall","floor":2,"gold_loss":0,"cards_upgraded":["animator:Aqua"]}],"is_beta":false,"boss_relics":[],"items_purged_floors":[],"is_endless":false,"potions_floor_spawned":[1,4],"killed_by":"3 Sentries","ascension_level":20}}