{"host":"tiwza2kisyyrpq7h","time":1609583602,"event":{"mods":["BaseMod","Colored Powertips","Minty Spire (QoL Compilation)","Quick Restart","Rare Cards Sparkle","StSLib","SuperFastMode","The Servant 0.9.4","óô»ðÖ¸ÄÏ"],"gold_per_floor":[115,265,282,282,297,330,330,343,366,15,28,0,14,14,14,92,92,57,57,73,73,73],"floor_reached":21,"playtime":529,"items_purged":["Doubt"],"score":427,"play_id":"0fa557c6-70cb-481b-80aa-113fc7fbf3b4","local_time":"20210102183322","is_ascension_mode":true,"campfire_choices":[{"data":"ConjureBlade","floor":7.0,"key":"SMITH"},{"data":"Enlightenment","floor":15.0,"key":"SMITH"}],"circlet_count":0,"master_deck":["AscendersBane","Strike_P","Strike_P","Strike_P","Strike_P","Defend_P","Defend_P","Defend_P","Defend_P","Eruption","Vigilance","Study","EmptyFist","SpiritShield","ConjureBlade+1","Wallop","EmptyBody","Enlightenment+1","Adaptation","WheelKick","Halt","FlurryOfBlows","Halt","Omniscience","Nirvana+1"],"relics":["PureWater","Bronze Scales","Anchor","Bag of Marbles","Fusion Hammer","Nloth\u0027s Gift"],"acts_visited":["Exordium","TheCity"],"potions_floor_usage":[],"damage_taken":[{"damage":0.0,"enemies":"Jaw Worm","floor":1.0,"turns":2.0},{"damage":23.0,"enemies":"Cultist","floor":3.0,"turns":5.0},{"damage":0.0,"enemies":"2 Louse","floor":5.0,"turns":3.0},{"damage":12.0,"enemies":"Gremlin Nob","floor":6.0,"turns":3.0},{"damage":13.0,"enemies":"Blue Slaver","floor":8.0,"turns":4.0},{"damage":8.0,"enemies":"Large Slime","floor":11.0,"turns":6.0},{"damage":0.0,"enemies":"Gremlin Gang","floor":13.0,"turns":3.0},{"damage":0.0,"enemies":"Slime Boss","floor":16.0,"turns":3.0},{"damage":22.0,"enemies":"2 Thieves","floor":18.0,"turns":5.0},{"damage":10.0,"enemies":"3 Byrds","floor":20.0,"turns":3.0},{"damage":28,"enemies":"3 Cultists","floor":21,"turns":4}],"seed_played":"-1058716226946869513","potions_obtained":[{"floor":1.0,"key":"Energy Potion"},{"floor":5.0,"key":"Fire Potion"},{"floor":6.0,"key":"Block Potion"},{"floor":11.0,"key":"FearPotion"}],"is_trial":false,"path_per_floor":["M","?","M","?","M","E","R","M","T","$","M","?","M","T","R","B",null,"M","?","M","M"],"character_chosen":"WATCHER","items_purchased":["Enlightenment","Adaptation","WheelKick","Halt"],"campfire_rested":0,"item_purchase_floors":[10,10,10,10],"current_hp_per_floor":[61,61,38,38,38,26,26,13,13,13,10,10,10,10,10,15,55,33,33,23,0,0],"gold":73,"neow_bonus":"RANDOM_COMMON_RELIC","is_daily":false,"chose_seed":false,"campfire_upgraded":2,"win_rate":0.0,"timestamp":1609583602,"path_taken":["M","?","M","?","M","E","R","?","T","?","M","?","M","?","R","BOSS","M","?","?","M"],"items_purchased_type":["Card","Card","Card","Card"],"build_version":"2020-12-22","purchased_purges":1,"victory":false,"max_hp_per_floor":[68,68,68,68,68,68,68,68,68,68,68,68,68,68,68,68,68,68,68,68,68,68],"card_choices":[{"not_picked":["Halt","BattleHymn"],"picked":"Study","floor":1.0},{"not_picked":["ClearTheMind","ThirdEye"],"picked":"EmptyFist","floor":3.0},{"not_picked":["Protect","Evaluate"],"picked":"ConjureBlade","floor":5.0},{"not_picked":["BowlingBash","SashWhip"],"picked":"Wallop","floor":6.0},{"not_picked":["Protect","Weave"],"picked":"EmptyBody","floor":8.0},{"not_picked":["Consecrate","JustLucky"],"picked":"FlurryOfBlows","floor":11.0},{"not_picked":["EmptyBody","CutThroughFate"],"picked":"Halt","floor":13.0},{"not_picked":["Establishment","Scrawl"],"picked":"Omniscience","floor":16.0},{"not_picked":["Crescendo","Weave"],"picked":"Nirvana+1","floor":18.0},{"not_picked":["EmptyBody","ClearTheMind","WindmillStrike+1"],"picked":"SKIP","floor":20.0}],"player_experience":917594,"relics_obtained":[{"floor":6.0,"key":"Toy Ornithopter"},{"floor":9.0,"key":"Anchor"},{"floor":14.0,"key":"Bag of Marbles"}],"event_choices":[{"damage_healed":0.0,"max_hp_gain":0.0,"max_hp_loss":0.0,"gold_gain":150.0,"event_name":"Liars Game","player_choice":"AGREE","floor":2.0,"gold_loss":0.0,"damage_taken":0.0,"cards_obtained":["Doubt"]},{"damage_healed":0.0,"max_hp_gain":0.0,"max_hp_loss":0.0,"gold_gain":0.0,"event_name":"Match and Keep!","player_choice":"1 cards matched","floor":4.0,"gold_loss":0.0,"damage_taken":0.0,"cards_obtained":["SpiritShield"]},{"damage_healed":0.0,"max_hp_gain":0.0,"max_hp_loss":0.0,"gold_gain":0.0,"event_name":"World of Goop","player_choice":"Left Gold","floor":12.0,"gold_loss":28.0,"damage_taken":0.0},{"damage_healed":0.0,"max_hp_gain":0.0,"max_hp_loss":0.0,"gold_gain":0.0,"event_name":"N\u0027loth","player_choice":"Traded Relic","floor":19.0,"relics_lost":["Toy Ornithopter"],"gold_loss":0.0,"damage_taken":0.0,"relics_obtained":["Nloth\u0027s Gift"]}],"is_beta":false,"boss_relics":[{"not_picked":["HolyWater","Snecko Eye"],"picked":"Fusion Hammer"}],"items_purged_floors":[10],"is_endless":false,"potions_floor_spawned":[1,5,6,11],"killed_by":"3 Cultists","ascension_level":17}}