{"host":"0azimyi6n3ugndj4","time":1609610649,"event":{"mods":["2.2 Compatiblity","BaseMod","Bestiary","Conspire","Curses Come First","Defuse TimeMaze Blight","Hermit","Hyrulean Relics","Infinite Spire","Minty Spire (QoL Compilation)","Relic Stats","Replay The Spire","StSLib","SuperFastMode","The Cursed","Uncapped","¡¼?Úª?ø«¡½REMEMod"],"gold_per_floor":[147,256,256,90,15,15,63,63,132,238,70,166,166,261,261,491,491,541,541,541,816,882,882,888,888],"floor_reached":24,"playtime":617,"items_purged":["Regret"],"score":571,"play_id":"f1846604-4b8e-4b5d-adb9-1853731f603e","local_time":"20210103030409","daily_mods":["SealedDeck","Hoarder","Insanity","Chimera","Specialized","Vintage","ControlledChaos","Allstar","Diverse","Colorless Cards","Heirloom","Time Dilation","Flight","Elite Swarm","Lethality","Midas","Binary"],"is_ascension_mode":true,"campfire_choices":[{"floor":6,"key":"REST"},{"floor":15,"key":"REST"}],"circlet_count":0,"master_deck":["Wraith Form v2","DevaForm","AscendersBane","Bash","Survivor","Zap","Strike_R","Strike_G","Strike_B","Defend_R","Defend_G","Defend_P","hermit:Desperado","hermit:TrackingShot","Endless Agony","Entrench","SashWhip","CrushJoints","TheCursedMod:CircleOfBlood","hermit:WideOpen","Clash","TheCursedMod:CircleOfFlame","Feel No Pain","Stack","Halt","Steam","Halt","Quick Slash","REME_TheoryOfElimination","TheCursedMod:RavingStaff","hermit:Enervate","ReplayTheSpireMod:Strike From Hell","Heavy Blade","hermit:Vantage","ReplayTheSpireMod:Reroute Power","Reprogram","Headbutt","TheCursedMod:Stretching","Anger","hermit:Virtue","hermit:Vantage","hermit:Desperado","TheCursedMod:Stretching","Prepared","hermit:HoleUp","Streamline","Dagger Spray","TheCursedMod:CursedMace","Deadly Poison","Dagger Spray","Rage","Sucker Punch","Reinforced Body","hermit:WideOpen","hermit:Vantage","hermit:TrackingShot","Clash","Cloak And Dagger","Slice","Perseverance","hermit:BodyArmor","Fasting2","Buffer","Buffer","Buffer","Buffer","Buffer","Buffer","Buffer","Buffer","Buffer","Buffer","Buffer","Buffer","Buffer","Buffer","Buffer","Barrage","Barrage","Barrage","hermit:Misfire","hermit:Misfire","hermit:Misfire","Dark Shackles","Dark Shackles","Dark Shackles","CutThroughFate","CutThroughFate","CutThroughFate","hermit:Snipe","hermit:Snipe","hermit:Snipe","Flying Knee","Flying Knee","Flying Knee","TheCursedMod:RapidMovement","TheCursedMod:RapidMovement","TheCursedMod:RapidMovement","Heavy Blade","Heavy Blade","Heavy Blade","Panic Button","Panic Button","Panic Button","Replay:ManipulateFuture","Replay:ManipulateFuture","Replay:ManipulateFuture","hermit:Gambit","hermit:Gambit","hermit:Gambit","Regret","Regret"],"relics":["Burning Blood","Frozen Eye","Busted Crown","REME_ComplimentaryCards","Replay:PocketPolymizer","Replay:Bandana","Bag of Preparation","Dream Catcher","zeldaRelics:CourageTriforce","HandDrill","conspire:GlowingRock","conspire:DeflatedDodgeball","zeldaRelics:WisdomPiece","REME_DuelDisc","conspire:BottledYoYo","infinitespire:Magic Flask","conspire:RoyalGoblet","infinitespire:PuzzleCube"],"acts_visited":["Exordium","TheCity"],"potions_floor_usage":[12,24],"damage_taken":[{"damage":0,"enemies":"Cultist","floor":1,"turns":3},{"damage":21,"enemies":"conspire:MimicChest","floor":2,"turns":4},{"damage":0,"enemies":"Lagavulin","floor":10,"turns":8},{"damage":15,"enemies":"Jaw Worm","floor":12,"turns":3},{"damage":12,"enemies":"3 Sentries","floor":14,"turns":7},{"damage":19,"enemies":"Slime Boss","floor":16,"turns":9},{"damage":0,"enemies":"Chosen","floor":18,"turns":7},{"damage":16,"enemies":"Shell Parasite","floor":22,"turns":8},{"damage":71,"enemies":"Book of Stabbing","floor":24,"turns":4}],"seed_played":"4489775991685840008","potions_obtained":[{"floor":10,"key":"REME_GoldPotion"},{"floor":14,"key":"ColorlessPotion"}],"is_trial":true,"path_per_floor":["M","?","?","$","?","R","T","$","T","E","$","M","?","E","R","B",null,"M","?","?","?","M","AVR","E"],"character_chosen":"IRONCLAD","items_purchased":["Dream Catcher","HandDrill"],"campfire_rested":2,"item_purchase_floors":[4,11],"current_hp_per_floor":[75,60,60,60,60,75,75,75,75,75,75,66,66,66,75,62,72,75,75,75,75,65,65,0,0],"gold":888,"neow_bonus":"","is_daily":false,"chose_seed":false,"campfire_upgraded":0,"win_rate":0.0,"timestamp":1609610649,"path_taken":["M","?","?","?","?","R","?","$","T","E","$","?","?","E","R","BOSS","M","?","?","?","?","AVR","E"],"items_purchased_type":["Relic","Relic"],"build_version":"2020-12-22","purchased_purges":1,"victory":false,"max_hp_per_floor":[75,75,75,75,75,75,75,75,75,75,75,75,75,75,75,75,75,75,75,75,75,75,75,75,75],"relic_stats":{"Dream Catcher":2,"Busted Crown":22,"counters":[9,53],"Bag of Preparation":[14],"HandDrill":[10],"obtain_stats":[{"zeldaRelics:WisdomPiece":14,"Replay:PocketPolymizer":0,"conspire:RoyalGoblet":23,"REME_DuelDisc":17,"Bag of Preparation":2,"infinitespire:Magic Flask":22,"Burning Blood":0,"zeldaRelics:CourageTriforce":10,"Frozen Eye":0,"Replay:Bandana":1,"Dream Catcher":4,"conspire:GlowingRock":12,"Busted Crown":0,"zeldaRelics:CouragePiece":7,"HandDrill":11,"conspire:BottledYoYo":18,"conspire:DeflatedDodgeball":13,"infinitespire:PuzzleCube":23,"REME_ComplimentaryCards":0},{"zeldaRelics:WisdomPiece":5,"Replay:PocketPolymizer":0,"conspire:RoyalGoblet":8,"REME_DuelDisc":6,"Bag of Preparation":2,"infinitespire:Magic Flask":8,"Burning Blood":0,"zeldaRelics:CourageTriforce":3,"Frozen Eye":0,"Replay:Bandana":1,"Dream Catcher":2,"conspire:GlowingRock":4,"Busted Crown":0,"zeldaRelics:CouragePiece":2,"HandDrill":3,"conspire:BottledYoYo":7,"conspire:DeflatedDodgeball":4,"infinitespire:PuzzleCube":8,"REME_ComplimentaryCards":0},{"zeldaRelics:WisdomPiece":25,"Replay:PocketPolymizer":0,"conspire:RoyalGoblet":49,"REME_DuelDisc":34,"Bag of Preparation":7,"infinitespire:Magic Flask":49,"Burning Blood":0,"zeldaRelics:CourageTriforce":15,"Frozen Eye":0,"Replay:Bandana":3,"Dream Catcher":7,"conspire:GlowingRock":18,"Busted Crown":0,"zeldaRelics:CouragePiece":7,"HandDrill":15,"conspire:BottledYoYo":41,"conspire:DeflatedDodgeball":18,"infinitespire:PuzzleCube":49,"REME_ComplimentaryCards":0}],"Burning Blood":36},"card_choices":[],"player_experience":1500566,"relics_obtained":[{"floor":1,"key":"Replay:Bandana"},{"floor":2,"key":"Bag of Preparation"},{"floor":7,"key":"zeldaRelics:CouragePiece"},{"floor":9,"key":"zeldaRelics:CouragePiece"},{"floor":10,"key":"zeldaRelics:CouragePiece"},{"floor":12,"key":"conspire:GlowingRock"},{"floor":13,"key":"conspire:DeflatedDodgeball"},{"floor":14,"key":"zeldaRelics:WisdomPiece"},{"floor":18,"key":"conspire:BottledYoYo"},{"floor":22,"key":"infinitespire:Magic Flask"}],"event_choices":[{"cards_removed":["Eruption"],"damage_healed":0,"gold_gain":0,"player_choice":"Forget","damage_taken":0,"max_hp_gain":0,"max_hp_loss":0,"event_name":"Living Wall","floor":3,"gold_loss":0},{"cards_removed":["Demon Form"],"damage_healed":0,"gold_gain":0,"player_choice":"Card Removal","damage_taken":0,"max_hp_gain":0,"max_hp_loss":0,"event_name":"The Cleric","floor":5,"gold_loss":75},{"cards_removed":["Echo Form"],"damage_healed":0,"gold_gain":0,"player_choice":"Elegance","damage_taken":0,"max_hp_gain":0,"max_hp_loss":0,"event_name":"Back to Basics","floor":19,"gold_loss":0},{"damage_healed":0,"gold_gain":0,"player_choice":"Ignored","damage_taken":0,"max_hp_gain":0,"max_hp_loss":0,"event_name":"Ghosts","floor":20,"gold_loss":0},{"damage_healed":0,"gold_gain":275,"player_choice":"Desecrate","damage_taken":0,"max_hp_gain":0,"max_hp_loss":0,"event_name":"Golden Shrine","floor":21,"gold_loss":0,"cards_obtained":["Regret"]}],"is_beta":false,"boss_relics":[{"not_picked":["conspire:SeveredTorchhead","Honey Jar"],"picked":"REME_DuelDisc"}],"items_purged_floors":[23],"is_endless":false,"potions_floor_spawned":[10,14],"killed_by":"Book of Stabbing","ascension_level":20}}