{"host":"sum4dy402bbv9y4o","time":1609562190,"event":{"mods":["Aspiration","BaseMod","Conspire","Highlight Path","Minty Spire (QoL Compilation)","StSLib"],"gold_per_floor":[111,111,36,36,36,67,67,100,100,0,0,18,18,45,45,120,120,133,149,6,6,6],"floor_reached":21,"playtime":486,"items_purged":["Regret","Strike_B"],"score":411,"play_id":"572b5435-c7b3-4a17-9dea-a1a3e5e353af","local_time":"20210102073630","is_ascension_mode":true,"campfire_choices":[{"floor":7,"key":"REST"},{"floor":13,"key":"REST"},{"floor":15,"key":"REST"}],"circlet_count":0,"master_deck":["AscendersBane","conspire:GhostlyStrike","conspire:GhostlyDefend","conspire:GhostlyDefend","conspire:GhostlyDefend","conspire:GhostlyDefend","Zap+1","Dualcast+1","Ball Lightning","Barrage","Go for the Eyes","Ball Lightning","Capacitor","Electrodynamics","Redo+1","Gash","Defragment","Coolheaded"],"relics":["Cracked Core","Bag of Marbles","Vajra","Question Card","aspiration:DSix","Juzu Bracelet","Empty Cage"],"acts_visited":["Exordium","TheCity"],"potions_floor_usage":[8,21],"damage_taken":[{"damage":2,"enemies":"Jaw Worm","floor":1,"turns":3},{"damage":44,"enemies":"Gremlin Nob","floor":6,"turns":4},{"damage":35,"enemies":"3 Sentries","floor":8,"turns":7},{"damage":0,"enemies":"Small Slimes","floor":12,"turns":1},{"damage":6,"enemies":"Gremlin Nob","floor":14,"turns":3},{"damage":27,"enemies":"The Guardian","floor":16,"turns":7},{"damage":18,"enemies":"Chosen","floor":18,"turns":4},{"damage":25,"enemies":"2 Thieves","floor":19,"turns":3},{"damage":31,"enemies":"Shelled Parasite and Fungi","floor":21,"turns":1}],"seed_played":"4178053771638899591","potions_obtained":[{"floor":6,"key":"Regen Potion"},{"floor":12,"key":"LiquidBronze"},{"floor":19,"key":"DuplicationPotion"}],"is_trial":false,"path_per_floor":["M","?","$","?","?","E","R","E","T","$","?","M","R","E","R","B",null,"M","M","$","M"],"character_chosen":"DEFECT","items_purchased":["Defragment","Coolheaded"],"campfire_rested":3,"item_purchase_floors":[20,20],"current_hp_per_floor":[62,62,62,62,62,18,39,19,19,19,19,19,40,34,55,28,60,42,17,17,0,0],"gold":6,"neow_bonus":"UPGRADE_CARD","is_daily":false,"chose_seed":false,"campfire_upgraded":0,"win_rate":0.0,"timestamp":1609562190,"path_taken":["M","?","$","?","?","E","R","E","T","?","?","?","R","E","R","BOSS","M","M","$","M"],"items_purchased_type":["Card","Card"],"build_version":"2020-12-22","purchased_purges":2,"victory":false,"max_hp_per_floor":[71,71,71,71,71,71,71,71,71,71,71,71,71,71,71,71,71,71,71,71,71,71],"card_choices":[{"not_picked":["Rebound","Conserve Battery"],"picked":"Ball Lightning","floor":1},{"not_picked":["Go for the Eyes","conspire:SharedLibrary"],"picked":"Barrage","floor":6},{"not_picked":["Coolheaded","Beam Cell"],"picked":"Go for the Eyes","floor":8},{"not_picked":["Redo","Go for the Eyes","Beam Cell"],"picked":"Ball Lightning","floor":12},{"not_picked":["Steam","Barrage","Genetic Algorithm"],"picked":"Capacitor","floor":14},{"not_picked":["Seek","Buffer","Machine Learning"],"picked":"Electrodynamics","floor":16},{"not_picked":["Conserve Battery","Ball Lightning","Cold Snap"],"picked":"Redo+1","floor":18},{"not_picked":["Compile Driver","Rebound","Redo"],"picked":"Gash","floor":19}],"player_experience":2879270,"relics_obtained":[{"floor":6,"key":"Vajra"},{"floor":8,"key":"Question Card"},{"floor":9,"key":"aspiration:DSix"},{"floor":14,"key":"Juzu Bracelet"}],"event_choices":[{"damage_healed":0,"gold_gain":0,"player_choice":"Box","damage_taken":0,"relics_obtained":["Bag of Marbles"],"max_hp_gain":0,"max_hp_loss":0,"event_name":"Big Fish","floor":2,"gold_loss":0,"cards_obtained":["Regret"]},{"damage_healed":0,"gold_gain":0,"player_choice":"Grow","damage_taken":0,"max_hp_gain":0,"max_hp_loss":0,"event_name":"Living Wall","floor":4,"gold_loss":0,"cards_upgraded":["Zap"]},{"damage_healed":0,"gold_gain":0,"player_choice":"Ignored","damage_taken":0,"max_hp_gain":0,"max_hp_loss":0,"event_name":"Golden Idol","floor":5,"gold_loss":0},{"damage_healed":0,"gold_gain":0,"player_choice":"Agree","damage_taken":0,"max_hp_gain":0,"max_hp_loss":0,"event_name":"conspire:LoneGhost","floor":11,"gold_loss":0}],"is_beta":false,"boss_relics":[{"not_picked":["aspiration:RunicSpoon","aspiration:PoetsPen"],"picked":"Empty Cage"}],"items_purged_floors":[3,10],"is_endless":false,"potions_floor_spawned":[6,12,19],"killed_by":"Shelled Parasite and Fungi","ascension_level":20}}