{"host":"5dk97cf2ubw2v967","time":1609585046,"event":{"mods":["AlwaysNeverKeys","BaseMod","Better Altar","Better Vampires","Block Reminder","Colored Powertips","Downfall","Googly Eyes","Highlight Path","Minty Spire (QoL Compilation)","Permanent Neow","Potion Indicator Mod","Quick Restart","Relic Filter","Relic Stats","Say the Spire","Spicy Shops","StSLib","Waifu the Spire","everything is the same but u backflip on backflip"],"gold_per_floor":[118,118,268,268,13,13,27,62,111,125,158,176,176,196,196,271,271,286,556,76,90,106,135,52,66,90,90,6,6,38,54,54,128,128,140,140,151,176,195,195,221,221,221,233,250,279,279,290,290,290,290,290,290,79,107,107],"floor_reached":57,"playtime":3035,"items_purged":["Bash"],"score":2699,"play_id":"638b434f-355f-4655-a1eb-d7796dddb84f","local_time":"20210102105726","is_ascension_mode":true,"campfire_choices":[{"data":"Juggernaut","floor":6.0,"key":"SMITH"},{"floor":15.0,"key":"REST"},{"floor":27.0,"key":"REST"},{"floor":32,"key":"REST"},{"floor":40,"key":"RECALL"},{"floor":47,"key":"REST"},{"floor":49,"key":"REST"},{"floor":53,"key":"REST"}],"circlet_count":0,"master_deck":["AscendersBane","Strike_R","Strike_R","Strike_R","Strike_R","Strike_R","Defend_R","Defend_R","Defend_R","Defend_R","Juggernaut+1","Iron Wave","Feel No Pain","Intimidate","Juggernaut","Armaments","Second Wind","Shrug It Off","Juggernaut","Dark Embrace","Armaments","Feel No Pain","Intimidate","Reckless Charge","True Grit+1","Metallicize","Offering","Madness","Madness","Fire Breathing","Power Through","Reckless Charge","expansioncontent:AwakenDeath","expansioncontent:DecasProtection","Sentinel","Dark Embrace"],"relics":["Burning Blood","White Beast Statue","Kunai","Pen Nib","Bird Faced Urn","Mark of Pain","ClockworkSouvenir","Medical Kit","Ginger","Centennial Puzzle","Nunchaku","Fusion Hammer","Lizard Tail","Bottled Flame","Potion Belt","OrangePellets","Oddly Smooth Stone"],"acts_visited":["Exordium","TheCity","TheBeyond","TheEnding"],"potions_floor_usage":[13030,30,31,33,35,38,39,41,46,46,50,56],"damage_taken":[{"damage":9.0,"enemies":"Jaw Worm","floor":1.0,"turns":4.0},{"damage":13.0,"enemies":"2 Louse","floor":7.0,"turns":4.0},{"damage":40.0,"enemies":"Gremlin Nob","floor":8.0,"turns":5.0},{"damage":6.0,"enemies":"Cultist","floor":10.0,"turns":4.0},{"damage":15.0,"enemies":"Lagavulin","floor":11.0,"turns":5.0},{"damage":10.0,"enemies":"2 Fungi Beasts","floor":12.0,"turns":4.0},{"damage":7.0,"enemies":"Blue Slaver","floor":14.0,"turns":3.0},{"damage":9.0,"enemies":"Hexaghost","floor":16.0,"turns":7.0},{"damage":10.0,"enemies":"3 Byrds","floor":18.0,"turns":4.0},{"damage":30.0,"enemies":"Chosen","floor":21.0,"turns":5.0},{"damage":19.0,"enemies":"Snake Plant","floor":22.0,"turns":4.0},{"damage":56.0,"enemies":"Slavers","floor":23.0,"turns":6.0},{"damage":18.0,"enemies":"Centurion and Healer","floor":25.0,"turns":9.0},{"damage":51,"enemies":"Gremlin Leader","floor":30,"turns":6},{"damage":26,"enemies":"Shelled Parasite and Fungi","floor":31,"turns":4},{"damage":47,"enemies":"Automaton","floor":33,"turns":9},{"damage":17,"enemies":"3 Darklings","floor":35,"turns":4},{"damage":13,"enemies":"Orb Walker","floor":37,"turns":3},{"damage":13,"enemies":"Mind Bloom Boss Battle","floor":38,"turns":5},{"damage":14,"enemies":"Transient","floor":39,"turns":6},{"damage":16,"enemies":"Nemesis","floor":41,"turns":5},{"damage":64,"enemies":"Jaw Worm Horde","floor":44,"turns":5},{"damage":12,"enemies":"Writhing Mass","floor":45,"turns":3},{"damage":53,"enemies":"Reptomancer","floor":46,"turns":5},{"damage":8,"enemies":"Transient","floor":48,"turns":6},{"damage":69,"enemies":"Donu and Deca","floor":50,"turns":8},{"damage":55,"enemies":"Time Eater","floor":51,"turns":8},{"damage":45,"enemies":"Shield and Spear","floor":55,"turns":6},{"damage":100,"enemies":"The Heart","floor":56,"turns":10}],"seed_played":"5465386056260022822","potions_obtained":[{"floor":7.0,"key":"BloodPotion"},{"floor":8.0,"key":"champ:CounterPotion"},{"floor":10.0,"key":"BlessingOfTheForge"},{"floor":11.0,"key":"AttackPotion"},{"floor":12.0,"key":"ColorlessPotion"},{"floor":14.0,"key":"BlessingOfTheForge"},{"floor":16.0,"key":"DistilledChaos"},{"floor":18.0,"key":"BlessingOfTheForge"},{"floor":21.0,"key":"BloodPotion"},{"floor":22.0,"key":"Ancient Potion"},{"floor":23.0,"key":"FairyPotion"},{"floor":25.0,"key":"Weak Potion"},{"floor":30,"key":"DuplicationPotion"},{"floor":31,"key":"SpeedPotion"},{"floor":33,"key":"hexamod:EctoCoolerPotion"},{"floor":35,"key":"FearPotion"},{"floor":37,"key":"DistilledChaos"},{"floor":38,"key":"champ:CounterPotion"},{"floor":39,"key":"Explosive Potion"},{"floor":41,"key":"Fruit Juice"},{"floor":44,"key":"EssenceOfSteel"},{"floor":46,"key":"FairyPotion"},{"floor":48,"key":"Energy Potion"},{"floor":55,"key":"BloodPotion"}],"is_trial":false,"path_per_floor":["M","?","?","?","$","R","M","E","T","M","E","M","?","M","R","B",null,"M","?","$","M","M","E","$","M","T","R","$","?","E","M","R","B",null,"M","?","M","?","M","R","E","?","T","M","M","E","R","M","R","B","B",null,"R","$","E","B",null],"character_chosen":"IRONCLAD","items_purchased":["White Beast Statue","Feel No Pain","Block Potion","ClockworkSouvenir","Medical Kit","Regen Potion","Feel No Pain","Reckless Charge","OrangePellets","Dark Embrace"],"campfire_rested":6,"item_purchase_floors":[5,5,5,20,20,20,24,28,54,54],"current_hp_per_floor":[65,70,70,70,70,70,63,29,29,45,36,36,29,30,54,59,75,79,52,52,36,47,18,18,16,16,40,40,17,11,32,56,29,67,74,60,65,74,80,80,81,71,71,29,31,50,75,85,85,39,33,72,85,85,62,15],"gold":107,"neow_bonus":"THREE_RARE_CARDS","is_daily":false,"chose_seed":false,"campfire_upgraded":1,"win_rate":0.0,"timestamp":1609585046,"path_taken":["M","?","?","?","$","R","M","E","T","M","E","?","?","M","R","BOSS","M","?","$","M","?","E","?","M","T","R","$","?","E","M","R","BOSS","M","?","M","?","M","R","E","?","T","M","M","E","R","M","R","BOSS","BOSS","R","$","E","BOSS"],"items_purchased_type":["Relic","Card","Potion","Relic","Relic","Potion","Card","Card","Relic","Card"],"build_version":"2020-12-22","purchased_purges":1,"victory":true,"max_hp_per_floor":[75,80,80,80,80,80,80,80,80,80,80,80,80,80,80,80,80,80,80,80,80,80,80,80,80,80,80,80,80,80,80,80,80,80,80,80,80,80,80,80,85,85,85,85,85,85,85,85,85,85,85,85,85,85,85,85],"relic_stats":{"OrangePellets":[1],"Centennial Puzzle":[48],"Nunchaku":[9],"Lizard Tail":42,"counters":[29,157],"Bird Faced Urn":[283],"Pen Nib":[14],"Kunai":[17],"Ginger":[9],"Medical Kit":[96],"obtain_stats":[{"Potion Belt":46,"Oddly Smooth Stone":55,"Pen Nib":9,"Ginger":23,"Medical Kit":20,"Burning Blood":0,"White Beast Statue":5,"ClockworkSouvenir":20,"OrangePellets":54,"Centennial Puzzle":26,"Nunchaku":30,"Lizard Tail":38,"Bottled Flame":41,"Bird Faced Urn":11,"Mark of Pain":17,"Fusion Hammer":34,"Kunai":8},{"Potion Belt":24,"Oddly Smooth Stone":28,"Pen Nib":3,"Ginger":12,"Medical Kit":9,"Burning Blood":0,"White Beast Statue":1,"ClockworkSouvenir":9,"OrangePellets":27,"Centennial Puzzle":13,"Nunchaku":14,"Lizard Tail":19,"Bottled Flame":21,"Bird Faced Urn":5,"Mark of Pain":8,"Fusion Hammer":16,"Kunai":3},{"Potion Belt":119,"Oddly Smooth Stone":147,"Pen Nib":13,"Ginger":55,"Medical Kit":40,"Burning Blood":0,"White Beast Statue":4,"ClockworkSouvenir":40,"OrangePellets":141,"Centennial Puzzle":64,"Nunchaku":70,"Lizard Tail":95,"Bottled Flame":106,"Bird Faced Urn":22,"Mark of Pain":36,"Fusion Hammer":83,"Kunai":13}],"Burning Blood":166},"card_choices":[{"not_picked":["Feed","Reaper"],"picked":"Juggernaut","floor":0.0},{"not_picked":["Wild Strike","Combust"],"picked":"Iron Wave","floor":1.0},{"not_picked":["Clothesline","Perfected Strike"],"picked":"Intimidate","floor":7.0},{"not_picked":["Cleave","Shrug It Off"],"picked":"Juggernaut","floor":8.0},{"not_picked":["Twin Strike","Sword Boomerang"],"picked":"Armaments","floor":10.0},{"not_picked":["Uppercut","Body Slam"],"picked":"Second Wind","floor":11.0},{"not_picked":["Twin Strike","Flex"],"picked":"Shrug It Off","floor":12.0},{"not_picked":["Blood for Blood","Demon Form","Clash"],"picked":"SKIP","floor":14.0},{"not_picked":["Reaper","Corruption"],"picked":"Juggernaut","floor":16.0},{"not_picked":["Entrench","True Grit","Combust+1"],"picked":"SKIP","floor":18.0},{"not_picked":["Flex","Sword Boomerang"],"picked":"Dark Embrace","floor":21.0},{"not_picked":["Heavy Blade","Body Slam","Blood for Blood"],"picked":"SKIP","floor":22.0},{"not_picked":["Entrench","Clash"],"picked":"Armaments","floor":23.0},{"not_picked":["Body Slam","Rupture+1"],"picked":"Intimidate","floor":25.0},{"not_picked":["Burning Pact","Offering"],"picked":"True Grit+1","floor":30},{"not_picked":["Cleave","Iron Wave"],"picked":"Metallicize","floor":31},{"not_picked":["Immolate","Berserk"],"picked":"Offering","floor":33},{"not_picked":["Dropkick","Thunderclap","Clothesline+1"],"picked":"SKIP","floor":35},{"not_picked":["Rupture","Pommel Strike"],"picked":"Fire Breathing","floor":37},{"not_picked":["Havoc+1","Body Slam"],"picked":"Power Through","floor":38},{"not_picked":["Pommel Strike+1","Thunderclap"],"picked":"Reckless Charge","floor":39},{"not_picked":["Blood for Blood","Sever Soul","Battle Trance+1"],"picked":"SKIP","floor":41},{"not_picked":["Violence","Madness"],"picked":"expansioncontent:AwakenDeath","floor":42},{"not_picked":["Forethought","PanicButton"],"picked":"expansioncontent:DecasProtection","floor":42},{"not_picked":["Blood for Blood+1","Iron Wave"],"picked":"Sentinel","floor":44},{"not_picked":["Twin Strike","Armaments","Clothesline"],"picked":"SKIP","floor":45},{"not_picked":["Reckless Charge+1","Body Slam","Clothesline"],"picked":"SKIP","floor":46},{"not_picked":["Thunderclap+1","Rage+1","Pummel"],"picked":"SKIP","floor":48},{"not_picked":["Limit Break","Perfected Strike","Whirlwind"],"picked":"SKIP","floor":55}],"player_experience":1281275,"relics_obtained":[{"floor":8.0,"key":"Kunai"},{"floor":9.0,"key":"Pen Nib"},{"floor":11.0,"key":"Bird Faced Urn"},{"floor":23.0,"key":"Ginger"},{"floor":26.0,"key":"Centennial Puzzle"},{"floor":30,"key":"Nunchaku"},{"floor":38,"key":"Lizard Tail"},{"floor":41,"key":"Bottled Flame"},{"floor":46,"key":"Potion Belt"},{"floor":55,"key":"Oddly Smooth Stone"}],"event_choices":[{"damage_healed":0.0,"max_hp_gain":5.0,"max_hp_loss":0.0,"gold_gain":0.0,"event_name":"Big Fish","player_choice":"Donut","floor":2.0,"gold_loss":0.0,"damage_taken":0.0},{"damage_healed":0.0,"max_hp_gain":0.0,"max_hp_loss":0.0,"gold_gain":150.0,"event_name":"Liars Game","player_choice":"AGREE","floor":3.0,"gold_loss":0.0,"damage_taken":0.0,"cards_obtained":["Doubt"]},{"cards_removed":["Doubt","sneckomod:Bewildered"],"damage_healed":0.0,"max_hp_gain":0.0,"max_hp_loss":0.0,"gold_gain":0.0,"event_name":"Fountain of Cleansing","player_choice":"Removed Curses","floor":4.0,"gold_loss":0.0,"damage_taken":0.0},{"cards_removed":["Doubt"],"damage_healed":0.0,"max_hp_gain":0.0,"max_hp_loss":0.0,"gold_gain":0.0,"event_name":"Golden Wing","player_choice":"Card Removal","floor":13.0,"gold_loss":0.0,"damage_taken":7.0},{"damage_healed":0.0,"max_hp_gain":0.0,"max_hp_loss":0.0,"gold_gain":270.0,"event_name":"Knowing Skull","player_choice":"GOLD GOLD GOLD ","floor":19.0,"potions_obtained":[],"gold_loss":0.0,"damage_taken":27.0,"cards_obtained":[]},{"damage_healed":0.0,"max_hp_gain":40.0,"max_hp_loss":17.0,"gold_gain":0.0,"event_name":"betterAltar:BetterAltar","player_choice":" Potion ","floor":29.0,"potions_obtained":["betterAltar:AltarPotion"],"relics_lost":[],"gold_loss":0.0,"damage_taken":23.0,"relics_obtained":[]},{"damage_healed":0,"gold_gain":0,"player_choice":"Embrace Madness","damage_taken":14,"max_hp_gain":0,"max_hp_loss":0,"event_name":"Winding Halls","floor":36,"gold_loss":0,"cards_obtained":["Madness","Madness"]},{"damage_healed":0,"gold_gain":0,"player_choice":"Fight","damage_taken":0,"max_hp_gain":0,"max_hp_loss":0,"event_name":"MindBloom","floor":38,"gold_loss":0},{"damage_healed":0,"gold_gain":0,"player_choice":"Memory 3","damage_taken":10,"max_hp_gain":0,"max_hp_loss":0,"event_name":"SensoryStone","floor":42,"gold_loss":0}],"is_beta":false,"boss_relics":[{"not_picked":["Philosopher\u0027s Stone","Black Star"],"picked":"Mark of Pain"},{"not_picked":["Black Blood","Sozu"],"picked":"Fusion Hammer"}],"items_purged_floors":[20],"is_endless":false,"potions_floor_spawned":[7,8,10,11,12,14,16,18,21,22,23,25,30,31,33,35,37,38,39,41,44,45,46,48,55],"ascension_level":20}}