{"host":"tiwza2kisyyrpq7h","time":1609600350,"event":{"mods":["BaseMod","Colored Powertips","Minty Spire (QoL Compilation)","Quick Restart","Rare Cards Sparkle","StSLib","SuperFastMode","The Servant 0.9.4","óô»ðÖ¸ÄÏ"],"gold_per_floor":[109,259,259,269,194,194,194,209,209,220,247,247,265,285,285,364,364,383,394,41,41,41,71,71,71],"floor_reached":24,"playtime":589,"items_purged":[],"score":509,"play_id":"0e720afc-54aa-4596-b17e-d9ddb10dcac6","local_time":"20210102231230","is_ascension_mode":true,"campfire_choices":[{"data":"Eruption","floor":6.0,"key":"SMITH"},{"data":"Study","floor":12.0,"key":"SMITH"},{"data":"Meditate","floor":15.0,"key":"SMITH"}],"circlet_count":0,"master_deck":["AscendersBane","Strike_P","Strike_P","Strike_P","Defend_P","Defend_P","Defend_P","Eruption+1","Vigilance","EmptyBody","Meditate+1","PathToVictory","CutThroughFate","Study+1","Nirvana","Adaptation","Ragnarok","Weave+1","Fasting2","LikeWater","Halt"],"relics":["PureWater","Bronze Scales","StrikeDummy","MealTicket","Sozu","Shuriken","Question Card"],"acts_visited":["Exordium","TheCity"],"potions_floor_usage":[22],"damage_taken":[{"damage":1.0,"enemies":"2 Louse","floor":1.0,"turns":2.0},{"damage":5.0,"enemies":"Small Slimes","floor":4.0,"turns":5.0},{"damage":0.0,"enemies":"Cultist","floor":8.0,"turns":3.0},{"damage":6.0,"enemies":"Looter","floor":10.0,"turns":2.0},{"damage":33.0,"enemies":"3 Sentries","floor":11.0,"turns":7.0},{"damage":4.0,"enemies":"Large Slime","floor":13.0,"turns":3.0},{"damage":1.0,"enemies":"2 Fungi Beasts","floor":14.0,"turns":2.0},{"damage":0.0,"enemies":"Hexaghost","floor":16.0,"turns":7.0},{"damage":27.0,"enemies":"2 Thieves","floor":18.0,"turns":3.0},{"damage":3.0,"enemies":"Spheric Guardian","floor":19.0,"turns":3.0},{"damage":0,"enemies":"Chosen and Byrds","floor":22,"turns":1},{"damage":30,"enemies":"Book of Stabbing","floor":23,"turns":5},{"damage":8,"enemies":"Snake Plant","floor":24,"turns":1}],"seed_played":"6348914733873539148","potions_obtained":[{"floor":11.0,"key":"Strength Potion"},{"floor":13.0,"key":"SmokeBomb"},{"floor":14.0,"key":"Swift Potion"}],"is_trial":false,"path_per_floor":["M","?","?","M","?","R","?","M","T","M","E","R","M","M","R","B",null,"M","M","$","?","M","E","M"],"character_chosen":"WATCHER","items_purchased":["Shuriken","Fasting2"],"campfire_rested":0,"item_purchase_floors":[20,20],"current_hp_per_floor":[60,60,60,55,55,55,48,48,48,42,9,9,5,4,4,4,52,25,22,37,37,37,7,0,0],"gold":71,"neow_bonus":"RANDOM_COMMON_RELIC","is_daily":false,"chose_seed":false,"campfire_upgraded":3,"win_rate":0.0,"timestamp":1609600350,"path_taken":["M","?","?","?","?","R","?","M","T","M","E","R","M","M","R","BOSS","M","M","$","?","M","E","M"],"items_purchased_type":["Relic","Card"],"build_version":"2020-12-22","purchased_purges":0,"victory":false,"max_hp_per_floor":[68,68,68,68,68,68,68,68,68,68,68,68,68,68,68,68,68,68,68,68,68,68,68,68,68],"card_choices":[{"not_picked":["SashWhip","JustLucky"],"picked":"EmptyBody","floor":1.0},{"not_picked":["Prostrate","Halt"],"picked":"Meditate","floor":4.0},{"not_picked":["BowlingBash","CrushJoints"],"picked":"PathToVictory","floor":8.0},{"not_picked":["SashWhip","Evaluate"],"picked":"CutThroughFate","floor":10.0},{"not_picked":["ThirdEye","Protect"],"picked":"Study","floor":11.0},{"not_picked":["CutThroughFate","Prostrate"],"picked":"Nirvana","floor":13.0},{"not_picked":["JustLucky","EmptyBody"],"picked":"Adaptation","floor":14.0},{"not_picked":["SpiritShield","Blasphemy"],"picked":"Ragnarok","floor":16.0},{"not_picked":["ClearTheMind","CrushJoints"],"picked":"Weave+1","floor":18.0},{"not_picked":["DeceiveReality","Crescendo","Consecrate"],"picked":"SKIP","floor":19.0},{"not_picked":["CutThroughFate","Ragnarok"],"picked":"Halt","floor":23}],"player_experience":928238,"relics_obtained":[{"floor":9.0,"key":"StrikeDummy"},{"floor":11.0,"key":"MealTicket"},{"floor":23,"key":"Question Card"}],"event_choices":[{"damage_healed":0.0,"max_hp_gain":0.0,"max_hp_loss":0.0,"gold_gain":150.0,"event_name":"Liars Game","player_choice":"AGREE","floor":2.0,"gold_loss":0.0,"damage_taken":0.0,"cards_obtained":["Doubt"]},{"cards_removed":["Doubt"],"damage_healed":0.0,"max_hp_gain":0.0,"max_hp_loss":0.0,"gold_gain":0.0,"event_name":"Fountain of Cleansing","player_choice":"Removed Curses","floor":3.0,"gold_loss":0.0,"damage_taken":0.0},{"cards_removed":["Strike_P"],"damage_healed":0.0,"max_hp_gain":0.0,"max_hp_loss":0.0,"gold_gain":0.0,"event_name":"The Cleric","player_choice":"Card Removal","floor":5.0,"gold_loss":75.0,"damage_taken":0.0},{"cards_removed":["Defend_P"],"damage_healed":0.0,"max_hp_gain":0.0,"max_hp_loss":0.0,"gold_gain":0.0,"event_name":"Golden Wing","player_choice":"Card Removal","floor":7.0,"gold_loss":0.0,"damage_taken":7.0},{"damage_healed":0.0,"max_hp_gain":0.0,"max_hp_loss":0.0,"gold_gain":0.0,"event_name":"The Library","player_choice":"Read","floor":21.0,"gold_loss":0.0,"damage_taken":0.0,"cards_obtained":["LikeWater"]}],"is_beta":false,"boss_relics":[{"not_picked":["Runic Pyramid","Runic Dome"],"picked":"Sozu"}],"items_purged_floors":[],"is_endless":false,"potions_floor_spawned":[11,13,14,22,23],"killed_by":"Snake Plant","ascension_level":18}}