{"host":"3ikutf0nfngyhvfs","time":1609618781,"event":{"mods":["AchievementEnabler","BaseMod","Downfall","Minty Spire (QoL Compilation)","StSLib","The Cursed"],"gold_per_floor":[99,117,135,150,163,163,241,241,241,241,241,261,281,281,296,396,396,396,415,415,415,433,459,459,249,249,249,265,265,265,278,290,393,393,393,1392,1406,1425,1444,1455,1480,1499,1511,1511,1528,1555,1480,1499,1510,1510],"floor_reached":51,"playtime":6638,"items_purged":["Regret"],"score":872,"play_id":"bda80205-5c3f-48d1-a033-d051a5f84495","local_time":"20210102141941","is_ascension_mode":false,"campfire_choices":[{"data":"Guardian:TwinSlam","floor":1,"key":"SMITH"},{"data":"Guardian:ArmoredProtocol","floor":6,"key":"SMITH"},{"data":"Guardian:Clone","floor":9,"key":"SMITH"},{"floor":11,"key":"RECALL"},{"data":"Guardian:CurlUp","floor":18,"key":"SMITH"},{"data":"Guardian:ArmoredProtocol","floor":27,"key":"SMITH"},{"data":"Guardian:Repulse","floor":30,"key":"SMITH"},{"data":"Guardian:StasisStrike","floor":35,"key":"SMITH"},{"data":"Guardian:ShieldSpikes","floor":47,"key":"SMITH"}],"circlet_count":0,"master_deck":["Guardian:Strike_Guardian+1","Guardian:Strike_Guardian+1","Guardian:Strike_Guardian+1","Guardian:Strike_Guardian+1","Guardian:Defend_Guardian+1","Guardian:Defend_Guardian+1","Guardian:Defend_Guardian+1","Guardian:CurlUp+1","Guardian:TwinSlam+1","Guardian:ArmoredProtocol+1","Guardian:Clone+1","Guardian:TimeSifter","Guardian:BronzeArmor","Guardian:Gem_Red","Guardian:RefractedBeam","Guardian:RevengeProtocol","Guardian:ShieldCharger","Guardian:ShieldSpikes+1","Parasite","Guardian:ArmoredProtocol+1","Guardian:Repulse+1","Guardian:Gem_Crimson","Shame","Guardian:BronzeOrb","Guardian:ChargeCore","Guardian:StasisStrike+1","Guardian:Gem_Fragmented","Guardian:Gem_Lightblue","Guardian:Gem_Green","Normality","Guardian:SentryBeam+1","Guardian:ArmoredProtocol+1","Guardian:PiercingHide+1","Slimebound:Icky","Guardian:ShieldCharger+1","Guardian:DonusPower","Parasite","Guardian:ArmoredProtocol+1","Guardian:ChargeCore+1","Guardian:VentSteam+1","Guardian:Clone+1"],"relics":["Guardian:ModeShifter","Cursed Key","downfall:RedIOU","Toy Ornithopter","InkBottle","GremlinMask","Omamori","Calling Bell","Bronze Scales","Mercury Hourglass","Guardian:SackOfGems","Meat on the Bone","downfall:HeartBlessingBlue"],"acts_visited":["Exordium","TheCity","TheBeyond"],"potions_floor_usage":[15,15,19,23,37,38,38,45,46,49],"damage_taken":[{"damage":2,"enemies":"2 Louse","floor":2,"turns":4},{"damage":4,"enemies":"Small Slimes","floor":3,"turns":3},{"damage":0,"enemies":"Cultist","floor":4,"turns":4},{"damage":3,"enemies":"Blue Slaver","floor":5,"turns":3},{"damage":2,"enemies":"2 Fungi Beasts","floor":12,"turns":4},{"damage":6,"enemies":"Large Slime","floor":13,"turns":4},{"damage":8,"enemies":"Gremlin Gang","floor":15,"turns":4},{"damage":18,"enemies":"downfall:Watcher","floor":16,"turns":8},{"damage":12,"enemies":"Spheric Guardian","floor":19,"turns":4},{"damage":1,"enemies":"3 Byrds","floor":22,"turns":4},{"damage":16,"enemies":"Book of Stabbing","floor":23,"turns":7},{"damage":2,"enemies":"downfall:FleeingMerchant","floor":25,"turns":4},{"damage":0,"enemies":"Centurion and Healer","floor":28,"turns":7},{"damage":8,"enemies":"Cultist and Chosen","floor":31,"turns":9},{"damage":1,"enemies":"Shelled Parasite and Fungi","floor":32,"turns":7},{"damage":36,"enemies":"downfall:Defect","floor":33,"turns":10},{"damage":11,"enemies":"3 Shapes","floor":37,"turns":4},{"damage":23,"enemies":"Orb Walker","floor":38,"turns":4},{"damage":24,"enemies":"Writhing Mass","floor":39,"turns":6},{"damage":8,"enemies":"3 Darklings","floor":40,"turns":5},{"damage":8,"enemies":"Spire Growth","floor":42,"turns":7},{"damage":4,"enemies":"4 Shapes","floor":43,"turns":6},{"damage":12,"enemies":"Writhing Mass","floor":45,"turns":8},{"damage":0,"enemies":"Giant Head","floor":46,"turns":9},{"damage":0,"enemies":"Spire Growth","floor":48,"turns":6},{"damage":9,"enemies":"Transient","floor":49,"turns":5},{"damage":20,"enemies":"downfall:Ironclad","floor":50,"turns":12}],"seed_played":"-3344205171027819832","potions_obtained":[{"floor":2,"key":"LiquidMemories"},{"floor":3,"key":"champ:CounterPotion"},{"floor":12,"key":"SneckoOil"},{"floor":15,"key":"FairyPotion"},{"floor":16,"key":"SpeedPotion"},{"floor":19,"key":"Ancient Potion"},{"floor":23,"key":"sneckomod:MuddlingPotion"},{"floor":33,"key":"Guardian:DefensiveModePotion"},{"floor":37,"key":"hexamod:EctoCoolerPotion"},{"floor":40,"key":"SteroidPotion"},{"floor":42,"key":"SpeedPotion"},{"floor":46,"key":"FearPotion"},{"floor":49,"key":"GamblersBrew"}],"is_trial":false,"path_per_floor":["R","M","M","M","M","R","T","?","R","?","R","M","M","?","M","B",null,"R","M","?","?","M","E","T","$","?","R","M","?","R","M","M","B",null,"R","?","M","M","M","M","T","M","M","?","M","E","R","M","M","B",null],"character_chosen":"GUARDIAN","items_purchased":["Guardian:Repulse","Guardian:Recover"],"campfire_rested":0,"item_purchase_floors":[25,25],"current_hp_per_floor":[88,86,82,82,79,79,79,79,79,79,79,77,71,71,63,45,88,88,76,76,76,75,59,59,57,57,57,57,57,57,49,48,12,88,88,88,77,64,40,32,32,24,20,20,13,18,28,40,48,40],"gold":1510,"neow_bonus":"TEN_PERCENT_HP_BONUS","is_daily":false,"chose_seed":false,"campfire_upgraded":8,"win_rate":0.0,"timestamp":1609618781,"path_taken":["R","M","M","M","M","R","T","?","R","?","R","M","?","?","M","BOSS","R","M","?","?","M","E","T","$","?","R","?","?","R","M","M","BOSS","R","?","M","M","M","M","T","M","M","?","M","E","R","M","M","BOSS"],"items_purchased_type":["Card","Card"],"build_version":"2020-12-22","purchased_purges":1,"victory":true,"max_hp_per_floor":[88,88,88,88,88,88,88,88,88,88,88,88,88,88,88,88,88,88,88,88,88,88,88,88,88,88,88,88,88,88,88,88,88,88,88,88,88,88,88,88,88,88,88,88,88,88,98,98,98,98],"card_choices":[{"not_picked":["Guardian:ChargeCore","Guardian:TemporalShield"],"picked":"Guardian:ArmoredProtocol","floor":2},{"not_picked":["Guardian:Gem_Red","Guardian:PolyBeam"],"picked":"Guardian:Gem_White","floor":3},{"not_picked":["Guardian:Incinerate","Guardian:RollAttack"],"picked":"Guardian:Clone","floor":4},{"not_picked":["Guardian:FloatingOrbs","Guardian:PolyBeam"],"picked":"Guardian:Gem_Fragmented","floor":5},{"not_picked":["Guardian:Gem_Green","Guardian:Recover"],"picked":"Guardian:BronzeArmor","floor":12},{"not_picked":["Guardian:Gem_Green","Guardian:RollAttack"],"picked":"Guardian:Gem_Orange","floor":13},{"not_picked":["Guardian:Incinerate","Guardian:CrystalBeam"],"picked":"Guardian:RefractedBeam","floor":15},{"not_picked":["Guardian:TimeSifter","Guardian:ConstructionForm"],"picked":"Guardian:RevengeProtocol","floor":16},{"not_picked":["Guardian:ChargeCore","Guardian:TemporalStrike","Guardian:WalkerClaw"],"picked":"SKIP","floor":19},{"not_picked":["Guardian:VentSteam+1","Guardian:Suspension"],"picked":"Guardian:ShieldCharger","floor":22},{"not_picked":["Guardian:PrimingBeam","Guardian:BaubleBeam"],"picked":"Guardian:ShieldSpikes","floor":23},{"not_picked":["Guardian:TemporalShield+1","Guardian:WalkerClaw"],"picked":"Guardian:ArmoredProtocol","floor":25},{"not_picked":["Guardian:TimeCapacitor","Guardian:Suspension"],"picked":"Guardian:Gem_Crimson","floor":28},{"not_picked":["Guardian:ShieldCharger","Guardian:ChargeCore"],"picked":"Guardian:BronzeOrb","floor":31},{"not_picked":["Guardian:Recover","Guardian:CrystalBeam"],"picked":"Guardian:ChargeCore","floor":32},{"not_picked":["Guardian:RevengeProtocol","Guardian:FastForward"],"picked":"Guardian:StasisStrike","floor":33},{"not_picked":["Guardian:PiercingHide+1","Guardian:Gem_Cyan"],"picked":"Guardian:SentryBeam+1","floor":37},{"not_picked":["Guardian:Gem_Cyan","Guardian:Gem_Lightblue","Guardian:Reroute"],"picked":"SKIP","floor":38},{"not_picked":["Guardian:PrimingBeam","Guardian:Recover"],"picked":"Guardian:ArmoredProtocol+1","floor":39},{"not_picked":["Guardian:Repulse+1","Guardian:FastForward"],"picked":"Guardian:PiercingHide+1","floor":40},{"not_picked":["Guardian:Gem_Blue","Guardian:Gem_Lightblue"],"picked":"Guardian:ShieldCharger+1","floor":42},{"not_picked":["Guardian:SentryBeam","Guardian:Gem_Red"],"picked":"Guardian:DonusPower","floor":43},{"not_picked":["Guardian:Suspension","Guardian:PiercingHide"],"picked":"Guardian:ArmoredProtocol+1","floor":45},{"not_picked":["Guardian:TemporalShield","Guardian:FloatingOrbs"],"picked":"Guardian:ChargeCore+1","floor":46},{"not_picked":["Guardian:PrimingBeam","Guardian:RefractedBeam+1"],"picked":"Guardian:VentSteam+1","floor":48},{"not_picked":["Guardian:WalkerClaw","Guardian:Suspension+1"],"picked":"Guardian:Clone+1","floor":49}],"player_experience":394357,"relics_obtained":[{"floor":7,"key":"Bottled Lightning"},{"floor":23,"key":"Toy Ornithopter"},{"floor":24,"key":"InkBottle"},{"floor":34,"key":"Bronze Scales"},{"floor":34,"key":"Mercury Hourglass"},{"floor":34,"key":"Guardian:SackOfGems"},{"floor":46,"key":"Meat on the Bone"}],"event_choices":[{"damage_healed":0,"gold_gain":0,"player_choice":"Simplicity","damage_taken":0,"max_hp_gain":0,"max_hp_loss":0,"event_name":"Back to Basics","floor":20,"gold_loss":0,"cards_upgraded":["Guardian:Strike_Guardian","Guardian:Defend_Guardian","Guardian:Defend_Guardian","Guardian:Defend_Guardian"]},{"damage_healed":0,"gold_gain":0,"player_choice":"Trade","damage_taken":0,"relics_obtained":["GremlinMask"],"max_hp_gain":0,"max_hp_loss":0,"event_name":"FaceTrader","floor":26,"gold_loss":0},{"damage_healed":0,"gold_gain":0,"player_choice":"Stole Relic","damage_taken":0,"relics_obtained":["Omamori"],"max_hp_gain":0,"max_hp_loss":0,"event_name":"Addict","floor":29,"gold_loss":0,"cards_obtained":["Shame"]},{"cards_removed":["Guardian:Recover"],"damage_healed":0,"gold_gain":0,"player_choice":"Removed Skill","damage_taken":0,"max_hp_gain":0,"max_hp_loss":0,"event_name":"Falling","floor":44,"gold_loss":0}],"is_beta":false,"boss_relics":[{"not_picked":["Velvet Choker","Tiny House"],"picked":"Cursed Key"},{"not_picked":["Guardian:StasisSlotReductionRelic","Runic Dome"],"picked":"Calling Bell"}],"items_purged_floors":[25],"is_endless":false,"potions_floor_spawned":[2,3,12,15,16,19,23,33,37,40,42,46,49],"ascension_level":0}}