{"host":"aibqmozag2xz7y1n","time":1609624913,"event":{"mods":["AchievementEnabler","BaseMod","Colored Map","Marisa????????","Minty Spire (QoL Compilation)","StSLib","The Servant 0.9.4"],"gold_per_floor":[111,111,111,211,234,234,248,248,272,295,295,316,351,276,276,276,276],"floor_reached":16,"playtime":677,"items_purged":["Injury"],"score":90,"play_id":"b5c21cef-7dc1-4f3f-8aef-5d584f20922d","local_time":"20210102230153","is_ascension_mode":false,"campfire_choices":[{"data":"Protect","floor":6,"key":"SMITH"},{"data":"Vigilance","floor":8,"key":"SMITH"},{"data":"EmptyFist","floor":11,"key":"SMITH"},{"data":"Perseverance","floor":15,"key":"SMITH"}],"circlet_count":0,"master_deck":["Strike_P","Strike_P","Strike_P","Strike_P","Defend_P","Defend_P","Defend_P","Defend_P","Eruption+1","Vigilance+1","EmptyFist+1","Protect+1","Consecrate","Perseverance+1","Meditate"],"relics":["PureWater","Bottled Flame","Golden Idol","Happy Flower","Odd Mushroom"],"acts_visited":["Exordium"],"potions_floor_usage":[10,16],"damage_taken":[{"damage":7,"enemies":"Cultist","floor":1,"turns":3},{"damage":3,"enemies":"Jaw Worm","floor":5,"turns":6},{"damage":1,"enemies":"2 Louse","floor":7,"turns":3},{"damage":2,"enemies":"Gremlin Gang","floor":10,"turns":4},{"damage":0,"enemies":"3 Louse","floor":12,"turns":3},{"damage":0,"enemies":"The Mushroom Lair","floor":13,"turns":5},{"damage":59,"enemies":"Slime Boss","floor":16,"turns":9}],"seed_played":"-6708678490929179901","potions_obtained":[{"floor":5,"key":"StancePotion"},{"floor":7,"key":"Fire Potion"},{"floor":10,"key":"SteroidPotion"}],"is_trial":false,"path_per_floor":["M","T","?","?","M","R","M","R","T","M","R","M","?","$","R","B"],"character_chosen":"WATCHER","items_purchased":[],"campfire_rested":0,"item_purchase_floors":[],"current_hp_per_floor":[65,65,65,65,62,62,61,61,61,59,59,59,59,59,59,0,0],"gold":276,"neow_bonus":"UPGRADE_CARD","is_daily":false,"chose_seed":false,"campfire_upgraded":4,"win_rate":0.0,"timestamp":1609624913,"path_taken":["M","?","?","?","M","R","M","R","T","M","R","?","?","?","R","BOSS"],"items_purchased_type":[],"build_version":"2020-12-22","purchased_purges":1,"victory":false,"max_hp_per_floor":[72,72,72,72,72,72,72,72,72,72,72,72,72,72,72,72,72],"card_choices":[{"not_picked":["JustLucky","FlyingSleeves"],"picked":"EmptyFist","floor":1},{"not_picked":["Meditate","CrushJoints"],"picked":"Protect","floor":5},{"not_picked":["Wallop","Halt"],"picked":"Consecrate","floor":7},{"not_picked":["Fasting2","Pray","WheelKick"],"picked":"SKIP","floor":10},{"not_picked":["SashWhip","CrushJoints"],"picked":"Perseverance","floor":12},{"not_picked":["BattleHymn","DevaForm"],"picked":"Meditate","floor":13}],"player_experience":203228,"relics_obtained":[{"floor":2,"key":"Bottled Flame"},{"floor":9,"key":"Happy Flower"},{"floor":13,"key":"Odd Mushroom"}],"event_choices":[{"damage_healed":0,"gold_gain":0,"player_choice":"Take Wound","damage_taken":0,"relics_obtained":["Golden Idol"],"max_hp_gain":0,"max_hp_loss":0,"event_name":"Golden Idol","floor":3,"gold_loss":0,"cards_obtained":["Injury"]},{"damage_healed":0,"gold_gain":100,"player_choice":"Pray","damage_taken":0,"max_hp_gain":0,"max_hp_loss":0,"event_name":"Golden Shrine","floor":4,"gold_loss":0},{"damage_healed":0,"gold_gain":0,"player_choice":"Fought Mushrooms","damage_taken":0,"max_hp_gain":0,"max_hp_loss":0,"event_name":"Mushrooms","floor":13,"gold_loss":0}],"is_beta":false,"boss_relics":[],"items_purged_floors":[14],"is_endless":false,"potions_floor_spawned":[5,7,10],"killed_by":"Slime Boss","ascension_level":0}}