{"host":"vsdszi3rnxsdp24p","time":1609616875,"event":{"mods":["AchievementEnabler","BaseMod","Colored Map","Colored Powertips","Hermit","Highlight Path","Minty Spire (QoL Compilation)","Quick Restart","Relic Sorter","Relic Stats","StSLib","SuperFastMode","Synergy Search","The Cursed","The Mystic"],"gold_per_floor":[219,219,36,47,21,41,116,116,116,40,40,40],"floor_reached":11,"playtime":230,"items_purged":["Strike_B"],"score":61,"play_id":"d593a119-6059-4eb3-b14c-5574275c6936","local_time":"20210102204755","is_ascension_mode":false,"campfire_choices":[],"circlet_count":0,"master_deck":["Strike_B","Strike_B","Strike_B","Defend_B","Defend_B","Defend_B","Defend_B","Zap","Dualcast","Defragment","Doom and Gloom","Heatsinks","Turbo","Stack","White Noise","All For One"],"relics":["Cracked Core","Bag of Preparation"],"acts_visited":["Exordium"],"potions_floor_usage":[1,6],"damage_taken":[{"damage":5,"enemies":"2 Louse","floor":1,"turns":2},{"damage":5,"enemies":"Cultist","floor":4,"turns":4},{"damage":11,"enemies":"Jaw Worm","floor":6,"turns":2},{"damage":54,"enemies":"Lagavulin","floor":11,"turns":5}],"seed_played":"-2122461651739521954","potions_obtained":[{"floor":1,"key":"EntropicBrew"},{"floor":2,"key":"DuplicationPotion"}],"is_trial":false,"path_per_floor":["M","?","$","M","$","M","?","T","T","$","E"],"character_chosen":"DEFECT","items_purchased":["Doom and Gloom","Heatsinks","Stack","All For One"],"campfire_rested":0,"item_purchase_floors":[3,3,5,10],"current_hp_per_floor":[70,70,70,65,65,54,43,43,43,43,0,0],"gold":40,"neow_bonus":"HUNDRED_GOLD","is_daily":false,"chose_seed":false,"campfire_upgraded":0,"win_rate":0.0,"timestamp":1609616875,"path_taken":["M","?","$","?","?","M","?","?","T","$","E"],"items_purchased_type":["Card","Card","Card","Card"],"build_version":"2020-12-22","purchased_purges":1,"victory":false,"max_hp_per_floor":[75,75,75,75,75,75,75,75,75,75,75,75],"relic_stats":{"counters":[4,13],"Bag of Preparation":[2],"obtain_stats":[{"Bag of Preparation":9,"Cracked Core":0},{"Bag of Preparation":3,"Cracked Core":0},{"Bag of Preparation":8,"Cracked Core":0}]},"card_choices":[{"not_picked":["Heatsinks","Auto Shields"],"picked":"Defragment","floor":1},{"not_picked":["Compile Driver","Cold Snap"],"picked":"Turbo","floor":4},{"not_picked":["Tempest","Barrage"],"picked":"White Noise","floor":6}],"player_experience":121961,"relics_obtained":[{"floor":9,"key":"Bag of Preparation"}],"event_choices":[{"damage_healed":0,"gold_gain":0,"player_choice":"Got Potions","damage_taken":0,"max_hp_gain":0,"max_hp_loss":0,"event_name":"Lab","floor":2,"gold_loss":0},{"damage_healed":0,"gold_gain":75,"player_choice":"Gather Gold","damage_taken":11,"max_hp_gain":0,"max_hp_loss":0,"event_name":"World of Goop","floor":7,"gold_loss":0}],"is_beta":false,"boss_relics":[],"items_purged_floors":[3],"is_endless":false,"potions_floor_spawned":[1,4],"killed_by":"Lagavulin","ascension_level":0}}