{"host":"2pt9f5ojqg0apn28","time":1609608730,"event":{"mods":["AchievementEnabler","BaseMod","Better Altar","Better Match","Better Note","Better Sensory Stone","Better Skull","Better Third Choice","Colored Map","Colored Powertips","Hubris","Infinite Spire","Lobotomy","LobotomyExtend","Minty Spire (QoL Compilation)","Replay The Spire","StSLib"],"gold_per_floor":[118,118,228,238,258,258,284,304,304,317,317,350,411,424,424,520,520,539,539,551,476,494,494,494,504,504,538,538,538,551,566,566,663,663,663,663],"floor_reached":35,"playtime":2898,"items_purged":[],"score":404,"play_id":"b33bfdb1-b948-4a31-b788-2a52d36c3159","local_time":"20210103003210","is_ascension_mode":false,"campfire_choices":[{"floor":6,"key":"REST"},{"data":"infinitespire:Gouge","floor":11,"key":"SMITH"},{"data":"Armaments","floor":15,"key":"SMITH"},{"data":"hubris:DuctTapeCard","floor":23,"key":"SMITH"}],"circlet_count":0,"master_deck":["Strike_R","Strike_R","Strike_R","Strike_R","Defend_R","Defend_R","Defend_R","Defend_R","Bash","MHz","infinitespire:OneForAll","BlackSwan","Flex","SingingMachine","Bloodbath","Intimidate+1","HappyTeddy","VoidDream","Armaments+1","hubris:DuctTapeCard+2","LittleHelper","Reaper","Bloodletting+1","Burning Pact+1","Fiend Fire+1","BodiesMountain","Replay:Undeath\u0027s Touch+1","Shame","QueenOfHatred","Second Wind","Feel No Pain"],"relics":["Burning Blood","CogitoBucket","LetterFromLob","ReplayTheSpireMod:Lightbulb","Orichalcum","Replay:Rubber Ducky","HornCleat","Charon\u0027s Ashes","hubris:DuctTape","AdjustmentMirror","Cursed Key","AspirationHeart","Oddly Smooth Stone","Replay:Accelerometer","Replay:Kaleidoscope","Ring of Chaos"],"acts_visited":["Exordium","TheCity","TheBeyond"],"potions_floor_usage":[16],"damage_taken":[{"damage":1,"enemies":"2 Louse","floor":1,"turns":2},{"damage":11,"enemies":"infinitespire:Voidling","floor":4,"turns":4},{"damage":5,"enemies":"Jaw Worm","floor":5,"turns":2},{"damage":7,"enemies":"Lots of Slimes","floor":8,"turns":5},{"damage":12,"enemies":"Large Slime","floor":10,"turns":4},{"damage":4,"enemies":"Gremlin Nob","floor":12,"turns":2},{"damage":4,"enemies":"Gremlin Nob","floor":13,"turns":3},{"damage":1,"enemies":"Looter","floor":14,"turns":3},{"damage":30,"enemies":"Fading Forest","floor":16,"turns":11},{"damage":0,"enemies":"3 Byrds","floor":18,"turns":3},{"damage":0,"enemies":"Chosen","floor":20,"turns":4},{"damage":4,"enemies":"Sentry and Sphere","floor":22,"turns":3},{"damage":35,"enemies":"Cultist and Chosen","floor":25,"turns":5},{"damage":35,"enemies":"Slavers","floor":27,"turns":4},{"damage":12,"enemies":"3 Cultists","floor":30,"turns":4},{"damage":1,"enemies":"Shelled Parasite and Fungi","floor":31,"turns":2},{"damage":64,"enemies":"Pondfish","floor":33,"turns":6},{"damage":149,"enemies":"Orb Walker","floor":35,"turns":11}],"seed_played":"-5939846812314927482","potions_obtained":[{"floor":5,"key":"SteroidPotion"},{"floor":10,"key":"BloodPotion"},{"floor":12,"key":"Explosive Potion"},{"floor":20,"key":"LifebloodPotion"},{"floor":25,"key":"BloodPotion"}],"is_trial":false,"path_per_floor":["M","?","?","M","M","R","T","M","T","M","R","E","?","M","R","B",null,"M","?","M","?","M","R","?","M","T","E","?","T","M","M","R_BF","B",null,"M"],"character_chosen":"IRONCLAD","items_purchased":[],"campfire_rested":1,"item_purchase_floors":[],"current_hp_per_floor":[80,60,14,13,14,38,38,37,37,32,32,34,37,42,42,21,80,80,80,80,80,80,80,80,77,77,68,68,68,88,90,90,52,90,0,0],"gold":663,"neow_bonus":"","is_daily":false,"chose_seed":false,"campfire_upgraded":3,"win_rate":0.0,"timestamp":1609608730,"path_taken":["M","?","?","?","M","R","?","M","T","?","R","E","?","M","R","BOSS","M","?","M","?","M","R","?","M","T","E","?","?","M","M","R_BF","BOSS","M"],"items_purchased_type":[],"build_version":"2020-12-22","purchased_purges":0,"victory":false,"max_hp_per_floor":[80,80,80,80,80,80,80,80,80,80,80,80,80,80,80,80,80,80,80,80,80,80,80,80,90,90,90,90,90,90,90,90,90,90,90,90],"card_choices":[{"not_picked":["BeautyBeast","OSAHOGD"],"picked":"MHz","floor":1},{"not_picked":["Cleave","Perfected Strike"],"picked":"infinitespire:OneForAll","floor":1},{"not_picked":["ReplayTheSpireMod:Chaos Vortex","ReplayTheSpireMod:Haul"],"picked":"infinitespire:Gouge","floor":2},{"not_picked":["BigBadWolf","CherryBlossoms"],"picked":"BlackSwan","floor":4},{"not_picked":["Searing Blow","Twin Strike"],"picked":"Flex","floor":4},{"not_picked":["FairyFestival","CrumblingArmor"],"picked":"SingingMachine","floor":5},{"not_picked":["Sever Soul","Infernal Blade"],"picked":"Rupture","floor":5},{"not_picked":["ShyLook","FairyFestival"],"picked":"Bloodbath","floor":8},{"not_picked":["Headbutt","Anger"],"picked":"Intimidate","floor":8},{"not_picked":["OldLady","PunishingBird"],"picked":"HappyTeddy","floor":10},{"not_picked":["Perfected Strike","hubris:StunningStrike","True Grit"],"picked":"SKIP","floor":10},{"not_picked":["Murderer","PunishingBird","OldLady"],"picked":"Singing Bowl","floor":12},{"not_picked":["MeatLantern","CherryBlossoms"],"picked":"VoidDream","floor":12},{"not_picked":["Heavy Blade","ReplayTheSpireMod:Strike From Hell"],"picked":"Armaments","floor":12},{"not_picked":["Battle Trance","Headbutt","Massacre"],"picked":"SKIP","floor":14},{"not_picked":["FairyFestival","BigBadWolf","SpiderBud"],"picked":"Singing Bowl","floor":16},{"not_picked":["Murderer","OSAHOGD"],"picked":"LittleHelper","floor":16},{"not_picked":["Barricade","Replay:Many Hands"],"picked":"Reaper","floor":16},{"not_picked":["Rupture+1","hubris:ReadiedAction+1"],"picked":"Bloodletting+1","floor":18},{"not_picked":["Dropkick","ReplayTheSpireMod:Strike From Hell","Anger"],"picked":"SKIP","floor":20},{"not_picked":["Sever Soul+1","Fire Breathing+1"],"picked":"Burning Pact+1","floor":21},{"not_picked":["Limit Break+1","Demonic Infusion+1"],"picked":"Fiend Fire+1","floor":21},{"not_picked":["OldLady","SpiderBud"],"picked":"LittlePrince","floor":22},{"not_picked":["Anger","Replay:Undeath\u0027s Touch","Rage"],"picked":"SKIP","floor":22},{"not_picked":["SilentOrchestra","Murderer"],"picked":"BodiesMountain","floor":25},{"not_picked":["Thunderclap","Cleave"],"picked":"Replay:Undeath\u0027s Touch+1","floor":25},{"not_picked":["Dual Wield+1","Dropkick","Heavy Blade"],"picked":"SKIP","floor":27},{"not_picked":["ReplayTheSpireMod:Stacked+1","Disarm","Clothesline+1"],"picked":"SKIP","floor":30},{"not_picked":["Laetitia","SnowQueen"],"picked":"QueenOfHatred","floor":31},{"not_picked":["Cleave","Flame Barrier"],"picked":"Second Wind","floor":31}],"player_experience":37476,"relics_obtained":[{"floor":1,"key":"LetterFromLob"},{"floor":7,"key":"Replay:Rubber Ducky"},{"floor":9,"key":"HornCleat"},{"floor":12,"key":"Charon\u0027s Ashes"},{"floor":13,"key":"hubris:DuctTape"},{"floor":26,"key":"Oddly Smooth Stone"},{"floor":27,"key":"Replay:Accelerometer"},{"floor":29,"key":"Replay:Kaleidoscope"}],"event_choices":[{"damage_healed":0,"gold_gain":110,"player_choice":"RE RE GO ","damage_taken":51,"relics_obtained":["ReplayTheSpireMod:Lightbulb","Orichalcum"],"max_hp_gain":0,"max_hp_loss":0,"event_name":"betterSkull:BetterSkull","floor":3,"gold_loss":0,"cards_upgraded":[]},{"damage_healed":0,"gold_gain":30,"player_choice":"Searched \u00272\u0027 times","damage_taken":0,"max_hp_gain":0,"max_hp_loss":0,"event_name":"Dead Adventurer","floor":13,"gold_loss":0},{"cards_removed":["Strike_R"],"damage_healed":0,"gold_gain":0,"player_choice":"Card Removal","damage_taken":0,"max_hp_gain":0,"max_hp_loss":0,"event_name":"Wheel of Change","floor":19,"gold_loss":0},{"damage_healed":0,"gold_gain":0,"player_choice":"2","damage_taken":0,"max_hp_gain":0,"max_hp_loss":0,"event_name":"betterMatch:BetterMatch","floor":21,"gold_loss":0,"cards_obtained":["betterMatch:RareCard","betterMatch:UncommonCard"]},{"damage_healed":0,"gold_gain":0,"player_choice":"Forge","damage_taken":0,"max_hp_gain":0,"max_hp_loss":0,"event_name":"Accursed Blacksmith","floor":24,"gold_loss":0,"cards_upgraded":["Intimidate"]},{"cards_removed":["Normality"],"damage_healed":0,"gold_gain":0,"player_choice":"Elegance","damage_taken":0,"max_hp_gain":0,"max_hp_loss":0,"event_name":"betterThird:BetterWriting","floor":28,"gold_loss":0}],"is_beta":false,"boss_relics":[{"not_picked":["Philosopher\u0027s Stone","hubris:Backtick"],"picked":"Cursed Key"},{"not_picked":["Velvet Choker","Replay:Drink Me"],"picked":"Ring of Chaos"}],"items_purged_floors":[],"is_endless":false,"potions_floor_spawned":[5,10,12,20,25,33],"killed_by":"Orb Walker","ascension_level":0}}