{"host":"nqsrckqog5ia9mbo","time":1609621666,"event":{"mods":["AchievementEnabler","BaseMod","Colored Map","Highlight Path","Minty Spire (QoL Compilation)"],"gold_per_floor":[116,39,4,4,20,54,54,81,161,186,186,214,226,226,226,322,322,332,345,260,260,270,305,305,79,79,108,122,122,150,163,163,259,259,274,274,285,285,285],"floor_reached":38,"playtime":2675,"items_purged":["Defend_B"],"score":499,"play_id":"2afb8d71-37d4-458d-9505-a2c4159f7650","local_time":"20210102220746","is_ascension_mode":true,"campfire_choices":[{"data":"Capacitor","floor":7,"key":"SMITH"},{"data":"Zap","floor":11,"key":"SMITH"},{"data":"Redo","floor":15,"key":"SMITH"},{"floor":24,"key":"REST"},{"floor":29,"key":"REST"},{"data":"Capacitor","floor":32,"key":"SMITH"}],"circlet_count":0,"master_deck":["Defend_B","Defend_B","Defend_B","Zap+1","Dualcast","Ball Lightning","Capacitor+1","Rainbow","Cold Snap","Streamline","Redo+1","Go for the Eyes","Redo+1","Biased Cognition","Scrape+1","Rip and Tear+1","Redo+1","Go for the Eyes+1","Ball Lightning+1","BootSequence","Capacitor+1","Static Discharge","Steam Power","All For One","Turbo+1","Madness","Coolheaded+1"],"relics":["Cracked Core","NeowsBlessing","Strawberry","Meat on the Bone","Bottled Flame","Odd Mushroom","Darkstone Periapt","Astrolabe","InkBottle","WingedGreaves","Blood Vial","Pantograph","Anchor","Blue Candle","Inserter"],"acts_visited":["Exordium","TheCity","TheBeyond"],"potions_floor_usage":[16,28,33,37,38],"damage_taken":[{"damage":0,"enemies":"Jaw Worm","floor":1,"turns":1},{"damage":0,"enemies":"2 Louse","floor":5,"turns":1},{"damage":0,"enemies":"Gremlin Nob","floor":6,"turns":1},{"damage":29,"enemies":"3 Sentries","floor":8,"turns":9},{"damage":22,"enemies":"The Mushroom Lair","floor":10,"turns":5},{"damage":17,"enemies":"Lagavulin","floor":12,"turns":5},{"damage":0,"enemies":"Cultist","floor":13,"turns":2},{"damage":26,"enemies":"Hexaghost","floor":16,"turns":7},{"damage":11,"enemies":"Shell Parasite","floor":18,"turns":3},{"damage":0,"enemies":"3 Byrds","floor":19,"turns":3},{"damage":22,"enemies":"Centurion and Healer","floor":22,"turns":6},{"damage":16,"enemies":"Book of Stabbing","floor":23,"turns":5},{"damage":52,"enemies":"Slavers","floor":27,"turns":5},{"damage":9,"enemies":"Snake Plant","floor":28,"turns":3},{"damage":9,"enemies":"Book of Stabbing","floor":30,"turns":4},{"damage":14,"enemies":"Shelled Parasite and Fungi","floor":31,"turns":5},{"damage":74,"enemies":"Automaton","floor":33,"turns":9},{"damage":45,"enemies":"3 Darklings","floor":35,"turns":7},{"damage":55,"enemies":"3 Shapes","floor":37,"turns":5},{"damage":19,"enemies":"3 Darklings","floor":38,"turns":4}],"seed_played":"3282733866180735843","potions_obtained":[{"floor":1,"key":"DuplicationPotion"},{"floor":8,"key":"AttackPotion"},{"floor":13,"key":"DuplicationPotion"},{"floor":16,"key":"Energy Potion"},{"floor":33,"key":"Ancient Potion"},{"floor":35,"key":"Regen Potion"}],"is_trial":false,"path_per_floor":["M","$","?","?","M","E","R","E","T","?","R","E","M","?","R","B",null,"M","M","?","?","M","E","R","$","T","E","M","R","E","M","R","B",null,"M","?","M","M"],"character_chosen":"DEFECT","items_purchased":["Capacitor","Blood Vial"],"campfire_rested":2,"item_purchase_floors":[2,25],"current_hp_per_floor":[75,75,75,75,75,82,82,53,53,43,43,38,50,50,50,36,82,71,71,71,55,45,41,65,65,65,27,32,56,49,49,49,14,82,49,49,13,0,0],"gold":285,"neow_bonus":"THREE_ENEMY_KILL","is_daily":false,"chose_seed":false,"campfire_upgraded":4,"win_rate":0.0,"timestamp":1609621666,"path_taken":["M","$","?","?","?","E","R","E","T","?","R","E","M","?","R","BOSS","M","M","?","?","M","E","R","$","T","E","M","R","E","M","R","BOSS","M","?","?","M"],"items_purchased_type":["Card","Relic"],"build_version":"2020-12-22","purchased_purges":1,"victory":false,"max_hp_per_floor":[75,75,75,75,75,82,82,82,82,82,82,82,82,82,82,82,82,82,82,82,82,82,82,82,82,82,82,82,82,82,82,82,82,82,82,82,82,82,82],"card_choices":[{"not_picked":["Lockon","Redo"],"picked":"Ball Lightning","floor":1},{"not_picked":["Stack","Redo"],"picked":"Cold Snap","floor":5},{"not_picked":["Skim","Steam"],"picked":"Streamline","floor":6},{"not_picked":["Storm","Sweeping Beam"],"picked":"Redo","floor":8},{"not_picked":["Streamline","Rebound"],"picked":"Go for the Eyes","floor":10},{"not_picked":["Ball Lightning","Reinforced Body"],"picked":"Redo","floor":12},{"not_picked":["Streamline","Seek","Recycle"],"picked":"SKIP","floor":13},{"not_picked":["Rainbow","Meteor Strike"],"picked":"Biased Cognition","floor":16},{"not_picked":["Beam Cell+1","Darkness"],"picked":"Go for the Eyes+1","floor":18},{"not_picked":["Steam","Gash"],"picked":"Ball Lightning+1","floor":19},{"not_picked":["Force Field","Hologram"],"picked":"BootSequence","floor":22},{"not_picked":["Reinforced Body","Steam","Beam Cell"],"picked":"SKIP","floor":23},{"not_picked":["Undo","Steam Power","Reinforced Body"],"picked":"SKIP","floor":27},{"not_picked":["Hologram","Rebound"],"picked":"Capacitor","floor":28},{"not_picked":["Compile Driver+1","Hyperbeam"],"picked":"Static Discharge","floor":30},{"not_picked":["Rebound+1","Beam Cell+1"],"picked":"Steam Power","floor":31},{"not_picked":["Seek","Machine Learning"],"picked":"All For One","floor":33},{"not_picked":["Sweeping Beam+1","Coolheaded+1"],"picked":"Turbo+1","floor":35},{"not_picked":["Go for the Eyes+1","Leap"],"picked":"Coolheaded+1","floor":37}],"player_experience":91125,"relics_obtained":[{"floor":6,"key":"Strawberry"},{"floor":8,"key":"Meat on the Bone"},{"floor":9,"key":"Bottled Flame"},{"floor":10,"key":"Odd Mushroom"},{"floor":12,"key":"Darkstone Periapt"},{"floor":23,"key":"WingedGreaves"},{"floor":26,"key":"Pantograph"},{"floor":27,"key":"Anchor"},{"floor":30,"key":"Blue Candle"}],"event_choices":[{"damage_healed":18,"gold_gain":0,"player_choice":"Healed","damage_taken":0,"max_hp_gain":0,"max_hp_loss":0,"event_name":"The Cleric","floor":3,"gold_loss":35},{"damage_healed":0,"gold_gain":0,"cards_transformed":["Strike_B"],"player_choice":"Transformed","damage_taken":0,"max_hp_gain":0,"max_hp_loss":0,"event_name":"Transmorgrifier","floor":4,"gold_loss":0,"cards_obtained":["Rainbow"]},{"damage_healed":0,"gold_gain":0,"player_choice":"Fought Mushrooms","damage_taken":0,"max_hp_gain":0,"max_hp_loss":0,"event_name":"Mushrooms","floor":10,"gold_loss":0},{"damage_healed":0,"gold_gain":0,"player_choice":"Grow","damage_taken":0,"max_hp_gain":0,"max_hp_loss":0,"event_name":"Living Wall","floor":14,"gold_loss":0,"cards_upgraded":["Redo"]},{"damage_healed":0,"gold_gain":0,"player_choice":"Obtained Relic","damage_taken":0,"relics_obtained":["InkBottle"],"max_hp_gain":0,"max_hp_loss":0,"event_name":"Addict","floor":20,"gold_loss":85},{"damage_healed":0,"gold_gain":0,"player_choice":"Obtained Book","damage_taken":16,"max_hp_gain":0,"max_hp_loss":0,"event_name":"Cursed Tome","floor":21,"gold_loss":0},{"damage_healed":0,"gold_gain":0,"player_choice":"1 cards matched","damage_taken":0,"max_hp_gain":0,"max_hp_loss":0,"event_name":"Match and Keep!","floor":36,"gold_loss":0,"cards_obtained":["Madness"]},{"damage_healed":0,"gold_gain":0,"player_choice":"1 cards matched","damage_taken":0,"max_hp_gain":0,"max_hp_loss":0,"event_name":"Match and Keep!","floor":36,"gold_loss":0,"cards_obtained":["Madness"]}],"is_beta":false,"boss_relics":[{"not_picked":["Calling Bell","Sozu"],"picked":"Astrolabe"},{"not_picked":["Fusion Hammer","Philosopher\u0027s Stone"],"picked":"Inserter"}],"items_purged_floors":[25],"is_endless":false,"potions_floor_spawned":[1,8,13,16,18,19,22,33,35],"killed_by":"3 Darklings","ascension_level":1}}