{"host":"q9718omregw4er46","time":1609578677,"event":{"mods":["BaseMod","Bestiary","Colored Powertips","Minty Spire (QoL Compilation)","Quick Restart","Relic Stats"],"gold_per_floor":[111,186,202,202,34,34,59,59,83,25,25,25,25],"floor_reached":12,"playtime":308,"items_purged":[],"score":148,"play_id":"39c2eb8f-f944-4320-a910-84ae901c8caa","local_time":"20210102141117","is_ascension_mode":true,"campfire_choices":[{"data":"Eruption","floor":6.0,"key":"SMITH"},{"floor":8.0,"key":"REST"}],"circlet_count":0,"master_deck":["AscendersBane","Strike_P","Strike_P","Strike_P","Defend_P","Defend_P","Defend_P","Eruption+1","Vigilance","Evaluate+1","Sanctity","Adaptation","EmptyMind+1","TalkToTheHand","BowlingBash","Pain"],"relics":["PureWater","PreservedInsect","War Paint","Potion Belt","WarpedTongs"],"acts_visited":["Exordium"],"potions_floor_usage":[],"damage_taken":[{"damage":3.0,"enemies":"Jaw Worm","floor":1.0,"turns":5.0},{"damage":2.0,"enemies":"Small Slimes","floor":3.0,"turns":4.0},{"damage":24.0,"enemies":"3 Sentries","floor":7.0,"turns":7.0},{"damage":36,"enemies":"Gremlin Nob","floor":12,"turns":3}],"seed_played":"8090731604881058230","potions_obtained":[{"floor":1.0,"key":"Explosive Potion"},{"floor":3.0,"key":"DuplicationPotion"},{"floor":7.0,"key":"Energy Potion"}],"is_trial":false,"path_per_floor":["M","?","M","?","$","R","E","R","T","$","?","E"],"character_chosen":"WATCHER","items_purchased":["PreservedInsect","BowlingBash"],"campfire_rested":1,"item_purchase_floors":[5,10],"current_hp_per_floor":[40,29,27,32,32,32,8,29,29,29,29,0,0],"gold":25,"neow_bonus":"TRANSFORM_TWO_CARDS","is_daily":false,"chose_seed":false,"campfire_upgraded":1,"win_rate":0.0,"timestamp":1609578677,"path_taken":["M","?","M","?","?","R","E","R","T","$","?","E"],"items_purchased_type":["Relic","Card"],"build_version":"2020-12-22","purchased_purges":0,"victory":false,"max_hp_per_floor":[68,68,68,73,73,73,73,73,73,73,73,73,73],"relic_stats":{"counters":[4,19],"PreservedInsect":54,"War Paint":["EmptyMind","Evaluate"],"obtain_stats":[{"Potion Belt":9,"PreservedInsect":5,"PureWater":0,"War Paint":7,"WarpedTongs":11},{"Potion Belt":3,"PreservedInsect":2,"PureWater":0,"War Paint":3,"WarpedTongs":3},{"Potion Belt":16,"PreservedInsect":9,"PureWater":0,"War Paint":16,"WarpedTongs":16}],"WarpedTongs":[3]},"card_choices":[{"not_picked":["Swivel","WindmillStrike"],"picked":"Adaptation","floor":1.0},{"not_picked":["WindmillStrike","SashWhip"],"picked":"EmptyMind","floor":3.0},{"not_picked":["Worship","Brilliance"],"picked":"TalkToTheHand","floor":7.0}],"player_experience":1154449,"relics_obtained":[{"floor":7.0,"key":"War Paint"},{"floor":9,"key":"Potion Belt"}],"event_choices":[{"damage_healed":0.0,"max_hp_gain":0.0,"max_hp_loss":0.0,"gold_gain":75.0,"event_name":"World of Goop","player_choice":"Gather Gold","floor":2.0,"gold_loss":0.0,"damage_taken":11.0},{"damage_healed":0.0,"max_hp_gain":5.0,"max_hp_loss":0.0,"gold_gain":0.0,"event_name":"Big Fish","player_choice":"Donut","floor":4.0,"gold_loss":0.0,"damage_taken":0.0},{"damage_healed":0,"gold_gain":0,"player_choice":"Rummage","damage_taken":0,"relics_obtained":["WarpedTongs"],"max_hp_gain":0,"max_hp_loss":0,"event_name":"Accursed Blacksmith","floor":11,"gold_loss":0,"cards_obtained":["Pain"]}],"is_beta":false,"boss_relics":[],"items_purged_floors":[],"is_endless":false,"potions_floor_spawned":[1,3,7],"killed_by":"Gremlin Nob","ascension_level":20}}