{"host":"v4tuy5ykrbdcm9o9","time":1609557462,"event":{"mods":["BaseMod","Duelist Mod","Minty Spire (QoL Compilation)","Replay The Spire","StSLib"],"gold_per_floor":[112,128,148,148,118,152,166,210,210,210,244,264,292,292,292,404,431,454,96,125,151,176,176,220,249,299,334,334,359,359,380,380,488,497,516,538,448,468,31,73,73,114,168,190,219,248,288,75,75,75,75,75,10,51,51,51],"floor_reached":55,"playtime":8811,"items_purged":["Doubt","Injury"],"score":1148,"play_id":"06f28056-bba5-4110-a831-9ff1885946c6","local_time":"20210101221742","is_ascension_mode":true,"campfire_choices":[{"floor":10,"key":"REST"},{"floor":15,"key":"REST"},{"data":"Mirror Shield","floor":23,"key":"SMITH"},{"floor":28,"key":"REST"},{"floor":30,"key":"RECALL"},{"data":"ReplaySolidLightProjector","floor":32,"key":"SMITH"},{"floor":41,"key":"REST"},{"floor":49,"key":"REST"},{"data":"Apotheosis","floor":52,"key":"SMITH"}],"circlet_count":0,"master_deck":["Strike_B","Strike_B+1","Strike_B+1","Strike_B","Defend_B+2","Defend_B+1","Defend_B","Defend_B","Zap","Dualcast","Sweeping Beam","Ball Lightning+1","Cold Snap+1","Cold Snap","Beam Cell","FTL","Leap","Genetic Algorithm","Auto Shields+1","Mirror Shield+1","Turbo","Sunder","Go for the Eyes","Hologram+1","Conserve Battery","Stack","Conserve Battery+1","ReplaySolidLightProjector+1","Conserve Battery","Cold Snap+1","Buffer","CurseOfTheBell","BootSequence","Stack+1","Auto Shields+1","Creative AI","White Noise","White Noise+1","Chill+1","Go for the Eyes+1","Blizzard+1","Apotheosis+1","Streamline","Stack","Defragment","Streamline+1"],"relics":["Cracked Core","StoneCalendar","CeramicFish","Ornamental Fan","Replay:Ancient Bell","Happy Flower","Kunai","Torii","Sling","Pondfish Scales","ReplayTheSpireMod:Lightbulb","Gambling Chip","Replay:Grab Bag","Philosopher\u0027s Stone","Replay:Bronze Core","Calling Bell","SlaversCollar","Smiling Mask","Garlic","Girya","Replay:Bottled Steam","Sundial","Bottled Lightning","Whetstone","Ginger","Simple Rune"],"acts_visited":["Exordium","TheCity","TheBeyond","TheEnding"],"potions_floor_usage":[6,7,18,20,21,33,36,40,40,50,55,55,55],"damage_taken":[{"damage":2,"enemies":"Jaw Worm","floor":1,"turns":3},{"damage":0,"enemies":"Small Slimes","floor":2,"turns":2},{"damage":7,"enemies":"2 Louse","floor":3,"turns":2},{"damage":15,"enemies":"Lagavulin","floor":6,"turns":5},{"damage":18,"enemies":"Exordium Thugs","floor":7,"turns":3},{"damage":24,"enemies":"3 Sentries","floor":8,"turns":7},{"damage":4,"enemies":"Gremlin Nob","floor":11,"turns":4},{"damage":0,"enemies":"Gremlin Gang","floor":12,"turns":4},{"damage":2,"enemies":"2 Fungi Beasts","floor":13,"turns":3},{"damage":10,"enemies":"Slime Boss","floor":16,"turns":7},{"damage":1,"enemies":"Chosen","floor":18,"turns":5},{"damage":1,"enemies":"3 Byrds","floor":20,"turns":5},{"damage":1,"enemies":"Centurion and Healer","floor":21,"turns":7},{"damage":0,"enemies":"Shelled Parasite and Fungi","floor":22,"turns":7},{"damage":9,"enemies":"theDuelist:KaibaA2","floor":24,"turns":6},{"damage":2,"enemies":"Snecko","floor":25,"turns":6},{"damage":9,"enemies":"Book of Stabbing","floor":27,"turns":7},{"damage":0,"enemies":"Cultist and Chosen","floor":29,"turns":7},{"damage":8,"enemies":"Sentry and Sphere","floor":31,"turns":7},{"damage":46,"enemies":"Automaton","floor":33,"turns":14},{"damage":0,"enemies":"Orb Walker","floor":35,"turns":5},{"damage":0,"enemies":"3 Shapes","floor":36,"turns":7},{"damage":46,"enemies":"Transient","floor":38,"turns":5},{"damage":0,"enemies":"Giant Head","floor":40,"turns":10},{"damage":1,"enemies":"Reptomancer","floor":42,"turns":7},{"damage":0,"enemies":"Jaw Worm Horde","floor":44,"turns":6},{"damage":0,"enemies":"Spire Growth","floor":45,"turns":7},{"damage":0,"enemies":"Writhing Mass","floor":46,"turns":7},{"damage":0,"enemies":"R_Hoarder","floor":47,"turns":8},{"damage":0,"enemies":"Donu and Deca","floor":50,"turns":9},{"damage":45,"enemies":"Shield and Spear","floor":54,"turns":9},{"damage":37,"enemies":"The Heart","floor":55,"turns":15}],"seed_played":"-9028411945902814963","potions_obtained":[{"floor":3,"key":"Strength Potion"},{"floor":6,"key":"AttackPotion"},{"floor":13,"key":"BlessingOfTheForge"},{"floor":16,"key":"Explosive Potion"},{"floor":21,"key":"Elixir"},{"floor":22,"key":"SkillPotion"},{"floor":31,"key":"Fire Potion"},{"floor":33,"key":"CultistPotion"},{"floor":40,"key":"Elixir"},{"floor":42,"key":"Flashbang"},{"floor":44,"key":"PowerPotion"},{"floor":54,"key":"PotionOfCapacity"}],"is_trial":false,"path_per_floor":["M","M","M","?","?","E","M","E","T","R","E","M","M","?","R","B",null,"M","$","M","M","M","R","E","M","T","E","R","M","R","M","R","B",null,"M","M","?","M","$","E","R","E","T","M","M","M","E","$","R","B",null,"R","$","E","B"],"character_chosen":"DEFECT","items_purchased":["Sling","Sunder","LiquidMemories","DistilledChaos","Reflective Coating","Replay:Bottled Steam","Apotheosis","Streamline","Stack","Defragment"],"campfire_rested":5,"item_purchase_floors":[19,19,19,39,39,39,48,48,48,53],"current_hp_per_floor":[80,80,73,73,73,58,40,16,16,40,36,36,34,18,42,32,82,81,81,80,79,79,79,70,68,68,59,82,82,82,74,74,28,82,82,82,82,36,36,36,60,59,59,59,59,59,59,59,82,82,82,82,82,37,0,0],"gold":51,"neow_bonus":"TEN_PERCENT_HP_BONUS","is_daily":false,"chose_seed":false,"campfire_upgraded":3,"win_rate":0.0,"timestamp":1609557462,"path_taken":["M","M","M","?","?","E","M","E","T","R","E","M","M","?","R","BOSS","M","$","M","M","M","R","E","M","T","E","R","M","R","M","R","BOSS","M","M","?","?","$","E","R","E","T","M","?","M","E","$","R","BOSS","R","$","E","BOSS"],"items_purchased_type":["Relic","Card","Potion","Potion","Potion","Relic","Card","Card","Card","Card"],"build_version":"2020-12-22","purchased_purges":2,"victory":false,"max_hp_per_floor":[82,82,82,82,82,82,82,82,82,82,82,82,82,82,82,82,82,82,82,82,82,82,82,82,82,82,82,82,82,82,82,82,82,82,82,82,82,82,82,82,82,82,82,82,82,82,82,82,82,82,82,82,82,82,82,82],"card_choices":[{"not_picked":["Leap","Storm"],"picked":"Sweeping Beam","floor":1},{"not_picked":["Conserve Battery","Leap"],"picked":"Ball Lightning","floor":2},{"not_picked":["ReplayTheSpireMod:Calculation Training","Heatsinks"],"picked":"Cold Snap","floor":3},{"not_picked":["Skim","Tempest"],"picked":"Cold Snap","floor":6},{"not_picked":["BasicCrystalCard","Tempest"],"picked":"Beam Cell","floor":7},{"not_picked":["BasicCrystalCard","Rebound"],"picked":"FTL","floor":8},{"not_picked":["ReplayTheSpireMod:Reroute Power","Recycle"],"picked":"Leap","floor":11},{"not_picked":["Redo","Compile Driver"],"picked":"Genetic Algorithm","floor":12},{"not_picked":["Scrape","Hologram"],"picked":"Auto Shields","floor":13},{"not_picked":["Hyperbeam","ReplayTheSpireMod:Fabricate Wheel"],"picked":"Mirror Shield","floor":16},{"not_picked":["theDuelist:CurseDarkness","Decay"],"picked":"Injury","floor":17},{"not_picked":["theDuelist:VampireCurse","ReplayTheSpireMod:Restless Dread"],"picked":"Doubt","floor":17},{"not_picked":["ReplayTheSpireMod:IOU","theDuelist:CurseDarkness"],"picked":"Doubt","floor":17},{"not_picked":["Gash","Steam Power"],"picked":"Turbo","floor":18},{"not_picked":["Blizzard","Ball Lightning"],"picked":"Go for the Eyes","floor":20},{"not_picked":["Leap+1","Turbo+1"],"picked":"Hologram+1","floor":21},{"not_picked":["Panic Button","Sweeping Beam"],"picked":"Conserve Battery","floor":22},{"not_picked":["Fusion","Reinforced Body"],"picked":"Stack","floor":24},{"not_picked":["Compile Driver+1","FTL"],"picked":"Conserve Battery+1","floor":25},{"not_picked":["Beam Cell","ReplayTheSpireMod:System Scan"],"picked":"ReplaySolidLightProjector","floor":27},{"not_picked":["Capacitor","ReplayGash"],"picked":"Conserve Battery","floor":29},{"not_picked":["Thunder Strike","FIFO Queue"],"picked":"Cold Snap+1","floor":31},{"not_picked":["All For One","Reboot"],"picked":"Buffer","floor":33},{"not_picked":["Redo","Gash"],"picked":"BootSequence","floor":35},{"not_picked":["Redo","Lockon+1"],"picked":"Stack+1","floor":36},{"not_picked":["Gash","Leap"],"picked":"Auto Shields+1","floor":38},{"not_picked":["Biased Cognition","Compile Driver+1"],"picked":"Creative AI","floor":40},{"not_picked":["Panic Button+1","Beam Cell+1"],"picked":"White Noise","floor":42},{"not_picked":["Consume","Loop+1"],"picked":"White Noise+1","floor":44},{"not_picked":["Scrape+1","Force Field"],"picked":"Chill+1","floor":45},{"not_picked":["Barrage+1","Glacier"],"picked":"Go for the Eyes+1","floor":46},{"not_picked":["Capacitor","Cold Snap"],"picked":"Blizzard+1","floor":47},{"not_picked":["Leap","Sunder+1"],"picked":"Streamline+1","floor":54}],"player_experience":518371,"relics_obtained":[{"floor":6,"key":"StoneCalendar"},{"floor":8,"key":"CeramicFish"},{"floor":11,"key":"Ornamental Fan"},{"floor":24,"key":"Pondfish Scales"},{"floor":26,"key":"ReplayTheSpireMod:Lightbulb"},{"floor":27,"key":"Gambling Chip"},{"floor":34,"key":"Smiling Mask"},{"floor":34,"key":"Garlic"},{"floor":34,"key":"Girya"},{"floor":40,"key":"Sundial"},{"floor":42,"key":"Bottled Lightning"},{"floor":43,"key":"Whetstone"},{"floor":47,"key":"Ginger"},{"floor":54,"key":"Simple Rune"}],"event_choices":[{"damage_healed":0,"gold_gain":0,"player_choice":"Left Gold","damage_taken":0,"max_hp_gain":0,"max_hp_loss":0,"event_name":"World of Goop","floor":5,"gold_loss":30},{"damage_healed":0,"gold_gain":0,"player_choice":"Entered Light","damage_taken":16,"max_hp_gain":0,"max_hp_loss":0,"event_name":"Shining Light","floor":14,"gold_loss":0,"cards_upgraded":["Auto Shields","Strike_B"]},{"cards_removed":["Doubt"],"damage_healed":0,"gold_gain":0,"player_choice":"Upgrade and Remove","damage_taken":0,"max_hp_gain":0,"max_hp_loss":0,"event_name":"Designer","floor":37,"gold_loss":90,"cards_upgraded":["Cold Snap"]}],"is_beta":false,"boss_relics":[{"not_picked":["Snecko Eye","Replay:Wanted Poster"],"picked":"Replay:Ancient Bell"},{"not_picked":["ReplayTheSpireMod:TigerMarble","Ancient Tea Set"],"picked":"Happy Flower"},{"not_picked":["Frozen Egg 2","Replay:Bottled Flurry"],"picked":"Kunai"},{"not_picked":["WingedGreaves","Replay:Arrowhead"],"picked":"Torii"},{"not_picked":["Astrolabe","SacredBark"],"picked":"Replay:Grab Bag"},{"not_picked":["ReplayTheSpireMod:DimensionalGlitch","Runic Dome"],"picked":"Philosopher\u0027s Stone"},{"not_picked":["Cursed Key","Velvet Choker"],"picked":"Replay:Bronze Core"},{"not_picked":["Inserter","Empty Cage"],"picked":"Calling Bell"},{"not_picked":["Ring of Chaos","Nuclear Battery"],"picked":"SlaversCollar"}],"items_purged_floors":[19,39],"is_endless":false,"potions_floor_spawned":[3,6,13,16,21,22,31,33,35,40,42,44,54],"killed_by":"The Heart","ascension_level":4}}