{"host":"g7trc0x2teqyd8ye","time":1609546081,"event":{"mods":["BaseMod","Key Reminder","Minty Spire (QoL Compilation)","Relic Stats"],"gold_per_floor":[114,125,141,161,0,0,35,35,58,85,103,178,195,221,221,298,298,316,334,89,109,109,144,155,155,155,182,192,192,8,23,23,97,97,111,129,154,165,165,199,217,217,244,259,284,304,316,330,330,330],"floor_reached":51,"playtime":2658,"items_purged":["Strike_R"],"score":1645,"play_id":"bfc44463-adcf-44c1-a7e4-970bff129cf4","local_time":"20210102010801","is_ascension_mode":true,"campfire_choices":[{"data":"Immolate","floor":6,"key":"SMITH"},{"data":"Bash","floor":15,"key":"SMITH"},{"floor":25,"key":"REST"},{"floor":32,"key":"REST"},{"data":"Mind Blast","floor":49,"key":"SMITH"}],"circlet_count":0,"master_deck":["AscendersBane","Strike_R","Strike_R+1","Strike_R","Strike_R","Defend_R","Defend_R","Defend_R","Defend_R","Bash+1","Twin Strike","Pommel Strike","Sentinel","Headbutt","Immolate+1","Metallicize","Armaments","Reaper","Rampage","Warcry","Anger+1","Double Tap","Second Wind+1","Iron Wave","Madness","Immolate","Twin Strike+1","Bludgeon","Wild Strike+1","Seeing Red","Shockwave","Anger+1","Mind Blast+1","Ghostly Armor","Metallicize+1","Clothesline+1","Demon Form","True Grit+1","Feel No Pain","Headbutt","Sentinel+1","Dropkick+1","Blood for Blood+1","Shame","Pommel Strike+1","Dropkick+1","Shrug It Off+1","Dropkick"],"relics":["Burning Blood","FossilizedHelix","Oddly Smooth Stone","Boot","Happy Flower","Bag of Marbles","Mark of Pain","MutagenicStrength","Whetstone","keyreminder:keyreminder","Pen Nib","Dream Catcher","Cursed Key","Bird Faced Urn","Eternal Feather","Nunchaku","CaptainsWheel"],"acts_visited":["Exordium","TheCity","TheBeyond"],"potions_floor_usage":[18,23,24,33,40,42,50,50],"damage_taken":[{"damage":0,"enemies":"Small Slimes","floor":1,"turns":3},{"damage":6,"enemies":"2 Louse","floor":2,"turns":3},{"damage":0,"enemies":"Cultist","floor":3,"turns":3},{"damage":0,"enemies":"Large Slime","floor":4,"turns":5},{"damage":10,"enemies":"3 Sentries","floor":7,"turns":4},{"damage":21,"enemies":"Gremlin Nob","floor":10,"turns":4},{"damage":0,"enemies":"Blue Slaver","floor":11,"turns":4},{"damage":0,"enemies":"Red Slaver","floor":13,"turns":2},{"damage":8,"enemies":"3 Sentries","floor":14,"turns":4},{"damage":36,"enemies":"The Guardian","floor":16,"turns":8},{"damage":23,"enemies":"3 Byrds","floor":18,"turns":5},{"damage":12,"enemies":"Shell Parasite","floor":19,"turns":5},{"damage":31,"enemies":"Cultist and Chosen","floor":21,"turns":7},{"damage":29,"enemies":"Gremlin Leader","floor":23,"turns":5},{"damage":10,"enemies":"Sentry and Sphere","floor":24,"turns":5},{"damage":38,"enemies":"Book of Stabbing","floor":27,"turns":4},{"damage":0,"enemies":"Snake Plant","floor":28,"turns":1},{"damage":0,"enemies":"Cultist and Chosen","floor":31,"turns":4},{"damage":36,"enemies":"Automaton","floor":33,"turns":10},{"damage":0,"enemies":"Orb Walker","floor":35,"turns":1},{"damage":17,"enemies":"3 Darklings","floor":36,"turns":5},{"damage":12,"enemies":"Mind Bloom Boss Battle","floor":37,"turns":4},{"damage":18,"enemies":"Sphere and 2 Shapes","floor":38,"turns":4},{"damage":0,"enemies":"Reptomancer","floor":40,"turns":4},{"damage":7,"enemies":"Writhing Mass","floor":41,"turns":4},{"damage":36,"enemies":"Giant Head","floor":42,"turns":5},{"damage":6,"enemies":"Jaw Worm Horde","floor":44,"turns":4},{"damage":31,"enemies":"Reptomancer","floor":45,"turns":7},{"damage":0,"enemies":"4 Shapes","floor":46,"turns":4},{"damage":0,"enemies":"Sphere and 2 Shapes","floor":47,"turns":3},{"damage":0,"enemies":"Maw","floor":48,"turns":5},{"damage":56,"enemies":"Donu and Deca","floor":50,"turns":6}],"seed_played":"-6851795823864096588","potions_obtained":[{"floor":1,"key":"DuplicationPotion"},{"floor":10,"key":"Strength Potion"},{"floor":19,"key":"EssenceOfSteel"},{"floor":21,"key":"Fruit Juice"},{"floor":23,"key":"SmokeBomb"},{"floor":24,"key":"LiquidMemories"},{"floor":37,"key":"Explosive Potion"},{"floor":38,"key":"DuplicationPotion"},{"floor":40,"key":"PowerPotion"},{"floor":44,"key":"SpeedPotion"},{"floor":45,"key":"SteroidPotion"}],"is_trial":false,"path_per_floor":["M","M","M","M","$","R","E","?","T","E","M","?","M","E","R","B",null,"M","M","$","M","?","E","M","R","T","E","M","?","$","M","R","B",null,"M","M","?","M","?","E","M","E","T","M","E","M","M","M","R","B",null],"character_chosen":"IRONCLAD","items_purchased":["Immolate","Metallicize","Madness","Immolate","Mind Blast","Ghostly Armor"],"campfire_rested":2,"item_purchase_floors":[5,5,20,20,30,30],"current_hp_per_floor":[56,56,62,68,68,68,64,64,64,49,55,44,50,48,48,18,61,58,64,64,39,39,21,17,41,41,9,15,15,15,26,50,22,66,72,61,55,68,80,80,79,50,50,57,34,40,68,80,80,32],"gold":330,"neow_bonus":"ONE_RARE_RELIC","is_daily":false,"chose_seed":false,"campfire_upgraded":3,"win_rate":0.0,"timestamp":1609546081,"path_taken":["M","M","M","M","$","R","E","?","T","E","M","?","M","E","R","BOSS","M","M","$","M","?","E","M","R","T","E","M","?","$","M","R","BOSS","M","?","?","M","?","E","?","E","T","M","E","M","M","M","R","BOSS"],"items_purchased_type":["Card","Card","Card","Card","Card","Card"],"build_version":"2020-12-22","purchased_purges":1,"victory":true,"max_hp_per_floor":[75,75,75,75,75,75,75,75,75,75,75,75,75,75,75,75,75,75,75,75,75,75,80,80,80,80,80,80,80,80,80,80,80,80,80,80,80,80,80,80,80,80,80,80,80,80,80,80,80,80],"relic_stats":{"Dream Catcher":1,"Nunchaku":[8],"Happy Flower":[40],"counters":[32,142],"Bird Faced Urn":[10],"Eternal Feather":0,"Pen Nib":[20],"Whetstone":["Anger","Strike_R"],"Boot":[58],"Cursed Key":1,"obtain_stats":[{"Happy Flower":10,"Oddly Smooth Stone":7,"Eternal Feather":40,"Pen Nib":26,"Whetstone":23,"Boot":9,"Cursed Key":34,"Burning Blood":0,"keyreminder:keyreminder":23,"Dream Catcher":27,"Nunchaku":43,"CaptainsWheel":45,"MutagenicStrength":22,"Bird Faced Urn":37,"Mark of Pain":17,"Bag of Marbles":14,"FossilizedHelix":0},{"Happy Flower":6,"Oddly Smooth Stone":5,"Eternal Feather":24,"Pen Nib":15,"Whetstone":14,"Boot":5,"Cursed Key":19,"Burning Blood":0,"keyreminder:keyreminder":14,"Dream Catcher":16,"Nunchaku":26,"CaptainsWheel":28,"MutagenicStrength":13,"Bird Faced Urn":22,"Mark of Pain":10,"Bag of Marbles":9,"FossilizedHelix":0},{"Happy Flower":22,"Oddly Smooth Stone":18,"Eternal Feather":104,"Pen Nib":67,"Whetstone":62,"Boot":18,"Cursed Key":86,"Burning Blood":0,"keyreminder:keyreminder":62,"Dream Catcher":71,"Nunchaku":113,"CaptainsWheel":124,"MutagenicStrength":57,"Bird Faced Urn":96,"Mark of Pain":40,"Bag of Marbles":32,"FossilizedHelix":0}],"Burning Blood":185},"card_choices":[{"not_picked":["Thunderclap","Reckless Charge"],"picked":"Twin Strike","floor":1},{"not_picked":["Warcry","Sword Boomerang"],"picked":"Pommel Strike","floor":2},{"not_picked":["Heavy Blade","Limit Break"],"picked":"Sentinel","floor":3},{"not_picked":["Bloodletting","Wild Strike"],"picked":"Headbutt","floor":4},{"not_picked":["Rupture","Perfected Strike"],"picked":"Armaments","floor":7},{"not_picked":["Dark Embrace","Shrug It Off"],"picked":"Reaper","floor":10},{"not_picked":["Perfected Strike","Hemokinesis"],"picked":"Rampage","floor":11},{"not_picked":["Rampage","Wild Strike"],"picked":"Warcry","floor":13},{"not_picked":["Clash","Flex"],"picked":"Anger","floor":14},{"not_picked":["Brutality","Bludgeon"],"picked":"Double Tap","floor":16},{"not_picked":["Battle Trance","Armaments"],"picked":"Second Wind+1","floor":18},{"not_picked":["Perfected Strike+1","Anger"],"picked":"Iron Wave","floor":19},{"not_picked":["Flex","Searing Blow"],"picked":"Twin Strike+1","floor":21},{"not_picked":["Intimidate","Blood for Blood"],"picked":"Bludgeon","floor":23},{"not_picked":["Flex","Twin Strike"],"picked":"Wild Strike+1","floor":24},{"not_picked":["Battle Trance","Inflame"],"picked":"Seeing Red","floor":27},{"not_picked":["Wild Strike","Spot Weakness"],"picked":"Shockwave","floor":28},{"not_picked":["Flame Barrier","Shrug It Off"],"picked":"Metallicize+1","floor":31},{"not_picked":["Blood for Blood","Spot Weakness"],"picked":"Clothesline+1","floor":32},{"not_picked":["Reaper","Double Tap"],"picked":"Demon Form","floor":33},{"not_picked":["Headbutt","Power Through+1"],"picked":"True Grit+1","floor":35},{"not_picked":["Clash","Armaments"],"picked":"Feel No Pain","floor":36},{"not_picked":["Whirlwind","Perfected Strike"],"picked":"Headbutt","floor":37},{"not_picked":["Headbutt","Armaments"],"picked":"Sentinel+1","floor":38},{"not_picked":["Anger+1","Corruption"],"picked":"Dropkick+1","floor":40},{"not_picked":["Dark Embrace","Twin Strike"],"picked":"Blood for Blood+1","floor":41},{"not_picked":["Wild Strike","Heavy Blade"],"picked":"Pommel Strike+1","floor":44},{"not_picked":["Clash","Thunderclap+1"],"picked":"Dropkick+1","floor":45},{"not_picked":["Headbutt","Heavy Blade+1","Berserk"],"picked":"SKIP","floor":46},{"not_picked":["Headbutt","Heavy Blade+1","Berserk"],"picked":"SKIP","floor":46},{"not_picked":["Combust","Body Slam"],"picked":"Shrug It Off+1","floor":47},{"not_picked":["Clash","Bloodletting"],"picked":"Dropkick","floor":48}],"player_experience":865007,"relics_obtained":[{"floor":7,"key":"Oddly Smooth Stone"},{"floor":9,"key":"Boot"},{"floor":10,"key":"Happy Flower"},{"floor":14,"key":"Bag of Marbles"},{"floor":23,"key":"Whetstone"},{"floor":26,"key":"Pen Nib"},{"floor":27,"key":"Dream Catcher"},{"floor":37,"key":"Bird Faced Urn"},{"floor":40,"key":"Eternal Feather"},{"floor":43,"key":"Nunchaku"},{"floor":45,"key":"CaptainsWheel"}],"event_choices":[{"damage_healed":0,"gold_gain":0,"player_choice":"Ignored","damage_taken":0,"max_hp_gain":0,"max_hp_loss":0,"event_name":"Liars Game","floor":8,"gold_loss":0},{"damage_healed":0,"gold_gain":75,"player_choice":"Gather Gold","damage_taken":11,"max_hp_gain":0,"max_hp_loss":0,"event_name":"World of Goop","floor":12,"gold_loss":0},{"damage_healed":0,"gold_gain":0,"player_choice":"Inject Mutagens","damage_taken":0,"relics_obtained":["MutagenicStrength"],"max_hp_gain":0,"max_hp_loss":0,"event_name":"Drug Dealer","floor":22,"gold_loss":0},{"damage_healed":0,"gold_gain":0,"player_choice":"Copied","damage_taken":0,"max_hp_gain":0,"max_hp_loss":0,"event_name":"Duplicator","floor":29,"gold_loss":0,"cards_obtained":["Anger"]},{"damage_healed":0,"gold_gain":0,"player_choice":"Fight","damage_taken":0,"max_hp_gain":0,"max_hp_loss":0,"event_name":"MindBloom","floor":37,"gold_loss":0},{"damage_healed":12,"gold_gain":0,"player_choice":"Full Heal","damage_taken":0,"max_hp_gain":0,"max_hp_loss":0,"event_name":"Wheel of Change","floor":39,"gold_loss":0}],"is_beta":false,"boss_relics":[{"not_picked":["Runic Dome","Pandora\u0027s Box"],"picked":"Mark of Pain"},{"not_picked":["Fusion Hammer","Black Blood"],"picked":"Cursed Key"}],"items_purged_floors":[20],"is_endless":false,"potions_floor_spawned":[1,10,13,16,19,21,23,24,37,38,40,44,45,47],"ascension_level":19}}