{"host":"l12hrjjiowxu1z6t","time":1609599958,"event":{"mods":["AchievementEnabler","BaseMod","Colored Map","Colored Powertips","Highlight Path","Minty Spire (QoL Compilation)","Relic Stats"],"gold_per_floor":[113,288,301,301,301,335,335,353,377,396,416,416,416,49,49,145,145,145,145,145,45,15,15,15,15,15,15,15,15,15,15,15,15,15,15,15,15,15,15,15,15,15,15,15,15,15,15,15,15,15],"floor_reached":51,"playtime":2482,"items_purged":["Doubt","Defend_P"],"score":806,"play_id":"bb1c1956-3c9d-4a11-b922-eb77262c85c9","local_time":"20210102150558","is_ascension_mode":false,"campfire_choices":[{"data":"Eruption","floor":7,"key":"SMITH"},{"floor":13,"key":"REST"},{"data":"Crescendo","floor":15,"key":"SMITH"},{"floor":23,"key":"REST"},{"floor":29,"key":"REST"},{"data":"DeusExMachina","floor":32,"key":"SMITH"},{"floor":42,"key":"REST"},{"data":"1","floor":45,"key":"LIFT"},{"floor":49,"key":"REST"}],"circlet_count":0,"master_deck":["Strike_P+1","Strike_P+1","Defend_P","Defend_P","Vigilance","Pray","EmptyBody","FlurryOfBlows","Conclude","Crescendo+1","DeusExMachina+1","Worship","PathToVictory+1","WheelKick","FollowUp","Brilliance","EmptyMind+1","DeusExMachina+1","FlyingSleeves+1","EmptyMind+1","TalkToTheHand+1","Scrawl","WindmillStrike+1"],"relics":["PureWater","NeowsBlessing","Vajra","Regal Pillow","Nunchaku","PreservedInsect","Anchor","Ectoplasm","MutagenicStrength","Potion Belt","Damaru","Empty Cage","Lantern","Girya","Ornamental Fan"],"acts_visited":["Exordium","TheCity","TheBeyond"],"potions_floor_usage":[16,22,24,25,33,36,40,47,50],"damage_taken":[{"damage":0.0,"enemies":"Jaw Worm","floor":1.0,"turns":1.0},{"damage":0.0,"enemies":"Small Slimes","floor":3.0,"turns":2.0},{"damage":0,"enemies":"Lagavulin","floor":6,"turns":1},{"damage":0,"enemies":"2 Louse","floor":8,"turns":2},{"damage":14,"enemies":"Lots of Slimes","floor":10,"turns":6},{"damage":2,"enemies":"2 Fungi Beasts","floor":11,"turns":2},{"damage":49,"enemies":"The Guardian","floor":16,"turns":9},{"damage":16,"enemies":"Spheric Guardian","floor":18,"turns":4},{"damage":0,"enemies":"2 Thieves","floor":22,"turns":3},{"damage":38,"enemies":"Shelled Parasite and Fungi","floor":24,"turns":6},{"damage":0,"enemies":"Slavers","floor":25,"turns":1},{"damage":0,"enemies":"Centurion and Healer","floor":27,"turns":4},{"damage":2,"enemies":"3 Cultists","floor":28,"turns":4},{"damage":0,"enemies":"Cultist and Chosen","floor":31,"turns":3},{"damage":8,"enemies":"Collector","floor":33,"turns":5},{"damage":0,"enemies":"Orb Walker","floor":35,"turns":2},{"damage":0,"enemies":"3 Shapes","floor":36,"turns":1},{"damage":9,"enemies":"3 Darklings","floor":39,"turns":4},{"damage":3,"enemies":"Giant Head","floor":40,"turns":3},{"damage":18,"enemies":"Maw","floor":41,"turns":5},{"damage":1,"enemies":"Spire Growth","floor":44,"turns":3},{"damage":30,"enemies":"Nemesis","floor":46,"turns":5},{"damage":0,"enemies":"Transient","floor":47,"turns":1},{"damage":0,"enemies":"Jaw Worm Horde","floor":48,"turns":2},{"damage":39,"enemies":"Donu and Deca","floor":50,"turns":5}],"seed_played":"-4291788399860288038","potions_obtained":[{"floor":3,"key":"Swift Potion"},{"floor":6,"key":"Weak Potion"},{"floor":10,"key":"Dexterity Potion"},{"floor":11,"key":"Fire Potion"},{"floor":24,"key":"SmokeBomb"},{"floor":28,"key":"Ambrosia"},{"floor":31,"key":"SkillPotion"},{"floor":36,"key":"EssenceOfSteel"},{"floor":39,"key":"Swift Potion"},{"floor":41,"key":"Explosive Potion"},{"floor":44,"key":"SmokeBomb"},{"floor":48,"key":"Strength Potion"}],"is_trial":false,"path_per_floor":["M","?","M","?","?","E","R","M","T","M","M","?","R","$","R","B",null,"M","?","T","$","M","R","M","E","T","M","M","R","?","M","R","B",null,"M","M","?","?","M","E","M","R","T","M","R","E","M","M","R","B",null],"character_chosen":"WATCHER","items_purchased":["PreservedInsect","Anchor"],"campfire_rested":5,"item_purchase_floors":[14,14],"current_hp_per_floor":[72,72,72,72,58,58,58,58,58,44,42,35,71,71,71,22,72,56,56,56,56,56,72,34,34,34,34,32,68,68,68,68,60,72,72,72,72,72,63,60,42,72,72,71,71,41,41,41,72,33],"gold":15,"neow_bonus":"THREE_ENEMY_KILL","is_daily":false,"chose_seed":false,"campfire_upgraded":3,"win_rate":0.0,"timestamp":1609599958,"path_taken":["M","?","M","?","?","E","R","M","T","?","M","?","R","?","R","BOSS","M","?","?","$","M","R","M","E","T","M","M","R","?","M","R","BOSS","M","?","?","?","M","E","M","R","T","M","R","E","M","?","R","BOSS"],"items_purchased_type":["Relic","Relic"],"build_version":"2020-12-22","purchased_purges":2,"victory":true,"max_hp_per_floor":[72,72,72,72,72,72,72,72,72,72,72,72,72,72,72,72,72,72,72,72,72,72,72,72,72,72,72,72,72,72,72,72,72,72,72,72,72,72,72,72,72,72,72,72,72,72,72,72,72,72],"relic_stats":{"Regal Pillow":49,"Nunchaku":[23],"counters":[25,84],"Ornamental Fan":[24],"PreservedInsect":211,"Ectoplasm":414,"obtain_stats":[{"Potion Belt":20,"Girya":43,"Regal Pillow":6,"Lantern":40,"NeowsBlessing":0,"Vajra":4,"Damaru":26,"PreservedInsect":14,"Empty Cage":34,"Nunchaku":9,"Anchor":14,"Ornamental Fan":46,"MutagenicStrength":19,"Ectoplasm":17,"PureWater":0},{"Potion Belt":8,"Girya":20,"Regal Pillow":3,"Lantern":19,"NeowsBlessing":0,"Vajra":2,"Damaru":11,"PreservedInsect":6,"Empty Cage":15,"Nunchaku":4,"Anchor":6,"Ornamental Fan":22,"MutagenicStrength":8,"Ectoplasm":7,"PureWater":0},{"Potion Belt":27,"Girya":68,"Regal Pillow":4,"Lantern":63,"NeowsBlessing":0,"Vajra":3,"Damaru":37,"PreservedInsect":14,"Empty Cage":53,"Nunchaku":6,"Anchor":14,"Ornamental Fan":76,"MutagenicStrength":27,"Ectoplasm":23,"PureWater":0}]},"card_choices":[{"not_picked":["FlyingSleeves","JustLucky"],"picked":"Pray","floor":1.0},{"not_picked":["SignatureMove","BowlingBash"],"picked":"EmptyBody","floor":3},{"not_picked":["SandsOfTime","InnerPeace"],"picked":"FlurryOfBlows","floor":6},{"not_picked":["Crescendo","EmptyBody","CrushJoints"],"picked":"SKIP","floor":8},{"not_picked":["CutThroughFate","Crescendo"],"picked":"Conclude","floor":10},{"not_picked":["EmptyFist","ThirdEye"],"picked":"Crescendo","floor":11},{"not_picked":["Brilliance","LessonLearned"],"picked":"DeusExMachina","floor":16},{"not_picked":["Crescendo","JustLucky","CrushJoints"],"picked":"SKIP","floor":18},{"not_picked":["EmptyBody","EmptyFist"],"picked":"Worship","floor":22},{"not_picked":["Vengeance","Nirvana+1"],"picked":"PathToVictory+1","floor":24},{"not_picked":["Protect+1","SashWhip","Swivel"],"picked":"SKIP","floor":27},{"not_picked":["FlyingSleeves","CrushJoints"],"picked":"WheelKick","floor":28},{"not_picked":["DeceiveReality","CrushJoints"],"picked":"FollowUp","floor":31},{"not_picked":["Scrawl","MasterReality"],"picked":"Brilliance","floor":33},{"not_picked":["SashWhip","Crescendo+1"],"picked":"EmptyMind+1","floor":35},{"not_picked":["Evaluate","EmptyBody+1","WaveOfTheHand"],"picked":"SKIP","floor":36},{"not_picked":["Evaluate","Collect+1","DeceiveReality+1"],"picked":"SKIP","floor":39},{"not_picked":["Protect","ClearTheMind"],"picked":"FlyingSleeves+1","floor":40},{"not_picked":["Conclude+1","Protect"],"picked":"EmptyMind+1","floor":41},{"not_picked":["ReachHeaven+1","Crescendo+1"],"picked":"TalkToTheHand+1","floor":44},{"not_picked":["Conclude+1","EmptyFist+1"],"picked":"Scrawl","floor":46},{"not_picked":["Wallop+1","JustLucky"],"picked":"WindmillStrike+1","floor":48}],"player_experience":65208,"relics_obtained":[{"floor":6,"key":"Regal Pillow"},{"floor":9,"key":"Nunchaku"},{"floor":20,"key":"Potion Belt"},{"floor":26,"key":"Damaru"},{"floor":40,"key":"Lantern"},{"floor":43,"key":"Girya"},{"floor":46,"key":"Ornamental Fan"}],"event_choices":[{"damage_healed":0.0,"max_hp_gain":0.0,"max_hp_loss":0.0,"gold_gain":175.0,"event_name":"Liars Game","player_choice":"AGREE","floor":2.0,"gold_loss":0.0,"damage_taken":0.0,"cards_obtained":["Doubt"]},{"damage_healed":0,"gold_gain":0,"player_choice":"Box","damage_taken":0,"relics_obtained":["Vajra"],"max_hp_gain":0,"max_hp_loss":0,"event_name":"Big Fish","floor":4,"gold_loss":0,"cards_obtained":["Regret"]},{"damage_healed":0,"gold_gain":0,"player_choice":"Entered Light","damage_taken":14,"max_hp_gain":0,"max_hp_loss":0,"event_name":"Shining Light","floor":5,"gold_loss":0,"cards_upgraded":["Strike_P","Strike_P"]},{"cards_removed":["Regret"],"damage_healed":0,"gold_gain":0,"player_choice":"Card Removal","damage_taken":7,"max_hp_gain":0,"max_hp_loss":0,"event_name":"Golden Wing","floor":12,"gold_loss":0},{"damage_healed":0,"gold_gain":0,"player_choice":"Inject Mutagens","damage_taken":0,"relics_obtained":["MutagenicStrength"],"max_hp_gain":0,"max_hp_loss":0,"event_name":"Drug Dealer","floor":19,"gold_loss":0},{"cards_removed":["Strike_P"],"damage_healed":0,"gold_gain":0,"player_choice":"Offered Basic","damage_taken":0,"max_hp_gain":0,"max_hp_loss":0,"event_name":"Bonfire Elementals","floor":30,"gold_loss":0},{"cards_removed":["Eruption"],"damage_healed":0,"gold_gain":0,"player_choice":"Removed Attack","damage_taken":0,"max_hp_gain":0,"max_hp_loss":0,"event_name":"Falling","floor":37,"gold_loss":0},{"damage_healed":0,"gold_gain":0,"player_choice":"Copied","damage_taken":0,"max_hp_gain":0,"max_hp_loss":0,"event_name":"Duplicator","floor":38,"gold_loss":0,"cards_obtained":["DeusExMachina"]}],"is_beta":false,"boss_relics":[{"not_picked":["Tiny House","Cursed Key"],"picked":"Ectoplasm"},{"not_picked":["Busted Crown","Runic Pyramid"],"picked":"Empty Cage"}],"items_purged_floors":[14,21],"is_endless":false,"potions_floor_spawned":[3,6,10,11,24,28,31,36,39,41,44,48],"ascension_level":0}}