{"host":"3asmp5aovk69ekg9","time":1609628139,"event":{"mods":["BaseMod","BetterRewards","Colored Powertips","Hermit","Koishi","Magitek Elite","Minty Spire (QoL Compilation)","Permanent Neow","Remove Card Discount Mod","Shade Mod","StSLib","The Alterego","The Cursed","The Death Knight","The Fake Hero","The IronCluck","The Marked","The Senshi","The Wild Card"],"gold_per_floor":[136,136,149,160,11,71,106,175,199,259,259,307,32,70,70,169,169,187,187,227,227,155,206,247,247,247],"floor_reached":25,"playtime":3573,"items_purged":["Strike_R","Strike_R","Defend_R","Defend_R","Strike_R","Pain","Defend_R","Defend_R","Strike_R","Strike_R","Second Wind","Heavy Blade","Searing Blow"],"score":477,"play_id":"f45562e1-8ac6-46e8-ad07-5eee1125dd12","local_time":"20210102145539","is_ascension_mode":true,"campfire_choices":[{"data":"Fire Breathing","floor":15,"key":"SMITH"}],"circlet_count":0,"master_deck":["Bash","Armaments+1","Seeing Red","Fire Breathing+1","Panache","Evolve","Armaments+1","Thunderclap","Inflame","Thunderclap","HandOfGreed","Pummel","Rage","Berserk","Iron Wave","Reckless Charge","Flex","Power Through","Armaments+1","HandOfGreed","Fire Breathing","Berserk","Reckless Charge+1","Juggernaut","Flame Barrier"],"relics":["Burning Blood","MealTicket","Red Skull","ClockworkSouvenir","Juzu Bracelet","Champion Belt","WarpedTongs","Boot","Nunchaku","Akabeko","Toy Ornithopter","Angel_Ring","Membership Card","Mark of Pain","Oddly Smooth Stone","Bronze Scales"],"acts_visited":["Exordium","TheCity"],"potions_floor_usage":[12,18,23,23,23,25],"damage_taken":[{"damage":5.0,"enemies":"Small Slimes","floor":1.0,"turns":3.0},{"damage":8.0,"enemies":"Cultist","floor":3.0,"turns":5.0},{"damage":1.0,"enemies":"2 Louse","floor":4.0,"turns":2.0},{"damage":10.0,"enemies":"Lagavulin","floor":6.0,"turns":5.0},{"damage":0.0,"enemies":"Large Slime","floor":7.0,"turns":3.0},{"damage":7,"enemies":"3 Sentries","floor":10,"turns":5},{"damage":5,"enemies":"Lagavulin","floor":12,"turns":6},{"damage":0,"enemies":"Blue Slaver","floor":14,"turns":1},{"damage":20,"enemies":"The Guardian","floor":16,"turns":8},{"damage":15,"enemies":"Shell Parasite","floor":18,"turns":4},{"damage":21,"enemies":"Chosen","floor":20,"turns":4},{"damage":20,"enemies":"Slavers","floor":23,"turns":5},{"damage":42,"enemies":"3 Cultists","floor":24,"turns":5},{"damage":28,"enemies":"Gremlin Leader","floor":25,"turns":5}],"seed_played":"2230464532822486546","potions_obtained":[{"floor":3.0,"key":"DuplicationPotion"},{"floor":6.0,"key":"Ancient Potion"},{"floor":7.0,"key":"SpeedPotion"},{"floor":14,"key":"ColorlessPotion"},{"floor":18,"key":"Fruit Juice"},{"floor":20,"key":"HeartOfIron"},{"floor":24,"key":"ColorlessPotion"}],"is_trial":false,"path_per_floor":["M","?","M","M","$","E","M","?","T","E","?","E","$","M","R","B",null,"M","?","M","?","$","E","M","E"],"character_chosen":"IRONCLAD","items_purchased":["MealTicket","Red Skull","ClockworkSouvenir","Armaments","Seeing Red","Juzu Bracelet","Fire Breathing","Panache","Evolve","Armaments","Champion Belt","Thunderclap","Inflame","Thunderclap","HandOfGreed","Boot","Membership Card","Armaments","HandOfGreed","Oddly Smooth Stone"],"campfire_rested":0,"item_purchase_floors":[0,0,0,0,0,0,0,0,0,0,0,0,0,0,0,5,13,13,13,22],"current_hp_per_floor":[25,25,23,28,43,39,45,45,45,44,44,50,65,71,71,57,74,75,75,60,35,50,51,20,0,0],"gold":247,"neow_bonus":"","is_daily":false,"chose_seed":false,"campfire_upgraded":1,"win_rate":0.0,"timestamp":1609628139,"path_taken":["M","?","M","M","$","E","M","?","T","E","?","E","$","M","R","BOSS","M","?","M","?","$","E","M","E"],"items_purchased_type":["Relic","Relic","Relic","Card","Card","Relic","Card","Card","Card","Card","Relic","Card","Card","Card","Card","Relic","Relic","Card","Card","Relic"],"build_version":"2020-12-22","purchased_purges":13,"victory":false,"max_hp_per_floor":[80,80,80,80,80,80,80,80,80,80,80,80,80,80,80,80,80,85,85,85,85,85,85,85,85,85],"card_choices":[{"not_picked":["Cleave","True Grit"],"picked":"Pummel","floor":1.0},{"not_picked":["Clothesline","Burning Pact"],"picked":"Rage","floor":3.0},{"not_picked":["Sever Soul","Bloodletting","Perfected Strike"],"picked":"SKIP","floor":4.0},{"not_picked":["Headbutt","Flex"],"picked":"Berserk","floor":6.0},{"not_picked":["Cleave","Heavy Blade"],"picked":"Iron Wave","floor":7.0},{"not_picked":["Body Slam","Dark Embrace","Intimidate"],"picked":"SKIP","floor":10},{"not_picked":["Dual Wield","Body Slam"],"picked":"Heavy Blade","floor":12},{"not_picked":["Perfected Strike","Searing Blow"],"picked":"Fire Breathing","floor":14},{"not_picked":["Corruption","Exhume"],"picked":"Berserk","floor":16},{"not_picked":["Clash","Shockwave"],"picked":"Reckless Charge+1","floor":18},{"not_picked":["True Grit+1","Feel No Pain","Shockwave"],"picked":"SKIP","floor":20},{"not_picked":["Hemokinesis","Havoc"],"picked":"Juggernaut","floor":23},{"not_picked":["Shrug It Off+1","Bloodletting"],"picked":"Flame Barrier","floor":24}],"player_experience":1164468,"relics_obtained":[{"floor":6.0,"key":"Nunchaku"},{"floor":9.0,"key":"Akabeko"},{"floor":10,"key":"Toy Ornithopter"},{"floor":12,"key":"Angel_Ring"},{"floor":23,"key":"Bronze Scales"}],"event_choices":[{"damage_healed":0.0,"max_hp_gain":0.0,"max_hp_loss":0.0,"gold_gain":0.0,"event_name":"Accursed Blacksmith","player_choice":"Rummage","floor":2.0,"gold_loss":0.0,"damage_taken":0.0,"relics_obtained":["WarpedTongs"],"cards_obtained":["Pain"]},{"damage_healed":0.0,"max_hp_gain":0.0,"max_hp_loss":0.0,"gold_gain":69.0,"event_name":"Golden Wing","player_choice":"Gained Gold","floor":8.0,"gold_loss":0.0,"damage_taken":0.0},{"damage_healed":0,"gold_gain":0,"player_choice":"Ignored","damage_taken":0,"max_hp_gain":0,"max_hp_loss":0,"event_name":"Beggar","floor":19,"gold_loss":0}],"is_beta":false,"boss_relics":[{"not_picked":["Runic Dome","theSenshi:MoonKaleidoScopeRelic"],"picked":"Mark of Pain"}],"items_purged_floors":[0,0,0,0,0,5,13,13,13,13,13,13,13],"is_endless":false,"potions_floor_spawned":[3,6,7,14,18,20,24],"killed_by":"Gremlin Leader","ascension_level":8}}