{"host":"l9yshwnp37vxhsgm","time":1609616216,"event":{"mods":["BaseMod","Block Reminder","Colored Map","Colored Powertips","DeckTracker","Highlight Path","Minty Spire (QoL Compilation)","Quick Restart","Relic Stats","StSLib","The Cursed"],"gold_per_floor":[109,109,66,141,159,184,184,184,207,223,261,275,275,289,289,420,420,441,441,441,412,6,6,21,21,45,45,45,60,60,60,60,60,60],"floor_reached":33,"playtime":1846,"items_purged":[],"score":247,"play_id":"c23940aa-b2d0-4356-bf1d-442bb44ed8dd","local_time":"20210102203656","is_ascension_mode":false,"campfire_choices":[{"floor":13.0,"key":"REST"},{"floor":15.0,"key":"RECALL"},{"floor":23,"key":"REST"},{"floor":25,"key":"REST"},{"data":"Leg Sweep","floor":27,"key":"SMITH"},{"data":"Bane","floor":32,"key":"SMITH"}],"circlet_count":0,"master_deck":["Strike_G","Strike_G","Strike_G","Strike_G","Strike_G","Defend_G","Defend_G","Defend_G","Defend_G+1","Defend_G","Survivor","Neutralize","Flying Knee","Blade Dance","Bouncing Flask+1","Dagger Spray","Backflip","Flying Knee+1","Deflect","Leg Sweep+1","Dagger Spray","Slice","Bane+1"],"relics":["Ring of the Snake","NeowsBlessing","Golden Idol","Pear","PreservedInsect","War Paint","Regal Pillow","Thread and Needle"],"acts_visited":["Exordium","TheCity"],"potions_floor_usage":[21,21,24,31],"damage_taken":[{"damage":0.0,"enemies":"Jaw Worm","floor":1.0,"turns":1.0},{"damage":0.0,"enemies":"2 Louse","floor":5.0,"turns":1.0},{"damage":0.0,"enemies":"Cultist","floor":6.0,"turns":1.0},{"damage":0.0,"enemies":"2 Fungi Beasts","floor":10.0,"turns":4.0},{"damage":23.0,"enemies":"3 Sentries","floor":11.0,"turns":6.0},{"damage":0.0,"enemies":"Looter","floor":12.0,"turns":3.0},{"damage":0.0,"enemies":"Lots of Slimes","floor":14.0,"turns":3.0},{"damage":47.0,"enemies":"Slime Boss","floor":16.0,"turns":14.0},{"damage":6,"enemies":"Chosen","floor":18,"turns":6},{"damage":25,"enemies":"2 Thieves","floor":21,"turns":5},{"damage":9,"enemies":"Shelled Parasite and Fungi","floor":24,"turns":10},{"damage":0,"enemies":"Snecko","floor":29,"turns":6},{"damage":0,"enemies":"Centurion and Healer","floor":31,"turns":2},{"damage":95,"enemies":"Automaton","floor":33,"turns":12}],"seed_played":"145292138730670120","potions_obtained":[{"floor":6.0,"key":"ColorlessPotion"},{"floor":10.0,"key":"Block Potion"},{"floor":12.0,"key":"AttackPotion"},{"floor":14.0,"key":"SmokeBomb"},{"floor":16.0,"key":"SneckoOil"},{"floor":18,"key":"ColorlessPotion"},{"floor":21,"key":"Dexterity Potion"}],"is_trial":false,"path_per_floor":["M","?","?","T","M","M","$","?","T","M","E","M","R","M","R","B",null,"M","?","?","M","$","R","M","R","T","R","$","M","?","M","R","B"],"character_chosen":"THE_SILENT","items_purchased":["Thread and Needle","Leg Sweep","Dagger Spray"],"campfire_rested":3,"item_purchase_floors":[22,22,22],"current_hp_per_floor":[70,65,65,75,75,75,75,75,75,75,52,52,74,74,74,27,75,69,69,74,49,49,75,66,75,75,75,75,75,69,69,69,0,0],"gold":60,"neow_bonus":"THREE_ENEMY_KILL","is_daily":false,"chose_seed":false,"campfire_upgraded":2,"win_rate":0.0,"timestamp":1609616216,"path_taken":["M","?","?","?","M","M","?","?","T","?","E","M","R","M","R","BOSS","M","?","?","M","$","R","?","R","T","R","$","M","?","?","R","BOSS"],"items_purchased_type":["Relic","Card","Card"],"build_version":"2020-12-22","purchased_purges":0,"victory":false,"max_hp_per_floor":[70,65,65,75,75,75,75,75,75,75,75,75,75,75,75,75,75,75,75,75,75,75,75,75,75,75,75,75,75,75,75,75,75,75],"relic_stats":{"Regal Pillow":4,"counters":[14,74],"Golden Idol":68,"PreservedInsect":31,"War Paint":["Bouncing Flask","Defend_G"],"obtain_stats":[{"Regal Pillow":19,"Pear":4,"NeowsBlessing":0,"Golden Idol":2,"Thread and Needle":22,"PreservedInsect":9,"War Paint":11,"Ring of the Snake":0},{"Regal Pillow":9,"Pear":1,"NeowsBlessing":0,"Golden Idol":1,"Thread and Needle":10,"PreservedInsect":3,"War Paint":5,"Ring of the Snake":0},{"Regal Pillow":39,"Pear":1,"NeowsBlessing":0,"Golden Idol":1,"Thread and Needle":44,"PreservedInsect":3,"War Paint":13,"Ring of the Snake":0}],"Ring of the Snake":[28]},"card_choices":[{"not_picked":["Dash","Eviscerate"],"picked":"Flying Knee","floor":1.0},{"not_picked":["Bane","Dagger Throw"],"picked":"Flying Knee","floor":5.0},{"not_picked":["Prepared","Riddle With Holes"],"picked":"Blade Dance","floor":6.0},{"not_picked":["All Out Attack","Backflip"],"picked":"Bouncing Flask","floor":10.0},{"not_picked":["Finisher","Accuracy"],"picked":"Dagger Spray","floor":11.0},{"not_picked":["PiercingWail","Masterful Stab","Choke"],"picked":"SKIP","floor":12.0},{"not_picked":["Catalyst","Finisher"],"picked":"Backflip","floor":14.0},{"not_picked":["Leg Sweep","Distraction"],"picked":"Flying Knee+1","floor":18},{"not_picked":["Bane","Skewer"],"picked":"Deflect","floor":21},{"not_picked":["Outmaneuver+1","PiercingWail"],"picked":"Slice","floor":24},{"not_picked":["Catalyst","Bouncing Flask"],"picked":"Bane","floor":29}],"player_experience":115612,"relics_obtained":[{"floor":4.0,"key":"Pear"},{"floor":9.0,"key":"PreservedInsect"},{"floor":11.0,"key":"War Paint"}],"event_choices":[{"damage_healed":0.0,"max_hp_gain":0.0,"max_hp_loss":5.0,"gold_gain":0.0,"event_name":"Golden Idol","player_choice":"Lose Max HP","floor":2.0,"gold_loss":0.0,"damage_taken":0.0,"relics_obtained":["Golden Idol"]},{"damage_healed":0.0,"max_hp_gain":0.0,"max_hp_loss":0.0,"gold_gain":0.0,"event_name":"World of Goop","player_choice":"Left Gold","floor":3.0,"gold_loss":43.0,"damage_taken":0.0},{"damage_healed":0.0,"max_hp_gain":0.0,"max_hp_loss":0.0,"gold_gain":0.0,"event_name":"Purifier","player_choice":"Ignored","floor":8.0,"gold_loss":0.0,"damage_taken":0.0},{"damage_healed":0,"gold_gain":0,"player_choice":"Opened","damage_taken":0,"relics_obtained":["Regal Pillow"],"max_hp_gain":0,"max_hp_loss":0,"event_name":"The Mausoleum","floor":19,"gold_loss":0},{"cards_removed":["Flying Knee"],"damage_healed":5,"gold_gain":0,"player_choice":"Offered Common","damage_taken":0,"max_hp_gain":0,"max_hp_loss":0,"event_name":"Bonfire Elementals","floor":20,"gold_loss":0},{"cards_removed":["Flying Knee"],"damage_healed":5,"gold_gain":0,"player_choice":"Offered Special","damage_taken":0,"max_hp_gain":0,"max_hp_loss":0,"event_name":"Bonfire Elementals","floor":20,"gold_loss":0},{"damage_healed":0,"gold_gain":0,"player_choice":"","damage_taken":6,"max_hp_gain":0,"max_hp_loss":0,"event_name":"Knowing Skull","floor":30,"potions_obtained":[],"gold_loss":0,"cards_obtained":[]}],"is_beta":false,"boss_relics":[{"not_picked":["Ectoplasm","Sozu","Runic Dome"]}],"items_purged_floors":[],"is_endless":false,"potions_floor_spawned":[6,10,12,14,16,18,21],"killed_by":"Automaton","ascension_level":0}}