{"host":"f5pfdf07lxwkzoqo","time":1609601327,"event":{"mods":["Act Like it!","Aspiration","BaseMod","BetterRewards","Colored Powertips","Conspire","Downfall","Duelist Mod","GifTheSpireLib","GungeonMod","Hallownest","Highlight Path","Hubris","Jorbs\u0027s Wanderer Trilogy","Minty Spire (QoL Compilation)","Rare Cards Sparkle","StSLib","The Animator"],"gold_per_floor":[117,140,140,12,28,59,59,59,59],"floor_reached":8,"playtime":1078,"items_purged":[],"score":85,"play_id":"c2191483-57dd-4580-9ea3-9d596f787912","local_time":"20210102152847","is_ascension_mode":true,"campfire_choices":[],"circlet_count":0,"master_deck":["animator:Strike_OnePunchMan","animator:Defend_OnePunchMan","animator:Strike","animator:Strike","animator:Strike","animator:Defend","animator:Defend","animator:Defend","animator:Genos","animator:MumenRider","animator:Witch","animator:TukaLunaMarceau","animator:Emonzaemon","animator:Tyuule","animator:Spearman","animator:RoryMercury","animator:Tyuule"],"relics":["animator:LivingPicture","animator:TheMissingPiece","aspiration:Nostalgia","theDuelist:CardPoolSaveRelic","hubris:Towel","DemoMod:LamentConfigurum"],"acts_visited":["Exordium"],"potions_floor_usage":[6,6,6,8,8],"damage_taken":[{"damage":0,"enemies":"conspire:RoseBush","floor":1,"turns":3},{"damage":2,"enemies":"Small Slimes","floor":2,"turns":5},{"damage":7,"enemies":"2 Louse","floor":5,"turns":2},{"damage":0,"enemies":"3 Sentries","floor":6,"turns":6},{"damage":58,"enemies":"Gremlin Nob","floor":8,"turns":4}],"seed_played":"1485483568708007211","potions_obtained":[{"floor":1,"key":"AttackPotion"},{"floor":2,"key":"EssenceOfSteel"},{"floor":6,"key":"SkillPotion"}],"is_trial":false,"path_per_floor":["M","M","?","$","M","E","$","E"],"character_chosen":"THE_ANIMATOR","items_purchased":["animator:Emonzaemon","animator:Tyuule","animator:Spearman"],"campfire_rested":0,"item_purchase_floors":[4,4,4],"current_hp_per_floor":[66,64,64,64,58,58,58,0,0],"gold":59,"neow_bonus":"NOSTALGIA","is_daily":false,"chose_seed":false,"campfire_upgraded":0,"win_rate":0.0,"timestamp":1609601327,"path_taken":["M","M","?","$","M","E","$","E"],"items_purchased_type":["Card","Card","Card"],"build_version":"2020-12-22","purchased_purges":0,"victory":false,"max_hp_per_floor":[66,66,66,66,67,67,67,67,67],"card_choices":[{"not_picked":["animator:Melzalgald","animator:YuiTsuruno"],"picked":"animator:Witch","floor":1},{"not_picked":["animator:Togame","animator:FielNirvalen"],"picked":"animator:TukaLunaMarceau","floor":2},{"not_picked":["animator:Bozes","animator:NarberalGamma"],"picked":"animator:RoryMercury","floor":5},{"not_picked":["animator:Demiurge","animator:DwarfShaman"],"picked":"animator:Tyuule","floor":6}],"player_experience":530108,"relics_obtained":[{"floor":6,"key":"DemoMod:LamentConfigurum"}],"event_choices":[],"is_beta":false,"boss_relics":[],"items_purged_floors":[],"is_endless":false,"potions_floor_spawned":[1,2,6],"killed_by":"Gremlin Nob","ascension_level":1}}