{"host":"kh6fvhxn285ncg0o","time":1609578967,"event":{"mods":["Act Like it!","BaseMod","Colored Map","Friendly Minions","Keyboard Shortcuts","Minty Spire (QoL Compilation)","Quick Restart","Relic Stats","StSLib","SuperFastMode"],"gold_per_floor":[112,125,41,191,191,217,217,227,254,283,283,308,324,342,342,342,342],"floor_reached":16,"playtime":225,"items_purged":[],"score":340,"play_id":"3844e3bf-a31e-4aa0-9128-a13f2cdb1f40","local_time":"20210102181607","is_ascension_mode":true,"campfire_choices":[{"data":"Adaptation","floor":7,"key":"SMITH"},{"data":"Eruption","floor":11,"key":"SMITH"},{"data":"TalkToTheHand","floor":15,"key":"SMITH"}],"circlet_count":0,"master_deck":["AscendersBane","Strike_P","Strike_P","Strike_P","Strike_P","Defend_P","Defend_P","Defend_P","Defend_P","Eruption+1","Vigilance","MentalFortress","Adaptation+1","Doubt","TalkToTheHand+1","FlurryOfBlows"],"relics":["PureWater","NeowsBlessing","Lantern","Pen Nib","PreservedInsect","Omamori","Smiling Mask"],"acts_visited":["Exordium"],"potions_floor_usage":[10,16,16],"damage_taken":[{"damage":0,"enemies":"Small Slimes","floor":1,"turns":1},{"damage":0,"enemies":"Jaw Worm","floor":2,"turns":1},{"damage":0,"enemies":"Gremlin Nob","floor":6,"turns":1},{"damage":1,"enemies":"Cultist","floor":8,"turns":5},{"damage":0,"enemies":"3 Sentries","floor":10,"turns":5},{"damage":3,"enemies":"Gremlin Nob","floor":12,"turns":3},{"damage":0,"enemies":"3 Louse","floor":13,"turns":4},{"damage":0,"enemies":"Looter","floor":14,"turns":1},{"damage":58,"enemies":"Hexaghost","floor":16,"turns":9}],"seed_played":"-7061518534542285423","potions_obtained":[{"floor":2,"key":"BottledMiracle"},{"floor":8,"key":"Explosive Potion"},{"floor":12,"key":"Dexterity Potion"}],"is_trial":false,"path_per_floor":["M","M","$","?","?","E","R","M","T","E","R","E","M","M","R","B"],"character_chosen":"WATCHER","items_purchased":["Adaptation"],"campfire_rested":0,"item_purchase_floors":[3],"current_hp_per_floor":[61,61,61,61,61,61,61,60,60,60,60,57,57,57,57,0,0],"gold":342,"neow_bonus":"THREE_ENEMY_KILL","is_daily":false,"chose_seed":false,"campfire_upgraded":3,"win_rate":0.0,"timestamp":1609578967,"path_taken":["M","M","$","?","?","E","R","?","T","E","R","E","M","M","R","BOSS"],"items_purchased_type":["Card"],"build_version":"2020-12-22","purchased_purges":0,"victory":false,"max_hp_per_floor":[68,68,68,68,68,68,68,68,68,68,68,68,68,68,68,68,68],"relic_stats":{"counters":[9,30],"Pen Nib":[5],"PreservedInsect":53,"Smiling Mask":0,"obtain_stats":[{"Lantern":5,"NeowsBlessing":0,"Pen Nib":6,"PreservedInsect":9,"Omamori":10,"PureWater":0,"Smiling Mask":12},{"Lantern":2,"NeowsBlessing":0,"Pen Nib":3,"PreservedInsect":4,"Omamori":5,"PureWater":0,"Smiling Mask":6},{"Lantern":2,"NeowsBlessing":0,"Pen Nib":3,"PreservedInsect":8,"Omamori":13,"PureWater":0,"Smiling Mask":16}]},"card_choices":[{"not_picked":["Consecrate","EmptyMind"],"picked":"MentalFortress","floor":1},{"not_picked":["Perseverance","Meditate"],"picked":"MentalFortress","floor":2},{"not_picked":["FlyingSleeves","Meditate","EmptyFist"],"picked":"SKIP","floor":10},{"not_picked":["PathToVictory","Wireheading","EmptyFist"],"picked":"SKIP","floor":12},{"not_picked":["PathToVictory","Wireheading","EmptyFist"],"picked":"SKIP","floor":12},{"not_picked":["Study","Halt"],"picked":"TalkToTheHand","floor":13},{"not_picked":["PathToVictory","CutThroughFate"],"picked":"FlurryOfBlows","floor":14}],"player_experience":3347677,"relics_obtained":[{"floor":6,"key":"Pen Nib"},{"floor":9,"key":"PreservedInsect"},{"floor":10,"key":"Omamori"},{"floor":12,"key":"Smiling Mask"}],"event_choices":[{"damage_healed":0,"gold_gain":150,"player_choice":"AGREE","damage_taken":0,"max_hp_gain":0,"max_hp_loss":0,"event_name":"Liars Game","floor":4,"gold_loss":0,"cards_obtained":["Doubt"]},{"cards_removed":["MentalFortress"],"damage_healed":0,"gold_gain":0,"player_choice":"Gave Card","damage_taken":0,"relics_obtained":["Lantern"],"max_hp_gain":0,"max_hp_loss":0,"event_name":"WeMeetAgain","floor":5,"gold_loss":0}],"is_beta":false,"boss_relics":[],"items_purged_floors":[],"is_endless":false,"potions_floor_spawned":[2,8,12],"killed_by":"Hexaghost","ascension_level":20}}