{"host":"jpcy2bclvs7juczu","time":1609558303,"event":{"mods":["AchievementEnabler","Alarm Clock","BaseMod","Block Reminder","Colored Map","Colored Powertips","Curses Come First","Filter the Spire","Minty Spire (QoL Compilation)","Quick Restart","RNG Fix","Relic Stats","StSLib","everything is the same but u backflip on backflip","ojb\u0027s Better Paths Mod","ojb\u0027s Info Mod","slay the spire mod where everything is the same but ironclad has a cowboy hat"],"gold_per_floor":[212,222,222,240,252,252,252,280,350,350,350],"floor_reached":10,"playtime":304,"items_purged":[],"score":136,"play_id":"ff182709-44b8-413b-8dac-84f71e535a70","local_time":"20210102033143","is_ascension_mode":true,"campfire_choices":[{"data":"Crippling Poison","floor":6.0,"key":"SMITH"}],"circlet_count":0,"master_deck":["AscendersBane","Strike_G","Strike_G","Strike_G","Strike_G","Strike_G","Defend_G","Defend_G","Defend_G","Defend_G","Defend_G","Survivor","Neutralize","Backstab","Crippling Poison+1","Decay","Catalyst","Quick Slash","Predator"],"relics":["Ring of the Snake","Ornamental Fan","Ice Cream","Mummified Hand"],"acts_visited":["Exordium"],"potions_floor_usage":[10],"damage_taken":[{"damage":0.0,"enemies":"2 Louse","floor":1.0,"turns":4.0},{"damage":0.0,"enemies":"Small Slimes","floor":2.0,"turns":3.0},{"damage":6.0,"enemies":"Cultist","floor":4.0,"turns":4.0},{"damage":5.0,"enemies":"3 Louse","floor":5.0,"turns":3.0},{"damage":25.0,"enemies":"Gremlin Nob","floor":8.0,"turns":4.0},{"damage":15,"enemies":"3 Sentries","floor":10,"turns":5}],"seed_played":"4165595575415680304","potions_obtained":[{"floor":2.0,"key":"SteroidPotion"},{"floor":4.0,"key":"CultistPotion"}],"is_trial":false,"path_per_floor":["M","M","?","M","M","R","?","E","T","E"],"character_chosen":"THE_SILENT","items_purchased":[],"campfire_rested":0,"item_purchase_floors":[],"current_hp_per_floor":[59,59,59,53,48,48,37,12,12,0,0],"gold":350,"neow_bonus":"HUNDRED_GOLD","is_daily":false,"chose_seed":false,"campfire_upgraded":1,"win_rate":0.0,"timestamp":1609558303,"path_taken":["M","M","?","M","M","R","?","E","T","E"],"items_purchased_type":[],"build_version":"2020-12-22","purchased_purges":0,"victory":false,"max_hp_per_floor":[66,66,66,66,66,66,66,66,66,66,66],"relic_stats":{"counters":[6,23],"Ornamental Fan":[12],"Mummified Hand":[0],"obtain_stats":[{"Ice Cream":8,"Ornamental Fan":7,"Mummified Hand":9,"Ring of the Snake":0},{"Ice Cream":5,"Ornamental Fan":4,"Mummified Hand":5,"Ring of the Snake":0},{"Ice Cream":18,"Ornamental Fan":14,"Mummified Hand":18,"Ring of the Snake":0}],"Ring of the Snake":[12]},"card_choices":[{"not_picked":["Flying Knee","Slice"],"picked":"Backstab","floor":1.0},{"not_picked":["Catalyst","Slice"],"picked":"Crippling Poison","floor":2.0},{"not_picked":["Flying Knee","Expertise"],"picked":"Catalyst","floor":4.0},{"not_picked":["Dagger Throw","Crippling Poison"],"picked":"Quick Slash","floor":5.0},{"not_picked":["Storm of Steel","Accuracy"],"picked":"Predator","floor":8.0}],"player_experience":430172,"relics_obtained":[{"floor":8.0,"key":"Ice Cream"},{"floor":9.0,"key":"Mummified Hand"}],"event_choices":[{"damage_healed":0.0,"max_hp_gain":0.0,"max_hp_loss":0.0,"gold_gain":0.0,"event_name":"Wheel of Change","player_choice":"Cursed","floor":3.0,"gold_loss":0.0,"damage_taken":0.0,"cards_obtained":["Decay"]},{"damage_healed":0.0,"max_hp_gain":0.0,"max_hp_loss":0.0,"gold_gain":0.0,"event_name":"Scrap Ooze","player_choice":"Success","floor":7.0,"gold_loss":0.0,"damage_taken":11.0,"relics_obtained":["Ornamental Fan"]}],"is_beta":false,"boss_relics":[],"items_purged_floors":[],"is_endless":false,"potions_floor_spawned":[2,4],"killed_by":"3 Sentries","ascension_level":20}}