{"host":"uxq2rly8rxtwffuf","time":1609569020,"event":{"mods":["BaseMod","Koishi","Minty Spire (QoL Compilation)","StSLib","The Judge","The Servant 0.9.4"],"gold_per_floor":[110,124,49,49,49,79,79,107,107,107,107],"floor_reached":10,"playtime":316,"items_purged":["Strike_S"],"score":144,"play_id":"8176be45-b823-47b3-a3fe-5dff60423aae","local_time":"20210102093020","is_ascension_mode":true,"campfire_choices":[],"circlet_count":0,"master_deck":["AscendersBane","Strike_S","Strike_S","Defend_S","Defend_S","Defend_S","Defend_S","KidneyShot","Exchange","TimeWarp","ShatteredReality","Foresight","Alleviate"],"relics":["Uniform","PaperSwan","Regal Pillow","Letter Opener"],"acts_visited":["Exordium"],"potions_floor_usage":[8],"damage_taken":[{"damage":2,"enemies":"Small Slimes","floor":1,"turns":5},{"damage":0,"enemies":"Cultist","floor":2,"turns":4},{"damage":47,"enemies":"Gremlin Nob","floor":6,"turns":5},{"damage":32,"enemies":"Lagavulin","floor":8,"turns":7},{"damage":24,"enemies":"Gremlin Nob","floor":10,"turns":3}],"seed_played":"-9161017942363037943","potions_obtained":[{"floor":6,"key":"Regen Potion"}],"is_trial":false,"path_per_floor":["M","M","$","?","$","E","?","E","T","E"],"character_chosen":"THE_SERVANT","items_purchased":[],"campfire_rested":0,"item_purchase_floors":[],"current_hp_per_floor":[58,58,58,58,58,11,33,16,16,0,0],"gold":107,"neow_bonus":"TEN_PERCENT_HP_BONUS","is_daily":false,"chose_seed":false,"campfire_upgraded":0,"win_rate":0.0,"timestamp":1609569020,"path_taken":["M","M","$","?","?","E","?","E","T","E"],"items_purchased_type":[],"build_version":"2020-12-22","purchased_purges":1,"victory":false,"max_hp_per_floor":[66,66,66,66,66,66,66,66,66,66,66],"card_choices":[{"not_picked":["Alleviate","FastForward"],"picked":"TimeWarp","floor":1},{"not_picked":["Snipe","Hightail"],"picked":"ShatteredReality","floor":2},{"not_picked":["Defy","Ricochet"],"picked":"Foresight","floor":6},{"not_picked":["Unruled","RealityMarble"],"picked":"Alleviate","floor":8}],"player_experience":1370276,"relics_obtained":[{"floor":6,"key":"PaperSwan"},{"floor":8,"key":"Regal Pillow"},{"floor":9,"key":"Letter Opener"}],"event_choices":[{"cards_removed":["Strike_S"],"damage_healed":0,"gold_gain":0,"player_choice":"Card Removal","damage_taken":0,"max_hp_gain":0,"max_hp_loss":0,"event_name":"Wheel of Change","floor":4,"gold_loss":0},{"damage_healed":22,"gold_gain":0,"player_choice":"Banana","damage_taken":0,"max_hp_gain":0,"max_hp_loss":0,"event_name":"Big Fish","floor":7,"gold_loss":0}],"is_beta":false,"boss_relics":[],"items_purged_floors":[3],"is_endless":false,"potions_floor_spawned":[6],"killed_by":"Gremlin Nob","ascension_level":19}}