{"host":"erwxnntsfyc3037l","time":1609581065,"event":{"mods":["AchievementEnabler","BaseMod","Colored Powertips","Conspire","Downfall","Hermit","Hubris","Minty Spire (QoL Compilation)","Quick Restart","Replay The Spire","StSLib","The Bladedancer","The Cursed"],"gold_per_floor":[109,122,72,72,72,102,102,112,112,112,112,122,134,147,147,245,245,259,459,431,449,463,463,562,582,582,582,594,619,36,51,51,150,150,169,169,184,204,215,215,215,215],"floor_reached":41,"playtime":4769,"items_purged":[],"score":418,"play_id":"28fa3655-4324-4072-a65a-68a2b6e1c990","local_time":"20210102125105","is_ascension_mode":false,"campfire_choices":[{"floor":7.0,"key":"REST"},{"data":"conspire:Charge","floor":10.0,"key":"SMITH"},{"data":"Cleave+1","floor":15.0,"key":"SMITH"},{"floor":23.0,"key":"REST"},{"floor":32.0,"key":"REST"},{"floor":40,"key":"REST"}],"circlet_count":0,"master_deck":["Strike_R","Strike_R","Strike_R","Strike_R","Strike_R","Defend_R","Defend_R","Defend_R","Defend_R","Bash","Pommel Strike","Shrug It Off","Cleave+2","ReplayTheSpireMod:Stacked","conspire:Charge+1","Reaper","Iron Wave","Hemogenesis","Shrug It Off+1","Perfected Strike","Carnage","Impervious","ReplayReversal","ReplayTheSpireMod:Corrosion Curse+1","Rage","Sword Boomerang+1","Feed","Replay:Undeath\u0027s Touch+1","Pummel","Pommel Strike+1","ReplayTheSpireMod:Stacked+1"],"relics":["Burning Blood","conspire:InfiniteJournal","ReplayTheSpireMod:Shallot","Garlic","Spirit Poop","Black Star","Replay:WaspNest","Another Sword","Dream Catcher","Replay:Accelerometer","hubris:ScarierMask"],"acts_visited":["Exordium","TheCity","TheBeyond"],"potions_floor_usage":[39,39],"damage_taken":[{"damage":1.0,"enemies":"Jaw Worm","floor":1.0,"turns":3.0},{"damage":10.0,"enemies":"2 Louse","floor":2.0,"turns":3.0},{"damage":10.0,"enemies":"3 Sentries","floor":6.0,"turns":5.0},{"damage":0.0,"enemies":"Cultist","floor":8.0,"turns":3.0},{"damage":0.0,"enemies":"2 Fungi Beasts","floor":12.0,"turns":2.0},{"damage":0.0,"enemies":"Red Slaver","floor":13.0,"turns":4.0},{"damage":0.0,"enemies":"Lots of Slimes","floor":14.0,"turns":1.0},{"damage":40.0,"enemies":"Slime Boss","floor":16.0,"turns":11.0},{"damage":6.0,"enemies":"Chosen","floor":18.0,"turns":6.0},{"damage":1.0,"enemies":"2 Thieves","floor":20.0,"turns":5.0},{"damage":10.0,"enemies":"Snake Plant","floor":21.0,"turns":5.0},{"damage":41.0,"enemies":"Cultist and Chosen","floor":22.0,"turns":9.0},{"damage":16.0,"enemies":"Centurion and Healer","floor":25.0,"turns":13.0},{"damage":26.0,"enemies":"Shelled Parasite and Fungi","floor":28.0,"turns":6.0},{"damage":51.0,"enemies":"Book of Stabbing","floor":29.0,"turns":7.0},{"damage":0.0,"enemies":"Snake Plant","floor":31.0,"turns":5.0},{"damage":69.0,"enemies":"hubris:MusketHawk","floor":33.0,"turns":13.0},{"damage":0,"enemies":"3 Darklings","floor":35,"turns":4},{"damage":0,"enemies":"Orb Walker","floor":37,"turns":3},{"damage":0,"enemies":"Sphere and 2 Shapes","floor":38,"turns":3},{"damage":56,"enemies":"Transient","floor":39,"turns":5},{"damage":74,"enemies":"Reptomancer","floor":41,"turns":9}],"seed_played":"-2042203987776005292","potions_obtained":[{"floor":2.0,"key":"Explosive Potion"},{"floor":8.0,"key":"FearPotion"},{"floor":12.0,"key":"Dexterity Potion"},{"floor":20.0,"key":"Block Potion"},{"floor":21.0,"key":"Weak Potion"},{"floor":22.0,"key":"SpeedPotion"},{"floor":28.0,"key":"DistilledChaos"},{"floor":33.0,"key":"Venom Potion"},{"floor":35,"key":"Dexterity Potion"}],"is_trial":false,"path_per_floor":["M","M","$","?","?","E","R","M","T","R","?","M","M","M","R","B",null,"M","?","M","M","M","R","?","M","T","?","M","E","$","M","R","B",null,"M","?","M","M","M","R","E"],"character_chosen":"IRONCLAD","items_purchased":["Cleave","FairyPotion","HeartOfIron","Rage","Replay:Accelerometer","Energy Potion"],"campfire_rested":4,"item_purchase_floors":[3,30,30,30,30,30],"current_hp_per_floor":[61,57,57,57,57,53,77,80,80,80,80,80,80,80,80,46,80,80,80,80,76,41,65,65,64,64,64,44,8,8,16,40,25,80,80,80,83,83,33,57,0,0],"gold":215,"neow_bonus":"ONE_RARE_RELIC","is_daily":false,"chose_seed":false,"campfire_upgraded":2,"win_rate":0.0,"timestamp":1609581065,"path_taken":["M","M","$","?","?","E","R","?","T","R","?","M","?","M","R","BOSS","M","?","?","M","M","R","?","M","T","?","M","E","$","M","R","BOSS","M","?","M","?","?","R","E"],"items_purchased_type":["Card","Potion","Potion","Card","Relic","Potion"],"build_version":"2020-12-22","purchased_purges":0,"victory":false,"max_hp_per_floor":[80,80,80,80,80,80,80,80,80,80,80,80,80,80,80,80,80,80,80,80,80,80,80,80,80,80,80,80,80,80,80,80,80,80,80,80,83,83,83,83,83,83],"card_choices":[{"not_picked":["Iron Wave","Dual Wield"],"picked":"Pommel Strike","floor":1.0},{"not_picked":["Body Slam","Twin Strike"],"picked":"Shrug It Off","floor":2.0},{"not_picked":["Rampage","Whirlwind"],"picked":"ReplayTheSpireMod:Stacked","floor":6.0},{"not_picked":["ReplayTheSpireMod:Strike From Hell","Replay:Undeath\u0027s Touch"],"picked":"conspire:Charge","floor":8.0},{"not_picked":["Headbutt","Burning Pact"],"picked":"Reaper","floor":12.0},{"not_picked":["hubris:ReadiedAction","ReplayTheSpireMod:Strike From Hell","Blood for Blood"],"picked":"SKIP","floor":13.0},{"not_picked":["Cleave","Reckless Charge"],"picked":"Iron Wave","floor":14.0},{"not_picked":["Juggernaut","Reaper"],"picked":"Hemogenesis","floor":16.0},{"not_picked":["Body Slam+1","ReplayTheSpireMod:Stacked"],"picked":"Shrug It Off+1","floor":18.0},{"not_picked":["Shrug It Off","ReplayTheSpireMod:LeadingStrike+1"],"picked":"Perfected Strike","floor":20.0},{"not_picked":["Rage","Thunderclap"],"picked":"Carnage","floor":21.0},{"not_picked":["ReplayTheSpireMod:Stacked","Replay:Undeath\u0027s Touch"],"picked":"Impervious","floor":22.0},{"not_picked":["Shrug It Off","Armaments","Clothesline"],"picked":"SKIP","floor":25.0},{"not_picked":["Headbutt","Sever Soul"],"picked":"ReplayReversal","floor":28.0},{"not_picked":["Seeing Red","Twin Strike"],"picked":"ReplayTheSpireMod:Corrosion Curse+1","floor":29.0},{"not_picked":["Sword Boomerang","Flex","Rage"],"picked":"SKIP","floor":31.0},{"not_picked":["Pummel+1","Second Wind"],"picked":"Sword Boomerang+1","floor":32.0},{"not_picked":["Double Tap","hubris:StunningStrike"],"picked":"Feed","floor":33.0},{"not_picked":["Anger","Headbutt"],"picked":"Replay:Undeath\u0027s Touch+1","floor":35},{"not_picked":["ReplayTheSpireMod:Strike From Hell","Armaments"],"picked":"Pummel","floor":37},{"not_picked":["True Grit+1","ReplayTheSpireMod:LeadingStrike","ReplayTheSpireMod:Strike From Hell"],"picked":"SKIP","floor":38},{"not_picked":["Reaper","True Grit"],"picked":"Pommel Strike+1","floor":39},{"not_picked":["Body Slam","Clash"],"picked":"ReplayTheSpireMod:Stacked+1","floor":40}],"player_experience":33004,"relics_obtained":[{"floor":6.0,"key":"ReplayTheSpireMod:Shallot"},{"floor":9.0,"key":"Garlic"},{"floor":26.0,"key":"Replay:WaspNest"},{"floor":29.0,"key":"Another Sword"},{"floor":29.0,"key":"Dream Catcher"}],"event_choices":[{"damage_healed":0.0,"max_hp_gain":0.0,"max_hp_loss":0.0,"gold_gain":0.0,"event_name":"Wheel of Change","player_choice":"Cursed","floor":5.0,"gold_loss":0.0,"damage_taken":0.0,"cards_obtained":["Decay"]},{"cards_removed":["Decay"],"damage_healed":0.0,"max_hp_gain":0.0,"max_hp_loss":0.0,"gold_gain":0.0,"event_name":"Bonfire Elementals","player_choice":"Offered Curse","floor":11.0,"gold_loss":0.0,"damage_taken":0.0,"relics_obtained":["Spirit Poop"]},{"damage_healed":0.0,"max_hp_gain":0.0,"max_hp_loss":0.0,"gold_gain":200.0,"event_name":"Wheel of Change","player_choice":"Gold","floor":19.0,"gold_loss":0.0,"damage_taken":0.0},{"damage_healed":0.0,"max_hp_gain":0.0,"max_hp_loss":0.0,"gold_gain":99.0,"event_name":"Nest","player_choice":"Stole From Cult","floor":24.0,"gold_loss":0.0,"damage_taken":0.0},{"damage_healed":0.0,"max_hp_gain":0.0,"max_hp_loss":0.0,"gold_gain":0.0,"event_name":"Ghosts","player_choice":"Ignored","floor":27.0,"gold_loss":0.0,"damage_taken":0.0},{"damage_healed":0,"gold_gain":0,"player_choice":"Ignored","damage_taken":0,"max_hp_gain":0,"max_hp_loss":0,"event_name":"Purifier","floor":36,"gold_loss":0}],"is_beta":false,"boss_relics":[{"not_picked":["ReplayTheSpireMod:DimensionalGlitch","Runic Pyramid"],"picked":"Black Star"},{"not_picked":["Busted Crown","ChewingGum"],"picked":"hubris:ScarierMask"}],"items_purged_floors":[],"is_endless":false,"potions_floor_spawned":[2,8,12,20,21,22,28,33,35],"killed_by":"Reptomancer","ascension_level":0}}