{"host":"wg29woj1pduqw9vg","time":1609568807,"event":{"mods":["BaseMod","Colored Map","Minty Spire (QoL Compilation)","StSLib","The Hierophant"],"gold_per_floor":[116,135,151,76,100,100,120,120,146,168,168,168,168,191,191,191,191],"floor_reached":16,"playtime":938,"items_purged":["hierophant:Strike_Hierophant"],"score":94,"play_id":"0d69e108-8de1-42ee-8afa-9f58b071db60","local_time":"20210101222647","is_ascension_mode":false,"campfire_choices":[{"data":"hierophant:Doubloon","floor":6,"key":"SMITH"},{"data":"hierophant:Endure","floor":8,"key":"SMITH"},{"data":"hierophant:RepressedViolence","floor":11,"key":"SMITH"},{"data":"hierophant:ChurchCoffers","floor":15,"key":"SMITH"}],"circlet_count":0,"master_deck":["hierophant:Strike_Hierophant","hierophant:Strike_Hierophant","hierophant:Strike_Hierophant","hierophant:Punish","hierophant:Defend_Hierophant","hierophant:Defend_Hierophant","hierophant:Defend_Hierophant","hierophant:Defend_Hierophant","hierophant:ChurchCoffers+1","hierophant:Doubloon+1","hierophant:CoinFling","hierophant:MorningPrayer","hierophant:Zeal","hierophant:Endure+1","hierophant:RepressedViolence+1"],"relics":["hierophant:PropheticMaskRelic","Anchor"],"acts_visited":["Exordium"],"potions_floor_usage":[16],"damage_taken":[{"damage":5,"enemies":"Cultist","floor":1,"turns":4},{"damage":0,"enemies":"2 Louse","floor":2,"turns":2},{"damage":6,"enemies":"Jaw Worm","floor":3,"turns":3},{"damage":2,"enemies":"Blue Slaver","floor":5,"turns":3},{"damage":0,"enemies":"Looter","floor":7,"turns":3},{"damage":1,"enemies":"2 Fungi Beasts","floor":10,"turns":4},{"damage":4,"enemies":"Large Slime","floor":14,"turns":6},{"damage":80,"enemies":"Hexaghost","floor":16,"turns":15}],"seed_played":"-1874349193538897960","potions_obtained":[{"floor":2,"key":"PowerPotion"},{"floor":3,"key":"Swift Potion"},{"floor":5,"key":"FearPotion"},{"floor":7,"key":"AttackPotion"}],"is_trial":false,"path_per_floor":["M","M","M","$","M","R","M","R","T","M","R","?","?","M","R","B"],"character_chosen":"HIEROPHANT","items_purchased":[],"campfire_rested":0,"item_purchase_floors":[],"current_hp_per_floor":[77,77,71,71,69,69,69,69,69,68,68,68,82,78,78,0,0],"gold":191,"neow_bonus":"TEN_PERCENT_HP_BONUS","is_daily":false,"chose_seed":false,"campfire_upgraded":4,"win_rate":0.0,"timestamp":1609568807,"path_taken":["M","?","M","$","M","R","M","R","T","?","R","?","?","M","R","BOSS"],"items_purchased_type":[],"build_version":"2020-12-22","purchased_purges":1,"victory":false,"max_hp_per_floor":[82,82,82,82,82,82,82,82,82,82,82,82,82,82,82,82,82],"card_choices":[{"not_picked":["hierophant:AuricBeam","hierophant:SecretStash","hierophant:EyeForCoin"],"picked":"SKIP","floor":1},{"not_picked":["hierophant:ThreeLashes","hierophant:Doubloon"],"picked":"hierophant:CoinFling","floor":2},{"not_picked":["hierophant:Mercenaries","hierophant:SecretStash"],"picked":"hierophant:MorningPrayer","floor":3},{"not_picked":["hierophant:MorningPrayer","hierophant:Sermon"],"picked":"hierophant:Zeal","floor":5},{"not_picked":["hierophant:Glossolalia","hierophant:SealAway"],"picked":"hierophant:Endure","floor":7},{"not_picked":["hierophant:DisplayOfPower","hierophant:Smite"],"picked":"hierophant:RepressedViolence","floor":10},{"not_picked":["hierophant:HolyVerse","hierophant:Sermon","hierophant:Flagellation"],"picked":"SKIP","floor":14}],"player_experience":0,"relics_obtained":[{"floor":9,"key":"Anchor"}],"event_choices":[{"damage_healed":0,"gold_gain":0,"player_choice":"Searched \u00271\u0027 times","damage_taken":0,"max_hp_gain":0,"max_hp_loss":0,"event_name":"Dead Adventurer","floor":12,"gold_loss":0},{"damage_healed":27,"gold_gain":0,"player_choice":"Banana","damage_taken":0,"max_hp_gain":0,"max_hp_loss":0,"event_name":"Big Fish","floor":13,"gold_loss":0}],"is_beta":false,"boss_relics":[],"items_purged_floors":[4],"is_endless":false,"potions_floor_spawned":[2,3,5,7],"killed_by":"Hexaghost","ascension_level":0}}