{"host":"c3lc60y5x60jlt1y","time":1609622811,"event":{"mods":["AchievementEnabler","BaseMod","Colored Map","Minty Spire (QoL Compilation)","Quick Restart","StSLib"],"gold_per_floor":[111,36,36,111,122,122,152,165,191,191,91,125,125,139,139,139,139],"floor_reached":16,"playtime":14967,"items_purged":["Strike_G","Strike_G"],"score":259,"play_id":"36f02996-82c0-4cd1-89ec-857261d63134","local_time":"20210102232651","is_ascension_mode":true,"campfire_choices":[{"data":"Dagger Throw","floor":6,"key":"SMITH"},{"data":"Neutralize","floor":10,"key":"SMITH"},{"floor":13,"key":"REST"},{"data":"Skewer","floor":15,"key":"SMITH"}],"circlet_count":0,"master_deck":["AscendersBane","Strike_G","Strike_G","Strike_G","Defend_G","Defend_G","Defend_G","Defend_G","Defend_G","Survivor","Neutralize+1","Cloak And Dagger","Dagger Throw+1","Footwork","Flying Knee","Reflex","Skewer+1"],"relics":["Ring of the Snake","NeowsBlessing","Ancient Tea Set","Art of War","Toy Ornithopter"],"acts_visited":[],"potions_floor_usage":[8,16,16],"damage_taken":[{"damage":0,"enemies":"Cultist","floor":1,"turns":1},{"damage":0,"enemies":"Small Slimes","floor":5,"turns":1},{"damage":0,"enemies":"Lagavulin","floor":7,"turns":1},{"damage":0,"enemies":"2 Louse","floor":8,"turns":3},{"damage":41,"enemies":"3 Sentries","floor":12,"turns":22},{"damage":0,"enemies":"Large Slime","floor":14,"turns":6},{"damage":42,"enemies":"Slime Boss","floor":16,"turns":10}],"seed_played":"-8638479330987413560","potions_obtained":[{"floor":1,"key":"SteroidPotion"},{"floor":5,"key":"SpeedPotion"},{"floor":8,"key":"Weak Potion"},{"floor":12,"key":"Poison Potion"}],"is_trial":false,"path_per_floor":["M","$","$","?","M","R","E","M","T","R","$","E","R","M","R","B"],"character_chosen":"THE_SILENT","items_purchased":[],"campfire_rested":1,"item_purchase_floors":[],"current_hp_per_floor":[59,59,59,48,48,48,48,48,48,48,48,7,26,26,26,0,0],"gold":139,"neow_bonus":"THREE_ENEMY_KILL","is_daily":false,"chose_seed":false,"campfire_upgraded":3,"win_rate":0.0,"timestamp":1609622811,"path_taken":["M","?","$","?","M","R","E","M","T","R","$","E","R","M","R","BOSS"],"items_purchased_type":[],"build_version":"2020-12-22","purchased_purges":2,"victory":false,"max_hp_per_floor":[66,66,66,66,66,66,66,66,66,66,66,66,66,66,66,66,66],"card_choices":[{"not_picked":["Concentrate","Distraction"],"picked":"Cloak And Dagger","floor":1},{"not_picked":["Noxious Fumes","Reflex"],"picked":"Dagger Throw","floor":5},{"not_picked":["Endless Agony","Dagger Throw"],"picked":"Footwork","floor":7},{"not_picked":["Escape Plan","Slice"],"picked":"Flying Knee","floor":8},{"not_picked":["Terror","Deflect"],"picked":"Reflex","floor":12},{"not_picked":["Poisoned Stab","Masterful Stab"],"picked":"Skewer","floor":14}],"player_experience":7397930,"relics_obtained":[{"floor":7,"key":"Ancient Tea Set"},{"floor":9,"key":"Art of War"},{"floor":12,"key":"Toy Ornithopter"}],"event_choices":[{"damage_healed":0,"gold_gain":75,"player_choice":"Gather Gold","damage_taken":11,"max_hp_gain":0,"max_hp_loss":0,"event_name":"World of Goop","floor":4,"gold_loss":0}],"is_beta":false,"boss_relics":[],"items_purged_floors":[2,11],"is_endless":false,"potions_floor_spawned":[1,5,8,12],"killed_by":"Slime Boss","ascension_level":19}}