{"host":"u3zhfyeznnb1kiy1","time":1609624128,"event":{"mods":["BaseMod","Colored Map","Colored Powertips","Downfall","GifTheSpireLib","Highlight Path","Minty Spire (QoL Compilation)","StSLib"],"gold_per_floor":[99,116,128,37,56,84,84,9,0,0,15,27,27,53,69,172,172,97,109,109,128,178,212,263,280,205,234,234,234,234,109,119,214,214,214,234,234,244,263,283,336,369,369,383,383,438,13,39,54,54,54,87,12,12,12],"floor_reached":56,"playtime":7409,"items_purged":["Guardian:Aged"],"score":1541,"play_id":"922c5c8a-f7cc-4833-b025-97ac3b5ae2a5","local_time":"20210102164848","is_ascension_mode":true,"campfire_choices":[{"floor":1,"key":"RECALL"},{"data":"Guardian:CurlUp","floor":8,"key":"SMITH"},{"data":"Guardian:SpikerProtocol","floor":10,"key":"SMITH"},{"data":"Guardian:BaubleBeam","floor":13,"key":"SMITH"},{"data":"Guardian:SentryBeam","floor":18,"key":"SMITH"},{"data":"Guardian:Orbwalk","floor":26,"key":"SMITH"},{"data":"Guardian:ChargeUp","floor":28,"key":"SMITH"},{"data":"Guardian:Preprogram","floor":30,"key":"SMITH"},{"data":"Guardian:Harden","floor":35,"key":"SMITH"},{"data":"Guardian:CompilePackage","floor":45,"key":"SMITH"},{"data":"Guardian:Recover","floor":54,"key":"SMITH"}],"circlet_count":0,"master_deck":["Guardian:Defend_Guardian","Guardian:Defend_Guardian+1","Guardian:Defend_Guardian","Guardian:Defend_Guardian","Guardian:CurlUp+1","Guardian:TwinSlam","Guardian:SpikerProtocol+1","Guardian:BaubleBeam+1","Guardian:WalkerClaw","Guardian:Preprogram+1","Guardian:TimeCapacitor+1","Guardian:ChargeUp+1","Guardian:SentryBeam+1","Guardian:FierceBash","Guardian:Incinerate","Bite","Bite","Bite","Bite","Bite","Guardian:ShieldSpikes","Guardian:ShieldCharger+1","Guardian:DecasProtection+1","Guardian:ChargeUp+1","Guardian:BronzeOrb","Guardian:Orbwalk+1","Guardian:Harden+1","Guardian:CompilePackage+1","Guardian:Recover+1","Decay","Guardian:ArmoredProtocol+1","Guardian:PiercingHide","Guardian:ChargeCore","Guardian:Incinerate+1","Guardian:TimeCapacitor+1","Parasite","Guardian:Suspension+1"],"relics":["Busted Crown","Bottled Lightning","Frozen Egg 2","downfall:HeartBlessingRed","Juzu Bracelet","Philosopher\u0027s Stone","downfall:HeartBlessingGreen","Gambling Chip","Dream Catcher","downfall:HeartBlessingBlue","Red Mask","Cursed Key","Guardian:StasisEgg","War Paint","Bird Faced Urn","Torii","Calipers","InkBottle","Pen Nib","FossilizedHelix"],"acts_visited":["Exordium","TheCity","TheBeyond","TheEnding"],"potions_floor_usage":[4,9,14,15,16,21,27,31,39,42,50,55],"damage_taken":[{"damage":1,"enemies":"Cultist","floor":2,"turns":4},{"damage":0,"enemies":"Jaw Worm","floor":3,"turns":4},{"damage":0,"enemies":"downfall:FleeingMerchant","floor":4,"turns":4},{"damage":0,"enemies":"2 Louse","floor":5,"turns":2},{"damage":31,"enemies":"3 Sentries","floor":6,"turns":9},{"damage":5,"enemies":"downfall:FleeingMerchant","floor":9,"turns":4},{"damage":1,"enemies":"Large Slime","floor":11,"turns":5},{"damage":8,"enemies":"Lots of Slimes","floor":12,"turns":3},{"damage":10,"enemies":"Lagavulin","floor":14,"turns":5},{"damage":0,"enemies":"Exordium Wildlife","floor":15,"turns":3},{"damage":21,"enemies":"downfall:Ironclad","floor":16,"turns":7},{"damage":5,"enemies":"Shell Parasite","floor":19,"turns":3},{"damage":1,"enemies":"3 Byrds","floor":21,"turns":4},{"damage":51,"enemies":"Gremlin Leader","floor":23,"turns":8},{"damage":14,"enemies":"Centurion and Healer","floor":25,"turns":5},{"damage":0,"enemies":"Masked Bandits","floor":27,"turns":4},{"damage":10,"enemies":"downfall:FleeingMerchant","floor":31,"turns":4},{"damage":0,"enemies":"Snake Plant","floor":32,"turns":3},{"damage":0,"enemies":"downfall:Defect","floor":33,"turns":6},{"damage":0,"enemies":"3 Shapes","floor":36,"turns":4},{"damage":0,"enemies":"Orb Walker","floor":38,"turns":4},{"damage":7,"enemies":"3 Darklings","floor":39,"turns":4},{"damage":10,"enemies":"Maw","floor":40,"turns":7},{"damage":33,"enemies":"Reptomancer","floor":42,"turns":7},{"damage":0,"enemies":"Jaw Worm Horde","floor":44,"turns":4},{"damage":11,"enemies":"2 Orb Walkers","floor":46,"turns":4},{"damage":0,"enemies":"downfall:FleeingMerchant","floor":47,"turns":1},{"damage":0,"enemies":"Sphere and 2 Shapes","floor":49,"turns":4},{"damage":22,"enemies":"downfall:Silent","floor":50,"turns":9},{"damage":0,"enemies":"downfall:CharBossMerchant","floor":52,"turns":7},{"damage":11,"enemies":"downfall:NeowBoss","floor":55,"turns":18}],"seed_played":"6551221012976009677","potions_obtained":[{"floor":3,"key":"champ:CounterPotion"},{"floor":5,"key":"Guardian:AcceleratePotion"},{"floor":6,"key":"champ:CounterPotion"},{"floor":11,"key":"Guardian:DefensiveModePotion"},{"floor":14,"key":"AttackPotion"},{"floor":19,"key":"DuplicationPotion"},{"floor":23,"key":"sneckomod:MuddlingPotion"},{"floor":25,"key":"Slimebound:ThreeZeroPotion"},{"floor":32,"key":"BlessingOfTheForge"},{"floor":36,"key":"Guardian:AcceleratePotion"},{"floor":46,"key":"AttackPotion"},{"floor":49,"key":"DistilledChaos"}],"is_trial":false,"path_per_floor":["R","M","M","$","M","E","T","R","$","R","M","M","R","E","M","B",null,"R","M","?","M","T","E","T","M","R","?","R","?","R","$","M","B",null,"R","M","?","M","M","M","T","E","?","M","R","?","$","T","M","B",null,"E","$","R","B",null],"character_chosen":"GUARDIAN","items_purchased":["Guardian:Orbwalk","Guardian:BronzeOrb","Guardian:Orbwalk+1","Calipers","Guardian:Gem_Orange","Guardian:TimeCapacitor+1","InkBottle"],"campfire_rested":0,"item_purchase_floors":[4,31,31,47,47,47,47],"current_hp_per_floor":[80,79,79,79,79,48,48,48,43,43,42,34,34,24,24,3,80,80,75,56,56,56,21,21,15,25,33,33,33,33,29,35,47,66,66,66,66,66,61,63,63,40,40,52,52,57,61,61,66,66,66,66,66,66,66],"gold":12,"neow_bonus":"BOSS_RELIC","is_daily":false,"chose_seed":false,"campfire_upgraded":10,"win_rate":0.0,"timestamp":1609624128,"path_taken":["R","M","M","?","M","E","T","R","$","R","M","M","R","E","M","BOSS","R","M","?","M","?","E","T","M","R","?","R","?","R","$","M","BOSS","R","M","?","M","M","M","T","E","?","M","R","?","$","?","M","BOSS","E","$","R","BOSS"],"items_purchased_type":["Card","Card","Card","Relic","Card","Card","Relic"],"build_version":"2020-12-22","purchased_purges":1,"victory":true,"max_hp_per_floor":[80,80,80,80,80,80,80,80,80,80,80,80,80,80,80,80,80,80,80,56,56,56,56,56,56,66,66,66,66,66,66,66,66,66,66,66,66,66,66,66,66,66,66,66,66,66,66,66,66,66,66,66,66,66,66],"card_choices":[{"not_picked":[],"picked":"Guardian:Gem_Green","floor":2},{"not_picked":[],"picked":"Guardian:SpikerProtocol","floor":3},{"not_picked":[],"picked":"Guardian:BaubleBeam","floor":4},{"not_picked":[],"picked":"Guardian:Gem_Red","floor":5},{"not_picked":[],"picked":"Guardian:WalkerClaw","floor":6},{"not_picked":[],"picked":"Guardian:Preprogram","floor":9},{"not_picked":[],"picked":"Guardian:TimeCapacitor+1","floor":11},{"not_picked":[],"picked":"Guardian:ChargeUp","floor":12},{"not_picked":[],"picked":"Guardian:SentryBeam","floor":14},{"not_picked":[],"picked":"Guardian:Gem_Green","floor":15},{"not_picked":[],"picked":"Guardian:FierceBash","floor":16},{"not_picked":[],"picked":"Guardian:Incinerate","floor":19},{"not_picked":[],"picked":"Guardian:ShieldSpikes","floor":21},{"not_picked":[],"picked":"Guardian:ShieldCharger","floor":23},{"not_picked":[],"picked":"Guardian:DecasProtection+1","floor":25},{"not_picked":[],"picked":"Guardian:Gem_Fragmented","floor":27},{"not_picked":[],"picked":"Guardian:ChargeUp+1","floor":31},{"not_picked":[],"picked":"Guardian:Harden","floor":32},{"not_picked":[],"picked":"Guardian:CompilePackage","floor":33},{"not_picked":[],"picked":"Guardian:Gem_Crimson","floor":36},{"not_picked":[],"picked":"Guardian:Recover","floor":38},{"not_picked":["Guardian:Incinerate+1"],"picked":"SKIP","floor":39},{"not_picked":[],"picked":"Guardian:Gem_Cyan","floor":40},{"not_picked":[],"picked":"Guardian:ArmoredProtocol+1","floor":42},{"not_picked":[],"picked":"Guardian:PiercingHide","floor":44},{"not_picked":[],"picked":"Guardian:ChargeCore","floor":46},{"not_picked":[],"picked":"Guardian:Incinerate+1","floor":47},{"not_picked":["Guardian:Clone"],"picked":"SKIP","floor":49},{"not_picked":[],"picked":"Guardian:Suspension+1","floor":52}],"player_experience":1232833,"relics_obtained":[{"floor":6,"key":"Bottled Lightning"},{"floor":7,"key":"Frozen Egg 2"},{"floor":14,"key":"Juzu Bracelet"},{"floor":23,"key":"Gambling Chip"},{"floor":24,"key":"Dream Catcher"},{"floor":27,"key":"Red Mask"},{"floor":41,"key":"War Paint"},{"floor":42,"key":"Bird Faced Urn"},{"floor":46,"key":"Torii"},{"floor":48,"key":"Pen Nib"},{"floor":52,"key":"FossilizedHelix"}],"event_choices":[{"damage_healed":0,"gold_gain":0,"player_choice":"Became a vampire","damage_taken":0,"max_hp_gain":0,"max_hp_loss":24,"event_name":"Vampires","floor":20,"gold_loss":0,"cards_obtained":["Bite","Bite","Bite","Bite","Bite"]},{"damage_healed":0,"gold_gain":0,"player_choice":"Fought Bandits","damage_taken":0,"max_hp_gain":0,"max_hp_loss":0,"event_name":"Masked Bandits","floor":27,"gold_loss":0},{"cards_removed":["Guardian:Orbwalk"],"damage_healed":0,"gold_gain":0,"player_choice":"Removed Power","damage_taken":0,"max_hp_gain":0,"max_hp_loss":0,"event_name":"Falling","floor":43,"gold_loss":0},{"damage_healed":0,"gold_gain":0,"player_choice":"Fight","damage_taken":0,"max_hp_gain":0,"max_hp_loss":0,"event_name":"Mysterious Sphere","floor":46,"gold_loss":0}],"is_beta":false,"boss_relics":[{"not_picked":["SacredBark","Fusion Hammer"],"picked":"Philosopher\u0027s Stone"},{"not_picked":["Pandora\u0027s Box","Runic Dome"],"picked":"Cursed Key"}],"items_purged_floors":[53],"is_endless":false,"potions_floor_spawned":[3,5,6,11,14,19,23,25,32,36,46,49],"ascension_level":3}}