{"host":"08t08ld674si40tv","time":1609596646,"event":{"mods":["AchievementEnabler","BaseMod","Colored Map","Minty Spire (QoL Compilation)","StSLib","SuperFastMode"],"gold_per_floor":[109,109,34,47,122,122,152,170,170,197,214,232,232,245,245,245,245],"floor_reached":16,"playtime":458,"items_purged":["Strike_R"],"score":224,"play_id":"d2580c09-2802-4608-bab9-ded6d207fb31","local_time":"20210102231046","is_ascension_mode":true,"campfire_choices":[{"data":"Bash","floor":6.0,"key":"SMITH"},{"floor":13,"key":"REST"},{"data":"Dual Wield","floor":15,"key":"SMITH"}],"circlet_count":0,"master_deck":["AscendersBane","Strike_R","Strike_R","Strike_R","Defend_R","Defend_R","Defend_R","Bash+1","Dropkick","Shrug It Off","Dual Wield+1","Bloodletting","Offering","Seeing Red"],"relics":["Burning Blood","Omamori","Girya","StrikeDummy","Matryoshka"],"acts_visited":["Exordium"],"potions_floor_usage":[11,11,11,16,16],"damage_taken":[{"damage":10.0,"enemies":"2 Louse","floor":1.0,"turns":3.0},{"damage":7.0,"enemies":"Small Slimes","floor":4.0,"turns":3.0},{"damage":22.0,"enemies":"Lagavulin","floor":7.0,"turns":8.0},{"damage":0.0,"enemies":"Cultist","floor":8.0,"turns":3.0},{"damage":34.0,"enemies":"3 Sentries","floor":10.0,"turns":12.0},{"damage":13,"enemies":"Exordium Thugs","floor":11,"turns":3},{"damage":11,"enemies":"3 Louse","floor":12,"turns":3},{"damage":18,"enemies":"Large Slime","floor":14,"turns":4},{"damage":36,"enemies":"Slime Boss","floor":16,"turns":8}],"seed_played":"5511289828331791927","potions_obtained":[{"floor":4.0,"key":"ElixirPotion"},{"floor":10.0,"key":"EntropicBrew"},{"floor":11,"key":"BloodPotion"},{"floor":14,"key":"PowerPotion"}],"is_trial":false,"path_per_floor":["M","?","$","M","?","R","E","M","T","E","M","M","R","M","R","B"],"character_chosen":"IRONCLAD","items_purchased":[],"campfire_rested":1,"item_purchase_floors":[],"current_hp_per_floor":[64,69,69,68,57,57,41,47,47,19,12,7,31,19,19,0,0],"gold":245,"neow_bonus":"RANDOM_COMMON_RELIC","is_daily":false,"chose_seed":false,"campfire_upgraded":2,"win_rate":0.0,"timestamp":1609596646,"path_taken":["M","?","$","M","?","R","E","M","T","E","M","M","R","M","R","BOSS"],"items_purchased_type":[],"build_version":"2020-12-22","purchased_purges":1,"victory":false,"max_hp_per_floor":[75,80,80,80,80,80,80,80,80,80,80,80,80,80,80,80,80],"card_choices":[{"not_picked":["True Grit","Flex","Rupture"],"picked":"SKIP","floor":1.0},{"not_picked":["True Grit","Pommel Strike"],"picked":"Shrug It Off","floor":4.0},{"not_picked":["True Grit","Body Slam","Flex"],"picked":"SKIP","floor":7.0},{"not_picked":["Battle Trance","Flex"],"picked":"Dual Wield","floor":8.0},{"not_picked":["True Grit","Spot Weakness"],"picked":"Bloodletting","floor":10.0},{"not_picked":["Hemokinesis","Pummel"],"picked":"Offering","floor":11},{"not_picked":["Headbutt","Power Through"],"picked":"Seeing Red","floor":12},{"not_picked":["Clothesline","Pommel Strike","Hemokinesis"],"picked":"SKIP","floor":14}],"player_experience":196255,"relics_obtained":[{"floor":7.0,"key":"Girya"},{"floor":9.0,"key":"StrikeDummy"},{"floor":10.0,"key":"Matryoshka"}],"event_choices":[{"damage_healed":0.0,"max_hp_gain":5.0,"max_hp_loss":0.0,"gold_gain":0.0,"event_name":"Big Fish","player_choice":"Donut","floor":2.0,"gold_loss":0.0,"damage_taken":0.0},{"damage_healed":0.0,"max_hp_gain":0.0,"max_hp_loss":0.0,"gold_gain":75.0,"event_name":"World of Goop","player_choice":"Gather Gold","floor":5.0,"gold_loss":0.0,"damage_taken":11.0}],"is_beta":false,"boss_relics":[],"items_purged_floors":[3],"is_endless":false,"potions_floor_spawned":[4,10,11,14],"killed_by":"Slime Boss","ascension_level":20}}