{"host":"95z455tvs39jqwbd","time":1609561130,"event":{"mods":["2.2 Compatiblity","Abigail Mod","AchievementEnabler","Act Like it!","Aspiration","Astrologer","BaseMod","Bestiary","Better Match","Better Third Choice","BetterRewards","Challenge The Spire","Colored Map","Conspire","Curses Come First","Custom Start","DeckTracker","Defuse TimeMaze Blight","Downfall","Duelist Mod","Ekko","Elementarium","Friendly Minions","GifTheSpireLib","Grow up Mod","Halation","Hallownest","Hermit","Hero for Fun","Hubris","Infinite Spire","JesterMod","Jorbs\u0027s Wanderer Trilogy","Kiyohime????","Luminous","Marisa????????","Mimic Mod","Minty Spire (QoL Compilation)","Pale of the Ancients","Permanent Neow","READ ME - Guardian Mod","Rare Cards Sparkle","Relic Stats","Remove Card Discount Mod","Replay The Spire","Shade Mod","Spicy Shops","Spikes Relics","StSLib","Stuff the Spire","SuperFastMode","The Administrix","The Awakened One except there are too many feathers","The Bladedancer","The Blue Laboratory","The Construct","The Cursed","The Death Knight","The Disciple","The Exalted","The Factory","The Forsaken","The Hayseed","The Hierophant","The Judge","The Jungle","The Marked","The Mystic","The Necromancer","The Runesmith","The Servant 0.9.4","TheArtist","TheBandit","TheSwordswoman","Treasure Hunter","Uncapped","Unceasing Turn Reminder","Waifu the Spire","Yuyuko","vexMod"],"gold_per_floor":[113,113,4881,4898,4909,4935,4954,4985,5059,5072,5084,5095,5095,5111,5111,5217,5217,5235,5035,5035,3694,2845,2845,2932,2932,3018,3055,2980,3039,3039,3039,3039,3193,3193,3295,3370,3415,3474,3474,3474,3496,2835,2835,2835,2867,2389,2389,0,0,71,71,71,71,108,289],"floor_reached":56,"playtime":2489,"items_purged":["Shade:Frenzy+1"],"score":1459,"play_id":"2391cb17-08d5-4847-aee9-c933b5e33b51","local_time":"20210102051850","is_ascension_mode":false,"campfire_choices":[{"floor":15,"key":"RECALL"},{"data":"Pot Of Greed","floor":23,"key":"SMITH"},{"data":"Pot Of Greed","floor":30,"key":"SMITH"},{"data":"Master of Strategy","floor":32,"key":"SMITH"},{"data":"ReplayTheSpireMod:Black Plague","floor":40,"key":"SMITH"},{"data":"Pot Of Greed","floor":44,"key":"SMITH"},{"data":"ReplayTheSpireMod:Book of Names","floor":52,"key":"SMITH"}],"circlet_count":0,"master_deck":["Shade:Strike_Shade","Shade:Strike_Shade","Shade:Strike_Shade","Shade:Strike_Shade","Shade:Defend_Shade","Shade:Defend_Shade","Shade:Defend_Shade","Shade:Defend_Shade","Shade:AnimateDead","Shade:CarefulCut","Shade:SoulPierce","Shade:Brains+1","Shade:AuraOfUnlife","Crow Ritual+1","Pot Of Greed+1","Pot Of Greed+1","ReplayTheSpireMod:Necrogeddon","Master of Strategy+1","Shade:FleshToFlesh+1","Shade:AncientSpear","Shade:SoulPierce","Shade:GraveStillness","TH:CursedSword","Shade:Trample","TH:CopperCoins","Shade:Doomsay","Pot Of Greed+1","Shade:SkeletonArmy","Shade:FreshBones","Shade:CommandSoldier","TH:DeckOfManyThings","Shade:Coordination","Shade:CallWraith+1","conspire:SpireCoStock","conspire:SpireCoStock","conspire:SpireCoStock","conspire:SpireCoStock","ReplayTheSpireMod:Brewmster","Pot Of Greed","Shade:Patience","Shade:PotionOfRestlessness","Shade:AncientSpear","Shade:RavenousHorde","Shade:SensePrey+1","Shade:Bonestorm+1","Shade:SkeletonArmy","Shade:OpenGraves","Shade:Premonition","TH:TreasureMap","Shade:GreaterAnimation","Shade:Bonestorm","Pot Of Greed","Shade:FingerOfDeath+1","Shade:SkeletonArmy","Shade:Tombstone","Shade:WallOfFlesh+1","Shade:CommandSoldier+1","Shade:PoundOfFlesh","Shade:OpenGraves","infinitespire:Gouge","ReplayTheSpireMod:Book of Names+1","ReplayTheSpireMod:Black Plague+1","Shade:Coordination","Shade:ExtraLimbs","Pot Of Greed","Injury","Shade:UnbarTheGrave","TH:CursedSword","Shade:FreshBones+1","Shade:AncientSpear","infinitespire:UltimateForm+1","TH:DeckOfManyThings","Shade:WallOfFlesh+1"],"relics":["Shade:YorickSkull","Grinning Jar","Replay:Baseball","StuffTheSpire:EmeraldSignet","ReplayTheSpireMod:ShopPack","Nunchaku","Bromod:ArcaneGrace","hubris:Towel","aspiration:HatOfInfinitePower","Juzu Bracelet","Anchor","Prayer Wheel","conspire:TreasureMap","Replay:Lucky Slots","infinitespire:Midas Blood","vexMod:Spyglass","DeathKnight:PutricidesVial","halation:IllGainedPizza","Chameleon Ring","StuffTheSpire:RubySignet","Iron Hammer","Runic Pyramid","StuffTheSpire:GrapeVine","Runesmith:AutoHammer","TheAbacus","Lee\u0027s Waffle","theForsaken:Lifeblossom","War Paint","Shuriken","Red Mask","Bromod:ArcaneMomentum"],"acts_visited":["Exordium","TheCity","TheBeyond","TheEnding"],"potions_floor_usage":[50,50],"damage_taken":[{"damage":0,"enemies":"2 Louse","floor":1,"turns":2},{"damage":0,"enemies":"conspire:RoseBush","floor":4,"turns":4},{"damage":0,"enemies":"Small Slimes","floor":5,"turns":4},{"damage":0,"enemies":"Gremlin Nob","floor":6,"turns":5},{"damage":0,"enemies":"Exordium Wildlife","floor":7,"turns":7},{"damage":17,"enemies":"3 Sentries","floor":8,"turns":16},{"damage":0,"enemies":"Lots of Slimes","floor":10,"turns":8},{"damage":0,"enemies":"Blue Slaver","floor":11,"turns":3},{"damage":0,"enemies":"conspire:2 RoseBushes","floor":12,"turns":3},{"damage":0,"enemies":"Exordium Thugs","floor":14,"turns":5},{"damage":94,"enemies":"Hexaghost","floor":16,"turns":9},{"damage":0,"enemies":"Shell Parasite","floor":18,"turns":5},{"damage":11,"enemies":"3 Byrds","floor":24,"turns":7},{"damage":3,"enemies":"Cultist and Chosen","floor":26,"turns":7},{"damage":5,"enemies":"Cultist and Chosen","floor":27,"turns":5},{"damage":0,"enemies":"Chosen and Byrds","floor":29,"turns":4},{"damage":27,"enemies":"Champ","floor":33,"turns":9},{"damage":2,"enemies":"3 Shapes","floor":35,"turns":4},{"damage":2,"enemies":"3 Darklings","floor":37,"turns":5},{"damage":6,"enemies":"Sphere and 2 Shapes","floor":38,"turns":5},{"damage":0,"enemies":"Jaw Worm Horde","floor":41,"turns":4},{"damage":19,"enemies":"3 Darklings","floor":45,"turns":6},{"damage":187,"enemies":"LordOfAnnihilation","floor":50,"turns":16},{"damage":7,"enemies":"Shield and Spear","floor":54,"turns":5},{"damage":66,"enemies":"The Heart","floor":55,"turns":10}],"seed_played":"848836519820942164","potions_obtained":[{"floor":5,"key":"blueLaboratory:BottleOfRum"},{"floor":10,"key":"Guardian:BlockOnCardUsePotion"},{"floor":11,"key":"Explosive Potion"},{"floor":12,"key":"blueLaboratory:RememoryPotion"},{"floor":29,"key":"blueLaboratory:CorrosionFlask"}],"is_trial":false,"path_per_floor":["M","?","$","M","M","E","M","E","T","M","M","M","?","M","R","B",null,"M","?","?","$","$","R","M","?","MIM","M","?","M","R","?","R","B",null,"M","?","M","M","AVR","R","M","$","T","R","M","?","?","?","R_BF","B",null,"R","$","E","B",null],"character_chosen":"SHADE","items_purchased":["Shade:AuraOfUnlife","Shade:Frenzy+1","Crow Ritual","Grinning Jar","vexMod:BerryBomb","Replay:Baseball","StuffTheSpire:EmeraldSignet","ReplayTheSpireMod:ShopPack","aspiration:HatOfInfinitePower","Juzu Bracelet","Anchor","Prayer Wheel","conspire:TreasureMap","Replay:Lucky Slots","ReplayTheSpireMod:Brewmster","Shade:Bite_Shade","Shade:Patience","infinitespire:Midas Blood","vexMod:Spyglass","DeathKnight:PutricidesVial","halation:IllGainedPizza","Chameleon Ring","Shade:PotionOfRestlessness","Runesmith:AutoHammer","TheAbacus","Lee\u0027s Waffle","theForsaken:Lifeblossom","War Paint","Shade:UnbarTheGrave"],"campfire_rested":0,"item_purchase_floors":[3,3,3,3,3,3,3,3,21,21,21,21,21,21,21,21,21,22,22,22,22,22,22,42,42,42,42,42,42],"current_hp_per_floor":[85,95,111,121,131,141,151,144,154,170,180,190,200,210,220,136,251,261,271,281,291,301,311,316,326,335,341,351,361,371,381,391,382,421,430,333,342,347,357,367,377,508,518,528,523,533,543,553,578,422,598,608,618,621,641],"gold":289,"neow_bonus":"ONE_RANDOM_RARE_CARD","is_daily":false,"chose_seed":false,"campfire_upgraded":6,"win_rate":0.0,"timestamp":1609561130,"path_taken":["M","?","$","M","M","E","M","E","T","M","M","M","?","M","R","BOSS","M","?","?","?","$","R","M","?","MIM","?","?","?","R","?","R","BOSS","M","?","M","?","AVR","R","?","?","T","R","M","?","?","?","R_BF","BOSS","R","$","E","BOSS"],"items_purchased_type":["Card","Card","Card","Relic","Relic","Relic","Relic","Relic","Relic","Relic","Relic","Relic","Relic","Relic","Card","Card","Card","Relic","Relic","Relic","Relic","Relic","Card","Relic","Relic","Relic","Relic","Relic","Card"],"build_version":"2020-12-22","purchased_purges":1,"victory":true,"max_hp_per_floor":[85,95,111,121,131,141,151,161,171,181,191,201,211,221,231,241,251,261,271,281,291,301,311,321,331,341,351,361,371,381,391,401,411,421,431,441,451,461,471,481,491,508,518,528,538,548,558,568,578,588,598,608,618,628,648],"relic_stats":{"Nunchaku":[12],"Lee\u0027s Waffle":121,"TheAbacus":[6],"counters":[25,109],"Shuriken":[6],"Prayer Wheel":16,"Juzu Bracelet":0,"War Paint":["Shade:FleshToFlesh","Shade:CallWraith"],"obtain_stats":[{"Shade:YorickSkull":0,"theForsaken:Lifeblossom":42,"StuffTheSpire:EmeraldSignet":3,"Juzu Bracelet":21,"StuffTheSpire:GrapeVine":36,"vexMod:Spyglass":22,"Nunchaku":8,"Chameleon Ring":22,"TheAbacus":42,"Prayer Wheel":21,"Replay:Lucky Slots":21,"Iron Hammer":26,"Red Mask":48,"Runic Pyramid":34,"conspire:TreasureMap":21,"Lee\u0027s Waffle":42,"Bromod:ArcaneGrace":17,"halation:IllGainedPizza":22,"vexMod:BerryBomb":3,"hubris:Towel":20,"War Paint":42,"Bromod:ArcaneMomentum":54,"Replay:Baseball":3,"Anchor":21,"Shuriken":43,"DeathKnight:PutricidesVial":22,"StuffTheSpire:RubySignet":26,"Runesmith:AutoHammer":42,"Grinning Jar":3,"aspiration:HatOfInfinitePower":21,"ReplayTheSpireMod:ShopPack":3,"infinitespire:Midas Blood":22},{"Shade:YorickSkull":0,"theForsaken:Lifeblossom":21,"StuffTheSpire:EmeraldSignet":1,"Juzu Bracelet":12,"StuffTheSpire:GrapeVine":18,"vexMod:Spyglass":12,"Nunchaku":6,"Chameleon Ring":12,"TheAbacus":21,"Prayer Wheel":12,"Replay:Lucky Slots":12,"Iron Hammer":14,"Red Mask":22,"Runic Pyramid":17,"conspire:TreasureMap":12,"Lee\u0027s Waffle":21,"Bromod:ArcaneGrace":11,"halation:IllGainedPizza":12,"vexMod:BerryBomb":1,"hubris:Towel":12,"War Paint":21,"Bromod:ArcaneMomentum":24,"Replay:Baseball":1,"Anchor":12,"Shuriken":21,"DeathKnight:PutricidesVial":12,"StuffTheSpire:RubySignet":14,"Runesmith:AutoHammer":21,"Grinning Jar":1,"aspiration:HatOfInfinitePower":12,"ReplayTheSpireMod:ShopPack":1,"infinitespire:Midas Blood":12},{"Shade:YorickSkull":0,"theForsaken:Lifeblossom":80,"StuffTheSpire:EmeraldSignet":2,"Juzu Bracelet":49,"StuffTheSpire:GrapeVine":72,"vexMod:Spyglass":49,"Nunchaku":28,"Chameleon Ring":49,"TheAbacus":80,"Prayer Wheel":49,"Replay:Lucky Slots":49,"Iron Hammer":59,"Red Mask":84,"Runic Pyramid":70,"conspire:TreasureMap":49,"Lee\u0027s Waffle":80,"Bromod:ArcaneGrace":46,"halation:IllGainedPizza":49,"vexMod:BerryBomb":2,"hubris:Towel":49,"War Paint":80,"Bromod:ArcaneMomentum":101,"Replay:Baseball":2,"Anchor":49,"Shuriken":80,"DeathKnight:PutricidesVial":49,"StuffTheSpire:RubySignet":59,"Runesmith:AutoHammer":80,"Grinning Jar":2,"aspiration:HatOfInfinitePower":49,"ReplayTheSpireMod:ShopPack":2,"infinitespire:Midas Blood":49}]},"card_choices":[{"not_picked":["Shade:CoffinDance","Shade:ClawBack"],"picked":"Shade:Brains","floor":1},{"not_picked":["HandOfGreed","TH:EnergyPotion"],"picked":"ReplayTheSpireMod:Necrogeddon","floor":3},{"not_picked":["Poisoned Strike","expansioncontent:StudyTheSpire"],"picked":"Master of Strategy","floor":3},{"not_picked":["Shade:FuneraryArmor","Shade:Patience"],"picked":"Shade:FleshToFlesh","floor":4},{"not_picked":["Shade:GraveStillness","Shade:GoDigging"],"picked":"Shade:AncientSpear","floor":5},{"not_picked":["Shade:Trample","Shade:GraveStillness"],"picked":"Shade:SoulPierce","floor":6},{"not_picked":["TH:PixieDust","TH:BikiniMail"],"picked":"SKIP","floor":6},{"not_picked":["Shade:FuneraryArmor","Shade:FuneraryJewels"],"picked":"Shade:GraveStillness","floor":7},{"not_picked":["TH:EnergyPotion"],"picked":"TH:CursedSword","floor":8},{"not_picked":["Shade:TouchOfTheGrave","Shade:SoulToxin"],"picked":"Shade:Trample","floor":8},{"not_picked":["TH:ElvenBoots"],"picked":"TH:CopperCoins","floor":9},{"not_picked":["Shade:SkeletonArmy","Shade:CoffinDance"],"picked":"Shade:Doomsay","floor":10},{"not_picked":["Shade:CoffinDance","Shade:Frenzy"],"picked":"Shade:SkeletonArmy","floor":11},{"not_picked":["Shade:GraveStillness","Shade:Premonition"],"picked":"Shade:FreshBones","floor":12},{"not_picked":["Shade:DarkOfNight","Shade:Bonestorm"],"picked":"Shade:CommandSoldier","floor":14},{"not_picked":["TH:TreasureMap"],"picked":"TH:DeckOfManyThings","floor":16},{"not_picked":["Shade:LastGasp","Shade:MadHubris"],"picked":"Shade:Coordination","floor":16},{"not_picked":["Shade:SkeletonHug","Shade:Frenzy"],"picked":"Shade:CallWraith","floor":18},{"not_picked":["Shade:ExtraLimbs","Shade:Premonition"],"picked":"Shade:AncientSpear","floor":24},{"not_picked":["Shade:BoneShards","Shade:TouchOfTheGrave"],"picked":"Shade:RavenousHorde","floor":24},{"not_picked":["Shade:RitualOffering","Shade:Premonition"],"picked":"Shade:SensePrey+1","floor":26},{"not_picked":["Shade:Doomsay","Shade:FuneraryArmor"],"picked":"Shade:Bonestorm+1","floor":27},{"not_picked":["Shade:CloudOfShrapnel","Shade:Frenzy"],"picked":"Shade:SkeletonArmy","floor":27},{"not_picked":["Shade:Asphyxiate","Shade:FleshToFlesh"],"picked":"Shade:OpenGraves","floor":29},{"not_picked":["Shade:GoDigging","Shade:CommandSoldier"],"picked":"Shade:Premonition","floor":29},{"not_picked":["TH:EnergyPotion"],"picked":"TH:TreasureMap","floor":33},{"not_picked":["Shade:MadHubris","Shade:SelfBurial"],"picked":"Shade:GreaterAnimation","floor":33},{"not_picked":["Shade:ClawBack","Shade:FleshLikeOak+1"],"picked":"Shade:Bonestorm","floor":35},{"not_picked":["Shade:RitualOffering+1","Shade:SkeletonHug"],"picked":"Shade:FingerOfDeath+1","floor":35},{"not_picked":["Shade:Frenzy+1","Shade:SkeletonHug+1"],"picked":"Shade:SkeletonArmy","floor":36},{"not_picked":["Shade:Brains","Shade:RavenousHorde"],"picked":"Shade:Tombstone","floor":36},{"not_picked":["Shade:SanguineRitual","Shade:FuneraryArmor"],"picked":"Shade:WallOfFlesh+1","floor":37},{"not_picked":["Shade:SoulToxin+1","Shade:GraveStillness"],"picked":"Shade:CommandSoldier+1","floor":37},{"not_picked":["Shade:ExtraLimbs","Shade:Carnophage"],"picked":"Shade:PoundOfFlesh","floor":38},{"not_picked":["Shade:Trample","Shade:ExtraLimbs+1"],"picked":"Shade:OpenGraves","floor":38},{"not_picked":["Shade:AncientSpear+1","Shade:SanguineRitual+1"],"picked":"Shade:Coordination","floor":41},{"not_picked":["Shade:GraveStillness+1","Shade:CoffinDance"],"picked":"Shade:ExtraLimbs","floor":41},{"not_picked":["TH:ElvenBoots"],"picked":"TH:CursedSword","floor":43},{"not_picked":["Shade:PotionOfRestlessness","Shade:Brains"],"picked":"Shade:FreshBones+1","floor":45},{"not_picked":["Shade:BoneShards+1","Shade:FreshBones+1"],"picked":"Shade:AncientSpear","floor":45},{"not_picked":["ReplayTheSpireMod:Black Plague","infinitespire:FutureSight"],"picked":"infinitespire:UltimateForm","floor":46},{"not_picked":["TH:EnergyPotion"],"picked":"TH:DeckOfManyThings","floor":54},{"not_picked":["Shade:CoffinDance","Shade:Frenzy"],"picked":"Shade:WallOfFlesh+1","floor":54}],"player_experience":169413,"relics_obtained":[{"floor":8,"key":"Nunchaku"},{"floor":26,"key":"StuffTheSpire:RubySignet"},{"floor":26,"key":"Iron Hammer"},{"floor":36,"key":"StuffTheSpire:GrapeVine"},{"floor":43,"key":"Shuriken"},{"floor":54,"key":"Bromod:ArcaneMomentum"}],"event_choices":[{"damage_healed":0,"gold_gain":0,"player_choice":"Leave","damage_taken":0,"max_hp_gain":0,"max_hp_loss":0,"event_name":"The Cleric","floor":2,"gold_loss":0},{"damage_healed":0,"gold_gain":0,"player_choice":"Invest 4","damage_taken":0,"max_hp_gain":0,"max_hp_loss":0,"event_name":"conspire:Investor","floor":19,"gold_loss":0},{"cards_removed":["Shade:Bite_Shade"],"damage_healed":0,"gold_gain":0,"player_choice":"Gave Gold","damage_taken":0,"max_hp_gain":0,"max_hp_loss":0,"event_name":"Beggar","floor":28,"gold_loss":75},{"damage_healed":0,"gold_gain":0,"player_choice":"Got Potions","damage_taken":0,"max_hp_gain":0,"max_hp_loss":0,"event_name":"Lab","floor":31,"gold_loss":0},{"damage_healed":0,"gold_gain":0,"player_choice":"Upgraded","damage_taken":0,"max_hp_gain":0,"max_hp_loss":0,"event_name":"Upgrade Shrine","floor":47,"gold_loss":0,"cards_upgraded":["infinitespire:UltimateForm"]},{"damage_healed":0,"gold_gain":0,"player_choice":"Paid","damage_taken":0,"relics_obtained":["Red Mask"],"max_hp_gain":0,"max_hp_loss":0,"event_name":"Tomb of Lord Red Mask","floor":48,"gold_loss":2389}],"is_beta":false,"boss_relics":[{"not_picked":["Busted Crown","Snecko Heart"],"picked":"Bromod:ArcaneGrace"},{"not_picked":["Empty Cage","ChewingGum"],"picked":"Runic Pyramid"}],"items_purged_floors":[3],"is_endless":false,"potions_floor_spawned":[5,10,11,12,14,24,29,33,37,38],"ascension_level":0}}