{"host":"dgf4n6lo35jtjz0c","time":1609626915,"event":{"mods":["AchievementEnabler","BaseMod","Bestiary","Colored Powertips","Minty Spire (QoL Compilation)"],"gold_per_floor":[119,135,154,169,169,169,193,193,193,209,225,225,248,291,291,412,412,426,450,450,471,7,51,51,74,146,146,146],"floor_reached":27,"playtime":1314,"items_purged":[],"score":239,"play_id":"1ce4ab6b-2478-4367-a39e-aaea73821316","local_time":"20210103093515","is_ascension_mode":false,"campfire_choices":[{"floor":6.0,"key":"REST"},{"floor":8.0,"key":"REST"},{"floor":12.0,"key":"REST"},{"floor":15,"key":"REST"},{"floor":24,"key":"REST"}],"circlet_count":0,"master_deck":["Strike_R","Strike_R","Strike_R","Strike_R","Strike_R","Defend_R","Defend_R","Defend_R","Defend_R","Bash","Headbutt","Headbutt","Iron Wave","Flex","Barricade","Sentinel","Shrug It Off","Cleave","Body Slam","Juggernaut","Iron Wave","Perfected Strike","Clothesline+1","Pommel Strike","Armaments"],"relics":["Philosopher\u0027s Stone","Golden Idol","Darkstone Periapt","Self Forming Clay","Sozu","Enchiridion","StoneCalendar","Lee\u0027s Waffle","Orichalcum","Bottled Lightning"],"acts_visited":["Exordium","TheCity"],"potions_floor_usage":[16,19,23],"damage_taken":[{"damage":2.0,"enemies":"Jaw Worm","floor":1.0,"turns":4.0},{"damage":5.0,"enemies":"2 Louse","floor":2.0,"turns":2.0},{"damage":0.0,"enemies":"Small Slimes","floor":3.0,"turns":3.0},{"damage":9.0,"enemies":"2 Fungi Beasts","floor":4.0,"turns":3.0},{"damage":5.0,"enemies":"Exordium Wildlife","floor":7.0,"turns":3.0},{"damage":20.0,"enemies":"Gremlin Gang","floor":10.0,"turns":5.0},{"damage":3.0,"enemies":"Blue Slaver","floor":11.0,"turns":3.0},{"damage":1.0,"enemies":"Looter","floor":13.0,"turns":4.0},{"damage":17,"enemies":"Gremlin Nob","floor":14,"turns":4},{"damage":42,"enemies":"The Guardian","floor":16,"turns":15},{"damage":5,"enemies":"Shell Parasite","floor":18,"turns":4},{"damage":24,"enemies":"3 Byrds","floor":19,"turns":4},{"damage":20,"enemies":"Centurion and Healer","floor":21,"turns":6},{"damage":77,"enemies":"Slavers","floor":23,"turns":6},{"damage":26,"enemies":"Chosen and Byrds","floor":25,"turns":7},{"damage":13,"enemies":"3 Cultists","floor":27,"turns":2}],"seed_played":"-3059731665582035509","potions_obtained":[{"floor":10.0,"key":"Swift Potion"},{"floor":11.0,"key":"BlessingOfTheForge"},{"floor":14,"key":"LiquidMemories"},{"floor":16,"key":"LiquidBronze"}],"is_trial":false,"path_per_floor":["M","M","M","M","?","R","M","R","T","M","M","R","M","E","R","B",null,"M","M","?","M","$","E","R","M","T","M"],"character_chosen":"IRONCLAD","items_purchased":["StoneCalendar","Lee\u0027s Waffle"],"campfire_rested":5,"item_purchase_floors":[22,22],"current_hp_per_floor":[78,73,73,64,44,68,63,80,80,60,57,80,79,62,80,38,80,75,51,35,15,87,10,36,10,10,0,0],"gold":146,"neow_bonus":"BOSS_RELIC","is_daily":false,"chose_seed":false,"campfire_upgraded":0,"win_rate":0.0,"timestamp":1609626915,"path_taken":["M","M","M","M","?","R","M","R","T","M","M","R","M","E","R","BOSS","M","M","?","M","$","E","R","M","T","M"],"items_purchased_type":["Relic","Relic"],"build_version":"2020-12-22","purchased_purges":0,"victory":false,"max_hp_per_floor":[80,80,80,80,80,80,80,80,80,80,80,80,80,80,80,80,80,80,80,80,80,87,87,87,87,87,87,87],"card_choices":[{"not_picked":["Warcry","Twin Strike"],"picked":"Headbutt","floor":1.0},{"not_picked":["Rampage","Evolve"],"picked":"Headbutt","floor":2.0},{"not_picked":["Clash","Anger"],"picked":"Iron Wave","floor":3.0},{"not_picked":["Heavy Blade","Cleave"],"picked":"Flex","floor":4.0},{"not_picked":["Iron Wave","Warcry"],"picked":"Barricade","floor":7.0},{"not_picked":["Sword Boomerang","Heavy Blade"],"picked":"Sentinel","floor":10.0},{"not_picked":["Twin Strike","Brutality"],"picked":"Shrug It Off","floor":11.0},{"not_picked":["Sword Boomerang","Rupture"],"picked":"Cleave","floor":13.0},{"not_picked":["Havoc","Combust"],"picked":"Body Slam","floor":14},{"not_picked":["Barricade","Berserk"],"picked":"Juggernaut","floor":16},{"not_picked":["Sever Soul","Infernal Blade"],"picked":"Iron Wave","floor":18},{"not_picked":["Wild Strike","Pommel Strike+1"],"picked":"Perfected Strike","floor":19},{"not_picked":["Whirlwind+1","Sword Boomerang"],"picked":"Clothesline+1","floor":21},{"not_picked":["Rampage+1","Sword Boomerang+1"],"picked":"Pommel Strike","floor":23},{"not_picked":["Clothesline+1","Berserk"],"picked":"Armaments","floor":25}],"player_experience":28766,"relics_obtained":[{"floor":9.0,"key":"Darkstone Periapt"},{"floor":14,"key":"Self Forming Clay"},{"floor":20,"key":"Enchiridion"},{"floor":23,"key":"Orichalcum"},{"floor":26,"key":"Bottled Lightning"}],"event_choices":[{"damage_healed":0.0,"max_hp_gain":0.0,"max_hp_loss":0.0,"gold_gain":0.0,"event_name":"Golden Idol","player_choice":"Take Damage","floor":5.0,"gold_loss":0.0,"damage_taken":20.0,"relics_obtained":["Golden Idol"]},{"damage_healed":0,"gold_gain":0,"player_choice":"Obtained Book","damage_taken":16,"max_hp_gain":0,"max_hp_loss":0,"event_name":"Cursed Tome","floor":20,"gold_loss":0}],"is_beta":false,"boss_relics":[{"not_picked":["Black Star","Coffee Dripper"],"picked":"Sozu"}],"items_purged_floors":[],"is_endless":false,"potions_floor_spawned":[10,11,14,16,19,23],"killed_by":"3 Cultists","ascension_level":0}}