{"host":"u7lm8z2rvb4dg2oo","time":1609570999,"event":{"mods":["AchievementEnabler","BaseMod","Colored Map","Colored Powertips","Curses Come First","Googly Eyes","Highlight Path","Minty Spire (QoL Compilation)","Quick Restart","StSLib"],"gold_per_floor":[218,69,88,88,14,55,55,90,102,114,114],"floor_reached":10,"playtime":265,"items_purged":[],"score":93,"play_id":"22b4d481-aa51-40a7-aebf-ff1fad485871","local_time":"20210102020319","is_ascension_mode":true,"campfire_choices":[{"data":"Blasphemy","floor":7.0,"key":"SMITH"}],"circlet_count":0,"master_deck":["Strike_P","Strike_P","Strike_P","Strike_P","Defend_P","Defend_P","Defend_P","Defend_P","Eruption","Vigilance","Tantrum","Blasphemy+1","Prostrate","Wireheading","WreathOfFlame"],"relics":["PureWater","Golden Idol","Yang","MawBank","Pantograph"],"acts_visited":["Exordium"],"potions_floor_usage":[],"damage_taken":[{"damage":0.0,"enemies":"2 Louse","floor":1.0,"turns":2.0},{"damage":0.0,"enemies":"Jaw Worm","floor":3.0,"turns":1.0},{"damage":4.0,"enemies":"Gremlin Nob","floor":6.0,"turns":3.0},{"damage":28.0,"enemies":"Lagavulin","floor":8.0,"turns":4.0},{"damage":27,"enemies":"3 Sentries","floor":10,"turns":4}],"seed_played":"-6599500604897799264","potions_obtained":[{"floor":1.0,"key":"Strength Potion"}],"is_trial":false,"path_per_floor":["M","$","M","?","$","E","R","E","T","E"],"character_chosen":"WATCHER","items_purchased":["Blasphemy","Wireheading"],"campfire_rested":0,"item_purchase_floors":[2,5],"current_hp_per_floor":[72,72,72,54,54,50,50,22,22,0,0],"gold":114,"neow_bonus":"HUNDRED_GOLD","is_daily":false,"chose_seed":false,"campfire_upgraded":1,"win_rate":0.0,"timestamp":1609570999,"path_taken":["M","$","M","?","$","E","R","E","T","E"],"items_purchased_type":["Card","Card"],"build_version":"2020-12-22","purchased_purges":0,"victory":false,"max_hp_per_floor":[72,72,72,72,72,72,72,72,72,72,72],"card_choices":[{"not_picked":["Meditate","Evaluate"],"picked":"Tantrum","floor":1.0},{"not_picked":["BowlingBash","Swivel"],"picked":"Prostrate","floor":3.0},{"not_picked":["EmptyBody","SignatureMove","BowlingBash"],"picked":"SKIP","floor":6.0},{"not_picked":["FollowUp","CrushJoints"],"picked":"WreathOfFlame","floor":8.0}],"player_experience":1033051,"relics_obtained":[{"floor":6.0,"key":"Yang"},{"floor":8.0,"key":"MawBank"},{"floor":9.0,"key":"Pantograph"}],"event_choices":[{"damage_healed":0.0,"max_hp_gain":0.0,"max_hp_loss":0.0,"gold_gain":0.0,"event_name":"Golden Idol","player_choice":"Take Damage","floor":4.0,"gold_loss":0.0,"damage_taken":18.0,"relics_obtained":["Golden Idol"]}],"is_beta":false,"boss_relics":[],"items_purged_floors":[],"is_endless":false,"potions_floor_spawned":[1],"killed_by":"3 Sentries","ascension_level":5}}