{"host":"lhth1efayex2023z","time":1609546798,"event":{"mods":["BaseMod","Colored Map","Googly Eyes","Minty Spire (QoL Compilation)","StSLib"],"gold_per_floor":[113,129,129,8,183,183,215,215,215,240,240,250,250,277,277,351,351,370,381,149,149,161,194,13,38,38,71,71,81,107,125,125,196,196,212,232,232,47,64,95,111,136,162,162,162,190,237,31,31,31,31,31,31,57,57],"floor_reached":56,"playtime":2564,"items_purged":["Doubt","Strike_G","Strike_G"],"score":2122,"play_id":"5e66f860-ab92-4459-b54d-33535cdeb871","local_time":"20210101171958","is_ascension_mode":true,"campfire_choices":[{"data":"Cloak And Dagger","floor":6.0,"key":"SMITH"},{"floor":8.0,"key":"REST"},{"floor":11.0,"key":"REST"},{"data":"Accuracy","floor":15.0,"key":"SMITH"},{"data":"Phantasmal Killer","floor":32,"key":"SMITH"},{"data":"Footwork","floor":45,"key":"SMITH"},{"floor":49,"key":"RECALL"},{"data":"Footwork","floor":52,"key":"SMITH"}],"circlet_count":0,"master_deck":["AscendersBane","Strike_G","Strike_G","Defend_G","Defend_G","Defend_G","Defend_G","Survivor","Neutralize+1","Backstab","Dodge and Roll","Cloak And Dagger+1","Accuracy+1","Blade Dance","Escape Plan+1","Backflip","Accuracy+1","Footwork+1","Phantasmal Killer+1","Prepared+1","Blur+1","After Image","Blur+1","Accuracy","Well Laid Plans","Footwork+1","Caltrops"],"relics":["SlaversCollar","Centennial Puzzle","Ninja Scroll","Paper Crane","MealTicket","WristBlade","DollysMirror","Regal Pillow","Omamori","Toxic Egg 2","Snake Skull","Anchor","Cursed Key","Oddly Smooth Stone","Ice Cream","Kunai","Pocketwatch","Du-Vu Doll","Torii"],"acts_visited":["Exordium","TheCity","TheBeyond","TheEnding"],"potions_floor_usage":[23,27,29,30,33,55],"damage_taken":[{"damage":0.0,"enemies":"Jaw Worm","floor":1.0,"turns":7.0},{"damage":4.0,"enemies":"Small Slimes","floor":2.0,"turns":5.0},{"damage":16.0,"enemies":"Lagavulin","floor":7.0,"turns":10.0},{"damage":26.0,"enemies":"Gremlin Nob","floor":10.0,"turns":4.0},{"damage":0.0,"enemies":"Cultist","floor":12.0,"turns":3.0},{"damage":5.0,"enemies":"3 Sentries","floor":14.0,"turns":7.0},{"damage":15.0,"enemies":"Slime Boss","floor":16.0,"turns":10.0},{"damage":0.0,"enemies":"Spheric Guardian","floor":18.0,"turns":2.0},{"damage":3.0,"enemies":"3 Byrds","floor":19.0,"turns":4.0},{"damage":2,"enemies":"Cultist and Chosen","floor":22,"turns":3},{"damage":12,"enemies":"Gremlin Leader","floor":23,"turns":4},{"damage":0,"enemies":"Book of Stabbing","floor":25,"turns":3},{"damage":28,"enemies":"Gremlin Leader","floor":27,"turns":7},{"damage":9,"enemies":"Shelled Parasite and Fungi","floor":29,"turns":4},{"damage":0,"enemies":"Slavers","floor":30,"turns":5},{"damage":1,"enemies":"Snecko","floor":31,"turns":4},{"damage":34,"enemies":"Automaton","floor":33,"turns":8},{"damage":8,"enemies":"3 Darklings","floor":35,"turns":5},{"damage":0,"enemies":"Orb Walker","floor":36,"turns":2},{"damage":2,"enemies":"Writhing Mass","floor":39,"turns":7},{"damage":0,"enemies":"Reptomancer","floor":40,"turns":7},{"damage":18,"enemies":"Jaw Worm Horde","floor":41,"turns":4},{"damage":0,"enemies":"Giant Head","floor":42,"turns":8},{"damage":19,"enemies":"Nemesis","floor":46,"turns":15},{"damage":4,"enemies":"2 Orb Walkers","floor":47,"turns":6},{"damage":1,"enemies":"Time Eater","floor":50,"turns":13},{"damage":9,"enemies":"Shield and Spear","floor":54,"turns":8},{"damage":27,"enemies":"The Heart","floor":55,"turns":10}],"seed_played":"-6766691309821552146","potions_obtained":[{"floor":13.0,"key":"FairyPotion"},{"floor":13.0,"key":"CunningPotion"},{"floor":16.0,"key":"Energy Potion"},{"floor":18.0,"key":"PowerPotion"},{"floor":23,"key":"Poison Potion"},{"floor":27,"key":"DistilledChaos"},{"floor":29,"key":"ColorlessPotion"},{"floor":30,"key":"Poison Potion"},{"floor":36,"key":"Dexterity Potion"},{"floor":41,"key":"Strength Potion"}],"is_trial":false,"path_per_floor":["M","M","?","$","?","R","E","R","T","E","R","M","?","E","R","B",null,"M","M","$","?","M","E","$","E","T","E","$","M","E","M","R","B",null,"M","M","?","$","M","E","M","E","T","?","R","E","?","$","R","B",null,"R","$","E","B",null],"character_chosen":"THE_SILENT","items_purchased":["Cloak And Dagger","Accuracy","DollysMirror","Footwork","Oddly Smooth Stone","Accuracy","Footwork"],"campfire_rested":2,"item_purchase_floors":[4,4,20,24,38,38,48],"current_hp_per_floor":[63,59,45,45,45,45,29,50,50,24,45,45,45,40,40,25,59,59,56,70,70,68,56,70,70,70,42,57,48,48,47,47,13,56,48,48,48,63,61,61,43,43,43,43,43,24,20,35,35,34,58,58,66,57,30],"gold":57,"neow_bonus":"BOSS_RELIC","is_daily":false,"chose_seed":false,"campfire_upgraded":5,"win_rate":0.0,"timestamp":1609546798,"path_taken":["M","M","?","$","?","R","E","R","T","E","R","M","?","E","R","BOSS","M","M","$","?","M","E","$","E","T","E","$","M","E","M","R","BOSS","M","?","?","$","M","E","M","E","T","?","R","E","?","$","R","BOSS","R","$","E","BOSS"],"items_purchased_type":["Card","Card","Relic","Card","Relic","Card","Card"],"build_version":"2020-12-22","purchased_purges":3,"victory":true,"max_hp_per_floor":[70,70,70,70,70,70,70,70,70,70,70,70,70,70,70,70,70,70,70,70,70,70,70,70,70,70,70,70,70,70,70,70,70,70,70,70,70,70,70,70,70,70,70,66,66,66,66,66,66,66,66,66,66,66,66],"card_choices":[{"not_picked":["PiercingWail","Bane"],"picked":"Backstab","floor":1.0},{"not_picked":["Catalyst","Crippling Poison"],"picked":"Dodge and Roll","floor":2.0},{"not_picked":["Dagger Throw","Noxious Fumes"],"picked":"Blade Dance","floor":7.0},{"not_picked":["Crippling Poison","Dagger Spray","Flechettes"],"picked":"SKIP","floor":10.0},{"not_picked":["Underhanded Strike","Sucker Punch","Dagger Throw"],"picked":"SKIP","floor":12.0},{"not_picked":["Underhanded Strike","Acrobatics","Deflect"],"picked":"SKIP","floor":14.0},{"not_picked":["Deadly Poison","Finisher"],"picked":"Escape Plan+1","floor":18.0},{"not_picked":["Eviscerate+1","Quick Slash"],"picked":"Backflip","floor":19.0},{"not_picked":["Bane","Prepared","Reflex"],"picked":"SKIP","floor":22},{"not_picked":["Quick Slash","Acrobatics","Grand Finale"],"picked":"SKIP","floor":23},{"not_picked":["Poisoned Stab","Dagger Throw"],"picked":"Phantasmal Killer","floor":25},{"not_picked":["Poisoned Stab","Riddle With Holes"],"picked":"Prepared+1","floor":27},{"not_picked":["Reflex+1","Dagger Throw","Heel Hook"],"picked":"SKIP","floor":29},{"not_picked":["Outmaneuver+1","Acrobatics+1"],"picked":"Blur+1","floor":30},{"not_picked":["Backflip+1","Outmaneuver+1","Endless Agony"],"picked":"SKIP","floor":31},{"not_picked":["Phantasmal Killer+1","Unload"],"picked":"After Image","floor":33},{"not_picked":["Underhanded Strike+1","Slice+1"],"picked":"Blur+1","floor":35},{"not_picked":["Dagger Spray","Deflect+1","Flying Knee"],"picked":"SKIP","floor":36},{"not_picked":["Deadly Poison+1","Flying Knee","Bouncing Flask+1"],"picked":"SKIP","floor":39},{"not_picked":["Outmaneuver+1","Catalyst+1","Dodge and Roll+1"],"picked":"SKIP","floor":40},{"not_picked":["Bane","Acrobatics+1","Dash+1"],"picked":"SKIP","floor":41},{"not_picked":["Prepared+1","Underhanded Strike+1","Dagger Throw+1"],"picked":"SKIP","floor":42},{"not_picked":["All Out Attack","Well Laid Plans","Heel Hook"],"picked":"SKIP","floor":46},{"not_picked":["All Out Attack","Heel Hook"],"picked":"Well Laid Plans","floor":46},{"not_picked":["Unload","Flechettes"],"picked":"Caltrops","floor":54}],"player_experience":435624,"relics_obtained":[{"floor":7.0,"key":"Centennial Puzzle"},{"floor":9.0,"key":"Ninja Scroll"},{"floor":10.0,"key":"Paper Crane"},{"floor":14.0,"key":"MealTicket"},{"floor":23,"key":"Regal Pillow"},{"floor":25,"key":"Omamori"},{"floor":26,"key":"Toxic Egg 2"},{"floor":27,"key":"Snake Skull"},{"floor":30,"key":"Anchor"},{"floor":40,"key":"Ice Cream"},{"floor":42,"key":"Kunai"},{"floor":46,"key":"Pocketwatch"},{"floor":47,"key":"Du-Vu Doll"},{"floor":54,"key":"Torii"}],"event_choices":[{"damage_healed":0.0,"max_hp_gain":0.0,"max_hp_loss":0.0,"gold_gain":0.0,"event_name":"Shining Light","player_choice":"Entered Light","floor":3.0,"gold_loss":0.0,"damage_taken":14.0,"cards_upgraded":["Neutralize","Defend_G"]},{"damage_healed":0.0,"max_hp_gain":0.0,"max_hp_loss":0.0,"gold_gain":175.0,"event_name":"Liars Game","player_choice":"AGREE","floor":5.0,"gold_loss":0.0,"damage_taken":0.0,"cards_obtained":["Doubt"]},{"damage_healed":0.0,"max_hp_gain":0.0,"max_hp_loss":0.0,"gold_gain":0.0,"event_name":"Lab","player_choice":"Got Potions","floor":13.0,"gold_loss":0.0,"damage_taken":0.0},{"cards_removed":["Strike_G"],"damage_healed":0.0,"max_hp_gain":0.0,"max_hp_loss":0.0,"gold_gain":0.0,"event_name":"Purifier","player_choice":"Purged","floor":21.0,"gold_loss":0.0,"damage_taken":0.0},{"cards_removed":["Defend_G"],"damage_healed":0,"gold_gain":0,"player_choice":"Removed Skill","damage_taken":0,"max_hp_gain":0,"max_hp_loss":0,"event_name":"Falling","floor":37,"gold_loss":0},{"damage_healed":0,"gold_gain":0,"player_choice":"Max HP","damage_taken":0,"max_hp_gain":0,"max_hp_loss":4,"event_name":"Winding Halls","floor":44,"gold_loss":0},{"damage_healed":0,"gold_gain":0,"player_choice":"Fight","damage_taken":0,"max_hp_gain":0,"max_hp_loss":0,"event_name":"Mysterious Sphere","floor":47,"gold_loss":0}],"is_beta":false,"boss_relics":[{"not_picked":["Philosopher\u0027s Stone","Empty Cage"],"picked":"WristBlade"},{"not_picked":["Velvet Choker","Sozu"],"picked":"Cursed Key"}],"items_purged_floors":[20,24,48],"is_endless":false,"potions_floor_spawned":[14,16,18,23,27,29,30,36,41,42,54],"ascension_level":13}}