{"host":"mytek2nu1hrzdnew","time":1609620111,"event":{"mods":["Aspiration","BaseMod","Conspire","Evolution","GifTheSpireLib","Gold Saver","Hubris","Minty Spire (QoL Compilation)","Replay The Spire","StSLib","Stuff the Spire","Uncapped"],"gold_per_floor":[544,6,6,19,39,71,71,71,71,21,39,39,39,101,101,206,206,221,221,235,25,39,39,39],"floor_reached":24,"playtime":1052,"items_purged":["Strike_B","Defend_B"],"score":223,"play_id":"6bc9683b-64e0-4cfc-b572-802475aebdda","local_time":"20210102154151","is_ascension_mode":true,"campfire_choices":[{"floor":7,"key":"REST"},{"floor":12,"key":"REST"},{"floor":15,"key":"REST"}],"circlet_count":0,"master_deck":["Sweeping Beam","Strike_B","Strike_B","Defend_B","Defend_B","Defend_B","Zap","Core Surge","Sweeping Beam","Ball Lightning","Consume","Reboot","Gash","Redo+1","FIFO Queue","Ball Lightning","Gash"],"relics":["Cracked Core","EVO:Axolotl","Emotion Chip","hubris:Teleporter","ReplayTheSpireMod:Shallot","Snack Pack","StuffTheSpire:Kangaroo","CultistMask","BargainBundle"],"acts_visited":["Exordium","TheCity"],"potions_floor_usage":[2,6,11,20,22,24],"damage_taken":[{"damage":3,"enemies":"2 Louse","floor":1,"turns":2},{"damage":10,"enemies":"Small Slimes","floor":4,"turns":2},{"damage":0,"enemies":"Cultist","floor":5,"turns":2},{"damage":40,"enemies":"Lagavulin","floor":6,"turns":4},{"damage":7,"enemies":"Gremlin Gang","floor":11,"turns":3},{"damage":32,"enemies":"Lagavulin Event","floor":14,"turns":4},{"damage":42,"enemies":"The Guardian","floor":16,"turns":12},{"damage":33,"enemies":"Spheric Guardian","floor":18,"turns":4},{"damage":40,"enemies":"Shell Parasite","floor":20,"turns":6},{"damage":10,"enemies":"Chosen and Byrds","floor":22,"turns":4},{"damage":11,"enemies":"Centurion and Healer","floor":24,"turns":1}],"seed_played":"-1270737453692157122","potions_obtained":[{"floor":4,"key":"Toxic Potion"},{"floor":6,"key":"Fire Potion"},{"floor":16,"key":"BlessingOfTheForge"},{"floor":18,"key":"Block Potion"},{"floor":20,"key":"Energy Potion"}],"is_trial":false,"path_per_floor":["M","$","?","M","M","E","R","$","T","?","M","R","?","?","R","B",null,"M","?","M","$","M","M"],"character_chosen":"DEFECT","items_purchased":["Fruit Juice","Ball Lightning","Emotion Chip","BargainBundle","FIFO Queue","Ball Lightning","FocusPotion","Fire Potion"],"campfire_rested":3,"item_purchase_floors":[2,2,2,21,21,21,21,21],"current_hp_per_floor":[72,77,77,67,67,27,51,51,51,51,44,68,68,40,64,28,80,49,49,15,15,11,0,0],"gold":39,"neow_bonus":"ONE_RANDOM_RARE_CARD","is_daily":false,"chose_seed":false,"campfire_upgraded":0,"win_rate":0.0,"timestamp":1609620111,"path_taken":["M","$","?","M","M","E","R","$","T","?","M","R","?","?","R","BOSS","M","?","M","$","?","?"],"items_purchased_type":["Potion","Card","Relic","Relic","Card","Card","Potion","Potion"],"build_version":"2020-12-22","purchased_purges":2,"victory":false,"max_hp_per_floor":[75,80,80,80,80,80,80,80,80,80,80,80,80,80,80,80,80,80,80,80,80,80,80,80],"card_choices":[{"not_picked":["BasicCrystalCard","Darkness"],"picked":"Sweeping Beam","floor":1},{"not_picked":["Coolheaded","Skim","Turbo"],"picked":"SKIP","floor":4},{"not_picked":["Stack","Redo","Sweeping Beam"],"picked":"SKIP","floor":5},{"not_picked":["Reinforced Body","Leap"],"picked":"Consume","floor":6},{"not_picked":["Compile Driver","aspiration:Polymerization","conspire:Rain"],"picked":"SKIP","floor":11},{"not_picked":["Meteor Strike","ReplayRNGCard"],"picked":"Reboot","floor":16},{"not_picked":["Steam+1","StuffTheSpire:LoadUp+1"],"picked":"Gash","floor":18},{"not_picked":["StuffTheSpire:Plugnplay","Melter"],"picked":"Redo+1","floor":20},{"not_picked":["Turbo","StuffTheSpire:Plugnplay"],"picked":"Gash","floor":22}],"player_experience":999250,"relics_obtained":[{"floor":6,"key":"hubris:Teleporter"},{"floor":9,"key":"ReplayTheSpireMod:Shallot"}],"event_choices":[{"cards_removed":["Dualcast"],"damage_healed":0,"gold_gain":0,"player_choice":"Card Removal","damage_taken":0,"max_hp_gain":0,"max_hp_loss":0,"event_name":"The Cleric","floor":10,"gold_loss":50},{"damage_healed":0,"gold_gain":0,"player_choice":"Ignored","damage_taken":0,"max_hp_gain":0,"max_hp_loss":0,"event_name":"Liars Game","floor":13,"gold_loss":0},{"damage_healed":0,"gold_gain":0,"player_choice":"Searched \u00272\u0027 times","damage_taken":0,"relics_obtained":["Snack Pack"],"max_hp_gain":0,"max_hp_loss":0,"event_name":"Dead Adventurer","floor":14,"gold_loss":0},{"damage_healed":0,"gold_gain":0,"player_choice":"Trade","damage_taken":0,"relics_obtained":["CultistMask"],"max_hp_gain":0,"max_hp_loss":0,"event_name":"FaceTrader","floor":19,"gold_loss":0}],"is_beta":false,"boss_relics":[{"not_picked":["Replay:Drink Me","SlaversCollar"],"picked":"StuffTheSpire:Kangaroo"}],"items_purged_floors":[2,21],"is_endless":false,"potions_floor_spawned":[4,6,16,18,20],"killed_by":"Centurion and Healer","ascension_level":3}}