{"host":"h4lp0eeso8a0ssq0","time":1609562135,"event":{"mods":["2.2 Compatiblity","AchievementEnabler","BaseMod","CapriCore","Colored Map","Lobotomy","Minty Spire (QoL Compilation)","StSLib","SuperFastMode"],"gold_per_floor":[111,131,131,150,150,150,167,92,138,153,53,71,83,97,97,198,198,211,229,154,154,29,29,29,29,29],"floor_reached":25,"playtime":604,"items_purged":["Strike_P","Defend_P","Nirvana"],"score":195,"play_id":"316f85f4-4f00-4d78-9eea-699326b42d60","local_time":"20210102133535","is_ascension_mode":false,"campfire_choices":[{"data":"Eruption","floor":6.0,"key":"SMITH"},{"floor":15.0,"key":"REST"},{"floor":23,"key":"REST"}],"circlet_count":0,"master_deck":["Strike_P","Defend_P","Defend_P","Eruption+1","Vigilance","InnerPeace","Wish"],"relics":["Sozu"],"acts_visited":["Exordium","TheCity"],"potions_floor_usage":[],"damage_taken":[{"damage":0.0,"enemies":"2 Louse","floor":1.0,"turns":3.0},{"damage":2.0,"enemies":"Cultist","floor":2.0,"turns":3.0},{"damage":0.0,"enemies":"Jaw Worm","floor":4.0,"turns":3.0},{"damage":6.0,"enemies":"3 Louse","floor":7.0,"turns":3.0},{"damage":0.0,"enemies":"Looter","floor":10.0,"turns":3.0},{"damage":0.0,"enemies":"Red Slaver","floor":12.0,"turns":5.0},{"damage":2.0,"enemies":"Blue Slaver","floor":13.0,"turns":4.0},{"damage":10.0,"enemies":"Gremlin Gang","floor":14.0,"turns":4.0},{"damage":50,"enemies":"Slime Boss","floor":16,"turns":15},{"damage":23,"enemies":"2 Thieves","floor":18,"turns":5},{"damage":36,"enemies":"3 Byrds","floor":19,"turns":8},{"damage":3,"enemies":"Centurion and Healer","floor":25,"turns":2}],"seed_played":"5363576208355430024","potions_obtained":[],"is_trial":false,"path_per_floor":["M","M","?","M","?","R","M","$","T","M","$","M","M","M","R","B",null,"M","M","?","?","$","R","$","M"],"character_chosen":"WATCHER","items_purchased":[],"campfire_rested":2,"item_purchase_floors":[],"current_hp_per_floor":[72,70,63,63,63,63,57,57,57,57,57,57,55,45,66,16,72,49,13,13,13,13,34,34,31,31],"gold":29,"neow_bonus":"BOSS_RELIC","is_daily":false,"chose_seed":false,"campfire_upgraded":1,"win_rate":0.0,"timestamp":1609562135,"path_taken":["M","M","?","?","?","R","M","$","T","M","$","M","M","M","R","BOSS","M","M","?","?","$","R","$","M"],"items_purchased_type":[],"build_version":"2020-12-22","purchased_purges":3,"victory":false,"max_hp_per_floor":[72,72,72,72,72,72,72,72,72,72,72,72,72,72,72,72,72,72,72,72,72,72,72,72,72,72],"card_choices":[{"not_picked":["Study","WreathOfFlame","SashWhip"],"picked":"SKIP","floor":1.0},{"not_picked":["Study","BowlingBash"],"picked":"InnerPeace","floor":2.0},{"not_picked":["ReachHeaven","Wireheading","Protect"],"picked":"SKIP","floor":4.0},{"not_picked":["Weave","CrushJoints","ClearTheMind"],"picked":"SKIP","floor":7.0},{"not_picked":["SignatureMove","Vengeance","Nirvana"],"picked":"SKIP","floor":10.0},{"not_picked":["JustLucky","Pray","Crescendo"],"picked":"SKIP","floor":12.0},{"not_picked":["Establishment","Evaluate","FollowUp"],"picked":"SKIP","floor":13.0},{"not_picked":["Crescendo","Pray","FlyingSleeves"],"picked":"SKIP","floor":14.0},{"not_picked":["CrushJoints","InnerPeace","Pray"],"picked":"SKIP","floor":18},{"not_picked":["Weave","ClearTheMind","WaveOfTheHand"],"picked":"SKIP","floor":19}],"player_experience":29445,"relics_obtained":[],"event_choices":[{"damage_healed":0.0,"max_hp_gain":0.0,"max_hp_loss":0.0,"gold_gain":0.0,"event_name":"Wheel of Change","player_choice":"Damaged","floor":3.0,"gold_loss":0.0,"damage_taken":7.0},{"damage_healed":0.0,"max_hp_gain":0.0,"max_hp_loss":0.0,"gold_gain":0.0,"event_name":"Liars Game","player_choice":"Ignored","floor":5.0,"gold_loss":0.0,"damage_taken":0.0},{"cards_removed":["Strike_P"],"damage_healed":0,"gold_gain":0,"player_choice":"Gave Gold","damage_taken":0,"max_hp_gain":0,"max_hp_loss":0,"event_name":"Beggar","floor":20,"gold_loss":75},{"damage_healed":0,"gold_gain":0,"cards_transformed":["Defend_P","Strike_P"],"player_choice":"Became Test Subject","damage_taken":0,"max_hp_gain":0,"max_hp_loss":0,"event_name":"Drug Dealer","floor":21,"gold_loss":0,"cards_obtained":["Wish","Nirvana"]}],"is_beta":false,"boss_relics":[{"not_picked":["SacredBark","Fusion Hammer","VioletLotus"]}],"items_purged_floors":[8,11,22],"is_endless":false,"potions_floor_spawned":[1,7,10,14,16,18],"killed_by":"Centurion and Healer","ascension_level":0}}