{"host":"yo9wwslrag05lh37","time":1609597856,"event":{"mods":["AchievementEnabler","BaseMod","Block Reminder","Colored Map","Colored Powertips","GifTheSpireLib","HexUI Lib","Highlight Path","Minty Spire (QoL Compilation)","Rare Cards Sparkle","Relic Stats","StSLib","everything is the same but u backflip on backflip"],"gold_per_floor":[20,20,30,30,45,45,58,58,58,58,87,100,132,132,132,207,207,226,246,246,315,341,341,374,389,415,415,449,153,168,193,193,270,270,283,308,322,322,338,369,369,400,400,400,400],"floor_reached":44,"playtime":2890,"items_purged":["Strike_B"],"score":1168,"play_id":"4eeaa395-c024-4e3f-a8b6-ea6b98a835b4","local_time":"20210102153056","is_ascension_mode":true,"campfire_choices":[{"data":"Capacitor","floor":6.0,"key":"SMITH"},{"data":"Dualcast","floor":8.0,"key":"SMITH"},{"floor":10.0,"key":"REST"},{"data":"Rainbow","floor":15.0,"key":"SMITH"},{"data":"Echo Form","floor":23.0,"key":"SMITH"},{"floor":27.0,"key":"REST"},{"data":"Defragment","floor":32.0,"key":"SMITH"},{"data":"Apotheosis","floor":41.0,"key":"SMITH"}],"circlet_count":0,"master_deck":["AscendersBane","Zap+1","Dualcast+1","Echo Form+1","Glacier","Ball Lightning","Capacitor+1","Coolheaded","Rainbow+1","Conserve Battery","Amplify","Chill+1","White Noise","Recycle+1","Defragment+1","Doom and Gloom","Echo Form+1","Self Repair","Electrodynamics","Multi-Cast","Loop","Hologram","Blizzard","Reinforced Body","Coolheaded","Fusion","Machine Learning","Apotheosis+1"],"relics":["Cracked Core","InkBottle","Incense Burner","PreservedInsect","Runic Pyramid","Eternal Feather","Red Mask","Emotion Chip","Dream Catcher","Vajra","DollysMirror","Pandora\u0027s Box","Shovel","Potion Belt","Ice Cream"],"acts_visited":["Exordium","TheCity","TheBeyond"],"potions_floor_usage":[44],"damage_taken":[{"damage":6.0,"enemies":"2 Louse","floor":1.0,"turns":2.0},{"damage":0.0,"enemies":"Cultist","floor":3.0,"turns":3.0},{"damage":8.0,"enemies":"Small Slimes","floor":5.0,"turns":3.0},{"damage":13.0,"enemies":"Exordium Thugs","floor":7.0,"turns":5.0},{"damage":13.0,"enemies":"Lagavulin","floor":11.0,"turns":9.0},{"damage":16.0,"enemies":"3 Louse","floor":12.0,"turns":5.0},{"damage":22.0,"enemies":"3 Sentries","floor":13.0,"turns":11.0},{"damage":0.0,"enemies":"The Guardian","floor":16.0,"turns":9.0},{"damage":24.0,"enemies":"3 Byrds","floor":18.0,"turns":4.0},{"damage":0.0,"enemies":"2 Thieves","floor":19.0,"turns":4.0},{"damage":7.0,"enemies":"Masked Bandits","floor":22.0,"turns":7.0},{"damage":12.0,"enemies":"Slavers","floor":24.0,"turns":7.0},{"damage":7.0,"enemies":"Snake Plant","floor":25.0,"turns":5.0},{"damage":14.0,"enemies":"Book of Stabbing","floor":28.0,"turns":4.0},{"damage":2.0,"enemies":"Snecko","floor":30.0,"turns":5.0},{"damage":9.0,"enemies":"Gremlin Leader","floor":31.0,"turns":7.0},{"damage":22.0,"enemies":"Collector","floor":33.0,"turns":9.0},{"damage":1.0,"enemies":"Orb Walker","floor":35.0,"turns":5.0},{"damage":0.0,"enemies":"Mind Bloom Boss Battle","floor":36.0,"turns":9.0},{"damage":1.0,"enemies":"3 Shapes","floor":37.0,"turns":3.0},{"damage":67.0,"enemies":"Writhing Mass","floor":39.0,"turns":7.0},{"damage":16.0,"enemies":"Reptomancer","floor":40.0,"turns":6.0},{"damage":5.0,"enemies":"Giant Head","floor":42.0,"turns":7.0},{"damage":68,"enemies":"Reptomancer","floor":44,"turns":9}],"seed_played":"423770043650032598","potions_obtained":[{"floor":1.0,"key":"Ancient Potion"},{"floor":7.0,"key":"Ancient Potion"},{"floor":18.0,"key":"DistilledChaos"},{"floor":24.0,"key":"DistilledChaos"},{"floor":28.0,"key":"Block Potion"},{"floor":37.0,"key":"FairyPotion"},{"floor":39.0,"key":"Weak Potion"}],"is_trial":false,"path_per_floor":["M","?","M","?","M","R","M","R","T","R","E","M","E","?","R","B",null,"M","M","?","T","?","R","E","M","T","R","E","$","M","E","R","B",null,"M","?","M","?","M","E","R","E","T","E"],"character_chosen":"DEFECT","items_purchased":["DollysMirror","PowerPotion"],"campfire_rested":2,"item_purchase_floors":[29,29],"current_hp_per_floor":[58,58,58,58,50,50,37,37,37,58,45,29,7,7,7,7,55,31,31,31,31,24,36,24,17,17,50,36,36,34,39,51,43,64,71,71,70,70,3,35,50,65,65,0,0],"gold":400,"neow_bonus":"THREE_RARE_CARDS","is_daily":false,"chose_seed":false,"campfire_upgraded":6,"win_rate":0.0,"timestamp":1609597856,"path_taken":["M","?","M","?","M","R","M","R","T","R","E","?","E","?","R","BOSS","M","M","?","?","?","R","E","?","T","R","E","$","M","E","R","BOSS","M","?","M","?","M","E","R","E","T","E"],"items_purchased_type":["Relic","Potion"],"build_version":"2020-12-22","purchased_purges":1,"victory":false,"max_hp_per_floor":[71,71,71,71,71,71,71,71,71,71,71,71,71,71,71,71,71,71,71,71,71,71,71,71,71,71,71,71,71,71,71,71,71,71,71,71,71,71,71,71,71,71,71,71,71],"relic_stats":{"Emotion Chip":[70,23,36,10,1],"Dream Catcher":1,"Shovel":0,"counters":[24,144],"Eternal Feather":51,"Pandora\u0027s Box":["Multi-Cast","Loop","Hologram","Blizzard","Reinforced Body","Coolheaded"],"PreservedInsect":389,"obtain_stats":[{"Potion Belt":40,"Ice Cream":42,"Vajra":28,"Eternal Feather":21,"PreservedInsect":13,"Incense Burner":11,"Emotion Chip":24,"Dream Catcher":26,"Shovel":36,"DollysMirror":29,"Pandora\u0027s Box":34,"Red Mask":22,"Cracked Core":0,"InkBottle":9,"Runic Pyramid":17},{"Potion Belt":22,"Ice Cream":23,"Vajra":14,"Eternal Feather":10,"PreservedInsect":7,"Incense Burner":5,"Emotion Chip":12,"Dream Catcher":13,"Shovel":19,"DollysMirror":14,"Pandora\u0027s Box":17,"Red Mask":11,"Cracked Core":0,"InkBottle":4,"Runic Pyramid":8},{"Potion Belt":128,"Ice Cream":135,"Vajra":78,"Eternal Feather":55,"PreservedInsect":38,"Incense Burner":22,"Emotion Chip":69,"Dream Catcher":74,"Shovel":113,"DollysMirror":78,"Pandora\u0027s Box":99,"Red Mask":62,"Cracked Core":0,"InkBottle":13,"Runic Pyramid":47}],"InkBottle":[46]},"card_choices":[{"not_picked":["Reboot","Meteor Strike"],"picked":"Echo Form","floor":0.0},{"not_picked":["Capacitor","BootSequence"],"picked":"Glacier","floor":1.0},{"not_picked":["Rebound","Barrage"],"picked":"Ball Lightning","floor":3.0},{"not_picked":["BootSequence","Compile Driver"],"picked":"Capacitor","floor":5.0},{"not_picked":["Hologram","Go for the Eyes"],"picked":"Coolheaded","floor":7.0},{"not_picked":["Go for the Eyes","Cold Snap"],"picked":"Rainbow","floor":11.0},{"not_picked":["Chill","Turbo","Leap"],"picked":"SKIP","floor":12.0},{"not_picked":["Redo","Cold Snap"],"picked":"Conserve Battery","floor":13.0},{"not_picked":["All For One","Machine Learning"],"picked":"Amplify","floor":16.0},{"not_picked":["Conserve Battery","Redo","Stack"],"picked":"SKIP","floor":18.0},{"not_picked":["Steam","Sweeping Beam"],"picked":"Chill+1","floor":19.0},{"not_picked":["Conserve Battery","Gash"],"picked":"White Noise","floor":22.0},{"not_picked":["Beam Cell","Double Energy+1"],"picked":"Recycle+1","floor":24.0},{"not_picked":["Ball Lightning","Melter+1","Conserve Battery"],"picked":"SKIP","floor":25.0},{"not_picked":["Sweeping Beam","Rebound"],"picked":"Defragment","floor":27.0},{"not_picked":["Aggregate","Leap"],"picked":"Doom and Gloom","floor":28.0},{"not_picked":["Hello World","Skim"],"picked":"Self Repair","floor":30.0},{"not_picked":["Ball Lightning","All For One","Steam"],"picked":"SKIP","floor":31.0},{"not_picked":["Reboot","Core Surge"],"picked":"Electrodynamics","floor":33.0},{"not_picked":["Stack","Lockon+1"],"picked":"Fusion","floor":35.0},{"not_picked":["Leap","Go for the Eyes"],"picked":"Machine Learning","floor":36.0},{"not_picked":["Hologram","Barrage","Ball Lightning+1"],"picked":"SKIP","floor":37.0},{"not_picked":["Chrysalis","Deep Breath"],"picked":"Apotheosis","floor":38.0},{"not_picked":["Sunder","Coolheaded","Redo"],"picked":"SKIP","floor":39.0},{"not_picked":["Hologram+1","Gash+1","Skim"],"picked":"SKIP","floor":40.0},{"not_picked":["Chaos+1","Aggregate","Gash+1"],"picked":"SKIP","floor":42.0}],"player_experience":1458144,"relics_obtained":[{"floor":9.0,"key":"InkBottle"},{"floor":11.0,"key":"Incense Burner"},{"floor":13.0,"key":"PreservedInsect"},{"floor":21.0,"key":"Eternal Feather"},{"floor":22.0,"key":"Red Mask"},{"floor":24.0,"key":"Emotion Chip"},{"floor":26.0,"key":"Dream Catcher"},{"floor":28.0,"key":"Vajra"},{"floor":36.0,"key":"Shovel"},{"floor":40.0,"key":"Potion Belt"},{"floor":42.0,"key":"Ice Cream"}],"event_choices":[{"damage_healed":0.0,"max_hp_gain":0.0,"max_hp_loss":0.0,"gold_gain":0.0,"event_name":"Living Wall","player_choice":"Grow","floor":2.0,"gold_loss":0.0,"damage_taken":0.0,"cards_upgraded":["Zap"]},{"cards_removed":["Strike_B"],"damage_healed":0.0,"max_hp_gain":0.0,"max_hp_loss":0.0,"gold_gain":0.0,"event_name":"Purifier","player_choice":"Purged","floor":4.0,"gold_loss":0.0,"damage_taken":0.0},{"damage_healed":0.0,"max_hp_gain":0.0,"max_hp_loss":0.0,"gold_gain":0.0,"event_name":"Shining Light","player_choice":"Ignored","floor":14.0,"gold_loss":0.0,"damage_taken":0.0},{"damage_healed":0.0,"max_hp_gain":0.0,"max_hp_loss":0.0,"gold_gain":0.0,"event_name":"The Mausoleum","player_choice":"Ignored","floor":20.0,"gold_loss":0.0,"damage_taken":0.0},{"damage_healed":0.0,"max_hp_gain":0.0,"max_hp_loss":0.0,"gold_gain":0.0,"event_name":"Masked Bandits","player_choice":"Fought Bandits","floor":22.0,"gold_loss":0.0,"damage_taken":0.0},{"damage_healed":0.0,"max_hp_gain":0.0,"max_hp_loss":0.0,"gold_gain":0.0,"event_name":"MindBloom","player_choice":"Fight","floor":36.0,"gold_loss":0.0,"damage_taken":0.0},{"damage_healed":0.0,"max_hp_gain":0.0,"max_hp_loss":0.0,"gold_gain":0.0,"event_name":"SensoryStone","player_choice":"Memory 1","floor":38.0,"gold_loss":0.0,"damage_taken":0.0}],"is_beta":false,"boss_relics":[{"not_picked":["Nuclear Battery","Black Star"],"picked":"Runic Pyramid"},{"not_picked":["SacredBark","FrozenCore"],"picked":"Pandora\u0027s Box"}],"items_purged_floors":[29],"is_endless":false,"potions_floor_spawned":[1,7,11,16,18,24,28,37,39],"killed_by":"Reptomancer","ascension_level":20}}