{"host":"08t08ld674si40tv","time":1609595789,"event":{"mods":["AchievementEnabler","BaseMod","Colored Map","Minty Spire (QoL Compilation)","StSLib","SuperFastMode"],"gold_per_floor":[113,38,48,48,48,74,92,92,118,118,152,180,200,215,215,215,215],"floor_reached":16,"playtime":251,"items_purged":["Strike_R"],"score":224,"play_id":"55581152-99d5-4f3e-9581-ad1a307015ec","local_time":"20210102225629","is_ascension_mode":true,"campfire_choices":[{"floor":8,"key":"REST"},{"floor":10,"key":"REST"},{"data":"Dual Wield","floor":15,"key":"SMITH"}],"circlet_count":0,"master_deck":["AscendersBane","Strike_R","Strike_R","Strike_R","Defend_R","Defend_R","Defend_R+1","Bash","Whirlwind+1","Fire Breathing","Dropkick","Dual Wield+1"],"relics":["Burning Blood","Lantern","CeramicFish","Pen Nib","Juzu Bracelet"],"acts_visited":["Exordium"],"potions_floor_usage":[6,6],"damage_taken":[{"damage":1,"enemies":"Cultist","floor":1,"turns":3},{"damage":6,"enemies":"2 Louse","floor":3,"turns":2},{"damage":26,"enemies":"Lagavulin","floor":6,"turns":7},{"damage":3,"enemies":"Small Slimes","floor":7,"turns":3},{"damage":53,"enemies":"Gremlin Nob","floor":11,"turns":5},{"damage":0,"enemies":"3 Louse","floor":12,"turns":2},{"damage":11,"enemies":"Exordium Thugs","floor":13,"turns":2},{"damage":0,"enemies":"2 Fungi Beasts","floor":14,"turns":3},{"damage":15,"enemies":"The Guardian","floor":16,"turns":4}],"seed_played":"8700916282908180559","potions_obtained":[{"floor":1,"key":"Block Potion"},{"floor":3,"key":"Swift Potion"},{"floor":11,"key":"DistilledChaos"},{"floor":12,"key":"HeartOfIron"}],"is_trial":false,"path_per_floor":["M","$","M","?","?","E","M","R","T","R","E","M","M","M","R","B"],"character_chosen":"IRONCLAD","items_purchased":[],"campfire_rested":2,"item_purchase_floors":[],"current_hp_per_floor":[55,55,55,50,27,7,10,32,32,54,7,13,8,14,14,0,0],"gold":215,"neow_bonus":"REMOVE_TWO","is_daily":false,"chose_seed":false,"campfire_upgraded":1,"win_rate":0.0,"timestamp":1609595789,"path_taken":["M","$","?","?","?","E","M","R","T","R","E","M","M","M","R","BOSS"],"items_purchased_type":[],"build_version":"2020-12-22","purchased_purges":1,"victory":false,"max_hp_per_floor":[75,75,75,75,75,75,75,75,75,75,75,75,75,75,75,75,75],"card_choices":[{"not_picked":["Rampage","Ghostly Armor"],"picked":"Whirlwind","floor":1},{"not_picked":["Perfected Strike","Dark Embrace"],"picked":"Fire Breathing","floor":3},{"not_picked":["Twin Strike","Pummel","Rupture"],"picked":"SKIP","floor":6},{"not_picked":["Body Slam","Warcry","Twin Strike"],"picked":"SKIP","floor":7},{"not_picked":["Metallicize","Burning Pact","Hemokinesis"],"picked":"SKIP","floor":11},{"not_picked":["Intimidate","Iron Wave"],"picked":"Dropkick","floor":12},{"not_picked":["Demon Form","Sword Boomerang"],"picked":"Dual Wield","floor":13},{"not_picked":["Flex","Armaments","Feel No Pain"],"picked":"SKIP","floor":14}],"player_experience":195724,"relics_obtained":[{"floor":6,"key":"CeramicFish"},{"floor":9,"key":"Pen Nib"},{"floor":11,"key":"Juzu Bracelet"}],"event_choices":[{"damage_healed":0,"gold_gain":0,"player_choice":"Success","damage_taken":5,"relics_obtained":["Lantern"],"max_hp_gain":0,"max_hp_loss":0,"event_name":"Scrap Ooze","floor":4,"gold_loss":0},{"damage_healed":0,"gold_gain":0,"player_choice":"Entered Light","damage_taken":23,"max_hp_gain":0,"max_hp_loss":0,"event_name":"Shining Light","floor":5,"gold_loss":0,"cards_upgraded":["Defend_R","Whirlwind"]}],"is_beta":false,"boss_relics":[],"items_purged_floors":[2],"is_endless":false,"potions_floor_spawned":[1,3,11,12],"killed_by":"The Guardian","ascension_level":20}}