{"host":"jyuuog6ydc2s7nd8","time":1609586895,"event":{"mods":["BaseMod","Better Vampires","Minty Spire (QoL Compilation)","Shop Mod","StSLib","The Hierophant","The Servant 0.9.4","TheBandit","[IsaacMod]ÒÔÈö¼âËþ"],"gold_per_floor":[117,42,52,52,69,69,104,104,131,56,56,89,99,70,70,147,147,164,164,79,79,91,91,91,121,144,184,84,84,184,84,84,162,162,182,194,212,92,119,119,155,169,169,185,185,185,185,185,185,185,185,185,185,45,74,74,74],"floor_reached":56,"playtime":1609,"items_purged":["Strike_R","Defend_R","Defend_R","Strike_R","Strike_R","EpicFetus+1","Defend_R","Defend_R","Juggernaut+1"],"score":2384,"play_id":"eaa4405a-c5f0-4639-a7f9-1548cfd8809c","local_time":"20210102192815","is_ascension_mode":true,"campfire_choices":[{"data":"Bash","floor":6.0,"key":"SMITH"},{"data":"Power Through","floor":8.0,"key":"SMITH"},{"data":"Bloodletting","floor":11.0,"key":"SMITH"},{"data":"True Grit","floor":15.0,"key":"SMITH"},{"data":"Body Slam","floor":23,"key":"SMITH"},{"data":"Pommel Strike","floor":29,"key":"SMITH"},{"data":"Battle Trance","floor":32,"key":"SMITH"},{"data":"Finesse","floor":40,"key":"SMITH"},{"data":"Juggernaut","floor":45,"key":"SMITH"},{"floor":49,"key":"RECALL"}],"circlet_count":0,"master_deck":["AscendersBane","Bash+1","Power Through+1","Bloodletting+1","Battle Trance+1","True Grit+1","Barricade+1","Pommel Strike+1","Body Slam+1","Shrug It Off+1","Finesse+1"],"relics":["Burning Blood","HushsDoor","D6","PreservedInsect","Centennial Puzzle","BelialBook","Coffee Dripper","SatanicBible","GuppysHairball","Red Skull","CeramicFish","Vajra","HornCleat","Prayer Wheel","The Courier","Runic Dome","GuppysTail","Bottled Tornado","DoctorsRemote","UnicornStump"],"acts_visited":["Exordium","TheCity","TheBeyond","TheEnding"],"potions_floor_usage":[25,25,27,44,56],"damage_taken":[{"damage":14.0,"enemies":"2 Louse","floor":1.0,"turns":3.0},{"damage":12.0,"enemies":"Jaw Worm","floor":3.0,"turns":2.0},{"damage":10.0,"enemies":"Small Slimes","floor":5.0,"turns":3.0},{"damage":25.0,"enemies":"3 Sentries","floor":7.0,"turns":5.0},{"damage":8.0,"enemies":"Gremlin Nob","floor":12.0,"turns":3.0},{"damage":0.0,"enemies":"3 Louse","floor":13.0,"turns":2.0},{"damage":0.0,"enemies":"Hexaghost","floor":16.0,"turns":6.0},{"damage":5.0,"enemies":"2 Thieves","floor":18.0,"turns":4.0},{"damage":3,"enemies":"Spheric Guardian","floor":22,"turns":4},{"damage":18,"enemies":"Slavers","floor":25,"turns":2},{"damage":3,"enemies":"Book of Stabbing","floor":27,"turns":3},{"damage":7,"enemies":"Colosseum Slavers","floor":30,"turns":3},{"damage":0,"enemies":"Colosseum Nobs","floor":30,"turns":2},{"damage":0,"enemies":"Automaton","floor":33,"turns":6},{"damage":0,"enemies":"3 Shapes","floor":35,"turns":3},{"damage":0,"enemies":"3 Darklings","floor":36,"turns":2},{"damage":0,"enemies":"Maw","floor":37,"turns":5},{"damage":0,"enemies":"Nemesis","floor":41,"turns":7},{"damage":3,"enemies":"4 Shapes","floor":42,"turns":3},{"damage":6,"enemies":"3 Darklings","floor":44,"turns":2},{"damage":9,"enemies":"Donu and Deca","floor":50,"turns":4},{"damage":7,"enemies":"Awakened One","floor":51,"turns":6},{"damage":3,"enemies":"Shield and Spear","floor":55,"turns":5},{"damage":0,"enemies":"The Heart","floor":56,"turns":3}],"seed_played":"6726189264887037127","potions_obtained":[{"floor":1.0,"key":"Fire Potion"},{"floor":5.0,"key":"Explosive Potion"},{"floor":7.0,"key":"HeartOfIron"},{"floor":18.0,"key":"Explosive Potion"},{"floor":25,"key":"Block Potion"},{"floor":27,"key":"FearPotion"},{"floor":33,"key":"Swift Potion"}],"is_trial":false,"path_per_floor":["M","?","M","?","M","R","E","R","T","$","R","E","M","$","R","B",null,"M","?","?","?","M","R","?","E","T","E","$","R","?","$","R","B",null,"M","M","M","$","?","R","E","M","T","M","R","?","$","?","R","B","B",null,"R","$","E","B"],"character_chosen":"IRONCLAD","items_purchased":["True Grit","SatanicBible","GuppysHairball","GuppysTail"],"campfire_rested":0,"item_purchase_floors":[14,17,17,34],"current_hp_per_floor":[60,60,54,54,50,50,31,31,31,31,31,29,35,35,35,41,43,43,43,43,43,43,43,28,16,16,19,19,19,24,24,24,30,13,13,13,13,13,3,3,9,12,12,12,12,12,12,13,13,10,9,12,12,12,13,13,13],"gold":74,"neow_bonus":"UPGRADE_CARD","is_daily":false,"chose_seed":false,"campfire_upgraded":9,"win_rate":0.0,"timestamp":1609586895,"path_taken":["M","?","M","?","M","R","E","R","T","$","R","E","M","$","R","BOSS","M","?","?","?","M","R","?","E","T","E","$","R","?","?","R","BOSS","M","M","M","$","?","R","E","M","T","M","R","?","$","?","R","BOSS","BOSS","R","$","E","BOSS"],"items_purchased_type":["Card","Relic","Relic","Relic"],"build_version":"2020-12-22","purchased_purges":9,"victory":false,"max_hp_per_floor":[75,75,75,75,75,75,75,75,75,75,75,75,75,75,75,75,43,43,43,43,43,43,43,43,43,43,43,43,43,43,43,43,43,13,13,13,13,13,13,13,13,13,13,13,13,13,13,13,13,13,13,13,13,13,13,13,13],"card_choices":[{"not_picked":[],"picked":"EpicFetus","floor":0.0},{"not_picked":["Bludgeon","Cleave","Disarm"],"picked":"SKIP","floor":1.0},{"not_picked":["Headbutt","Armaments","Clothesline"],"picked":"SKIP","floor":3.0},{"not_picked":["Fire Breathing","True Grit"],"picked":"Power Through","floor":5.0},{"not_picked":["Iron Wave","Shockwave"],"picked":"Bloodletting","floor":7.0},{"not_picked":["Reckless Charge","Havoc"],"picked":"Bomb","floor":12.0},{"not_picked":["Clash","Searing Blow"],"picked":"Battle Trance","floor":13.0},{"not_picked":["Fiend Fire","Exhume"],"picked":"Barricade","floor":16.0},{"not_picked":["Iron Wave+1","Blood for Blood","Armaments+1"],"picked":"SKIP","floor":18.0},{"not_picked":["Cleave","Iron Wave"],"picked":"Body Slam","floor":22},{"not_picked":["Intimidate","Corruption","Pummel"],"picked":"SKIP","floor":25},{"not_picked":["Reckless Charge","Combust"],"picked":"Shrug It Off+1","floor":27},{"not_picked":["Evolve","Flame Barrier+1","Shockwave"],"picked":"SKIP","floor":35},{"not_picked":["Perfected Strike","Twin Strike","Sword Boomerang"],"picked":"SKIP","floor":35},{"not_picked":["Thunderclap","Whirlwind","True Grit+1"],"picked":"SKIP","floor":36},{"not_picked":["Clothesline","Headbutt","Shrug It Off"],"picked":"SKIP","floor":36},{"not_picked":["True Grit+1","Blood for Blood+1","Anger"],"picked":"SKIP","floor":37},{"not_picked":["Spot Weakness","Infernal Blade","Sentinel"],"picked":"SKIP","floor":37},{"not_picked":["Deep Breath","Swift Strike"],"picked":"Finesse","floor":39},{"not_picked":["Jack Of All Trades","Purity"],"picked":"Bomb","floor":39},{"not_picked":["Enlightenment","Bomb"],"picked":"Flash of Steel","floor":39},{"not_picked":["Disarm+1","Warcry"],"picked":"Juggernaut","floor":41},{"not_picked":["Rampage","Anger+1","Shockwave+1"],"picked":"SKIP","floor":42},{"not_picked":["Pommel Strike","Bloodletting","Pummel"],"picked":"SKIP","floor":42},{"not_picked":["Perfected Strike","Seeing Red","Hemokinesis"],"picked":"SKIP","floor":44},{"not_picked":["Whirlwind","Flame Barrier+1","Blood for Blood+1"],"picked":"SKIP","floor":44},{"not_picked":["Dual Wield","Pommel Strike","Ghostly Armor"],"picked":"SKIP","floor":55}],"player_experience":1790734,"relics_obtained":[{"floor":7.0,"key":"PreservedInsect"},{"floor":9.0,"key":"Centennial Puzzle"},{"floor":12.0,"key":"BelialBook"},{"floor":25,"key":"Vajra"},{"floor":27,"key":"HornCleat"},{"floor":30,"key":"Prayer Wheel"},{"floor":30,"key":"The Courier"},{"floor":41,"key":"Bottled Tornado"},{"floor":43,"key":"DoctorsRemote"},{"floor":55,"key":"UnicornStump"}],"event_choices":[{"cards_removed":["Strike_R"],"damage_healed":0.0,"max_hp_gain":0.0,"max_hp_loss":0.0,"gold_gain":0.0,"event_name":"The Cleric","player_choice":"Card Removal","floor":2.0,"gold_loss":75.0,"damage_taken":0.0},{"cards_removed":["Strike_R"],"damage_healed":0.0,"max_hp_gain":0.0,"max_hp_loss":0.0,"gold_gain":0.0,"event_name":"Living Wall","player_choice":"Forget","floor":4.0,"gold_loss":0.0,"damage_taken":0.0},{"damage_healed":0.0,"max_hp_gain":0.0,"max_hp_loss":0.0,"gold_gain":0.0,"event_name":"The Library","player_choice":"Read","floor":19.0,"gold_loss":0.0,"damage_taken":0.0,"cards_obtained":["Pommel Strike"]},{"damage_healed":0.0,"max_hp_gain":0.0,"max_hp_loss":0.0,"gold_gain":0.0,"event_name":"Addict","player_choice":"Obtained Relic","floor":20.0,"gold_loss":85.0,"damage_taken":0.0,"relics_obtained":["Red Skull"]},{"damage_healed":0,"gold_gain":0,"player_choice":"Forge","damage_taken":0,"max_hp_gain":0,"max_hp_loss":0,"event_name":"Accursed Blacksmith","floor":21,"gold_loss":0,"cards_upgraded":["Barricade"]},{"damage_healed":0,"gold_gain":0,"player_choice":"Fight","damage_taken":0,"max_hp_gain":0,"max_hp_loss":0,"event_name":"Colosseum","floor":30,"gold_loss":0},{"damage_healed":0,"gold_gain":0,"player_choice":"Fought Nobs","damage_taken":0,"max_hp_gain":0,"max_hp_loss":0,"event_name":"Colosseum","floor":30,"gold_loss":0},{"damage_healed":0,"gold_gain":0,"player_choice":"Memory 3","damage_taken":10,"max_hp_gain":0,"max_hp_loss":0,"event_name":"SensoryStone","floor":39,"gold_loss":0},{"damage_healed":0,"gold_gain":0,"player_choice":"Ignored","damage_taken":0,"max_hp_gain":0,"max_hp_loss":0,"event_name":"Duplicator","floor":46,"gold_loss":0},{"cards_removed":["Flash of Steel"],"damage_healed":1,"gold_gain":0,"player_choice":"Offered Uncommon","damage_taken":0,"max_hp_gain":0,"max_hp_loss":0,"event_name":"Bonfire Elementals","floor":48,"gold_loss":0}],"is_beta":false,"boss_relics":[{"not_picked":["Fusion Hammer","Empty Cage"],"picked":"Coffee Dripper"},{"not_picked":[]},{"not_picked":["Runic Cube","Tiny House"],"picked":"Runic Dome"},{"not_picked":[]}],"items_purged_floors":[10,17,17,28,31,34,34,38,54],"is_endless":false,"potions_floor_spawned":[1,5,7,12,13,18,25,27,33,36,42],"killed_by":"The Heart","ascension_level":20}}