{"host":"0azimyi6n3ugndj4","time":1609552388,"event":{"mods":["2.2 Compatiblity","BaseMod","Bestiary","Conspire","Curses Come First","Defuse TimeMaze Blight","Hermit","Hyrulean Relics","Infinite Spire","Minty Spire (QoL Compilation)","Relic Stats","Replay The Spire","StSLib","SuperFastMode","The Cursed","Uncapped","¡¼?Úª?ø«¡½REMEMod"],"gold_per_floor":[111,131,150,325,100,128,141,141,166,176,193,211,231,231,231,327,377,387,287,299,316,412,412,430,430,430,430,445,473,492,591,591,693,693,705,705,905,905,905],"floor_reached":38,"playtime":1494,"items_purged":["TheCursedMod:Defend_TheCursed","TheCursedMod:Defend_TheCursed","TheCursedMod:Strike_TheCursed"],"score":450,"play_id":"66d328f2-c2aa-4d4b-aa3a-9326b35929d0","local_time":"20210102105308","is_ascension_mode":false,"campfire_choices":[{"floor":15.0,"key":"RECALL"},{"floor":23.0,"key":"REST"},{"floor":27.0,"key":"REST"},{"data":"TheCursedMod:CleanUpWorkshop","floor":32.0,"key":"SMITH"}],"circlet_count":0,"master_deck":["TheCursedMod:Strike_TheCursed","TheCursedMod:Strike_TheCursed","TheCursedMod:Strike_TheCursed","TheCursedMod:Defend_TheCursed","TheCursedMod:Defend_TheCursed","TheCursedMod:CursedWand","TheCursedMod:CleanUpWorkshop+1","TheCursedMod:Dregs","TheCursedMod:CursedBoomerang","TheCursedMod:SmokeScreen","TheCursedMod:CircleOfCorruption","Doubt","TheCursedMod:AbyssShockwave+1","TheCursedMod:SpitefulPray","TheCursedMod:CursedAmulet","TheCursedMod:CircleOfAbyss","TheCursedMod:CursedBlade","TheCursedMod:CircleOfFlame+1","TheCursedMod:DarkBarrier","TheCursedMod:CursedStaff","TheCursedMod:Obscuration","TheCursedMod:FleshFromBone+1","TheCursedMod:AbyssShockwave","ReplayTheSpireMod:Splinters","TheCursedMod:CursedBlade","TheCursedMod:RapidMovement","TheCursedMod:WearCloak","TheCursedMod:Evocation","TheCursedMod:StunningStrike","TheCursedMod:TacticalStrike","TheCursedMod:CollectTribute","TheCursedMod:CursedStaff","Writhe"],"relics":["TheCursedMod:BlackMagic101","REME_ComplimentaryCards","NeowsBlessing","Strawberry","Toy Ornithopter","Tiny House","infinitespire:Lucky Rock","REME_DemonsWealth","Regal Pillow","Replay:Accelerometer","infinitespire:Beetle Shell","REME_ChargedStone"],"acts_visited":["Exordium","TheCity","TheBeyond"],"potions_floor_usage":[33,33,33,38,38],"damage_taken":[{"damage":0.0,"enemies":"2 Louse","floor":1.0,"turns":1.0},{"damage":0.0,"enemies":"Small Slimes","floor":2.0,"turns":1.0},{"damage":0.0,"enemies":"infinitespire:Voidling","floor":3.0,"turns":1.0},{"damage":33.0,"enemies":"Gremlin Nob","floor":6.0,"turns":6.0},{"damage":3.0,"enemies":"Large Slime","floor":7.0,"turns":5.0},{"damage":0.0,"enemies":"3 Louse","floor":10.0,"turns":1.0},{"damage":2.0,"enemies":"Blue Slaver","floor":11.0,"turns":2.0},{"damage":0.0,"enemies":"Gremlin Gang","floor":12.0,"turns":3.0},{"damage":0.0,"enemies":"2 Fungi Beasts","floor":13.0,"turns":2.0},{"damage":25.0,"enemies":"Slime Boss","floor":16.0,"turns":9.0},{"damage":15.0,"enemies":"Chosen","floor":18.0,"turns":5.0},{"damage":16.0,"enemies":"2 Thieves","floor":20.0,"turns":4.0},{"damage":12.0,"enemies":"Snecko","floor":21.0,"turns":6.0},{"damage":36.0,"enemies":"Snake Plant","floor":24.0,"turns":5.0},{"damage":15.0,"enemies":"conspire:HollyBat","floor":28.0,"turns":11.0},{"damage":0.0,"enemies":"Book of Stabbing","floor":29.0,"turns":1.0},{"damage":0.0,"enemies":"Cultist and Chosen","floor":30.0,"turns":4.0},{"damage":81,"enemies":"conspire:MysteriousRune","floor":33,"turns":17},{"damage":11,"enemies":"Orb Walker","floor":35,"turns":4},{"damage":26,"enemies":"infinitespire:Three Voidlings","floor":38,"turns":2},{"damage":71,"enemies":"Nightmare_Alpha","floor":38,"turns":10}],"seed_played":"-7968066262485300805","potions_obtained":[{"floor":1.0,"key":"Explosive Potion"},{"floor":2.0,"key":"Swift Potion"},{"floor":10.0,"key":"SteroidPotion"},{"floor":13.0,"key":"infinitespire:BlackPotion"},{"floor":16.0,"key":"SteroidPotion"},{"floor":33,"key":"Adrenaline Potion"},{"floor":35,"key":"DuplicationPotion"}],"is_trial":false,"path_per_floor":["M","M","M","?","$","E","M","?","T","M","M","M","M","?","R","B",null,"M","$","M","M","?","R","M","AVR","T","R","M","E","M","?","R","B",null,"M","?","?","?"],"character_chosen":"THE_CURSED","items_purchased":["Strawberry"],"campfire_rested":2,"item_purchase_floors":[5],"current_hp_per_floor":[75,75,75,75,82,49,46,82,82,82,80,80,80,80,80,60,87,72,72,56,44,44,70,34,34,34,75,60,60,60,60,60,4,87,76,76,87,0,0],"gold":905,"neow_bonus":"THREE_ENEMY_KILL","is_daily":false,"chose_seed":false,"campfire_upgraded":1,"win_rate":0.0,"timestamp":1609552388,"path_taken":["M","M","M","?","$","E","M","?","T","M","?","M","M","?","R","BOSS","M","$","M","M","?","R","M","AVR","T","R","M","E","?","?","R","BOSS","M","?","?","?"],"items_purchased_type":["Relic"],"build_version":"2020-12-22","purchased_purges":3,"victory":false,"max_hp_per_floor":[75,75,75,75,82,82,82,82,82,82,82,82,82,82,82,82,87,87,87,87,87,87,87,87,87,87,87,87,87,87,87,87,87,87,87,87,87,87,87],"relic_stats":{"Regal Pillow":15,"counters":[21,100],"obtain_stats":[{"TheCursedMod:BlackMagic101":0,"Replay:Accelerometer":26,"REME_DemonsWealth":25,"Regal Pillow":25,"Tiny House":17,"NeowsBlessing":0,"Strawberry":5,"REME_ChargedStone":34,"infinitespire:Beetle Shell":29,"infinitespire:Lucky Rock":22,"Toy Ornithopter":6,"REME_ComplimentaryCards":0},{"TheCursedMod:BlackMagic101":0,"Replay:Accelerometer":14,"REME_DemonsWealth":14,"Regal Pillow":14,"Tiny House":10,"NeowsBlessing":0,"Strawberry":3,"REME_ChargedStone":18,"infinitespire:Beetle Shell":16,"infinitespire:Lucky Rock":13,"Toy Ornithopter":4,"REME_ComplimentaryCards":0},{"TheCursedMod:BlackMagic101":0,"Replay:Accelerometer":51,"REME_DemonsWealth":51,"Regal Pillow":51,"Tiny House":31,"NeowsBlessing":0,"Strawberry":3,"REME_ChargedStone":84,"infinitespire:Beetle Shell":63,"infinitespire:Lucky Rock":46,"Toy Ornithopter":9,"REME_ComplimentaryCards":0}],"Toy Ornithopter":30},"card_choices":[{"not_picked":["TheCursedMod:VitalStrike","TheCursedMod:TacticalStrike"],"picked":"TheCursedMod:SmokeScreen","floor":1.0},{"not_picked":["TheCursedMod:CircleOfAmplification","TheCursedMod:CursedSpellbook"],"picked":"TheCursedMod:EmpowerCircles","floor":2.0},{"not_picked":["TheCursedMod:CursedBoomerang","TheCursedMod:CursedMace"],"picked":"TheCursedMod:CircleOfCorruption","floor":3.0},{"not_picked":["TheCursedMod:BlessingInDisguise","TheCursedMod:ParallelWorld"],"picked":"TheCursedMod:AbyssShockwave","floor":6.0},{"not_picked":["TheCursedMod:Stretching","TheCursedMod:SpreadPlague"],"picked":"TheCursedMod:SpitefulPray","floor":7.0},{"not_picked":["TheCursedMod:SpreadPlague","TheCursedMod:SurpriseAttack"],"picked":"TheCursedMod:CursedAmulet","floor":10.0},{"not_picked":["TheCursedMod:SurpriseAttack","TheCursedMod:TacticalStrike"],"picked":"TheCursedMod:CircleOfAbyss","floor":11.0},{"not_picked":["TheCursedMod:ReleasedKnowledge","TheCursedMod:Torture"],"picked":"TheCursedMod:CursedBlade","floor":12.0},{"not_picked":["TheCursedMod:Torture","TheCursedMod:ManaBullet"],"picked":"TheCursedMod:CircleOfFlame","floor":13.0},{"not_picked":["TheCursedMod:CircleOfAbyss","TheCursedMod:OutForBlood"],"picked":"TheCursedMod:DarkBarrier","floor":16.0},{"not_picked":["TheCursedMod:RapidMovement","TheCursedMod:Torture"],"picked":"TheCursedMod:CursedStaff","floor":17.0},{"not_picked":["TheCursedMod:CursedMace","TheCursedMod:CursedBlade"],"picked":"TheCursedMod:Obscuration","floor":18.0},{"not_picked":["TheCursedMod:LuckyCharm","TheCursedMod:CursedAmulet+1"],"picked":"TheCursedMod:FleshFromBone+1","floor":20.0},{"not_picked":["TheCursedMod:FleshFromBone","TheCursedMod:Wield"],"picked":"TheCursedMod:AbyssShockwave","floor":21.0},{"not_picked":["TheCursedMod:Obscuration","TheCursedMod:FleshFromBone"],"picked":"TheCursedMod:CursedBlade","floor":22.0},{"not_picked":["TheCursedMod:Neurasthenia","TheCursedMod:FleshFromBone"],"picked":"TheCursedMod:RapidMovement","floor":22.0},{"not_picked":["TheCursedMod:CursedMace","TheCursedMod:CircleOfFlame"],"picked":"TheCursedMod:WearCloak","floor":24.0},{"not_picked":["TheCursedMod:AbyssShockwave","TheCursedMod:EmpowerCircles","Parasite"],"picked":"TheCursedMod:Evocation","floor":28.0},{"not_picked":["TheCursedMod:RapidMovement","TheCursedMod:CursedBlade","infinitespire:Pacifist"],"picked":"TheCursedMod:StunningStrike","floor":29.0},{"not_picked":["TheCursedMod:FleshFromBone","TheCursedMod:VitalStrike","Parasite"],"picked":"TheCursedMod:TacticalStrike","floor":30.0},{"not_picked":["TheCursedMod:ShockAndAwe","TheCursedMod:NeowsMight","ReplayTheSpireMod:IOU"],"picked":"TheCursedMod:CollectTribute","floor":33},{"not_picked":["TheCursedMod:Stigma","TheCursedMod:SmokeScreen+1","TheCursedMod:Dregs"],"picked":"TheCursedMod:CursedStaff","floor":35}],"player_experience":1497883,"relics_obtained":[{"floor":6.0,"key":"Toy Ornithopter"},{"floor":22.0,"key":"infinitespire:Lucky Rock"},{"floor":26.0,"key":"Replay:Accelerometer"},{"floor":29.0,"key":"infinitespire:Beetle Shell"}],"event_choices":[{"damage_healed":0.0,"max_hp_gain":0.0,"max_hp_loss":0.0,"gold_gain":175.0,"event_name":"Liars Game","player_choice":"AGREE","floor":4.0,"gold_loss":0.0,"damage_taken":0.0,"cards_obtained":["Doubt"]},{"cards_removed":["TheCursedMod:EmpowerCircles"],"damage_healed":36.0,"max_hp_gain":0.0,"max_hp_loss":0.0,"gold_gain":0.0,"event_name":"Bonfire Elementals","player_choice":"Offered Uncommon","floor":8.0,"gold_loss":0.0,"damage_taken":0.0},{"damage_healed":0.0,"max_hp_gain":0.0,"max_hp_loss":0.0,"gold_gain":0.0,"event_name":"Living Wall","player_choice":"Grow","floor":14.0,"gold_loss":0.0,"damage_taken":0.0,"cards_upgraded":["TheCursedMod:AbyssShockwave"]},{"damage_healed":0.0,"max_hp_gain":0.0,"max_hp_loss":0.0,"gold_gain":99.0,"event_name":"Nest","player_choice":"Stole From Cult","floor":31.0,"gold_loss":0.0,"damage_taken":0.0},{"damage_healed":0,"gold_gain":0,"player_choice":"Leave","damage_taken":0,"max_hp_gain":0,"max_hp_loss":0,"event_name":"conspire:Investor","floor":36,"gold_loss":0},{"damage_healed":22,"gold_gain":0,"player_choice":"Writhe","damage_taken":0,"max_hp_gain":0,"max_hp_loss":0,"event_name":"Winding Halls","floor":37,"gold_loss":0,"cards_obtained":["Writhe"]}],"is_beta":false,"boss_relics":[{"not_picked":["Snecko Heart","conspire:SeveredTorchhead"],"picked":"Tiny House"},{"not_picked":["infinitespire:Cupcake","Replay:Drink Me"],"picked":"REME_ChargedStone"}],"items_purged_floors":[5,19,25],"is_endless":false,"potions_floor_spawned":[1,2,10,13,16,20,24,28,29,33,35,38],"killed_by":"Nightmare_Alpha","ascension_level":0}}