{"host":"uxq2rly8rxtwffuf","time":1609573378,"event":{"mods":["BaseMod","Koishi","Minty Spire (QoL Compilation)","StSLib","The Judge","The Servant 0.9.4"],"gold_per_floor":[113,38,113,126,126,155,155,185,185,185,205,60,70,70,70,169,169,169,185,205,10,20,20,39,52,52,79,79,79,79,95,95,192,192,211,65,75,123,23,54,0,0,0],"floor_reached":42,"playtime":1777,"items_purged":["Defend_R","Reckless Charge"],"score":726,"play_id":"3a87bbb1-8e09-42b3-8385-6517b1c8c365","local_time":"20210102104258","is_ascension_mode":true,"campfire_choices":[{"floor":7,"key":"REST"},{"data":"Searing Blow","floor":15,"key":"SMITH"},{"floor":23,"key":"REST"},{"floor":32,"key":"RECALL"}],"circlet_count":0,"master_deck":["Bash","Searing Blow+1","Berserk","Seeing Red+1","Sentinel+1","Carnage","Inflame","Swift Strike","Limit Break+1","Bludgeon","Flame Barrier+1","Pummel","Ghostly Armor+1","Combust","Sever Soul","Second Wind+1","Havoc+1","Whirlwind","Violence+1","Cleave+1","Sword Boomerang+1","Writhe","Demon Form+1","Reaper","Twin Strike+1","Infernal Blade+1","Blood for Blood+1","Impervious+1"],"relics":["Burning Blood","Akabeko","Lizard Tail","Toxic Egg 2","Sundial","Lee\u0027s Waffle","Pandora\u0027s Box","Eternal Feather","Frozen Egg 2","Ornamental Fan","SacredBark","Anchor","Du-Vu Doll","Nunchaku","Red Mask"],"acts_visited":["Exordium","TheCity","TheBeyond"],"potions_floor_usage":[13,16,18,18,25,27,30,37,38,38,38,40],"damage_taken":[{"damage":3,"enemies":"2 Louse","floor":1,"turns":3},{"damage":14,"enemies":"Jaw Worm","floor":4,"turns":3},{"damage":20,"enemies":"Gremlin Nob","floor":6,"turns":4},{"damage":50,"enemies":"3 Sentries","floor":8,"turns":10},{"damage":0,"enemies":"Small Slimes","floor":11,"turns":2},{"damage":52,"enemies":"Gremlin Gang","floor":13,"turns":5},{"damage":51,"enemies":"Hexaghost","floor":16,"turns":8},{"damage":0,"enemies":"3 Byrds","floor":18,"turns":2},{"damage":35,"enemies":"Shell Parasite","floor":19,"turns":4},{"damage":18,"enemies":"Snecko","floor":20,"turns":4},{"damage":15,"enemies":"3 Cultists","floor":22,"turns":3},{"damage":14,"enemies":"Centurion and Healer","floor":24,"turns":2},{"damage":17,"enemies":"Snake Plant","floor":25,"turns":2},{"damage":10,"enemies":"Book of Stabbing","floor":27,"turns":3},{"damage":11,"enemies":"Slavers","floor":30,"turns":2},{"damage":26,"enemies":"Snecko","floor":31,"turns":5},{"damage":40,"enemies":"Champ","floor":33,"turns":7},{"damage":43,"enemies":"3 Darklings","floor":35,"turns":4},{"damage":2,"enemies":"3 Shapes","floor":37,"turns":2},{"damage":74,"enemies":"2 Orb Walkers","floor":38,"turns":5},{"damage":0,"enemies":"Reptomancer","floor":40,"turns":3},{"damage":53,"enemies":"Sphere and 2 Shapes","floor":42,"turns":3}],"seed_played":"-7521211128416603094","potions_obtained":[{"floor":6,"key":"BloodPotion"},{"floor":8,"key":"Fire Potion"},{"floor":11,"key":"SmokeBomb"},{"floor":16,"key":"FearPotion"},{"floor":22,"key":"ColorlessPotion"},{"floor":24,"key":"SmokeBomb"},{"floor":25,"key":"SneckoOil"},{"floor":27,"key":"LiquidBronze"},{"floor":31,"key":"Energy Potion"},{"floor":35,"key":"EntropicBrew"},{"floor":38,"key":"Dexterity Potion"}],"is_trial":false,"path_per_floor":["M","$","?","M","?","E","R","E","T","?","M","$","M","?","R","B",null,"M","M","M","$","M","R","M","M","T","E","?","$","E","M","R","B",null,"M","$","M","?","$","E","?","M"],"character_chosen":"IRONCLAD","items_purchased":["Lee\u0027s Waffle","Violence+1","Anchor"],"campfire_rested":2,"item_purchase_floors":[12,21,36],"current_hp_per_floor":[75,75,64,56,56,42,66,22,22,22,28,87,41,41,41,13,69,75,46,34,34,25,51,43,32,32,28,28,28,23,49,61,27,72,51,51,67,38,38,44,44,0,0],"gold":0,"neow_bonus":"RANDOM_COMMON_RELIC","is_daily":false,"chose_seed":false,"campfire_upgraded":1,"win_rate":0.0,"timestamp":1609573378,"path_taken":["M","$","?","M","?","E","R","E","T","?","M","$","M","?","R","BOSS","M","?","M","$","M","R","M","?","T","E","?","?","E","M","R","BOSS","M","$","M","?","$","E","?","M"],"items_purchased_type":["Relic","Card","Relic"],"build_version":"2020-12-22","purchased_purges":2,"victory":false,"max_hp_per_floor":[80,80,80,80,80,80,80,80,80,80,80,87,87,87,87,87,87,87,87,87,87,87,87,87,87,87,87,87,87,87,87,87,87,87,87,87,87,87,87,87,87,87,87],"card_choices":[{"not_picked":["Armaments","True Grit","Iron Wave"],"picked":"SKIP","floor":1},{"not_picked":["Iron Wave","Sentinel"],"picked":"Searing Blow","floor":4},{"not_picked":["Pommel Strike","Thunderclap"],"picked":"Berserk","floor":6},{"not_picked":["Combust","Havoc+1"],"picked":"Seeing Red+1","floor":8},{"not_picked":["Heavy Blade","Pommel Strike"],"picked":"Sentinel+1","floor":11},{"not_picked":["Iron Wave","Hemokinesis"],"picked":"Carnage","floor":13},{"not_picked":["Exhume+1","Brutality"],"picked":"Bludgeon","floor":16},{"not_picked":["Entrench+1","Shrug It Off+1"],"picked":"Havoc+1","floor":19},{"not_picked":["Ghostly Armor+1","Hemokinesis"],"picked":"Whirlwind","floor":20},{"not_picked":["Sentinel+1","Power Through+1","Entrench+1"],"picked":"SKIP","floor":22},{"not_picked":["Disarm+1","Dropkick"],"picked":"Cleave+1","floor":24},{"not_picked":["Cleave","Thunderclap","Armaments+1"],"picked":"SKIP","floor":25},{"not_picked":["Searing Blow","Flex+1"],"picked":"Sword Boomerang+1","floor":27},{"not_picked":["Blood for Blood+1","Wild Strike"],"picked":"Demon Form+1","floor":31},{"not_picked":["Barricade+1","Offering+1"],"picked":"Reaper","floor":33},{"not_picked":["Shrug It Off+1","Iron Wave"],"picked":"Twin Strike+1","floor":35},{"not_picked":["True Grit+1","Anger"],"picked":"Infernal Blade+1","floor":37},{"not_picked":["Headbutt+1","Barricade+1"],"picked":"Blood for Blood+1","floor":38},{"not_picked":["Flex+1","Thunderclap"],"picked":"Impervious+1","floor":40}],"player_experience":1373033,"relics_obtained":[{"floor":6,"key":"Lizard Tail"},{"floor":8,"key":"Toxic Egg 2"},{"floor":9,"key":"Sundial"},{"floor":26,"key":"Eternal Feather"},{"floor":27,"key":"Frozen Egg 2"},{"floor":38,"key":"Du-Vu Doll"},{"floor":40,"key":"Nunchaku"}],"event_choices":[{"damage_healed":0,"gold_gain":75,"player_choice":"Gather Gold","damage_taken":11,"max_hp_gain":0,"max_hp_loss":0,"event_name":"World of Goop","floor":3,"gold_loss":0},{"cards_removed":["Strike_R"],"damage_healed":0,"gold_gain":0,"player_choice":"Forget","damage_taken":0,"max_hp_gain":0,"max_hp_loss":0,"event_name":"Living Wall","floor":5,"gold_loss":0},{"damage_healed":0,"gold_gain":0,"player_choice":"Ignored","damage_taken":0,"max_hp_gain":0,"max_hp_loss":0,"event_name":"Liars Game","floor":10,"gold_loss":0},{"damage_healed":0,"gold_gain":0,"player_choice":"3 cards matched","damage_taken":0,"max_hp_gain":0,"max_hp_loss":0,"event_name":"Match and Keep!","floor":14,"gold_loss":0,"cards_obtained":["Inflame","Swift Strike","Limit Break"]},{"damage_healed":0,"gold_gain":0,"player_choice":"Opened","damage_taken":0,"relics_obtained":["Ornamental Fan"],"max_hp_gain":0,"max_hp_loss":0,"event_name":"The Mausoleum","floor":28,"gold_loss":0,"cards_obtained":["Writhe"]},{"damage_healed":0,"gold_gain":0,"player_choice":"Fight","damage_taken":0,"max_hp_gain":0,"max_hp_loss":0,"event_name":"Mysterious Sphere","floor":38,"gold_loss":0},{"damage_healed":0,"gold_gain":0,"player_choice":"Paid","damage_taken":0,"relics_obtained":["Red Mask"],"max_hp_gain":0,"max_hp_loss":0,"event_name":"Tomb of Lord Red Mask","floor":41,"gold_loss":54}],"is_beta":false,"boss_relics":[{"not_picked":["Ectoplasm","Sozu"],"picked":"Pandora\u0027s Box"},{"not_picked":["Runic Cube","Philosopher\u0027s Stone"],"picked":"SacredBark"}],"items_purged_floors":[2,39],"is_endless":false,"potions_floor_spawned":[6,8,11,16,22,24,25,27,31,35,38],"killed_by":"Sphere and 2 Shapes","ascension_level":9}}