{"host":"ky7z67tg8zpdk0g7","time":1609558638,"event":{"mods":["BaseMod","Better Third Choice","CapriCore","Displayed Cursed Tome","Energized Spire","Halation","Hubris","Minty Spire (QoL Compilation)","Replay The Spire","Shop Mod","StSLib"],"gold_per_floor":[113,133,58,74,86,86,120,20,20,20,20,20],"floor_reached":11,"playtime":441,"items_purged":["Voices","Strike_P"],"score":84,"play_id":"d502b615-ff55-4c86-a405-14979e503417","local_time":"20210102103718","is_ascension_mode":true,"campfire_choices":[{"data":"hubris:EnhanceAbility","floor":6.0,"key":"SMITH"}],"circlet_count":0,"master_deck":["Strike_P","Strike_P","Strike_P","Defend_P","Defend_P","Defend_P","Defend_P","Eruption","Vigilance","hubris:EnhanceAbility+1","SandsOfTime","PathToVictory","PathToVictory","PathToVictory","Evaluate","Apotheosis+1"],"relics":["PureWater","Question Card"],"acts_visited":["Exordium"],"potions_floor_usage":[],"damage_taken":[{"damage":22.0,"enemies":"Cultist","floor":1.0,"turns":5.0},{"damage":15.0,"enemies":"Jaw Worm","floor":2.0,"turns":4.0},{"damage":0.0,"enemies":"Small Slimes","floor":4.0,"turns":2.0},{"damage":7.0,"enemies":"2 Fungi Beasts","floor":5.0,"turns":3.0},{"damage":24.0,"enemies":"3 Sentries","floor":7.0,"turns":7.0},{"damage":9,"enemies":"Gremlin Nob","floor":11,"turns":3}],"seed_played":"4454811282400408298","potions_obtained":[{"floor":1.0,"key":"EntropicBrew"},{"floor":7.0,"key":"Fruit Juice"}],"is_trial":false,"path_per_floor":["M","M","$","M","M","R","E","$","T","?","E"],"character_chosen":"WATCHER","items_purchased":[],"campfire_rested":0,"item_purchase_floors":[],"current_hp_per_floor":[50,35,35,35,28,28,9,9,9,9,0,0],"gold":20,"neow_bonus":"RANDOM_COLORLESS_2","is_daily":false,"chose_seed":false,"campfire_upgraded":1,"win_rate":0.0,"timestamp":1609558638,"path_taken":["M","M","$","M","?","R","E","$","T","?","E"],"items_purchased_type":[],"build_version":"2020-12-22","purchased_purges":2,"victory":false,"max_hp_per_floor":[72,72,72,72,72,72,77,77,77,77,77,77],"card_choices":[{"not_picked":["Secret Technique","The Bomb"],"picked":"hubris:EnhanceAbility","floor":0.0},{"not_picked":["Protect","EmptyBody"],"picked":"SandsOfTime","floor":1.0},{"not_picked":["CrushJoints","Replay:ManipulateFuture"],"picked":"PathToVictory","floor":2.0},{"not_picked":["SashWhip","Scrawl"],"picked":"PathToVictory","floor":4.0},{"not_picked":["SashWhip","Halt"],"picked":"PathToVictory","floor":5.0},{"not_picked":["Replay:ManipulateFuture","FlyingSleeves"],"picked":"Evaluate","floor":7.0}],"player_experience":63564,"relics_obtained":[{"floor":7.0,"key":"Dream Catcher"},{"floor":9.0,"key":"Question Card"}],"event_choices":[{"damage_healed":9.0,"max_hp_gain":0.0,"max_hp_loss":77.0,"gold_gain":0.0,"event_name":"betterThird:BetterShining","player_choice":"Protect","floor":10.0,"gold_loss":1.0,"damage_taken":0.0}],"is_beta":false,"boss_relics":[],"items_purged_floors":[3,8],"is_endless":false,"potions_floor_spawned":[1,5,7],"killed_by":"Gremlin Nob","ascension_level":3}}