{"host":"mruvby243fwgm3bp","time":1609553144,"event":{"mods":["AchievementEnabler","BaseMod","Colored Map","Colored Powertips","Minty Spire (QoL Compilation)","Permanent Neow","Random Character Button","StSLib"],"gold_per_floor":[18,33,50,50,67,67,94,94,144,156,170,26,38,8,8,105,105,117,187,187,102,114,114,114,114],"floor_reached":24,"playtime":926,"items_purged":[],"score":257,"play_id":"a3f6cf43-c2fb-4347-9c4b-4ec1c5b50536","local_time":"20210101180544","is_ascension_mode":true,"campfire_choices":[{"data":"Chaos","floor":6,"key":"SMITH"},{"data":"Zap","floor":8,"key":"SMITH"},{"data":"Chaos","floor":15,"key":"SMITH"},{"data":"Electrodynamics","floor":23,"key":"SMITH"}],"circlet_count":0,"master_deck":["Strike_B","Strike_B","Strike_B","Defend_B","Defend_B","Defend_B","Zap+1","Dualcast","Amplify","Biased Cognition","Chaos+1","Self Repair","Darkness","Conserve Battery","Coolheaded","Capacitor","Buffer","Chaos+1","Thunder Strike","Electrodynamics+1","Double Energy","Storm","Coolheaded"],"relics":["Cracked Core","Pantograph","Black Star","Bottled Tornado","Dream Catcher"],"acts_visited":["Exordium","TheCity"],"potions_floor_usage":[7,10,16,16],"damage_taken":[{"damage":0,"enemies":"Cultist","floor":1,"turns":2},{"damage":17,"enemies":"2 Louse","floor":2,"turns":3},{"damage":8,"enemies":"Small Slimes","floor":3,"turns":3},{"damage":16,"enemies":"Blue Slaver","floor":5,"turns":3},{"damage":9,"enemies":"Lagavulin","floor":7,"turns":5},{"damage":6,"enemies":"Looter","floor":10,"turns":2},{"damage":2,"enemies":"Exordium Wildlife","floor":11,"turns":3},{"damage":5,"enemies":"2 Fungi Beasts","floor":13,"turns":3},{"damage":1,"enemies":"Looter","floor":14,"turns":4},{"damage":29,"enemies":"The Guardian","floor":16,"turns":9},{"damage":9,"enemies":"Shell Parasite","floor":18,"turns":7},{"damage":22,"enemies":"2 Thieves","floor":22,"turns":2},{"damage":48,"enemies":"Gremlin Leader","floor":24,"turns":5}],"seed_played":"-7699307244013378812","potions_obtained":[{"floor":3,"key":"Fire Potion"},{"floor":5,"key":"DistilledChaos"},{"floor":11,"key":"Weak Potion"},{"floor":13,"key":"FocusPotion"},{"floor":16,"key":"EssenceOfSteel"}],"is_trial":false,"path_per_floor":["M","M","M","$","M","R","E","R","T","M","M","$","M","M","R","B",null,"M","T","?","?","M","R","E"],"character_chosen":"DEFECT","items_purchased":["Buffer"],"campfire_rested":0,"item_purchase_floors":[12],"current_hp_per_floor":[68,51,50,50,41,41,39,39,39,47,52,52,54,60,60,53,70,61,61,61,61,46,46,0,0],"gold":114,"neow_bonus":"TRANSFORM_TWO_CARDS","is_daily":false,"chose_seed":false,"campfire_upgraded":4,"win_rate":0.0,"timestamp":1609553144,"path_taken":["M","M","M","$","M","R","E","R","T","M","M","?","?","M","R","BOSS","M","?","?","?","M","R","E"],"items_purchased_type":["Card"],"build_version":"2020-12-22","purchased_purges":0,"victory":false,"max_hp_per_floor":[75,75,75,75,75,75,75,75,75,75,75,75,75,75,75,75,75,75,75,75,75,75,75,75,75],"card_choices":[{"not_picked":["Leap","Capacitor"],"picked":"Chaos","floor":1},{"not_picked":["Conserve Battery","Beam Cell"],"picked":"Self Repair","floor":2},{"not_picked":["Beam Cell","Cold Snap"],"picked":"Darkness","floor":3},{"not_picked":["Aggregate","Blizzard"],"picked":"Conserve Battery","floor":5},{"not_picked":["Barrage","Gash"],"picked":"Coolheaded","floor":7},{"not_picked":["Go for the Eyes","Beam Cell"],"picked":"Capacitor","floor":10},{"not_picked":["Hologram","Streamline","Tempest"],"picked":"SKIP","floor":11},{"not_picked":["Reinforced Body","Go for the Eyes"],"picked":"Chaos","floor":13},{"not_picked":["Go for the Eyes","Compile Driver"],"picked":"Thunder Strike","floor":14},{"not_picked":["Amplify","Multi-Cast"],"picked":"Electrodynamics","floor":16},{"not_picked":["Genetic Algorithm","Redo"],"picked":"Double Energy","floor":18},{"not_picked":["Undo","Streamline"],"picked":"Coolheaded","floor":22}],"player_experience":345703,"relics_obtained":[{"floor":7,"key":"Pantograph"},{"floor":19,"key":"Bottled Tornado"}],"event_choices":[{"damage_healed":0,"gold_gain":0,"player_choice":"Read","damage_taken":0,"max_hp_gain":0,"max_hp_loss":0,"event_name":"The Library","floor":20,"gold_loss":0,"cards_obtained":["Storm"]},{"damage_healed":0,"gold_gain":0,"player_choice":"Obtained Relic","damage_taken":0,"relics_obtained":["Dream Catcher"],"max_hp_gain":0,"max_hp_loss":0,"event_name":"Addict","floor":21,"gold_loss":85}],"is_beta":false,"boss_relics":[{"not_picked":["Cursed Key","Ectoplasm"],"picked":"Black Star"}],"items_purged_floors":[],"is_endless":false,"potions_floor_spawned":[3,5,11,13,16],"killed_by":"Gremlin Leader","ascension_level":6}}