{"host":"Bilverbakes","time":1609546717,"event":{"mods":["2.2 Compatiblity","AchievementEnabler","BaseMod","Bestiary","Colored Map","Minty Spire (QoL Compilation)","Relic Stats","StSLib","ojb\u0027s Info Mod"],"gold_per_floor":[366,385,397,547,256,294,311,335,362,398,398,424,436,92,92,92,92],"floor_reached":16,"playtime":810,"items_purged":["Strike_G","Doubt"],"score":271,"play_id":"f2dca384-9788-4622-b902-1915f4584696","local_time":"20210101181837","is_ascension_mode":true,"campfire_choices":[{"floor":11.0,"key":"REST"},{"floor":15.0,"key":"REST"}],"circlet_count":0,"master_deck":["AscendersBane","Strike_G","Strike_G","Strike_G","Strike_G","Defend_G","Defend_G","Defend_G","Defend_G","Defend_G","Survivor","Neutralize","Blade Dance","Dagger Spray","Deadly Poison","Wraith Form v2","Leg Sweep","Poisoned Stab","Leg Sweep","Crippling Poison","Noxious Fumes"],"relics":["Ring of the Snake","CeramicFish","Snake Skull","PreservedInsect","Toolbox"],"acts_visited":["Exordium"],"potions_floor_usage":[],"damage_taken":[{"damage":4.0,"enemies":"Cultist","floor":1.0,"turns":5.0},{"damage":0.0,"enemies":"Jaw Worm","floor":2.0,"turns":5.0},{"damage":4.0,"enemies":"Small Slimes","floor":3.0,"turns":5.0},{"damage":22.0,"enemies":"3 Sentries","floor":6.0,"turns":12.0},{"damage":1.0,"enemies":"Blue Slaver","floor":7.0,"turns":5.0},{"damage":10.0,"enemies":"Red Slaver","floor":8.0,"turns":5.0},{"damage":0.0,"enemies":"Gremlin Nob","floor":10.0,"turns":3.0},{"damage":4.0,"enemies":"2 Fungi Beasts","floor":12.0,"turns":3.0},{"damage":23.0,"enemies":"Exordium Wildlife","floor":13.0,"turns":7.0},{"damage":0,"enemies":"The Guardian","floor":16,"turns":2}],"seed_played":"869179654724423266","potions_obtained":[{"floor":3.0,"key":"BlessingOfTheForge"},{"floor":6.0,"key":"ColorlessPotion"},{"floor":7.0,"key":"Fire Potion"},{"floor":12.0,"key":"LiquidBronze"}],"is_trial":false,"path_per_floor":["M","M","M","?","$","E","M","M","T","E","R","M","M","$","R","B"],"character_chosen":"THE_SILENT","items_purchased":["Wraith Form v2","Poison Potion","Toolbox","Noxious Fumes"],"campfire_rested":2,"item_purchase_floors":[5,5,14,14],"current_hp_per_floor":[55,55,51,51,51,29,28,18,18,18,36,32,9,9,27,27,27],"gold":92,"neow_bonus":"TWO_FIFTY_GOLD","is_daily":false,"chose_seed":false,"campfire_upgraded":0,"win_rate":0.0,"timestamp":1609546717,"path_taken":["M","M","M","?","$","E","M","M","T","E","R","M","M","$","R","BOSS"],"items_purchased_type":["Card","Potion","Relic","Card"],"build_version":"2020-12-18","purchased_purges":2,"victory":false,"max_hp_per_floor":[60,60,60,60,60,60,60,60,60,60,60,60,60,60,60,60,60],"relic_stats":{"counters":[10,52],"CeramicFish":45,"Snake Skull":[12],"PreservedInsect":0,"obtain_stats":[{"CeramicFish":6,"Toolbox":14,"Snake Skull":9,"PreservedInsect":10,"Ring of the Snake":0},{"CeramicFish":4,"Toolbox":9,"Snake Skull":6,"PreservedInsect":7,"Ring of the Snake":0},{"CeramicFish":27,"Toolbox":50,"Snake Skull":37,"PreservedInsect":40,"Ring of the Snake":0}],"Ring of the Snake":[20]},"card_choices":[{"not_picked":["Cloak And Dagger","Terror"],"picked":"Blade Dance","floor":1.0},{"not_picked":["Backflip","Deadly Poison"],"picked":"Dagger Spray","floor":2.0},{"not_picked":["Choke","Well Laid Plans"],"picked":"Deadly Poison","floor":3.0},{"not_picked":["Escape Plan","Flying Knee"],"picked":"Leg Sweep","floor":6.0},{"not_picked":["Riddle With Holes","Bane","Dagger Spray"],"picked":"SKIP","floor":7.0},{"not_picked":["All Out Attack","Bane"],"picked":"Poisoned Stab","floor":8.0},{"not_picked":["Sucker Punch","Deflect"],"picked":"Leg Sweep","floor":10.0},{"not_picked":["Cloak And Dagger","Setup"],"picked":"Crippling Poison","floor":12.0},{"not_picked":["Dagger Throw","Deflect","Unload"],"picked":"SKIP","floor":13.0}],"player_experience":516435,"relics_obtained":[{"floor":6.0,"key":"CeramicFish"},{"floor":9.0,"key":"Snake Skull"},{"floor":10.0,"key":"PreservedInsect"}],"event_choices":[{"damage_healed":0.0,"max_hp_gain":0.0,"max_hp_loss":0.0,"gold_gain":150.0,"event_name":"Liars Game","player_choice":"AGREE","floor":4.0,"gold_loss":0.0,"damage_taken":0.0,"cards_obtained":["Doubt"]}],"is_beta":true,"boss_relics":[],"items_purged_floors":[5,14],"is_endless":false,"potions_floor_spawned":[3,6,7,8,12],"killed_by":"The Guardian","ascension_level":19}}