{"host":"51f0ad793vly1w6u","time":1609588368,"event":{"mods":["BaseMod","Colored Map","DeckTracker","Minty Spire (QoL Compilation)","StSLib","SuperFastMode"],"gold_per_floor":[114,124,124,142,153,153,1,1,27,27,56,56,56,67,67,145,145,157,157,170,95,7,36,36,36,36,36,46,58,58,89,89,163,163,183,195,212,227,227,227,255,255,307,318,318,318],"floor_reached":45,"playtime":807,"items_purged":["Strike_G"],"score":1066,"play_id":"6a6371bc-7b26-466b-a846-1cad82fe6d0f","local_time":"20210102205248","is_ascension_mode":true,"campfire_choices":[{"data":"Phantasmal Killer","floor":6.0,"key":"SMITH"},{"data":"Cloak And Dagger","floor":10.0,"key":"SMITH"},{"floor":13.0,"key":"REST"},{"data":"Accuracy","floor":15.0,"key":"SMITH"},{"data":"Terror","floor":24.0,"key":"SMITH"},{"data":"After Image","floor":27.0,"key":"SMITH"},{"data":"Tactician","floor":30,"key":"SMITH"},{"floor":32,"key":"REST"},{"floor":40,"key":"REST"},{"floor":42,"key":"REST"}],"circlet_count":0,"master_deck":["AscendersBane","Survivor","Neutralize","Phantasmal Killer+1","Leg Sweep","Dagger Spray+1","Cloak And Dagger+1","Accuracy","Accuracy+1","Dodge and Roll","Storm of Steel","Masterful Stab","Blur","After Image+1","Tactician+1","Eviscerate","Acrobatics","Terror+1","Cloak And Dagger+1","Storm of Steel","Cloak And Dagger+1","Infinite Blades","Well Laid Plans","Apotheosis","Parasite"],"relics":["Ring of the Serpent","Whetstone","Lantern","Pandora\u0027s Box","Art of War","Bottled Flame","Juzu Bracelet","Bottled Lightning","Potion Belt"],"acts_visited":["Exordium","TheCity","TheBeyond"],"potions_floor_usage":[29,33,37,41],"damage_taken":[{"damage":0.0,"enemies":"Small Slimes","floor":1.0,"turns":3.0},{"damage":1.0,"enemies":"2 Louse","floor":2.0,"turns":3.0},{"damage":6.0,"enemies":"Cultist","floor":4.0,"turns":3.0},{"damage":18.0,"enemies":"Large Slime","floor":5.0,"turns":8.0},{"damage":11.0,"enemies":"Gremlin Nob","floor":11.0,"turns":4.0},{"damage":1.0,"enemies":"3 Louse","floor":14.0,"turns":2.0},{"damage":0.0,"enemies":"Slime Boss","floor":16.0,"turns":2.0},{"damage":8.0,"enemies":"2 Thieves","floor":18.0,"turns":2.0},{"damage":0.0,"enemies":"Chosen","floor":20.0,"turns":3.0},{"damage":8.0,"enemies":"Book of Stabbing","floor":23.0,"turns":3.0},{"damage":0.0,"enemies":"Centurion and Healer","floor":28.0,"turns":5.0},{"damage":23,"enemies":"Chosen and Byrds","floor":29,"turns":5},{"damage":20,"enemies":"Gremlin Leader","floor":31,"turns":5},{"damage":8,"enemies":"Champ","floor":33,"turns":6},{"damage":0,"enemies":"Orb Walker","floor":35,"turns":3},{"damage":18,"enemies":"3 Shapes","floor":36,"turns":3},{"damage":6,"enemies":"3 Darklings","floor":37,"turns":5},{"damage":15,"enemies":"Jaw Worm Horde","floor":38,"turns":3},{"damage":49,"enemies":"Nemesis","floor":41,"turns":5},{"damage":18,"enemies":"Writhing Mass","floor":44,"turns":4},{"damage":8,"enemies":"Giant Head","floor":45,"turns":1}],"seed_played":"339416587395722163","potions_obtained":[{"floor":4.0,"key":"GhostInAJar"},{"floor":5.0,"key":"EntropicBrew"},{"floor":11.0,"key":"ColorlessPotion"},{"floor":18.0,"key":"Swift Potion"},{"floor":23.0,"key":"LiquidBronze"},{"floor":31,"key":"FearPotion"},{"floor":35,"key":"Poison Potion"},{"floor":38,"key":"Regen Potion"},{"floor":41,"key":"CultistPotion"}],"is_trial":false,"path_per_floor":["M","M","?","M","M","R","$","?","T","R","E","?","R","M","R","B",null,"M","?","M","?","$","E","R","?","T","R","M","M","R","E","R","B",null,"M","M","M","M","?","R","E","R","T","M","E"],"character_chosen":"THE_SILENT","items_purchased":["Accuracy","Terror"],"campfire_rested":4,"item_purchase_floors":[7,22],"current_hp_per_floor":[59,58,51,45,27,27,27,27,27,27,16,16,35,34,34,34,58,50,76,76,76,76,68,68,68,68,68,68,45,45,25,47,39,67,67,49,43,28,18,40,3,25,25,7,0,0],"gold":318,"neow_bonus":"ONE_RANDOM_RARE_CARD","is_daily":false,"chose_seed":false,"campfire_upgraded":6,"win_rate":0.0,"timestamp":1609588368,"path_taken":["M","M","?","M","M","R","$","?","T","R","E","?","R","M","R","BOSS","M","?","?","?","$","E","R","?","T","R","M","?","R","E","R","BOSS","M","M","M","M","?","R","E","R","T","M","E"],"items_purchased_type":["Card","Card"],"build_version":"2020-12-22","purchased_purges":1,"victory":false,"max_hp_per_floor":[66,66,66,66,66,66,66,66,66,66,66,66,66,66,66,66,66,66,76,76,76,76,76,76,76,76,76,76,76,76,76,76,76,76,76,76,76,76,76,76,76,76,76,76,76,76],"card_choices":[{"not_picked":["Acrobatics","Caltrops"],"picked":"Leg Sweep","floor":1.0},{"not_picked":["Finisher","Flying Knee"],"picked":"Dagger Spray","floor":2.0},{"not_picked":["Outmaneuver","Concentrate","Prepared"],"picked":"SKIP","floor":4.0},{"not_picked":["Bullet Time","Deadly Poison"],"picked":"Cloak And Dagger","floor":5.0},{"not_picked":["Deflect","Masterful Stab","PiercingWail"],"picked":"SKIP","floor":11.0},{"not_picked":["Deflect","Masterful Stab","PiercingWail"],"picked":"SKIP","floor":11.0},{"not_picked":["Dagger Spray","Dodge and Roll"],"picked":"Accuracy","floor":14.0},{"not_picked":["Envenom","Grand Finale"],"picked":"Corpse Explosion","floor":16.0},{"not_picked":["Flechettes","Concentrate"],"picked":"Acrobatics","floor":18.0},{"not_picked":["Skewer","Prepared","Setup"],"picked":"SKIP","floor":20.0},{"not_picked":["Deadly Poison","Dodge and Roll","Outmaneuver"],"picked":"SKIP","floor":23.0},{"not_picked":["Dash","Finisher+1","Outmaneuver"],"picked":"SKIP","floor":28.0},{"not_picked":["Backstab","Finisher","Acrobatics"],"picked":"SKIP","floor":29},{"not_picked":["Heel Hook+1","Outmaneuver","Masterful Stab"],"picked":"SKIP","floor":31},{"not_picked":["Doppelganger","Malaise"],"picked":"Storm of Steel","floor":33},{"not_picked":["Slice+1","Blade Dance"],"picked":"Cloak And Dagger+1","floor":35},{"not_picked":["Dagger Spray","Flechettes+1","Slice"],"picked":"SKIP","floor":36},{"not_picked":["Noxious Fumes","Blade Dance"],"picked":"Infinite Blades","floor":37},{"not_picked":["Caltrops+1","Flying Knee"],"picked":"Well Laid Plans","floor":38},{"not_picked":["Dramatic Entrance","Discovery"],"picked":"Apotheosis","floor":39},{"not_picked":["Catalyst+1","Cloak And Dagger","Deadly Poison"],"picked":"SKIP","floor":41},{"not_picked":["Deflect","Flying Knee+1","Underhanded Strike"],"picked":"SKIP","floor":44}],"player_experience":1380194,"relics_obtained":[{"floor":9.0,"key":"Whetstone"},{"floor":11.0,"key":"Lantern"},{"floor":23.0,"key":"Art of War"},{"floor":26.0,"key":"Bottled Flame"},{"floor":31,"key":"Juzu Bracelet"},{"floor":41,"key":"Bottled Lightning"},{"floor":43,"key":"Potion Belt"}],"event_choices":[{"cards_removed":["Defend_G"],"damage_healed":0.0,"max_hp_gain":0.0,"max_hp_loss":0.0,"gold_gain":0.0,"event_name":"Golden Wing","player_choice":"Card Removal","floor":3.0,"gold_loss":0.0,"damage_taken":7.0},{"damage_healed":0.0,"max_hp_gain":0.0,"max_hp_loss":0.0,"gold_gain":0.0,"event_name":"Liars Game","player_choice":"Ignored","floor":8.0,"gold_loss":0.0,"damage_taken":0.0},{"damage_healed":0.0,"max_hp_gain":0.0,"max_hp_loss":0.0,"gold_gain":0.0,"event_name":"Shining Light","player_choice":"Ignored","floor":12.0,"gold_loss":0.0,"damage_taken":0.0},{"cards_removed":["Corpse Explosion"],"damage_healed":16.0,"max_hp_gain":10.0,"max_hp_loss":0.0,"gold_gain":0.0,"event_name":"Bonfire Elementals","player_choice":"Offered Rare","floor":19.0,"gold_loss":0.0,"damage_taken":0.0},{"cards_removed":["Dagger Spray"],"damage_healed":0.0,"max_hp_gain":0.0,"max_hp_loss":0.0,"gold_gain":0.0,"event_name":"Beggar","player_choice":"Gave Gold","floor":21.0,"gold_loss":75.0,"damage_taken":0.0},{"damage_healed":0.0,"max_hp_gain":0.0,"max_hp_loss":0.0,"gold_gain":0.0,"event_name":"Duplicator","player_choice":"Copied","floor":25.0,"gold_loss":0.0,"damage_taken":0.0,"cards_obtained":["Cloak And Dagger"]},{"damage_healed":0,"gold_gain":0,"player_choice":"Memory 3","damage_taken":10,"max_hp_gain":0,"max_hp_loss":0,"event_name":"SensoryStone","floor":39,"gold_loss":0}],"is_beta":false,"boss_relics":[{"not_picked":["Calling Bell","Black Star"],"picked":"Pandora\u0027s Box"},{"not_picked":["Fusion Hammer","Snecko Eye"],"picked":"Ring of the Serpent"}],"items_purged_floors":[7],"is_endless":false,"potions_floor_spawned":[4,5,11,18,23,31,35,38,41],"killed_by":"Giant Head","ascension_level":20}}