{"host":"f92cxfnb1r2wg3zj","time":1609591358,"event":{"mods":["AchievementEnabler","BaseMod","Better Skull","Challenge The Spire","Downfall","Minty Spire (QoL Compilation)","Replay The Spire","Spicy Shops","StSLib"],"gold_per_floor":[329,5,36,67,101,101,101,21,54,88,114,114,114,49,78,109,143,186],"floor_reached":19,"playtime":1353,"items_purged":["Strike_G","Shame"],"score":395,"play_id":"b654d347-d619-460d-84b9-526c1e66e020","local_time":"20210102231238","daily_mods":["challengethespire:Bronze Difficulty","challengethespire:Modded Elite Rush","Uncertain Future"],"is_ascension_mode":false,"campfire_choices":[{"floor":7,"key":"REST"},{"data":"Neutralize","floor":13,"key":"SMITH"},{"data":"Strike_G","floor":13,"key":"SMITH"}],"circlet_count":0,"master_deck":["Strike_G","Strike_G+1","Strike_G","Strike_G+1","Defend_G","Defend_G","Defend_G","Defend_G","Defend_G","Survivor","Neutralize+1","Dodge and Roll+1","Deflect+1","Draining Mist+1","Backflip+1","Draining Mist+1","Noxious Fumes+1","Noxious Fumes+1","Noxious Fumes+1","Deflect+1","Draining Mist+1","Blur+1","Deflect+1","Backflip+1","Night Terror+1"],"relics":["Ring of the Snake","Black Star","Sling","PreservedInsect","TwistedFunnel","Toxic Egg 2","Art of War","Replay:Bottled Steam","Medical Kit","Gremlin Food","Ginger","Pear","Bottled Lightning","Darkstone Periapt","Oddly Smooth Stone","sneckomod:SneckoTalon","Replay:Arrowhead","Replay:Bottled Eggs","Blue Candle","The Courier","Guardian:PocketSentry","Bronze Scales","SlaversCollar","Regal Pillow","ReplayTheSpireMod:TigerMarble","StrikeDummy","HornCleat","Counterbalance","Letter Opener","Onion Ring","CeramicFish"],"acts_visited":["Exordium"],"potions_floor_usage":[4],"damage_taken":[{"damage":20,"enemies":"Replay:BlueRogue","floor":3,"turns":6},{"damage":6,"enemies":"3 Sentries","floor":4,"turns":9},{"damage":0,"enemies":"Gremlin Nob","floor":5,"turns":3},{"damage":2,"enemies":"Book of Stabbing","floor":9,"turns":4},{"damage":1,"enemies":"Slavers","floor":10,"turns":5},{"damage":0,"enemies":"Replay:Snechameleon","floor":11,"turns":5},{"damage":3,"enemies":"Giant Head","floor":15,"turns":8},{"damage":1,"enemies":"Reptomancer","floor":16,"turns":5},{"damage":0,"enemies":"Nemesis","floor":17,"turns":5},{"damage":6,"enemies":"Shield and Spear","floor":18,"turns":5}],"seed_played":"-4780219673618006082","potions_obtained":[{"floor":4,"key":"Fruit Juice"},{"floor":10,"key":"SteroidPotion"},{"floor":17,"key":"Dexterity Potion"}],"is_trial":true,"path_per_floor":["$","$","E","E","E","T","R","$","E","E","E","T","R","$","E","E","E","E",null],"character_chosen":"THE_SILENT","items_purchased":["TwistedFunnel","Toxic Egg 2","Art of War","Dodge and Roll+1","Replay:Bottled Steam","Deflect+1","Medical Kit","Noxious Fumes","Draining Mist+1"],"campfire_rested":1,"item_purchase_floors":[1,1,1,1,2,2,2,8,14],"current_hp_per_floor":[70,70,50,59,59,59,84,84,82,81,81,81,81,81,78,77,77,71],"gold":186,"neow_bonus":"","is_daily":false,"chose_seed":false,"campfire_upgraded":2,"win_rate":0.0,"timestamp":1609591358,"path_taken":["$","$","E","E","E","T","R","$","E","E","E","T","R","$","E","E","E","E"],"items_purchased_type":["Relic","Relic","Relic","Card","Relic","Card","Relic","Card","Card"],"build_version":"2020-12-22","purchased_purges":2,"victory":true,"max_hp_per_floor":[70,70,70,85,85,85,85,85,85,85,85,85,85,85,85,85,85,85],"card_choices":[],"player_experience":883131,"relics_obtained":[{"floor":3,"key":"Gremlin Food"},{"floor":3,"key":"Ginger"},{"floor":4,"key":"Pear"},{"floor":4,"key":"Bottled Lightning"},{"floor":5,"key":"Darkstone Periapt"},{"floor":5,"key":"Oddly Smooth Stone"},{"floor":9,"key":"Replay:Arrowhead"},{"floor":9,"key":"Replay:Bottled Eggs"},{"floor":10,"key":"Blue Candle"},{"floor":10,"key":"The Courier"},{"floor":11,"key":"Guardian:PocketSentry"},{"floor":11,"key":"Bronze Scales"},{"floor":15,"key":"Regal Pillow"},{"floor":15,"key":"ReplayTheSpireMod:TigerMarble"},{"floor":16,"key":"StrikeDummy"},{"floor":16,"key":"HornCleat"},{"floor":17,"key":"Counterbalance"},{"floor":17,"key":"Letter Opener"},{"floor":18,"key":"Onion Ring"},{"floor":18,"key":"CeramicFish"}],"event_choices":[],"is_beta":false,"boss_relics":[{"not_picked":["Cursed Key","Runic Pyramid"],"picked":"sneckomod:SneckoTalon"},{"not_picked":["HoveringKite","Replay:Drink Me"],"picked":"SlaversCollar"}],"items_purged_floors":[1,1],"is_endless":false,"potions_floor_spawned":[4,10,17],"ascension_level":0}}