{"host":"oeeu8njhzvf3llor","time":1609629397,"event":{"mods":["BaseMod","Better Match","Better Note","Better Skull","Better Third Choice","Hubris","Minty Spire (QoL Compilation)","Rare Cards Sparkle","Replay The Spire","Shop Mod","Spicy Shops","StSLib","Swap Starting Deck Mod"],"gold_per_floor":[111,111,111,131,146,179,179,195,195,160,195,195,195,214,214,311,311,324,102,102,114,114],"floor_reached":21,"playtime":557,"items_purged":["Strike_B"],"score":198,"play_id":"629fd5e4-b8eb-4a8e-b9a3-a8b27f546ddd","local_time":"20210102181637","is_ascension_mode":true,"campfire_choices":[{"floor":7,"key":"REST"},{"floor":12,"key":"REST"},{"data":"Zap","floor":15,"key":"SMITH"}],"circlet_count":0,"master_deck":["Strike_B","Strike_B","Defend_B","Defend_B","Defend_B","Defend_B","Zap+1","Dualcast+1","Ball Lightning","Metamorphosis+1","Ball Lightning+1","Ball Lightning+1","Sweeping Beam","Conserve Battery","Cold Snap","Rainbow","AbeCurse","Defragment"],"relics":["Cracked Core","ReplayTheSpireMod:TigerMarble","Whetstone","Pantograph","Abe\u0027s Treasure","Replay:Baseball"],"acts_visited":["Exordium","TheCity"],"potions_floor_usage":[11],"damage_taken":[{"damage":5,"enemies":"2 Louse","floor":1,"turns":3},{"damage":6,"enemies":"Small Slimes","floor":4,"turns":2},{"damage":6,"enemies":"Cultist","floor":5,"turns":3},{"damage":26,"enemies":"Lagavulin","floor":6,"turns":4},{"damage":9,"enemies":"Blue Slaver","floor":8,"turns":3},{"damage":2,"enemies":"Gremlin Nob","floor":11,"turns":3},{"damage":1,"enemies":"Large Slime","floor":14,"turns":3},{"damage":50,"enemies":"The Guardian","floor":16,"turns":7},{"damage":14,"enemies":"Shell Parasite","floor":18,"turns":3},{"damage":14,"enemies":"2 Thieves","floor":21,"turns":4}],"seed_played":"1892191904685798490","potions_obtained":[{"floor":5,"key":"Block Potion"},{"floor":14,"key":"LiquidMemories"},{"floor":16,"key":"SneckoOil"}],"is_trial":false,"path_per_floor":["M","?","?","M","M","E","R","M","T","?","E","R","?","M","R","B",null,"M","$","?","M"],"character_chosen":"DEFECT","items_purchased":["Replay:Baseball"],"campfire_rested":2,"item_purchase_floors":[19],"current_hp_per_floor":[70,70,56,50,44,18,40,31,31,49,47,69,69,68,68,25,75,61,61,61,47,47],"gold":114,"neow_bonus":"RANDOM_COLORLESS","is_daily":false,"chose_seed":false,"campfire_upgraded":1,"win_rate":0.0,"timestamp":1609629397,"path_taken":["M","?","?","?","M","E","R","M","T","?","E","R","?","M","R","BOSS","M","$","?","M"],"items_purchased_type":["Relic"],"build_version":"2020-12-22","purchased_purges":1,"victory":false,"max_hp_per_floor":[75,75,75,75,75,75,75,75,75,75,75,75,75,75,75,75,75,75,75,75,75,75],"card_choices":[{"not_picked":["Blind","PanicButton"],"picked":"hubris:Insight","floor":0},{"not_picked":["Tempest","Time Bomb"],"picked":"Ball Lightning","floor":1},{"not_picked":["Barrage","ReplayRNGCard"],"picked":"Ball Lightning","floor":4},{"not_picked":["Rebound","Blizzard"],"picked":"Ball Lightning","floor":5},{"not_picked":["Turbo","Streamline"],"picked":"Sweeping Beam","floor":6},{"not_picked":["Go for the Eyes","Gash"],"picked":"Conserve Battery","floor":8},{"not_picked":["Turbo","Barrage","Force Field"],"picked":"SKIP","floor":11},{"not_picked":["Melter","ReplayTheSpireMod:GoodbyeWorld"],"picked":"Cold Snap","floor":14},{"not_picked":["Creative AI","ReplayRNGCard"],"picked":"Rainbow","floor":16},{"not_picked":["Compile Driver","Sunder+1"],"picked":"Defragment","floor":18}],"player_experience":489316,"relics_obtained":[{"floor":6,"key":"ReplayTheSpireMod:TigerMarble"},{"floor":9,"key":"Whetstone"},{"floor":11,"key":"Pantograph"}],"event_choices":[{"damage_healed":0,"gold_gain":0,"player_choice":"UP ","damage_taken":16,"relics_obtained":[],"max_hp_gain":0,"max_hp_loss":0,"event_name":"betterSkull:BetterSkull","floor":3,"gold_loss":0,"cards_upgraded":["Dualcast"]},{"damage_healed":18,"gold_gain":0,"player_choice":"Healed","damage_taken":0,"max_hp_gain":0,"max_hp_loss":0,"event_name":"The Cleric","floor":10,"gold_loss":35},{"cards_removed":["Strike_B"],"damage_healed":0,"gold_gain":0,"player_choice":"Give","damage_taken":0,"max_hp_gain":0,"max_hp_loss":0,"event_name":"betterNote:BetterNote","floor":20,"gold_loss":0,"cards_obtained":["Strike_R"]}],"is_beta":false,"boss_relics":[{"not_picked":["ReplayTheSpireMod:DimensionalGlitch","Replay:Drink Me"],"picked":"Abe\u0027s Treasure"}],"items_purged_floors":[19],"is_endless":false,"potions_floor_spawned":[5,14,16],"killed_by":"2 Thieves","ascension_level":1}}