{"host":"xb8s6f94jxtwitgf","time":1609604435,"event":{"mods":["Act Like it!","BaseMod","Better Third Choice","BetterRewards","GifTheSpireLib","Hubris","Minty Spire (QoL Compilation)","Remove Card Discount Mod","Spicy Shops","Spikes Relics","StSLib","TheWitcher"],"gold_per_floor":[126,126,151,151,175,175,91,127,150,150,148,178,178,223,223,351,351,344,82,107,107,107,107,130,136,136],"floor_reached":25,"playtime":9122,"items_purged":["Regret","SnafuTest:DefaultCommonSkill"],"score":199,"play_id":"98247b79-ab1b-496f-b689-8968ff37b36c","local_time":"20210102162035","is_ascension_mode":false,"campfire_choices":[{"data":"SnafuTest:PowerTrialOfGrasses","floor":6.0,"key":"SMITH"},{"data":"SnafuTest:SignIgni","floor":10.0,"key":"SMITH"},{"floor":13.0,"key":"REST"},{"data":"SnafuTest:SignQuen","floor":15.0,"key":"SMITH"},{"data":"SnafuTest:SuddenPuncture","floor":23.0,"key":"SMITH"}],"circlet_count":0,"master_deck":["SnafuTest:DefaultCommonAttack","SnafuTest:DefaultCommonAttack","SnafuTest:DefaultCommonAttack","SnafuTest:BountyHunt","SnafuTest:DefaultCommonSkill","SnafuTest:DefaultCommonSkill","SnafuTest:SignAard","SnafuTest:BombDancingStar","SnafuTest:PowerTrialOfGrasses+1","SnafuTest:SignIgni+1","SnafuTest:FlashingEvasion","SnafuTest:WeddingDance","SnafuTest:SignQuen+1","SnafuTest:MelitelesCare","SnafuTest:MCSuccubusSeduction","SnafuTest:SuddenPuncture+1","Writhe","SnafuTest:PayBank+1"],"relics":["SnafuTest:UnstableMutagenRelic","Golden Idol","SnafuTest:BearRelic","Odd Mushroom","hubris:SlimyHat","Lantern","Black Star","Toxic Egg 2","Gambling Chip","hubris:Icosahedron"],"acts_visited":["Exordium","TheCity"],"potions_floor_usage":[],"damage_taken":[{"damage":0.0,"enemies":"Small Slimes","floor":1.0,"turns":3.0},{"damage":3.0,"enemies":"Jaw Worm","floor":3.0,"turns":5.0},{"damage":2.0,"enemies":"2 Louse","floor":5.0,"turns":3.0},{"damage":13.0,"enemies":"The Mushroom Lair","floor":8.0,"turns":5.0},{"damage":5.0,"enemies":"Exordium Wildlife","floor":12.0,"turns":3.0},{"damage":23.0,"enemies":"Gremlin Nob","floor":14.0,"turns":4.0},{"damage":35.0,"enemies":"The Guardian","floor":16.0,"turns":17.0},{"damage":6.0,"enemies":"2 Thieves","floor":18.0,"turns":4.0},{"damage":17.0,"enemies":"Spheric Guardian","floor":20.0,"turns":12.0},{"damage":22,"enemies":"Snake Plant","floor":24,"turns":8},{"damage":67,"enemies":"Gremlin Leader","floor":25,"turns":8}],"seed_played":"-5330603722314963926","potions_obtained":[{"floor":1.0,"key":"LiquidMemories"},{"floor":5.0,"key":"SteroidPotion"},{"floor":12.0,"key":"FearPotion"},{"floor":18.0,"key":"SneckoOil"}],"is_trial":false,"path_per_floor":["M","?","M","?","M","R","$","?","T","R","$","M","R","E","R","B",null,"M","$","M","?","?","R","M","E"],"character_chosen":"THE_WITCHER","items_purchased":["SnafuTest:SignIgni","Toxic Egg 2"],"campfire_rested":1,"item_purchase_floors":[7,19],"current_hp_per_floor":[82,62,59,59,57,57,57,44,44,44,44,39,63,40,40,5,82,76,76,69,69,69,69,57,0,0],"gold":136,"neow_bonus":"TEN_PERCENT_HP_BONUS","is_daily":false,"chose_seed":false,"campfire_upgraded":4,"win_rate":0.0,"timestamp":1609604435,"path_taken":["M","?","M","?","?","R","$","?","T","R","?","M","R","E","R","BOSS","M","$","M","?","?","R","M","E"],"items_purchased_type":["Card","Relic"],"build_version":"2020-12-22","purchased_purges":2,"victory":false,"max_hp_per_floor":[82,82,82,82,82,82,82,82,82,82,82,82,82,82,82,82,82,82,82,82,82,82,82,82,82,82],"card_choices":[{"not_picked":["SnafuTest:SignAard","SnafuTest:SpellHellfire"],"picked":"SnafuTest:BombDancingStar","floor":1.0},{"not_picked":["SnafuTest:SpellBlindFury","SnafuTest:ArmoredSortie","SnafuTest:SpellTortoise"],"picked":"SKIP","floor":3.0},{"not_picked":["SnafuTest:SignIgni","SnafuTest:TradeOrTrick"],"picked":"SnafuTest:PowerTrialOfGrasses","floor":5.0},{"not_picked":["SnafuTest:PayHappyHour","SnafuTest:SmashingSlash"],"picked":"SnafuTest:FlashingEvasion","floor":8.0},{"not_picked":["SnafuTest:MCFeignDeath","SnafuTest:PowerAlwaysOnRoads"],"picked":"SnafuTest:WeddingDance","floor":12.0},{"not_picked":["SnafuTest:Offering","SnafuTest:Amputation"],"picked":"SnafuTest:SignQuen","floor":14.0},{"not_picked":["SnafuTest:LastWish","SnafuTest:WarofClans"],"picked":"SnafuTest:MelitelesCare","floor":16.0},{"not_picked":["SnafuTest:FlashingEvasion","SnafuTest:PowerFireDamnation+1"],"picked":"SnafuTest:MCSuccubusSeduction","floor":18.0},{"not_picked":["SnafuTest:BlueWhale+1","SnafuTest:SwiftAssault"],"picked":"SnafuTest:SuddenPuncture","floor":20.0},{"not_picked":["SnafuTest:SpellLivingArmor+1","SnafuTest:ScholarsIntrigue+1"],"picked":"SnafuTest:PayBank+1","floor":24}],"player_experience":963242,"relics_obtained":[{"floor":8.0,"key":"Odd Mushroom"},{"floor":9.0,"key":"hubris:SlimyHat"},{"floor":14.0,"key":"Lantern"}],"event_choices":[{"damage_healed":0.0,"max_hp_gain":0.0,"max_hp_loss":0.0,"gold_gain":0.0,"event_name":"Golden Idol","player_choice":"Take Damage","floor":2.0,"gold_loss":0.0,"damage_taken":20.0,"relics_obtained":["Golden Idol"]},{"damage_healed":0.0,"max_hp_gain":0.0,"max_hp_loss":0.0,"gold_gain":0.0,"event_name":"Big Fish","player_choice":"Box","floor":4.0,"gold_loss":0.0,"damage_taken":0.0,"relics_obtained":["SnafuTest:BearRelic"],"cards_obtained":["Regret"]},{"damage_healed":0.0,"max_hp_gain":0.0,"max_hp_loss":0.0,"gold_gain":0.0,"event_name":"Mushrooms","player_choice":"Fought Mushrooms","floor":8.0,"gold_loss":0.0,"damage_taken":0.0},{"damage_healed":0.0,"max_hp_gain":0.0,"max_hp_loss":0.0,"gold_gain":0.0,"event_name":"The Mausoleum","player_choice":"Opened","floor":21.0,"gold_loss":0.0,"damage_taken":0.0,"relics_obtained":["Gambling Chip"],"cards_obtained":["Writhe"]}],"is_beta":false,"boss_relics":[{"not_picked":["hubris:Stopwatch","SnafuTest:EnergyMutagenRelic"],"picked":"Black Star"}],"items_purged_floors":[7,11],"is_endless":false,"potions_floor_spawned":[1,5,12,18],"killed_by":"Gremlin Leader","ascension_level":0}}