{"host":"tzyzz5n7hg2ni9q2","time":1609606370,"event":{"mods":["BaseMod","Minty Spire (QoL Compilation)","Quick Restart"],"gold_per_floor":[113,113,127,52,127,154,169,169,169,187,187,1,18,28,28,132,132,143,157,157,0,0,0,13,13,66,66,81,0,35,35,35,35,35],"floor_reached":33,"playtime":977,"items_purged":["Clumsy"],"score":411,"play_id":"345639d9-58bd-4e15-b6af-d9e9e6e77232","local_time":"20210102175250","is_ascension_mode":true,"campfire_choices":[{"floor":11.0,"key":"DIG"},{"data":"Whirlwind","floor":15.0,"key":"SMITH"},{"floor":23.0,"key":"DIG"},{"floor":25.0,"key":"DIG"},{"floor":27.0,"key":"DIG"},{"floor":32,"key":"REST"}],"circlet_count":0,"master_deck":["AscendersBane","Strike_R+1","Strike_R+1","Strike_R+1","Strike_R+1","Strike_R+1","Defend_R+1","Defend_R+1","Defend_R+1","Defend_R+1","Bash","True Grit","Whirlwind+1","Shrug It Off","Inflame","Berserk","Sentinel","Heavy Blade"],"relics":["Burning Blood","Unceasing Top","Turnip","Shovel","Magic Flower","Gambling Chip","Peace Pipe","Art of War","Sozu","Chemical X","Ancient Tea Set","Paper Frog","Centennial Puzzle","Vajra","Juzu Bracelet"],"acts_visited":["Exordium","TheCity"],"potions_floor_usage":[28],"damage_taken":[{"damage":9.0,"enemies":"Jaw Worm","floor":1.0,"turns":4.0},{"damage":6.0,"enemies":"Cultist","floor":3.0,"turns":4.0},{"damage":35.0,"enemies":"Gremlin Nob","floor":6.0,"turns":5.0},{"damage":0.0,"enemies":"Small Slimes","floor":7.0,"turns":4.0},{"damage":5.0,"enemies":"Looter","floor":10.0,"turns":5.0},{"damage":4.0,"enemies":"Blue Slaver","floor":13.0,"turns":6.0},{"damage":0.0,"enemies":"Large Slime","floor":14.0,"turns":5.0},{"damage":42.0,"enemies":"The Guardian","floor":16.0,"turns":20.0},{"damage":10.0,"enemies":"Spheric Guardian","floor":18.0,"turns":4.0},{"damage":14.0,"enemies":"2 Thieves","floor":19.0,"turns":4.0},{"damage":12.0,"enemies":"Snecko","floor":24.0,"turns":4.0},{"damage":42,"enemies":"Shelled Parasite and Fungi","floor":28,"turns":8},{"damage":21,"enemies":"Book of Stabbing","floor":30,"turns":4},{"damage":50,"enemies":"Automaton","floor":33,"turns":6}],"seed_played":"1045827459177941299","potions_obtained":[{"floor":1.0,"key":"SmokeBomb"},{"floor":6.0,"key":"DistilledChaos"},{"floor":7.0,"key":"ColorlessPotion"},{"floor":13.0,"key":"BloodPotion"}],"is_trial":false,"path_per_floor":["M","?","M","$","?","E","M","T","T","M","R","$","M","M","R","B",null,"M","M","?","$","?","R","M","R","T","R","M","?","E","?","R","B"],"character_chosen":"IRONCLAD","items_purchased":["Art of War","Inflame","Chemical X"],"campfire_rested":1,"item_purchase_floors":[12,12,21],"current_hp_per_floor":[69,69,69,69,58,29,35,35,35,39,39,39,44,53,53,20,65,64,59,59,59,44,44,41,41,41,41,34,34,22,22,47,0,0],"gold":35,"neow_bonus":"ONE_RARE_RELIC","is_daily":false,"chose_seed":false,"campfire_upgraded":1,"win_rate":0.0,"timestamp":1609606370,"path_taken":["M","?","?","$","?","E","M","?","T","M","R","?","M","M","R","BOSS","M","M","?","$","?","R","M","R","T","R","M","?","E","?","R","BOSS"],"items_purchased_type":["Relic","Card","Relic"],"build_version":"2020-12-22","purchased_purges":1,"victory":false,"max_hp_per_floor":[80,80,80,80,80,80,80,80,80,80,80,80,80,80,80,80,80,80,80,80,80,85,85,85,85,85,85,85,85,85,85,85,85,85],"card_choices":[{"not_picked":["Infernal Blade","Pommel Strike"],"picked":"True Grit","floor":1.0},{"not_picked":["Wild Strike","Warcry","Dark Embrace"],"picked":"SKIP","floor":3.0},{"not_picked":["Clash","Second Wind","Thunderclap"],"picked":"SKIP","floor":6.0},{"not_picked":["Headbutt","Fire Breathing"],"picked":"Whirlwind","floor":7.0},{"not_picked":["Havoc","Headbutt"],"picked":"Shrug It Off","floor":10.0},{"not_picked":["Power Through","Bloodletting","Sword Boomerang"],"picked":"SKIP","floor":13.0},{"not_picked":["Second Wind","Cleave","Iron Wave"],"picked":"SKIP","floor":14.0},{"not_picked":["Exhume","Bludgeon"],"picked":"Berserk","floor":16.0},{"not_picked":["Second Wind","Shockwave+1","Sword Boomerang"],"picked":"SKIP","floor":18.0},{"not_picked":["Bloodletting","Flame Barrier"],"picked":"Sentinel","floor":19.0},{"not_picked":["Evolve","Heavy Blade","Wild Strike+1"],"picked":"SKIP","floor":24.0},{"not_picked":["Cleave","Armaments","Body Slam"],"picked":"SKIP","floor":28},{"not_picked":["Wild Strike","Armaments","Flex"],"picked":"SKIP","floor":30}],"player_experience":228265,"relics_obtained":[{"floor":6.0,"key":"Shovel"},{"floor":8.0,"key":"Magic Flower"},{"floor":9.0,"key":"Gambling Chip"},{"floor":11.0,"key":"Peace Pipe"},{"floor":23.0,"key":"Ancient Tea Set"},{"floor":25.0,"key":"Paper Frog"},{"floor":26.0,"key":"Centennial Puzzle"},{"floor":27.0,"key":"Vajra"},{"floor":30,"key":"Juzu Bracelet"}],"event_choices":[{"damage_healed":0.0,"max_hp_gain":0.0,"max_hp_loss":0.0,"gold_gain":0.0,"event_name":"WeMeetAgain","player_choice":"Gave Potion","floor":2.0,"gold_loss":0.0,"damage_taken":0.0,"relics_obtained":["Turnip"]},{"damage_healed":0.0,"max_hp_gain":0.0,"max_hp_loss":0.0,"gold_gain":75.0,"event_name":"World of Goop","player_choice":"Gather Gold","floor":5.0,"gold_loss":0.0,"damage_taken":11.0},{"damage_healed":0.0,"max_hp_gain":0.0,"max_hp_loss":0.0,"gold_gain":0.0,"event_name":"The Library","player_choice":"Read","floor":20.0,"gold_loss":0.0,"damage_taken":0.0,"cards_obtained":["Heavy Blade"]},{"damage_healed":0.0,"max_hp_gain":5.0,"max_hp_loss":0.0,"gold_gain":0.0,"event_name":"Forgotten Altar","player_choice":"Shed Blood","floor":22.0,"gold_loss":0.0,"damage_taken":20.0},{"damage_healed":0,"gold_gain":0,"player_choice":"Paid Fearfully","damage_taken":0,"max_hp_gain":0,"max_hp_loss":0,"event_name":"Masked Bandits","floor":29,"gold_loss":81},{"damage_healed":0,"gold_gain":0,"player_choice":"Simplicity","damage_taken":0,"max_hp_gain":0,"max_hp_loss":0,"event_name":"Back to Basics","floor":31,"gold_loss":0,"cards_upgraded":["Strike_R","Strike_R","Strike_R","Strike_R","Strike_R","Defend_R","Defend_R","Defend_R","Defend_R"]}],"is_beta":false,"boss_relics":[{"not_picked":["SlaversCollar","Astrolabe"],"picked":"Sozu"}],"items_purged_floors":[4],"is_endless":false,"potions_floor_spawned":[1,6,7,13,18],"killed_by":"Automaton","ascension_level":11}}