{"host":"0azimyi6n3ugndj4","time":1609619784,"event":{"mods":["2.2 Compatiblity","BaseMod","Bestiary","Conspire","Curses Come First","Defuse TimeMaze Blight","Hermit","Hyrulean Relics","Infinite Spire","Minty Spire (QoL Compilation)","Relic Stats","Replay The Spire","StSLib","SuperFastMode","The Cursed","Uncapped","¡¼?Úª?ø«¡½REMEMod"],"gold_per_floor":[156,213,213,255,18,18,111,159,230,230,230,230,281,13,13,13,13],"floor_reached":16,"playtime":364,"items_purged":["Eruption","Replay:AtTheReady"],"score":275,"play_id":"ec1e7ca9-b2eb-4969-949f-54d730e92b41","local_time":"20210103053624","daily_mods":["SealedDeck","Insanity","Chimera","Specialized","Vintage","ControlledChaos","Allstar","Diverse","Colorless Cards","Heirloom","Time Dilation","Flight","Elite Swarm","Lethality","Midas","Binary"],"is_ascension_mode":true,"campfire_choices":[{"floor":6,"key":"REST"},{"floor":11,"key":"REST"},{"floor":15,"key":"REST"}],"circlet_count":0,"master_deck":["Demon Form","Wraith Form v2","Echo Form","DevaForm","AscendersBane","Bash","Survivor","Zap","Strike_R","Strike_G","Strike_B","Defend_R","Defend_G","Defend_P","ReplayTheSpireMod:Strike From Hell","Inflame","TheCursedMod:SmokeScreen","Ghostly Armor","Life Link","TheCursedMod:ManaBullet","REME_Repentance","Escape Plan","REME_MusicOfDeath","TheCursedMod:WearCloak","Good Instincts","Body Slam","hermit:Roulette","WindmillStrike","hermit:Determination","REME_SingleHolding","hermit:LowProfile","Streamline","Prepared","Redo","Perseverance","ReplayTheSpireMod:Reroute Power","CutThroughFate","Consecrate","hermit:TakeAim","TheCursedMod:CursedBoomerang","TheCursedMod:CircleOfWindfury","Clash","hermit:Brawl","Cloak And Dagger","Replay:Anticipation","Dagger Throw","Warcry","Dual Wield","Replay:Undeath\u0027s Touch","Outmaneuver","Sweeping Beam","Replay:ManipulateFuture","Run Through","TheCursedMod:CursedBlade","EmptyFist","Replay:Undeath\u0027s Touch","ThirdEye","Flex","hermit:CalledShot","TheCursedMod:FleshFromBone","SandsOfTime","Armaments","Streamline","Replay:BluntJabs","Replay:BluntJabs","Replay:BluntJabs","Replay:BluntJabs","Replay:BluntJabs","MentalFortress","Prepared","Flame Barrier","Hologram","Ball Lightning","Compile Driver","Run Through","Underhanded Strike","REME_SingleHolding","TheCursedMod:SpitefulStrike","Dropkick"],"relics":["infinitespire:DarkRift","Frozen Eye","Busted Crown","REME_ComplimentaryCards","Thread and Needle","PreservedInsect","Pet Ghost","zeldaRelics:CourageTriforce","infinitespire:Joker Card","Cauldron","Regal Pillow","infinitespire:Cubic Diamond","Meat on the Bone","conspire:TreasureMap"],"acts_visited":["Exordium"],"potions_floor_usage":[16,16],"damage_taken":[{"damage":0,"enemies":"Cultist","floor":1,"turns":2},{"damage":9,"enemies":"Small Slimes","floor":2,"turns":5},{"damage":11,"enemies":"Jaw Worm","floor":4,"turns":2},{"damage":9,"enemies":"3 Sentries","floor":7,"turns":2},{"damage":9,"enemies":"Gremlin Gang","floor":8,"turns":2},{"damage":9,"enemies":"Exordium Wildlife","floor":13,"turns":3},{"damage":76,"enemies":"Slime Boss","floor":16,"turns":12}],"seed_played":"-1179373999319321419","potions_obtained":[{"floor":4,"key":"SteroidPotion"},{"floor":5,"key":"Energy Potion"},{"floor":5,"key":"Fire Potion"},{"floor":8,"key":"DistilledChaos"}],"is_trial":true,"path_per_floor":["M","M","T","M","$","R","E","M","T","?","R","?","M","$","R","B"],"character_chosen":"IRONCLAD","items_purchased":["Cauldron","conspire:TreasureMap"],"campfire_rested":3,"item_purchase_floors":[5,14],"current_hp_per_floor":[74,71,71,66,66,75,72,69,69,69,75,75,66,66,75,0,0],"gold":13,"neow_bonus":"","is_daily":false,"chose_seed":false,"campfire_upgraded":0,"win_rate":0.0,"timestamp":1609619784,"path_taken":["M","?","?","?","?","R","E","?","T","?","R","?","?","$","R","BOSS"],"items_purchased_type":["Relic","Relic"],"build_version":"2020-12-22","purchased_purges":2,"victory":false,"max_hp_per_floor":[75,75,75,75,75,75,75,75,75,75,75,75,75,75,75,75,75],"relic_stats":{"Regal Pillow":0,"Busted Crown":8,"counters":[7,28],"PreservedInsect":31,"obtain_stats":[{"Regal Pillow":8,"conspire:TreasureMap":14,"Thread and Needle":0,"PreservedInsect":1,"infinitespire:Joker Card":4,"infinitespire:Cubic Diamond":10,"Burning Blood":0,"Pet Ghost":2,"zeldaRelics:CourageTriforce":9,"Frozen Eye":0,"Cauldron":5,"infinitespire:DarkRift":10,"Busted Crown":0,"zeldaRelics:CouragePiece":3,"REME_ComplimentaryCards":0,"Meat on the Bone":13},{"Regal Pillow":5,"conspire:TreasureMap":6,"Thread and Needle":0,"PreservedInsect":1,"infinitespire:Joker Card":3,"infinitespire:Cubic Diamond":5,"Burning Blood":0,"Pet Ghost":2,"zeldaRelics:CourageTriforce":5,"Frozen Eye":0,"Cauldron":3,"infinitespire:DarkRift":5,"Busted Crown":0,"zeldaRelics:CouragePiece":2,"REME_ComplimentaryCards":0,"Meat on the Bone":6},{"Regal Pillow":13,"conspire:TreasureMap":16,"Thread and Needle":0,"PreservedInsect":2,"infinitespire:Joker Card":9,"infinitespire:Cubic Diamond":13,"Burning Blood":0,"Pet Ghost":7,"zeldaRelics:CourageTriforce":13,"Frozen Eye":0,"Cauldron":9,"infinitespire:DarkRift":13,"Busted Crown":0,"zeldaRelics:CouragePiece":7,"REME_ComplimentaryCards":0,"Meat on the Bone":16}],"Meat on the Bone":0},"card_choices":[],"player_experience":1507799,"relics_obtained":[{"floor":1,"key":"PreservedInsect"},{"floor":2,"key":"Pet Ghost"},{"floor":3,"key":"zeldaRelics:CouragePiece"},{"floor":4,"key":"infinitespire:Joker Card"},{"floor":7,"key":"zeldaRelics:CouragePiece"},{"floor":8,"key":"Regal Pillow"},{"floor":9,"key":"zeldaRelics:CouragePiece"},{"floor":13,"key":"Meat on the Bone"}],"event_choices":[{"damage_healed":0,"gold_gain":0,"player_choice":"Got Potions","damage_taken":0,"max_hp_gain":0,"max_hp_loss":0,"event_name":"Lab","floor":12,"gold_loss":0}],"is_beta":false,"boss_relics":[],"items_purged_floors":[5,14],"is_endless":false,"potions_floor_spawned":[4,7,8],"killed_by":"Slime Boss","ascension_level":20}}