{"host":"tzyzz5n7hg2ni9q2","time":1609611499,"event":{"mods":["BaseMod","Minty Spire (QoL Compilation)","Quick Restart"],"gold_per_floor":[112,189,11,11,24,24,62,62,62,14,14,27,27,46,46,176,176,192,213,44,143,143,143,143,143],"floor_reached":24,"playtime":540,"items_purged":[],"score":336,"play_id":"07541d02-2941-47de-8672-4154a275df54","local_time":"20210102191819","is_ascension_mode":true,"campfire_choices":[{"data":"Shrug It Off","floor":6,"key":"SMITH"},{"data":"Bash","floor":8,"key":"SMITH"},{"data":"Disarm","floor":13,"key":"SMITH"},{"data":"Shrug It Off","floor":15,"key":"SMITH"},{"data":"Seeing Red","floor":23,"key":"SMITH"}],"circlet_count":0,"master_deck":["AscendersBane","Strike_R","Strike_R","Strike_R","Strike_R","Strike_R","Defend_R","Defend_R","Defend_R","Defend_R","Bash+1","Shrug It Off+1","Heavy Blade+1","Shrug It Off+1","Disarm+1","Impervious","Rampage+1","Shrug It Off","Seeing Red+1"],"relics":["Burning Blood","NeowsBlessing","Molten Egg 2","Orichalcum","Golden Idol","Singing Bowl","Bronze Scales","Busted Crown","CeramicFish"],"acts_visited":["Exordium","TheCity"],"potions_floor_usage":[],"damage_taken":[{"damage":0,"enemies":"Cultist","floor":1,"turns":1},{"damage":0,"enemies":"Small Slimes","floor":5,"turns":1},{"damage":0,"enemies":"3 Sentries","floor":7,"turns":1},{"damage":7,"enemies":"Jaw Worm","floor":12,"turns":3},{"damage":13,"enemies":"Large Slime","floor":14,"turns":9},{"damage":67,"enemies":"Hexaghost","floor":16,"turns":12},{"damage":12,"enemies":"Shell Parasite","floor":18,"turns":7},{"damage":0,"enemies":"3 Byrds","floor":19,"turns":3},{"damage":49,"enemies":"Gremlin Leader","floor":24,"turns":7}],"seed_played":"8813544690903002107","potions_obtained":[{"floor":1,"key":"GamblersBrew"},{"floor":7,"key":"Strength Potion"}],"is_trial":false,"path_per_floor":["M","T","$","?","M","R","E","R","T","$","?","M","R","M","R","B",null,"M","M","$","?","T","R","E"],"character_chosen":"IRONCLAD","items_purchased":["Heavy Blade+1","Orichalcum","Shrug It Off","Rampage+1","Shrug It Off","Seeing Red"],"campfire_rested":0,"item_purchase_floors":[3,3,10,20,20,20],"current_hp_per_floor":[78,78,78,58,64,64,72,72,72,72,77,76,76,71,71,10,69,65,73,73,73,73,73,24,24],"gold":143,"neow_bonus":"THREE_ENEMY_KILL","is_daily":false,"chose_seed":false,"campfire_upgraded":5,"win_rate":0.0,"timestamp":1609611499,"path_taken":["M","?","$","?","M","R","E","R","T","?","?","M","R","M","R","BOSS","M","M","$","?","?","R","E"],"items_purchased_type":["Card","Relic","Card","Card","Card","Card"],"build_version":"2020-12-22","purchased_purges":0,"victory":false,"max_hp_per_floor":[80,80,80,80,80,80,82,82,82,82,87,87,87,89,89,89,89,91,93,93,93,93,93,93,93],"card_choices":[{"not_picked":["Armaments","Flame Barrier"],"picked":"Shrug It Off","floor":1},{"not_picked":["Hemokinesis+1","Havoc","Clothesline+1"],"picked":"SKIP","floor":5},{"not_picked":["Armaments","Dual Wield","Headbutt+1"],"picked":"Singing Bowl","floor":7},{"not_picked":["Entrench","Warcry"],"picked":"Disarm","floor":12},{"not_picked":["Headbutt+1","Clothesline+1","Anger+1"],"picked":"Singing Bowl","floor":14},{"not_picked":["Bludgeon+1","Immolate+1"],"picked":"Impervious","floor":16},{"not_picked":["Flame Barrier"],"picked":"Singing Bowl","floor":18},{"not_picked":["Heavy Blade+1"],"picked":"Singing Bowl","floor":19}],"player_experience":232852,"relics_obtained":[{"floor":2,"key":"Molten Egg 2"},{"floor":7,"key":"Singing Bowl"},{"floor":9,"key":"Bronze Scales"},{"floor":22,"key":"CeramicFish"}],"event_choices":[{"damage_healed":0,"gold_gain":0,"player_choice":"Take Damage","damage_taken":20,"relics_obtained":["Golden Idol"],"max_hp_gain":0,"max_hp_loss":0,"event_name":"Golden Idol","floor":4,"gold_loss":0},{"damage_healed":0,"gold_gain":0,"player_choice":"Donut","damage_taken":0,"max_hp_gain":5,"max_hp_loss":0,"event_name":"Big Fish","floor":11,"gold_loss":0},{"damage_healed":0,"gold_gain":99,"player_choice":"Stole From Cult","damage_taken":0,"max_hp_gain":0,"max_hp_loss":0,"event_name":"Nest","floor":21,"gold_loss":0}],"is_beta":false,"boss_relics":[{"not_picked":["Runic Pyramid","Ectoplasm"],"picked":"Busted Crown"}],"items_purged_floors":[],"is_endless":false,"potions_floor_spawned":[1,7,14],"killed_by":"Gremlin Leader","ascension_level":11}}