{"host":"g01l53quoe6lrer0","time":1609607088,"event":{"mods":["2.2 Compatiblity","AchievementEnabler","BaseMod","Colored Map","Highlight Path","Keyboard Shortcuts","Minty Spire (QoL Compilation)","Permanent Neow","Quick Restart","StSLib","SuperFastMode","everything is the same but u backflip on backflip"],"gold_per_floor":[110,124,199,219,239,239,274,274,299,224,224,224,241,272,272,373,373,388,401,401,311,329,329,244,244,298,310,141,240,240,274,274,376,376,386,399,81,98,110,110,25,39,121,135,10,0,27,38,38,38],"floor_reached":51,"playtime":2181,"items_purged":["Strike_G","Strike_G","Strike_G"],"score":845,"play_id":"a47be3e0-ae3a-435c-9779-868ed88c520e","local_time":"20210103020448","is_ascension_mode":true,"campfire_choices":[{"data":"Noxious Fumes","floor":6.0,"key":"SMITH"},{"data":"Deadly Poison","floor":8.0,"key":"SMITH"},{"floor":12.0,"key":"REST"},{"data":"Leg Sweep","floor":15.0,"key":"SMITH"},{"data":"Calculated Gamble","floor":23.0,"key":"SMITH"},{"data":"Blur","floor":25.0,"key":"SMITH"},{"data":"Catalyst","floor":32.0,"key":"SMITH"},{"data":"Tactician","floor":40,"key":"SMITH"},{"data":"Dark Shackles","floor":49,"key":"SMITH"}],"circlet_count":0,"master_deck":["Defend_G","Defend_G+1","Defend_G","Defend_G+1","Defend_G+1","Survivor","Neutralize","Reflex","Poisoned Stab+1","Noxious Fumes+1","Deadly Poison+1","Blur+1","Leg Sweep+1","Tools of the Trade+1","Calculated Gamble+1","Catalyst+1","Deflect+1","Venomology","Tactician+1","Deflect+1","Bouncing Flask","Dark Shackles+1"],"relics":["Ring of the Snake","War Paint","Ancient Tea Set","Regal Pillow","Toy Ornithopter","Runic Pyramid","Bag of Marbles","Pen Nib","Centennial Puzzle","HornCleat","Sozu","Paper Crane","Ninja Scroll","Red Mask","MealTicket"],"acts_visited":["Exordium","TheCity","TheBeyond"],"potions_floor_usage":[50],"damage_taken":[{"damage":1.0,"enemies":"Cultist","floor":1.0,"turns":5.0},{"damage":0.0,"enemies":"2 Louse","floor":2.0,"turns":3.0},{"damage":3.0,"enemies":"Small Slimes","floor":4.0,"turns":3.0},{"damage":0.0,"enemies":"Red Slaver","floor":5.0,"turns":4.0},{"damage":24.0,"enemies":"Gremlin Nob","floor":7.0,"turns":5.0},{"damage":0.0,"enemies":"Large Slime","floor":13.0,"turns":5.0},{"damage":5.0,"enemies":"3 Sentries","floor":14.0,"turns":6.0},{"damage":0.0,"enemies":"Hexaghost","floor":16.0,"turns":8.0},{"damage":0.0,"enemies":"Shell Parasite","floor":18.0,"turns":6.0},{"damage":0.0,"enemies":"Chosen","floor":19.0,"turns":6.0},{"damage":0.0,"enemies":"Centurion and Healer","floor":22.0,"turns":8.0},{"damage":0.0,"enemies":"Snake Plant","floor":27.0,"turns":6.0},{"damage":18.0,"enemies":"Slavers","floor":31.0,"turns":7.0},{"damage":47.0,"enemies":"Collector","floor":33.0,"turns":7.0},{"damage":0,"enemies":"3 Darklings","floor":35,"turns":6},{"damage":2,"enemies":"3 Shapes","floor":36,"turns":7},{"damage":4,"enemies":"Spire Growth","floor":38,"turns":6},{"damage":0,"enemies":"Jaw Worm Horde","floor":39,"turns":7},{"damage":0,"enemies":"Maw","floor":42,"turns":7},{"damage":0,"enemies":"Writhing Mass","floor":44,"turns":5},{"damage":0,"enemies":"Nemesis","floor":47,"turns":7},{"damage":0,"enemies":"Transient","floor":48,"turns":5},{"damage":22,"enemies":"Donu and Deca","floor":50,"turns":11}],"seed_played":"3266131580890197045","potions_obtained":[{"floor":2.0,"key":"Weak Potion"},{"floor":4.0,"key":"Block Potion"},{"floor":14.0,"key":"ColorlessPotion"},{"floor":18.0,"key":"LiquidMemories"},{"floor":31.0,"key":"Regen Potion"}],"is_trial":false,"path_per_floor":["M","M","?","M","M","R","E","R","T","$","?","R","M","E","R","B",null,"M","M","?","?","M","R","?","R","T","M","$","?","T","E","R","B",null,"M","M","$","M","M","R","$","M","T","M","$","?","E","M","R","B",null],"character_chosen":"THE_SILENT","items_purchased":["Catalyst","Bouncing Flask","Paper Crane","Dark Shackles"],"campfire_rested":1,"item_purchase_floors":[28,37,37,41],"current_hp_per_floor":[69,69,58,55,55,55,31,31,31,31,17,53,53,48,48,48,70,70,70,70,70,70,70,70,70,70,70,70,70,70,52,52,25,70,70,68,68,64,64,64,64,64,64,64,64,64,64,64,64,47],"gold":38,"neow_bonus":"RANDOM_COMMON_RELIC","is_daily":false,"chose_seed":false,"campfire_upgraded":8,"win_rate":0.0,"timestamp":1609607088,"path_taken":["M","M","?","M","M","R","E","R","T","$","?","R","M","E","R","BOSS","M","M","?","?","?","R","?","R","T","M","$","?","?","E","R","BOSS","M","M","$","M","M","R","$","M","T","M","$","?","E","M","R","BOSS"],"items_purchased_type":["Card","Card","Relic","Card"],"build_version":"2020-12-22","purchased_purges":3,"victory":true,"max_hp_per_floor":[70,70,70,70,70,70,70,70,70,70,70,70,70,70,70,70,70,70,70,70,70,70,70,70,70,70,70,70,70,70,70,70,70,70,70,70,70,70,70,70,70,70,70,70,70,70,70,70,70,70],"card_choices":[{"not_picked":["Sucker Punch","Predator"],"picked":"Reflex","floor":1.0},{"not_picked":["Expertise","Deadly Poison"],"picked":"Poisoned Stab","floor":2.0},{"not_picked":["Dagger Spray","Slice"],"picked":"Noxious Fumes","floor":4.0},{"not_picked":["Flying Knee","Dagger Throw"],"picked":"Deadly Poison","floor":5.0},{"not_picked":["Dodge and Roll","Phantasmal Killer"],"picked":"Blur","floor":7.0},{"not_picked":["Dagger Spray","Eviscerate","Blade Dance"],"picked":"SKIP","floor":13.0},{"not_picked":["Prepared","Dagger Spray"],"picked":"Leg Sweep","floor":14.0},{"not_picked":["Glass Knife","Unload"],"picked":"Tools of the Trade","floor":16.0},{"not_picked":["Dagger Throw+1","Underhanded Strike","All Out Attack+1"],"picked":"SKIP","floor":18.0},{"not_picked":["Blade Dance","Underhanded Strike+1","Deflect"],"picked":"SKIP","floor":19.0},{"not_picked":["Backstab+1","Unload"],"picked":"Calculated Gamble","floor":22.0},{"not_picked":["Quick Slash","All Out Attack","Leg Sweep"],"picked":"SKIP","floor":27.0},{"not_picked":["Blade Dance","Flying Knee"],"picked":"Deflect+1","floor":31.0},{"not_picked":["Malaise","A Thousand Cuts"],"picked":"Venomology","floor":33.0},{"not_picked":["Underhanded Strike+1","Sucker Punch"],"picked":"Tactician","floor":35},{"not_picked":["Flying Knee","Finisher+1"],"picked":"Deflect+1","floor":36},{"not_picked":["Deflect","Unload","Backstab+1"],"picked":"SKIP","floor":38},{"not_picked":["Dash","Prepared","Riddle With Holes+1"],"picked":"SKIP","floor":39},{"not_picked":["Bane+1","Leg Sweep","Dagger Throw"],"picked":"SKIP","floor":42},{"not_picked":["Tactician","Distraction","Flying Knee+1"],"picked":"SKIP","floor":44},{"not_picked":["Adrenaline","Infinite Blades+1","Heel Hook+1"],"picked":"SKIP","floor":47},{"not_picked":["Acrobatics+1","Blade Dance","Poisoned Stab"],"picked":"SKIP","floor":48}],"player_experience":32115,"relics_obtained":[{"floor":7.0,"key":"Ancient Tea Set"},{"floor":9.0,"key":"Regal Pillow"},{"floor":14.0,"key":"Toy Ornithopter"},{"floor":26.0,"key":"Pen Nib"},{"floor":30.0,"key":"Centennial Puzzle"},{"floor":31.0,"key":"HornCleat"},{"floor":43,"key":"Ninja Scroll"},{"floor":47,"key":"MealTicket"}],"event_choices":[{"damage_healed":0.0,"max_hp_gain":0.0,"max_hp_loss":0.0,"gold_gain":75.0,"event_name":"World of Goop","player_choice":"Gather Gold","floor":3.0,"gold_loss":0.0,"damage_taken":11.0},{"damage_healed":0.0,"max_hp_gain":0.0,"max_hp_loss":0.0,"gold_gain":0.0,"event_name":"Shining Light","player_choice":"Entered Light","floor":11.0,"gold_loss":0.0,"damage_taken":14.0,"cards_upgraded":["Poisoned Stab","Defend_G"]},{"cards_removed":["Strike_G"],"damage_healed":0.0,"max_hp_gain":0.0,"max_hp_loss":0.0,"gold_gain":0.0,"event_name":"Back to Basics","player_choice":"Elegance","floor":20.0,"gold_loss":0.0,"damage_taken":0.0},{"cards_removed":["Strike_G"],"damage_healed":0.0,"max_hp_gain":0.0,"max_hp_loss":0.0,"gold_gain":0.0,"event_name":"Designer","player_choice":"Upgrade and Remove","floor":21.0,"gold_loss":90.0,"damage_taken":0.0,"cards_upgraded":["Tools of the Trade"]},{"damage_healed":0.0,"max_hp_gain":0.0,"max_hp_loss":0.0,"gold_gain":0.0,"event_name":"Addict","player_choice":"Obtained Relic","floor":24.0,"gold_loss":85.0,"damage_taken":0.0,"relics_obtained":["Bag of Marbles"]},{"damage_healed":0.0,"max_hp_gain":0.0,"max_hp_loss":0.0,"gold_gain":99.0,"event_name":"Nest","player_choice":"Stole From Cult","floor":29.0,"gold_loss":0.0,"damage_taken":0.0},{"damage_healed":0,"gold_gain":0,"player_choice":"Paid","damage_taken":0,"relics_obtained":["Red Mask"],"max_hp_gain":0,"max_hp_loss":0,"event_name":"Tomb of Lord Red Mask","floor":46,"gold_loss":10}],"is_beta":false,"boss_relics":[{"not_picked":["Coffee Dripper","HoveringKite"],"picked":"Runic Pyramid"},{"not_picked":["Runic Dome","Fusion Hammer"],"picked":"Sozu"}],"items_purged_floors":[10,28,45],"is_endless":false,"potions_floor_spawned":[2,4,14,18,31,42,44,48],"ascension_level":1}}