{"host":"axuns55dzq466eei","time":1609604430,"event":{"mods":["BaseMod","Colored Map","Keyboard Shortcuts","Minty Spire (QoL Compilation)","StSLib","SuperFastMode"],"gold_per_floor":[218,235,235,248,248,248,173,248,248,248,266,266,266,282,282,358,358,378,278,193,193,193,193,218,232,232,249,280,300,106,123,123,200,200,216,233,252,127,142,168,187,187,214,214,244,244,73,98,98,98,98,98,98,10,35,35],"floor_reached":57,"playtime":2257,"items_purged":["Strike_G","Strike_G","Dash+1"],"score":3240,"play_id":"3b4c94cb-efbf-4daa-89a4-e15ec8155739","local_time":"20210103012030","is_ascension_mode":true,"campfire_choices":[{"data":"Eviscerate","floor":6.0,"key":"SMITH"},{"data":"Crippling Poison","floor":13.0,"key":"SMITH"},{"data":"Prepared","floor":15.0,"key":"SMITH"},{"data":"Reflex","floor":23.0,"key":"SMITH"},{"data":"Acrobatics","floor":32.0,"key":"SMITH"},{"data":"Adrenaline","floor":44.0,"key":"SMITH"},{"floor":46.0,"key":"RECALL"},{"data":"PiercingWail","floor":49.0,"key":"SMITH"},{"floor":53.0,"key":"REST"}],"circlet_count":0,"master_deck":["AscendersBane","Survivor","Neutralize","Eviscerate+1","Reflex+1","Prepared+1","Burst","Adrenaline+1","PiercingWail+1","Acrobatics+1","A Thousand Cuts","Footwork+1","Burst+1","Blur+1","Well Laid Plans"],"relics":["Ring of the Snake","Bag of Marbles","Empty Cage","StrikeDummy","Bag of Preparation","Centennial Puzzle","Art of War","TheAbacus","Astrolabe","Toy Ornithopter","Eternal Feather","Oddly Smooth Stone","Orrery","Letter Opener","Mummified Hand"],"acts_visited":["Exordium","TheCity","TheBeyond","TheEnding"],"potions_floor_usage":[],"damage_taken":[{"damage":0.0,"enemies":"Jaw Worm","floor":1.0,"turns":5.0},{"damage":3.0,"enemies":"2 Louse","floor":2.0,"turns":3.0},{"damage":7.0,"enemies":"Small Slimes","floor":4.0,"turns":4.0},{"damage":0.0,"enemies":"2 Fungi Beasts","floor":11.0,"turns":4.0},{"damage":3.0,"enemies":"Exordium Wildlife","floor":14.0,"turns":3.0},{"damage":14.0,"enemies":"The Guardian","floor":16.0,"turns":15.0},{"damage":16.0,"enemies":"3 Byrds","floor":18.0,"turns":6.0},{"damage":0.0,"enemies":"Book of Stabbing","floor":24.0,"turns":1.0},{"damage":0.0,"enemies":"Chosen","floor":25.0,"turns":1.0},{"damage":0.0,"enemies":"Shelled Parasite and Fungi","floor":27.0,"turns":1.0},{"damage":0.0,"enemies":"Gremlin Leader","floor":28.0,"turns":4.0},{"damage":0.0,"enemies":"Cultist and Chosen","floor":29.0,"turns":2.0},{"damage":0.0,"enemies":"Snake Plant","floor":31.0,"turns":2.0},{"damage":0.0,"enemies":"Collector","floor":33.0,"turns":3.0},{"damage":0.0,"enemies":"3 Darklings","floor":35.0,"turns":2.0},{"damage":0.0,"enemies":"Orb Walker","floor":36.0,"turns":2.0},{"damage":0.0,"enemies":"Jaw Worm Horde","floor":37.0,"turns":4.0},{"damage":0.0,"enemies":"3 Darklings","floor":39.0,"turns":2.0},{"damage":0.0,"enemies":"Reptomancer","floor":40.0,"turns":2.0},{"damage":0.0,"enemies":"Maw","floor":41.0,"turns":3.0},{"damage":0.0,"enemies":"Giant Head","floor":45.0,"turns":1.0},{"damage":0.0,"enemies":"Nemesis","floor":48.0,"turns":1.0},{"damage":0.0,"enemies":"Time Eater","floor":50.0,"turns":9.0},{"damage":24.0,"enemies":"Awakened One","floor":51.0,"turns":3.0},{"damage":0.0,"enemies":"Shield and Spear","floor":55.0,"turns":2.0},{"damage":16,"enemies":"The Heart","floor":56,"turns":6}],"seed_played":"-7748727096100051323","potions_obtained":[{"floor":2.0,"key":"SpeedPotion"},{"floor":4.0,"key":"Dexterity Potion"},{"floor":11.0,"key":"GamblersBrew"},{"floor":18.0,"key":"SkillPotion"},{"floor":29.0,"key":"EssenceOfSteel"},{"floor":40.0,"key":"Strength Potion"},{"floor":48.0,"key":"Dexterity Potion"}],"is_trial":false,"path_per_floor":["M","M","?","M","?","R","$","?","T","?","M","?","R","M","R","B",null,"M","$","?","?","?","R","E","M","T","M","E","M","$","M","R","B",null,"M","M","M","$","M","E","M","?","T","R","E","R","$","E","R","B","B",null,"R","$","E","B",null],"character_chosen":"THE_SILENT","items_purchased":["Acrobatics","TheAbacus","Orrery","Well Laid Plans"],"campfire_rested":1,"item_purchase_floors":[30,30,47,54],"current_hp_per_floor":[59,56,61,54,49,49,49,38,38,38,38,38,38,35,35,21,59,43,43,43,43,43,43,43,43,43,43,43,43,43,43,43,43,64,64,64,64,64,64,64,64,64,64,70,70,71,71,71,71,71,47,65,71,71,71,55],"gold":35,"neow_bonus":"HUNDRED_GOLD","is_daily":false,"chose_seed":false,"campfire_upgraded":7,"win_rate":0.0,"timestamp":1609604430,"path_taken":["M","M","?","M","?","R","$","?","T","?","M","?","R","M","R","BOSS","M","$","?","?","?","R","E","M","T","M","E","M","$","M","R","BOSS","M","M","M","$","?","E","M","?","T","R","E","R","?","E","R","BOSS","BOSS","R","$","E","BOSS"],"items_purchased_type":["Card","Relic","Relic","Card"],"build_version":"2020-12-22","purchased_purges":3,"victory":true,"max_hp_per_floor":[66,66,71,71,71,71,71,71,71,71,71,71,71,71,71,71,71,71,71,71,71,71,71,71,71,71,71,71,71,71,71,71,71,71,71,71,71,71,71,71,71,71,71,71,71,71,71,71,71,71,71,71,71,71,71,71],"card_choices":[{"not_picked":["Prepared","Backflip"],"picked":"Eviscerate","floor":1.0},{"not_picked":["Bane","Poisoned Stab","Sucker Punch"],"picked":"SKIP","floor":2.0},{"not_picked":["Terror","Dash"],"picked":"Reflex","floor":4.0},{"not_picked":["Flying Knee","Distraction"],"picked":"Crippling Poison","floor":11.0},{"not_picked":["Quick Slash","Acrobatics"],"picked":"Prepared","floor":14.0},{"not_picked":["Night Terror","Die Die Die"],"picked":"Burst","floor":16.0},{"not_picked":["Dagger Throw","Flying Knee","Flechettes"],"picked":"SKIP","floor":18.0},{"not_picked":["Tools of the Trade","Poisoned Stab","Blade Dance"],"picked":"SKIP","floor":24.0},{"not_picked":["Slice+1","Flechettes","Sucker Punch"],"picked":"SKIP","floor":25.0},{"not_picked":["Infinite Blades","Dodge and Roll"],"picked":"PiercingWail","floor":27.0},{"not_picked":["Blade Dance","Caltrops+1","Blur"],"picked":"SKIP","floor":28.0},{"not_picked":["Masterful Stab","Deflect","Deadly Poison"],"picked":"SKIP","floor":29.0},{"not_picked":["Noxious Fumes+1","Distraction","Flechettes"],"picked":"SKIP","floor":31.0},{"not_picked":["Bullet Time","Venomology"],"picked":"A Thousand Cuts","floor":33.0},{"not_picked":["PiercingWail","Blur+1","Acrobatics"],"picked":"SKIP","floor":35.0},{"not_picked":["PiercingWail","Acrobatics"],"picked":"Blur+1","floor":35.0},{"not_picked":["Deadly Poison","Backflip+1","Bane"],"picked":"SKIP","floor":36.0},{"not_picked":["Deadly Poison","Blade Dance","Deflect+1"],"picked":"SKIP","floor":37.0},{"not_picked":["Masterful Stab","Acrobatics","PiercingWail"],"picked":"SKIP","floor":39.0},{"not_picked":["Acrobatics","Bullet Time","Masterful Stab"],"picked":"SKIP","floor":40.0},{"not_picked":["Masterful Stab","Blade Dance","Noxious Fumes+1"],"picked":"SKIP","floor":41.0},{"not_picked":["Quick Slash","Eviscerate+1","PiercingWail"],"picked":"SKIP","floor":45.0},{"not_picked":["Dodge and Roll","Blade Dance+1","Corpse Explosion"],"picked":"SKIP","floor":48.0},{"not_picked":["Flying Knee+1","Outmaneuver+1","Malaise"],"picked":"SKIP","floor":55.0}],"player_experience":1058753,"relics_obtained":[{"floor":9.0,"key":"Bag of Marbles"},{"floor":24.0,"key":"Bag of Preparation"},{"floor":26.0,"key":"Centennial Puzzle"},{"floor":28.0,"key":"Art of War"},{"floor":40.0,"key":"Toy Ornithopter"},{"floor":45.0,"key":"Oddly Smooth Stone"},{"floor":48.0,"key":"Letter Opener"},{"floor":55.0,"key":"Mummified Hand"}],"event_choices":[{"damage_healed":0.0,"max_hp_gain":5.0,"max_hp_loss":0.0,"gold_gain":0.0,"event_name":"Big Fish","player_choice":"Donut","floor":3.0,"gold_loss":0.0,"damage_taken":0.0},{"damage_healed":0.0,"max_hp_gain":0.0,"max_hp_loss":0.0,"gold_gain":0.0,"event_name":"Scrap Ooze","player_choice":"Fled","floor":5.0,"gold_loss":0.0,"damage_taken":5.0},{"damage_healed":0.0,"max_hp_gain":0.0,"max_hp_loss":0.0,"gold_gain":75.0,"event_name":"World of Goop","player_choice":"Gather Gold","floor":8.0,"gold_loss":0.0,"damage_taken":11.0},{"damage_healed":0.0,"max_hp_gain":0.0,"max_hp_loss":0.0,"gold_gain":0.0,"event_name":"Golden Idol","player_choice":"Ignored","floor":10.0,"gold_loss":0.0,"damage_taken":0.0},{"cards_removed":["Strike_G"],"damage_healed":0.0,"max_hp_gain":0.0,"max_hp_loss":0.0,"gold_gain":0.0,"event_name":"Living Wall","player_choice":"Forget","floor":12.0,"gold_loss":0.0,"damage_taken":0.0},{"damage_healed":0.0,"max_hp_gain":0.0,"max_hp_loss":0.0,"gold_gain":0.0,"event_name":"Addict","player_choice":"Obtained Relic","floor":20.0,"gold_loss":85.0,"damage_taken":0.0,"relics_obtained":["StrikeDummy"]},{"cards_removed":["Defend_G"],"damage_healed":0.0,"max_hp_gain":0.0,"max_hp_loss":0.0,"gold_gain":0.0,"event_name":"Back to Basics","player_choice":"Elegance","floor":21.0,"gold_loss":0.0,"damage_taken":0.0},{"damage_healed":0.0,"max_hp_gain":0.0,"max_hp_loss":0.0,"gold_gain":0.0,"cards_transformed":["Defend_G"],"event_name":"Transmorgrifier","player_choice":"Transformed","floor":22.0,"gold_loss":0.0,"damage_taken":0.0,"cards_obtained":["Adrenaline"]},{"cards_removed":["Crippling Poison"],"damage_healed":0.0,"max_hp_gain":0.0,"max_hp_loss":0.0,"gold_gain":0.0,"event_name":"WeMeetAgain","player_choice":"Gave Card","floor":42.0,"gold_loss":0.0,"damage_taken":0.0,"relics_obtained":["Eternal Feather"]}],"is_beta":false,"boss_relics":[{"not_picked":["Snecko Eye","HoveringKite"],"picked":"Empty Cage"},{"not_picked":["Black Star","Sozu"],"picked":"Astrolabe"}],"items_purged_floors":[7,19,38],"is_endless":false,"potions_floor_spawned":[2,4,11,14,18,27,29,37,39,40,41,48],"ascension_level":20}}