{"host":"j1mbkraw8apv6ejx","time":1609624292,"event":{"mods":["Aspiration","BaseMod","Colored Map","Colored Powertips","DeckTracker","Highlight Path","Hubris","Infinite Spire","Minty Spire (QoL Compilation)","Quick Restart","Random Character Button","Relic Sorter","Replay The Spire","StSLib","SuperFastMode","Synergy Search","The Cursed","The Disciple","The Jungle","The Runesmith"],"gold_per_floor":[116,132,182,182,182,229,229,229,229,278,278,301,328,358,358,358,358,372,372],"floor_reached":18,"playtime":1461,"items_purged":[],"score":120,"play_id":"d6e619b7-acf5-4f90-94a6-896099712bdf","local_time":"20210102225132","is_ascension_mode":false,"campfire_choices":[{"data":"TheCursedMod:CursedWand","floor":9,"key":"SMITH"},{"floor":15,"key":"REST"},{"data":"TheCursedMod:SpitefulPray","floor":17,"key":"SMITH"}],"circlet_count":0,"master_deck":["TheCursedMod:Strike_TheCursed","TheCursedMod:Strike_TheCursed","TheCursedMod:Strike_TheCursed","TheCursedMod:Strike_TheCursed","TheCursedMod:Defend_TheCursed","TheCursedMod:Defend_TheCursed","TheCursedMod:Defend_TheCursed","TheCursedMod:Defend_TheCursed","TheCursedMod:CursedWand+1","TheCursedMod:CleanUpWorkshop","TheCursedMod:Dregs","TheCursedMod:TroublousMinions","TheCursedMod:VitalStrike","TheCursedMod:SpitefulStrike","TheCursedMod:CursedSpellbook","Injury","TheCursedMod:SpitefulPray+1","TheCursedMod:Hemoplague","TheCursedMod:Obscuration"],"relics":["TheCursedMod:BlackMagic101","Ring of Greed","Ring of Searing","Blue Doll","Replay:Bandana","hubris:OldNail","White Beast Statue","hubris:SlimyHat"],"acts_visited":["Exordium"],"potions_floor_usage":[14,14,18],"damage_taken":[{"damage":1,"enemies":"Jaw Worm","floor":1,"turns":4},{"damage":0,"enemies":"2 Louse","floor":2,"turns":4},{"damage":20,"enemies":"3 Sentries","floor":6,"turns":7},{"damage":30,"enemies":"Gremlin Nob","floor":10,"turns":5},{"damage":8,"enemies":"Small Slimes","floor":12,"turns":2},{"damage":12,"enemies":"3 Louse","floor":13,"turns":4},{"damage":0,"enemies":"Blue Slaver","floor":14,"turns":3},{"damage":33,"enemies":"The Guardian","floor":18,"turns":6}],"seed_played":"-6803743429895029071","potions_obtained":[{"floor":1,"key":"PowerPotion"},{"floor":12,"key":"LifebloodPotion"},{"floor":13,"key":"SpeedPotion"},{"floor":14,"key":"Death Potion"}],"is_trial":false,"path_per_floor":["M","M","?","?","?","E","PTL","PTL","R","E","T","M","M","M","R","?","R","B"],"character_chosen":"THE_CURSED","items_purchased":[],"campfire_rested":1,"item_purchase_floors":[],"current_hp_per_floor":[81,81,81,81,74,54,54,54,54,24,24,16,4,4,28,28,28,0,0],"gold":372,"neow_bonus":"TEN_PERCENT_HP_BONUS","is_daily":false,"chose_seed":false,"campfire_upgraded":2,"win_rate":0.0,"timestamp":1609624292,"path_taken":["M","M","?","?","?","E","PTL","PTL","R","E","T","M","M","M","R","?","R","BOSS"],"items_purchased_type":[],"build_version":"2020-12-22","purchased_purges":0,"victory":false,"max_hp_per_floor":[82,82,82,82,82,82,82,82,82,82,82,82,82,82,82,82,82,82,82],"card_choices":[{"not_picked":["TheCursedMod:SmokeScreen","TheCursedMod:Torture"],"picked":"TheCursedMod:TroublousMinions","floor":1},{"not_picked":["TheCursedMod:Obscuration","TheCursedMod:Wield"],"picked":"TheCursedMod:VitalStrike","floor":2},{"not_picked":["TheCursedMod:DemonicPact","TheCursedMod:ManaBullet","TheCursedMod:CircleOfCorruption"],"picked":"SKIP","floor":6},{"not_picked":["TheCursedMod:RavingStaff","TheCursedMod:Stretching"],"picked":"TheCursedMod:CursedSpellbook","floor":10},{"not_picked":["TheCursedMod:CursedBlade","TheCursedMod:Evocation"],"picked":"TheCursedMod:SpitefulPray","floor":12},{"not_picked":["TheCursedMod:PrepareRite","TheCursedMod:AshesToAshes"],"picked":"TheCursedMod:Hemoplague","floor":13},{"not_picked":["TheCursedMod:FleshFromBone","TheCursedMod:StunningStrike"],"picked":"TheCursedMod:Obscuration","floor":14}],"player_experience":169844,"relics_obtained":[{"floor":3,"key":"Ring of Greed"},{"floor":3,"key":"Ring of Searing"},{"floor":3,"key":"Blue Doll"},{"floor":3,"key":"Replay:Bandana"},{"floor":6,"key":"hubris:OldNail"},{"floor":10,"key":"White Beast Statue"},{"floor":16,"key":"hubris:SlimyHat"}],"event_choices":[{"cards_removed":["Doubt"],"damage_healed":0,"gold_gain":0,"player_choice":"Card Removal","damage_taken":7,"max_hp_gain":0,"max_hp_loss":0,"event_name":"Golden Wing","floor":5,"gold_loss":0}],"is_beta":false,"boss_relics":[],"items_purged_floors":[],"is_endless":false,"potions_floor_spawned":[1,12,13,14],"killed_by":"The Guardian","ascension_level":0}}