{"host":"kiauivt48syq9iz6","time":1609596071,"event":{"mods":["A Magickal Journey","BaseMod","Conspire","Downfall","Hermit","Minty Spire (QoL Compilation)","Replay The Spire","SIMod","Somnambulant","StSLib","The Animator","The Construct","The Cursed","The Disciple","The Forsaken","The Judge","The Marked","The Runesmith","The Servant 0.9.4","The Spell Scribe"],"gold_per_floor":[116,136,136,36,36,36,36,36,36,51,51,80,94,111,111,216,216,235,252,11,11,0,25,25,42,42,60,20,20,47,78,90,201,213,243,255,282,304,316,328,409,421,433,445,49,49,49],"floor_reached":46,"playtime":3874,"items_purged":[],"score":528,"play_id":"bd2e9286-f713-4d63-a89d-944b616f0927","local_time":"20210102070111","is_ascension_mode":false,"campfire_choices":[{"floor":6,"key":"REST"},{"floor":8,"key":"REST"},{"floor":11,"key":"REST"},{"floor":15,"key":"REST"},{"floor":24,"key":"REST"},{"floor":32,"key":"REST"},{"floor":40,"key":"REST"},{"floor":42,"key":"REST"},{"floor":44,"key":"REST"}],"circlet_count":0,"master_deck":["somnambulantmod: Defend_Somnambulant+1","somnambulantmod: Defend_Somnambulant+1","somnambulantmod: Defend_Somnambulant","somnambulantmod: Defend_Somnambulant","somnambulantmod: Defend_Somnambulant","somnambulantmod: QuickNap+1","somnambulantmod: PrimingPunch+1","somnambulantmod: HorrificThought+1","somnambulantmod: Blink+1","somnambulantmod: SnuggleUp","Replay:BasicMightCard","somnambulantmod: NightHaunts+1","somnambulantmod: SleepingBody","somnambulantmod: HeavyLids+1","somnambulantmod: BrainFeeder","somnambulantmod: TrepanningBlow+1","somnambulantmod: Harden+1","somnambulantmod: Damping+1","somnambulantmod: Unburden+1","somnambulantmod: MindWave","somnambulantmod: Nosebleed+1","Replay:SS_forest_2","Bite","Bite","Bite","Bite","Bite","somnambulantmod: Stimulus","somnambulantmod: HeavyLids+1","somnambulantmod: Blink","somnambulantmod: HorrificThought+1","somnambulantmod: DarkeningMind","somnambulantmod: DeeperSleep","somnambulantmod: Refracture","CurseOfTheBell","somnambulantmod: PillowFort+1","somnambulantmod: Sleepyhead+1","somnambulantmod: LightSleeper+1","ReplayTheSpireMod:Splinters","somnambulantmod: SleepingBody+1","somnambulantmod: SnuggleUp+1","somnambulantmod: NightmareFuel+1","somnambulantmod: GalaxyBrain","somnambulantmod: HeavyLids","somnambulantmod: Stumble+1","somnambulantmod: BadIdea+1","HandOfGreed","somnambulantmod: MuscleMemory"],"relics":["somnambulantmod: DreamJournal","Question Card","War Paint","Odd Mushroom","Replay:Bronze Core","Guide Book","Unceasing Top","Mango","MawBank","Replay:Grab Bag","theForsaken:PaleLantern","conspire:SlowCooker","Calling Bell","somnambulantmod: BrokenTimepiece","Strawberry","ReplayTheSpireMod:Shallot","Pocketwatch","Juzu Bracelet","Bottled Flame","Orrery"],"acts_visited":["Exordium","TheCity","TheBeyond"],"potions_floor_usage":[25,25,33,38,39,46],"damage_taken":[{"damage":8,"enemies":"Small Slimes","floor":1,"turns":4},{"damage":10,"enemies":"Jaw Worm","floor":2,"turns":5},{"damage":5,"enemies":"conspire:RoseBush","floor":10,"turns":5},{"damage":59,"enemies":"The Mushroom Lair","floor":12,"turns":10},{"damage":2,"enemies":"Blue Slaver","floor":13,"turns":7},{"damage":1,"enemies":"Exordium Wildlife","floor":14,"turns":5},{"damage":34,"enemies":"Slime Boss","floor":16,"turns":13},{"damage":24,"enemies":"conspire:FuzzyDice","floor":18,"turns":8},{"damage":22,"enemies":"Spheric Guardian","floor":19,"turns":7},{"damage":24,"enemies":"conspire:SneckoGhost","floor":23,"turns":11},{"damage":20,"enemies":"Cultist and Chosen","floor":25,"turns":10},{"damage":20,"enemies":"Snecko","floor":27,"turns":11},{"damage":9,"enemies":"Shelled Parasite and Fungi","floor":31,"turns":7},{"damage":61,"enemies":"Collector","floor":33,"turns":13},{"damage":9,"enemies":"3 Shapes","floor":35,"turns":6},{"damage":37,"enemies":"Orb Walker","floor":37,"turns":7},{"damage":22,"enemies":"Writhing Mass","floor":38,"turns":9},{"damage":21,"enemies":"3 Darklings","floor":39,"turns":4},{"damage":92,"enemies":"Giant Head","floor":46,"turns":12}],"seed_played":"8232848814327748160","potions_obtained":[{"floor":2,"key":"Guardian:BlockOnCardUsePotion"},{"floor":12,"key":"Venom Potion"},{"floor":16,"key":"Ancient Potion"},{"floor":23,"key":"Strength Potion"},{"floor":27,"key":"SkillPotion"},{"floor":33,"key":"Guardian:BlockOnCardUsePotion"},{"floor":36,"key":"Flashbang"},{"floor":36,"key":"Energy Potion"},{"floor":36,"key":"SmokeBomb"},{"floor":38,"key":"SteroidPotion"},{"floor":41,"key":"Reflective Coating"}],"is_trial":false,"path_per_floor":["M","M","?","$","T","R","?","R","T","M","R","?","M","M","R","B",null,"M","M","$","?","?","E","R","M","T","M","$","?","T","M","R","B",null,"M","?","M","M","M","R","?","R","T","R","$","E"],"character_chosen":"THE_SOMNAMBULANT","items_purchased":["somnambulantmod: SleepingBody","somnambulantmod: HeavyLids","Replay:SS_forest_2","Guide Book","somnambulantmod: HorrificThought+1","Orrery","HandOfGreed","somnambulantmod: MuscleMemory"],"campfire_rested":9,"item_purchase_floors":[4,4,20,20,28,45,45,45],"current_hp_per_floor":[62,52,52,52,52,72,72,74,74,69,76,17,15,14,38,4,78,54,32,32,32,32,28,46,38,52,46,46,46,46,41,64,15,79,76,76,46,32,15,40,40,66,66,85,85,0,0],"gold":49,"neow_bonus":"TRANSFORM_CARD","is_daily":false,"chose_seed":false,"campfire_upgraded":0,"win_rate":0.0,"timestamp":1609596071,"path_taken":["M","M","?","$","?","R","?","R","T","M","R","?","M","?","R","BOSS","M","M","$","?","?","E","R","M","T","M","$","?","?","M","R","BOSS","M","?","M","?","M","R","?","R","T","R","$","E"],"items_purchased_type":["Card","Card","Card","Relic","Card","Relic","Card","Card"],"build_version":"2020-12-22","purchased_purges":0,"victory":false,"max_hp_per_floor":[70,70,70,70,70,72,72,74,74,74,76,76,76,76,78,78,78,78,78,78,54,54,54,56,56,70,70,70,70,70,70,72,72,79,79,79,79,79,79,81,81,83,83,85,85,85,85],"card_choices":[{"not_picked":["somnambulantmod: HorrificThought","somnambulantmod: Unknow"],"picked":"somnambulantmod: Blink","floor":1},{"not_picked":["somnambulantmod: Stumble","somnambulantmod: HorrificThought"],"picked":"somnambulantmod: SnuggleUp","floor":2},{"not_picked":["somnambulantmod: Bruise","somnambulantmod: TrepanningBlow","somnambulantmod: MindWave"],"picked":"somnambulantmod: BrainFeeder","floor":10},{"not_picked":["somnambulantmod: Cower","somnambulantmod: Relive","somnambulantmod: Stimulus"],"picked":"somnambulantmod: TrepanningBlow","floor":12},{"not_picked":["somnambulantmod: Unmake","somnambulantmod: ShimmeringVeil","somnambulantmod: Cower"],"picked":"somnambulantmod: Harden","floor":13},{"not_picked":["somnambulantmod: BadIdea","somnambulantmod: HappyThoughts","somnambulantmod: Blink"],"picked":"somnambulantmod: Damping","floor":14},{"not_picked":["somnambulantmod: Withdraw","somnambulantmod: SleepParalysis","somnambulantmod: Ignorance"],"picked":"somnambulantmod: Unburden","floor":16},{"not_picked":["somnambulantmod: Unmake","somnambulantmod: Repression","somnambulantmod: RecurringDream"],"picked":"somnambulantmod: MindWave","floor":18},{"not_picked":["somnambulantmod: BrainFeeder","somnambulantmod: DreamBig","somnambulantmod: RuthlessStudy"],"picked":"somnambulantmod: Nosebleed","floor":19},{"not_picked":["somnambulantmod: SnuggleUp","somnambulantmod: Unmake","somnambulantmod: MindWave+1"],"picked":"somnambulantmod: Stimulus","floor":23},{"not_picked":["somnambulantmod: HorrificThought","somnambulantmod: MindWave","somnambulantmod: Repression"],"picked":"somnambulantmod: HeavyLids+1","floor":25},{"not_picked":["somnambulantmod: LeechFears","somnambulantmod: Harden","somnambulantmod: Stumble"],"picked":"somnambulantmod: Blink","floor":27},{"not_picked":["somnambulantmod: ShowerThought+1","somnambulantmod: Blink","somnambulantmod: RecurringDream"],"picked":"somnambulantmod: DeeperSleep","floor":31},{"not_picked":["somnambulantmod: Damping","somnambulantmod: Unburden","somnambulantmod: Withdraw"],"picked":"somnambulantmod: Refracture","floor":33},{"not_picked":["somnambulantmod: UnthoughtKnown","somnambulantmod: MindWave+1","somnambulantmod: Cower+1"],"picked":"somnambulantmod: PillowFort+1","floor":35},{"not_picked":["somnambulantmod: BadIdea+1","somnambulantmod: DarkeningMind","somnambulantmod: Harden"],"picked":"somnambulantmod: Sleepyhead+1","floor":37},{"not_picked":["somnambulantmod: ImpenetrableMind","somnambulantmod: LayeredDefense+1","somnambulantmod: Repression"],"picked":"somnambulantmod: LightSleeper+1","floor":38},{"not_picked":["somnambulantmod: Harden+1","somnambulantmod: HeadSmack","somnambulantmod: RacingThoughts+1"],"picked":"somnambulantmod: SleepingBody+1","floor":41},{"not_picked":["somnambulantmod: Sleepyhead+1","somnambulantmod: TrepanningBlow+1","somnambulantmod: Unknow"],"picked":"somnambulantmod: SnuggleUp+1","floor":41},{"not_picked":["somnambulantmod: Mindlessness","somnambulantmod: Pinch+1","somnambulantmod: NightHaunts"],"picked":"somnambulantmod: NightmareFuel+1","floor":45},{"not_picked":["somnambulantmod: Harden+1","somnambulantmod: NightmareFuel+1","somnambulantmod: Cower"],"picked":"somnambulantmod: GalaxyBrain","floor":45},{"not_picked":["somnambulantmod: OpeningUp","somnambulantmod: Nosebleed+1","somnambulantmod: HeadSmack"],"picked":"somnambulantmod: HeavyLids","floor":45},{"not_picked":["somnambulantmod: Stimulus","somnambulantmod: Wake","somnambulantmod: TimeCompression"],"picked":"somnambulantmod: Stumble+1","floor":45},{"not_picked":["somnambulantmod: MindWave","somnambulantmod: ImpenetrableMind+1","somnambulantmod: HorrificThought"],"picked":"somnambulantmod: BadIdea+1","floor":45}],"player_experience":131689,"relics_obtained":[{"floor":5,"key":"Question Card"},{"floor":9,"key":"War Paint"},{"floor":12,"key":"Odd Mushroom"},{"floor":23,"key":"Unceasing Top"},{"floor":26,"key":"Mango"},{"floor":30,"key":"MawBank"},{"floor":34,"key":"Strawberry"},{"floor":34,"key":"ReplayTheSpireMod:Shallot"},{"floor":34,"key":"Pocketwatch"},{"floor":41,"key":"Juzu Bracelet"},{"floor":43,"key":"Bottled Flame"}],"event_choices":[{"damage_healed":0,"gold_gain":0,"player_choice":"2 cards matched","damage_taken":0,"max_hp_gain":0,"max_hp_loss":0,"event_name":"Match and Keep!","floor":3,"gold_loss":0,"cards_obtained":["Replay:BasicMightCard","somnambulantmod: NightHaunts"]},{"damage_healed":0,"gold_gain":0,"player_choice":"Grow","damage_taken":0,"max_hp_gain":0,"max_hp_loss":0,"event_name":"Living Wall","floor":7,"gold_loss":0,"cards_upgraded":["somnambulantmod: Blink"]},{"damage_healed":0,"gold_gain":0,"player_choice":"Fought Mushrooms","damage_taken":0,"max_hp_gain":0,"max_hp_loss":0,"event_name":"Mushrooms","floor":12,"gold_loss":0},{"damage_healed":0,"gold_gain":0,"player_choice":"Became a vampire","damage_taken":0,"max_hp_gain":0,"max_hp_loss":24,"event_name":"Vampires","floor":21,"gold_loss":0,"cards_obtained":["Bite","Bite","Bite","Bite","Bite"]},{"damage_healed":0,"gold_gain":0,"player_choice":"Paid Fearfully","damage_taken":0,"max_hp_gain":0,"max_hp_loss":0,"event_name":"Masked Bandits","floor":22,"gold_loss":11},{"damage_healed":0,"gold_gain":0,"player_choice":"Read","damage_taken":0,"max_hp_gain":0,"max_hp_loss":0,"event_name":"The Library","floor":29,"gold_loss":0,"cards_obtained":["somnambulantmod: DarkeningMind"]},{"damage_healed":0,"gold_gain":0,"player_choice":"Got Potions","damage_taken":0,"max_hp_gain":0,"max_hp_loss":0,"event_name":"Lab","floor":36,"gold_loss":0}],"is_beta":false,"boss_relics":[{"not_picked":["Replay:Wanted Poster","Coffee Dripper"],"picked":"Replay:Bronze Core"},{"not_picked":["Runic Pyramid","SacredBark"],"picked":"Replay:Grab Bag"},{"not_picked":["ReplayTheSpireMod:Onyx Gauntlets","conspire:SeveredTorchhead"],"picked":"theForsaken:PaleLantern"},{"not_picked":["conspire:RoyalGoblet","Velvet Choker"],"picked":"conspire:SlowCooker"},{"not_picked":["Snecko Eye","SlaversCollar"],"picked":"Calling Bell"},{"not_picked":["Replay:Drink Me","somnambulantmod: GluedMask"],"picked":"somnambulantmod: BrokenTimepiece"}],"items_purged_floors":[],"is_endless":false,"potions_floor_spawned":[2,12,16,23,27,33,37,38],"killed_by":"Giant Head","ascension_level":0}}