{"host":"6pgtslebjnyv5xmi","time":1609610053,"event":{"mods":["AchievementEnabler","BaseMod","Colored Map","Minty Spire (QoL Compilation)","Rare Cards Sparkle","StSLib","SuperFastMode","Td1madao Mod","everything is the same but u backflip on backflip"],"gold_per_floor":[118,38,38,313,59,89,89,118,199,199,213,233,233,244,244,342,342,353,371,371,387,387,387,419,419,419,419,419,445,457,457],"floor_reached":30,"playtime":990,"items_purged":["Regret"],"score":486,"play_id":"1b9eeb57-6ce7-4260-b682-0702bd414c9c","local_time":"20210103025413","is_ascension_mode":true,"campfire_choices":[{"data":"Apotheosis","floor":7,"key":"SMITH"},{"data":"Searing Blow+1","floor":10,"key":"SMITH"},{"data":"Searing Blow+2","floor":13,"key":"SMITH"},{"data":"Searing Blow+3","floor":15,"key":"SMITH"},{"data":"Searing Blow+4","floor":23,"key":"SMITH"},{"data":"Searing Blow+5","floor":25,"key":"SMITH"},{"data":"Searing Blow+6","floor":28,"key":"SMITH"}],"circlet_count":0,"master_deck":["AscendersBane","Strike_R","Strike_R","Strike_R","Defend_R","Defend_R","Defend_R","Defend_R","Bash+1","Shrug It Off","Searing Blow+7","Apotheosis+1","Dual Wield+1","Thunderclap","Ghostly Armor+1","Armaments+1","Intimidate+1","CurseOfTheBell","True Grit+1","Flex+1","Perfected Strike","Infernal Blade+1"],"relics":["Burning Blood","NeowsBlessing","Prayer Wheel","StrikeDummy","Whetstone","Toxic Egg 2","Calling Bell","Potion Belt","Singing Bowl","Ginger","Toy Ornithopter","Darkstone Periapt","MawBank"],"acts_visited":["Exordium","TheCity"],"potions_floor_usage":[16,16,19,24],"damage_taken":[{"damage":0,"enemies":"Jaw Worm","floor":1,"turns":1},{"damage":0,"enemies":"3 Sentries","floor":6,"turns":1},{"damage":0,"enemies":"Lagavulin","floor":8,"turns":1},{"damage":7,"enemies":"Small Slimes","floor":11,"turns":4},{"damage":0,"enemies":"Cultist","floor":12,"turns":3},{"damage":0,"enemies":"Exordium Wildlife","floor":14,"turns":5},{"damage":27,"enemies":"Hexaghost","floor":16,"turns":7},{"damage":8,"enemies":"Shell Parasite","floor":18,"turns":5},{"damage":28,"enemies":"3 Byrds","floor":19,"turns":8},{"damage":19,"enemies":"Centurion and Healer","floor":21,"turns":7},{"damage":84,"enemies":"Gremlin Leader","floor":24,"turns":7},{"damage":16,"enemies":"Snake Plant","floor":30,"turns":1}],"seed_played":"7703931179935421089","potions_obtained":[{"floor":6,"key":"EssenceOfSteel"},{"floor":8,"key":"FearPotion"},{"floor":18,"key":"Block Potion"},{"floor":21,"key":"Regen Potion"}],"is_trial":false,"path_per_floor":["M","$","?","?","$","E","R","E","T","R","M","M","R","M","R","B",null,"M","M","?","M","?","R","E","R","T","?","R","T","M"],"character_chosen":"IRONCLAD","items_purchased":["Searing Blow","Apotheosis"],"campfire_rested":0,"item_purchase_floors":[2,5],"current_hp_per_floor":[78,78,75,75,75,80,80,80,80,80,79,80,80,80,80,59,75,75,55,83,74,74,74,13,13,13,13,13,13,0,0],"gold":457,"neow_bonus":"THREE_ENEMY_KILL","is_daily":false,"chose_seed":false,"campfire_upgraded":7,"win_rate":0.0,"timestamp":1609610053,"path_taken":["M","$","?","?","$","E","R","E","T","R","M","M","R","?","R","BOSS","M","M","?","M","?","R","E","R","T","?","R","?","?"],"items_purchased_type":["Card","Card"],"build_version":"2020-12-22","purchased_purges":1,"victory":false,"max_hp_per_floor":[80,80,80,80,80,80,80,80,80,80,80,80,80,80,80,80,80,82,84,84,88,88,88,90,90,90,90,90,90,90,90],"card_choices":[{"not_picked":["Headbutt","Sentinel"],"picked":"Shrug It Off","floor":1},{"not_picked":["Warcry","Shockwave","Bloodletting"],"picked":"SKIP","floor":6},{"not_picked":["Burning Pact","Barricade","Uppercut"],"picked":"SKIP","floor":8},{"not_picked":["Pummel","Infernal Blade+1"],"picked":"Dual Wield+1","floor":11},{"not_picked":["Pummel","Body Slam"],"picked":"Thunderclap","floor":11},{"not_picked":["Warcry+1","Thunderclap"],"picked":"Ghostly Armor+1","floor":12},{"not_picked":["Warcry+1","Anger","Rage+1"],"picked":"SKIP","floor":12},{"not_picked":["Dual Wield+1","Iron Wave"],"picked":"Armaments+1","floor":14},{"not_picked":["True Grit+1","Sentinel+1"],"picked":"Intimidate+1","floor":14},{"not_picked":["Armaments+1","Feel No Pain","Carnage"],"picked":"Singing Bowl","floor":18},{"not_picked":["Wild Strike","Headbutt"],"picked":"True Grit+1","floor":18},{"not_picked":["Cleave","Bloodletting+1","Sever Soul"],"picked":"Singing Bowl","floor":19},{"not_picked":["Carnage","Perfected Strike"],"picked":"Flex+1","floor":19},{"not_picked":["Thunderclap","Fiend Fire","Dropkick"],"picked":"Singing Bowl","floor":21},{"not_picked":["Anger","Blood for Blood","Second Wind+1"],"picked":"Singing Bowl","floor":21},{"not_picked":["Armaments+1","Wild Strike+1","Anger"],"picked":"Singing Bowl","floor":24}],"player_experience":653378,"relics_obtained":[{"floor":6,"key":"StrikeDummy"},{"floor":8,"key":"Whetstone"},{"floor":9,"key":"Toxic Egg 2"},{"floor":17,"key":"Potion Belt"},{"floor":17,"key":"Singing Bowl"},{"floor":17,"key":"Ginger"},{"floor":24,"key":"Toy Ornithopter"},{"floor":26,"key":"Darkstone Periapt"},{"floor":29,"key":"MawBank"}],"event_choices":[{"damage_healed":0,"gold_gain":0,"player_choice":"Success","damage_taken":3,"relics_obtained":["Prayer Wheel"],"max_hp_gain":0,"max_hp_loss":0,"event_name":"Scrap Ooze","floor":3,"gold_loss":0},{"damage_healed":0,"gold_gain":275,"player_choice":"Desecrate","damage_taken":0,"max_hp_gain":0,"max_hp_loss":0,"event_name":"Golden Shrine","floor":4,"gold_loss":0,"cards_obtained":["Regret"]},{"damage_healed":28,"gold_gain":0,"player_choice":"Heal","damage_taken":0,"max_hp_gain":0,"max_hp_loss":0,"event_name":"The Library","floor":20,"gold_loss":0},{"damage_healed":0,"gold_gain":0,"cards_transformed":["Strike_R","Strike_R"],"player_choice":"Became Test Subject","damage_taken":0,"max_hp_gain":0,"max_hp_loss":0,"event_name":"Drug Dealer","floor":22,"gold_loss":0,"cards_obtained":["Perfected Strike","Infernal Blade"]},{"damage_healed":0,"gold_gain":0,"player_choice":"Ignored","damage_taken":0,"max_hp_gain":0,"max_hp_loss":0,"event_name":"Vampires","floor":27,"gold_loss":0}],"is_beta":false,"boss_relics":[{"not_picked":["Philosopher\u0027s Stone","Cursed Key"],"picked":"Calling Bell"}],"items_purged_floors":[5],"is_endless":false,"potions_floor_spawned":[6,8,18,21],"killed_by":"Snake Plant","ascension_level":12}}